3990 6392
146 294 237 353 353
1284 290 1769 349 EPISTOLARUM
1806 293 2077 354 CLASSlS
2115 299 2205 356 ιιι.

151 422 244 465 sum
262 447 276 472 ,
297 413 349 460 et
372 404 512 475 quod
539 403 732 460 merito
760 405 960 475 possim
988 414 1081 461 tuo
1110 406 1325 461 nomine
1348 415 1650 476 praenotare
1675 424 1690 472 ;

149 500 224 564 sed
261 497 543 555 rescribere
587 506 872 569 utcumque
913 499 1023 568 jam
1072 498 1269 562 malui,
1316 514 1474 569 quam
1504 500 1609 569 pati
1641 508 1697 554 et

150 592 258 649 hanc
282 598 513 645 :eshttem
537 590 553 620 ¹
576 605 663 646 me
684 589 840 660 hujus
862 588 1024 645 officii
1050 589 1290 645 debitore
1314 590 1559 645 transire.
1582 590 1694 647 Nec

148 694 217 738 tua
254 697 331 736 me
352 679 578 751 dignitas
608 681 795 736 terruit
823 680 1051 751 fecitque
1076 690 1412 737 cunctantem
1434 724 1449 746 ,
1474 695 1595 736 cum
1625 682 1697 737 sit

148 772 408 829 humanitas
433 781 517 825 tua
543 772 749 842 gratior
772 787 930 843 quam
960 772 1046 827 illa
1073 773 1391 842 suspectior.
1424 772 1531 829 Sed
1554 773 1696 830 unde

148 877 190 921 te
208 865 349 934 magis
366 878 505 925 amo.
532 862 655 919 hinc
677 863 945 919 diflicilius
967 863 1107 920 unde
1123 863 1381 920 sufficiam
1404 873 1563 920 tanta:
1578 864 1693 921 avi-

146 959 265 1014 ditati
292 956 515 1026 religiosi
545 958 620 1012 tui
646 958 848 1013 amoris
879 957 1111 1012 invenio.

202 1050 244 1103 2.
270 1049 371 1104 lluc
392 1049 641 1117 accessit,
667 1049 809 1120 quod
834 1059 1025 1119 praeter
1046 1059 1241 1105 muture
1258 1050 1531 1105 charitatis
1553 1050 1695 1106 ﬂam-

144 1156 259 1195 mam
277 1182 290 1205 ,
314 1155 411 1210 qua
440 1138 498 1194 lit
527 1149 584 1193 ut
612 1141 771 1195 etiam
802 1155 899 1196 eos
917 1182 932 1207 ,
958 1155 1094 1211 quos
1121 1157 1391 1211 nunquam
1422 1142 1652 1197 vidimus
1674 1183 1690 1212 ,

145 1231 404 1301 diligamus,
434 1229 561 1285 dum
586 1245 682 1284 eos
707 1230 903 1287 habere
923 1233 1065 1301 quod
1096 1232 1364 1303 diligimus
1386 1232 1687 1301 credimus,

147 1322 215 1377 ubi
249 1336 324 1377 me
347 1321 524 1391 utique
554 1323 857 1392 piam-nisti
880 1365 895 1390 ,
926 1324 1202 1393 fecistique
1232 1334 1288 1378 ut
1314 1341 1501 1379 verear
1528 1325 1579 1379 in
1609 1341 1693 1381 me

145 1413 287 1482 decipi
305 1413 600 1483 Opinionem
622 1423 784 1483 atque
812 1416 1265 1485 exspectationem
1294 1427 1434 1469 tuam
1463 1435 1473 1469 :
1498 1428 1693 1486 prreter

143 1505 227 1560 hoc
248 1520 361 1576 ergo
388 1504 517 1560 mihi
550 1508 681 1561 tales
706 1508 1030 1577 quzcstiones
1055 1507 1109 1561 in
1135 1518 1221 1561 tua
1248 1507 1471 1577 epistola
1500 1523 1690 1577 prepo-

140 1597 287 1663 suisti,
310 1612 422 1666 quze
444 1597 489 1650 si
516 1612 545 1650 a
573 1598 808 1667 quolibet
829 1599 1114 1668 propositio
1135 1596 1328 1661 forent,
1352 1602 1459 1652 otio
1482 1613 1693 1669 quoque

140 1704 258 1755 meo,
283 1689 417 1759 quod
441 1690 572 1745 mihi
596 1688 743 1754 defit,
768 1706 875 1744 non
906 1707 1125 1761 parvum
1155 1692 1424 1760 negotium
1447 1690 1690 1747 lierent‘.

138 1778 250 1835 Cum
287 1795 408 1836 vero
448 1781 545 1838 abs
581 1791 631 1837 te
660 1793 1051 1853 proponuntur,
1078 1783 1163 1837 cui
1195 1782 1453 1854 profunda
1480 1785 1693 1839 rimanti

138 1872 385 1926 solutionis
419 1888 604 1928 earum
643 1873 954 1941 superficies
993 1889 1327 1944 nequaquam
1370 1884 1453 1927 sat
1493 1884 1595 1938 est,
1639 1884 1692 1929 et

139 1972 471 2034 proponuntur
513 1966 921 2037 occupatissimo
947 1966 1277 2036 aliorumque
1305 1981 1551 2021 curarum
1578 1982 1693 2020 mo-

138 2058 252 2113 libus
274 2058 458 2113 vallata
481 2068 537 2114 et
563 2059 852 2124 obstricto;
885 2068 988 2114 tuae
1017 2060 1312 2129 prudentia:
1340 2070 1421 2115 est
1445 2069 1498 2115 et
1524 2060 1689 2115 bene-

138 2152 353 2209 volentia:
387 2153 619 2223 cogitare
645 2168 803 2224 quam
842 2164 891 2208 te
918 2152 1182 2223 placidum
1215 2152 1409 2208 habere
1432 2151 1687 2218 debeam,

134 2246 202 2299 vel
219 2246 354 2316 quod
378 2245 466 2300 diu
493 2261 602 2300 non
632 2244 883 2316 reSpondi
904 2287 919 2313 ,
942 2246 1024 2300 vel
1046 2246 1089 2300 si
1116 2246 1276 2299 etiam
1313 2259 1454 2300 nunc
1476 2260 1571 2315 pro
1589 2255 1692 2299 tua:

136 2336 413 2392 intentionis
441 2335 739 2407 granditate
762 2352 873 2391 non
898 2336 1245 2406 respondero.

189 2427 403 2484 CAPUT
435 2428 627 2485 l|.—3.
647 2428 852 2496 Quaeris
871 2429 1043 2500 igitur,
1063 2427 1315 2483 Mediator
1336 2425 1433 2481 Dei
1455 2436 1499 2479 et
1526 2427 1690 2480 homi-

136 2539 232 2576 num
264 2523 411 2576 homo
452 2521 683 2577 Christus
711 2521 861 2576 Iesus
885 2522 1137 2593 quomodo
1167 2538 1300 2575 nunc
1328 2537 1435 2575 esse
1457 2520 1693 2574 credatur

134 2615 174 2667 in
196 2613 346 2681 mlo,
377 2631 491 2669 cum
521 2614 743 2685 pendens
770 2616 822 2668 in
852 2616 988 2685 ligno
1008 2657 1021 2680 ,
1046 2615 1248 2685 iamque
1276 2615 1544 2667 moriturus
1564 2656 1578 2679 ,
1612 2613 1692 2666 la-

134 2708 241 2761 troni
276 2708 494 2762 credenti
536 2708 719 2761 dixerit
759 2723 779 2762 :
821 2705 986 2761 Hodie
1021 2722 1213 2761 mecum
1252 2706 1349 2760 eris
1379 2707 1431 2759 in
1456 2705 1693 2776 paradiso

135 2797 257 2866 (Luc.
300 2815 456 2866 mn,
483 2801 596 2871 45).
628 2800 695 2854 Ει
723 2798 847 2855 hinc
876 2800 1099 2854 fortasse
1128 2797 1527 2869 intelligendum
1558 2797 1694 2854 dicis

132 2891 401 2962 paradisum
422 2933 439 2959 ,
484 2894 633 2963 quasi
664 2894 716 2946 in
744 2893 916 2962 aliqua
943 2892 1063 2948 caeli
1095 2902 1243 2962 parte
1268 2892 1498 2961 positum
1518 2932 1534 2957 ,
1564 2902 1689 2953 aut,

131 2985 231 3053 quia
273 2983 469 3055 ubique
516 2986 655 3039 Deus
682 2984 784 3051 sit,
810 2983 1080 3039 hominem
1110 2997 1321 3053 quoque
1348 2982 1493 3036 illum
1521 2982 1608 3052 qui
1639 2983 1691 3036 in

132 3074 222 3129 Deo
258 3076 324 3130 sit
367 3075 561 3145 ubique
606 3075 895 3141 diffusum;
942 3090 1004 3129 ex
1038 3076 1139 3129 hoc
1180 3074 1433 3129 nimirum
1463 3074 1687 3144 intelligi

133 3165 286 3223 volens
312 3167 475 3223 etiam
514 3165 570 3221 in
596 3166 839 3236 paradiso
864 3180 985 3221 esse
1016 3165 1252 3235 potuisse
1274 3166 1362 3236 qui
1387 3167 1577 3235 ubique
1601 3167 1689 3220 sit.

184 3259 230 3314 4.
270 3257 367 3315 Ubi
411 3271 511 3328 ego
533 3273 715 3327 quaero
736 3298 751 3322 ,
786 3256 869 3312 vel
898 3257 1070 3326 potius
1097 3270 1329 3327 agnosco
1349 3255 1693 3326 qucmadnto.

32 3382 45 3395 -
130 3348 231 3404 dum
270 3348 501 3419 accipias
548 3348 819 3403 hominem
867 3348 1158 3403 Christum.
1198 3346 1313 3401 Non
1355 3349 1534 3417 utique
1558 3349 1694 3401 sicut

129 3441 310 3513 quidam
338 3441 578 3497 ha‘retici
596 3483 612 3507 ,
645 3440 874 3497 Verbum
907 3441 998 3496 Dei
1019 3449 1073 3496 et
1092 3455 1331 3505 carnem,
1357 3438 1459 3495 hoc
1476 3448 1559 3494 est
1578 3439 1693 3493 sine

131 3533 274 3588 anima
319 3533 592 3597 humana;
641 3542 697 3587 ut
732 3531 959 3586 Verbum
1003 3540 1147 3586 esset
1175 3530 1322 3585 carni
1348 3545 1446 3599 pro
1470 3529 1690 3586 anima:

132 3627 194 3678 vel
237 3626 466 3684 Verbum
515 3625 610 3681 Dei
657 3636 713 3680 et
758 3625 993 3678 animam
1035 3633 1089 3678 et
1131 3639 1383 3690 carnem,
1432 3622 1531 3678 sed
1576 3622 1692 3677 sine

132 3727 274 3773 mente
310 3722 581 3782 humana;
642 3727 699 3772 ut
744 3716 963 3771 verbum
1016 3716 1110 3771 Dei
1167 3724 1311 3771 esset
1355 3717 1546 3770 animae
1596 3729 1692 3784 pro

133 3818 276 3866 mente
324 3813 561 3867 humana
590 3807 692 3881 (a).
719 3808 835 3865 Non
882 3810 1062 3879 utique
1090 3808 1168 3863 sic
1193 3810 1389 3878 accipis
1420 3808 1689 3863 hominem

131 3902 397 3972 Christum,
444 3905 541 3961 sed
587 3905 724 3960 sicut
766 3903 1012 3972 superius
1061 3903 1266 3957 locutus
1311 3917 1405 3967 es,
1452 3903 1538 3956 ubi
1569 3901 1691 3956 aisti

130 3996 359 4054 Christum
402 3998 824 4067 omnipotentem
854 3996 1021 4050 Deum
1048 4009 1109 4051 ea
1143 4004 1193 4049 te
1224 3997 1430 4050 ratione
1456 3995 1689 4050 creduli-

130 4092 225 4146 tatis
246 4094 488 4162 accipere
506 4133 522 4159 ,
551 4101 609 4146 ut
634 4092 798 4146 Deum
828 4106 933 4145 non
960 4090 1209 4146 crederes
1228 4132 1243 4155 ,
1274 4091 1373 4143 nisi
1398 4089 1688 4159 perfectum

130 4184 257 4238 etiam
300 4184 576 4241 hominem
616 4182 952 4239 credidisses.
1002 4182 1245 4237 Profecto
1282 4198 1402 4237 cum
1429 4182 1560 4236 dicis
1589 4181 1685 4236 ho-

130 4273 294 4331 minem
328 4277 626 4348 perfectutn
646 4316 661 4341 ,
703 4284 865 4329 totam
896 4275 999 4328 illic
1026 4282 1267 4328 naturam
1295 4273 1578 4327 humanam
1609 4274 1689 4330 vis

130 4366 313 4440 intelligi
346 4390 359 4424 :
393 4385 502 4424 non
532 4379 615 4423 est
645 4376 819 4422 autem
844 4366 1002 4420 homo
1028 4365 1311 4435 perfectus,
1337 4364 1381 4418 si
1402 4364 1485 4420 vel
1512 4365 1686 4419 anima

129 4458 269 4524 carni,
301 4460 383 4516 vel
413 4460 607 4515 anima:
632 4458 728 4527 ipsi
757 4473 907 4511 mens
936 4461 1162 4511 humana
1188 4454 1436 4511 defuerit.

183 4550 226 4605 5.
250 4552 301 4608 Si
328 4566 461 4624 ergo
484 4552 774 4608 secundum
802 4549 1072 4603 hominem
1104 4564 1260 4616 quem
1292 4547 1524 4604 Verbum
1549 4548 1688 4603 Deus

130 4646 358 4715 suscepit,
406 4654 661 4716 putamus
686 4644 884 4698 dictum
912 4657 1061 4707 esse,
1094 4640 1261 4695 Hodie
1285 4658 1477 4694 mecum
1506 4642 1604 4695 eris
1633 4642 1687 4694 in

130 4738 361 4805 paradiso,
391 4753 500 4793 non
530 4752 595 4792 ex
626 4736 708 4791 his
735 4736 911 4791 verbis
940 4737 991 4789 in
1023 4734 1161 4789 coelo
1190 4734 1577 4788 existimandus
1608 4742 1690 4788 cst

129 4842 225 4884 esse
254 4831 529 4901 paradisus
560 4848 573 4884 :
606 4845 780 4900 neque
806 4829 948 4882 enim
977 4828 1091 4896 ipso
1118 4827 1204 4881 die
1234 4828 1285 4881 in
1317 4829 1454 4882 coelo
1482 4826 1688 4882 futurus

129 4933 224 4977 erat
260 4924 414 4982 homo
455 4924 699 4981 Christus
739 4923 894 4979 Jesus
928 4936 943 4987 ;
999 4920 1092 4977 sed
1137 4921 1188 4975 in
1239 4919 1444 4975 inferno
1492 4935 1687 4975 secun-

128 5013 231 5069 dum
275 5020 548 5083 animum,
594 5019 646 5072 in
700 5018 946 5086 sepulcro
1000 5024 1177 5069 autem
1228 5014 1516 5069 secundum
1565 5030 1686 5069 car—

130 5121 247 5160 nent.
271 5108 339 5166 Et
372 5110 441 5166 de
479 5125 642 5166 carne
669 5108 885 5178 quidem
932 5106 1072 5178 quod
1111 5121 1177 5161 eo
1220 5106 1308 5161 die
1346 5107 1398 5161 in
1443 5108 1689 5177 sepulcro

130 5194 186 5249 5ίὶ
223 5201 412 5269 posita,
460 5199 949 5255 manifestissimum
997 5206 1078 5253 est
1122 5197 1467 5264 Evangelium
1502 5214 1513 5248 :
1545 5198 1692 5265 quod

133 5300 237 5342 vero
274 5291 358 5345 illa
404 5292 579 5346 anima
619 5291 671 5345 in
711 5289 976 5344 infernum
1008 5287 1369 5354 descenderit,
1398 5288 1687 5356 apostolica

131 5375 341 5437 doctrina
386 5384 669 5454 pnedicat;
716 5380 1146 5453 quandoquidem
1190 5379 1376 5435 beatus
1407 5379 1594 5435 Petrus
1621 5378 1686 5434 ad

182 5490 1283 5562 fidd.,tetatem.ttthtss_.sexdecim,_testatem
1377 5550 1389 5562 .
1459 5550 1471 5562 .

181 5551 200 5581 ³
218 5554 298 5604 Sic.
321 5550 425 5606 iss.
442 5567 638 5619 omnes:
658 5556 740 5605 ubi
765 5562 836 5603 Er.
858 5562 910 5604 et
926 5561 1032 5603 Iov.
1048 5555 1249 5615 habent,
1260 5550 1389 5619 quod
1402 5550 1522 5603 mihi
1538 5551 1686 5616 deest,

131 5622 209 5661 non
225 5627 415 5678 paruum
436 5617 671 5684 negotium
692 5619 920 5681 facerent.

132 5696 249 5812 1³εἴ)
268 5701 418 5818 glauci
434 5737 451 5764 ,
472 5715 532 5753 ex
556 5702 642 5753 lib.
680 5702 747 5752 de
780 5701 1037 5763 Haesit»,
1058 5714 1104 5751 c.
1126 5701 1218 5764 49;
1250 5710 1298 5752 et
1322 5699 1687 5764 Apollinum,

216 5793 252 5824 ,ο
396 5802 411 5815 ⁸

3286 318 3393 375 884

1804 408 1941 503 hanc
1978 426 2089 468 rem
2121 413 2485 473 testimonium
2512 418 2579 475 de
2606 421 2826 477 Psalmis
2854 422 3099 493 adhibet,
3129 431 3219 487 ubi
3249 449 3390 503 prm-

1801 498 1999 556 dictum
2024 518 2143 560 esse
2159 504 2509 575 demonstrat,
2540 509 2790 575 Quoniam
2814 531 2915 569 non
2940 498 3385 589 derelinquesani-

1800 610 1935 648 mam
1964 612 2124 650 meam
2152 598 2205 651 in
2230 600 2447 671 inferno,
2480 619 2635 673 neque
2659 605 2802 659 dabis
2826 618 3052 663 sanctum
3067 621 3208 666 tuum
3224 616 3391 671 videre

1800 687 2173 756 corruptionem
2214 689 2353 760 (Act.
2396 708 2429 745 ιι
2451 734 2465 758 ,
2506 693 2576 747 27
2595 735 2608 760 ,
2638 705 2684 749 et
2714 695 2858 750 Psal.
2890 716 2958 753 xv
2977 742 2991 765 ,
3025 702 3136 774 10).
3166 703 3300 759 Illud
3326 707 3393 763 de

1798 775 1976 830 anima
2024 776 2222 833 dictum
2259 791 2374 847 est,
2418 784 2539 853 quia
2586 801 2693 840 non
2728 788 2796 843 ibi
2825 799 2905 843 est
2931 791 3218 861 derelicta,
3250 775 3390 855 unde

1801 876 1909 923 tam
1938 871 2044 925 cito
2074 874 2328 927 remeavit
2356 892 2369 930 :
2398 875 2525 930 illud
2548 877 2614 932 de
2638 893 2883 949 corpore,
2907 885 3046 951 quod
3073 886 3122 939 in
3146 888 3392 957 sepulcro

1798 965 2065 1034 corrumpi
2108 966 2270 1021 celeri
2308 970 2697 1027 resurrectione
2738 990 2842 1028 non
2873 978 3058 1045 potuit.
3088 976 3193 1034 Sed
3221 980 3274 1035 iu
3302 996 3390 1037 se-

1799 1054 1985 1124 pulcro
2034 1057 2337 1126 paradisum
2390 1061 2567 1116 nullus
2612 1062 2871 1133 intelligit.
2924 1067 2989 1122 Et
3032 1070 3076 1124 si
3110 1071 3389 1145 quisquam

1801 1157 1945 1201 esset
1966 1147 2037 1201 ita
2062 1148 2326 1205 absurdus
2344 1193 2359 1217 ,
2388 1160 2445 1207 ut
2471 1153 2572 1209 hoc
2594 1170 2781 1225 sapere
2806 1168 3089 1215 conaretur
3109 1202 3126 1229 ,
3156 1177 3221 1217 eo
3244 1165 3388 1233 quod

1797 1238 1928 1293 illud
1955 1241 2258 1309 sepulcrum
2290 1244 2340 1299 in
2370 1244 2524 1301 horto
2548 1257 2689 1314 erat;
2716 1260 2862 1305 certe
2892 1250 3016 1307 hinc
3042 1254 3110 1308 ab
3140 1255 3238 1311 ista
3264 1258 3383 1326 opi-

1798 1332 1956 1385 nione
1996 1346 2363 1402 revocaretur,
2409 1339 2550 1408 quod
2588 1341 2675 1395 ille
2712 1343 2796 1396 cui
2840 1342 3039 1399 dictum
3075 1357 3187 1415 est,
3218 1348 3389 1405 Hodie

1797 1437 1991 1475 mecum
2031 1424 2130 1479 eris
2157 1426 2209 1479 in
2236 1428 2473 1496 paradiso
2495 1470 2509 1491 ,
2542 1446 2648 1486 non
2676 1433 2766 1486 illo
2792 1434 2880 1490 die
2909 1434 3005 1489 fuit
3029 1451 3148 1492 cum
3173 1437 3388 1498 Christo

1797 1514 1849 1568 in
1876 1515 1963 1567 illo
1992 1517 2237 1586 sepulcro
2258 1536 2270 1573 :
2291 1536 2389 1575 nec
2404 1521 2519 1589 ejus
2534 1522 2651 1578 fidei
2674 1540 2765 1593 pro
2784 1542 2973 1597 magno
2989 1545 3207 1586 munere
3226 1534 3387 1589 oll‘er-

1797 1616 1946 1659 retur
1966 1609 2234 1677 sepultura
2261 1613 2788 1685 carnis,nihilgaudii
2809 1619 2891 1673 vel
2922 1619 3187 1681 dolorisiu
3216 1637 3386 1682 morte

1796 1696 2073 1753 sentientis
2092 1740 2108 1767 ,
2154 1714 2275 1755 cum
2296 1737 2303 1741 -
2321 1701 2411 1758 ille
2426 1702 2491 1758 de
2508 1705 2691 1775 requie
2704 1706 2790 1761 ubi
2809 1722 2997 1764 sensus
3012 1722 3092 1796 est
3113 1715 3386 1784 cogitaret.

1869 1787 1920 1841 6.
1968 1788 2155 1846 Restat
2193 1792 2353 1862 igitur
2380 1804 2436 1847 ut
2455 1836 2469 1860 ,
2498 1796 2543 1851 si
2572 1799 2864 1854 secundum
2898 1787 3163 1859 hominem
3191 1806 3389 1863 dictum

1797 1888 1879 1933 est
1903 1921 1917 1942 ,
1952 1879 2120 1935 Hodie
2149 1899 2341 1937 mecum
2369 1886 2467 1940 eris
2496 1886 2548 1939 in
2578 1890 2815 1957 paradiso
2835 1931 2850 1956 ,
2879 1892 2935 1945 in
2962 1893 3169 1950 inferno
3196 1897 3391 1954 intelli-

1796 1979 1950 2039 gatur
1983 1985 2103 2025 esse
2151 1973 2459 2041 paradisus,
2505 1975 2594 2031 ubi
2629 1991 2745 2033 erat
2769 1994 2835 2035 eo
2858 1982 2943 2036 die
2968 1981 3175 2039 futurus
3194 2002 3387 2044 secun-

1796 2060 1921 2113 dum
1965 2059 2248 2115 humanam
2277 2064 2508 2119 animam
2538 2066 2799 2123 Christus.
2828 2069 3015 2127 Utrum
3040 2085 3215 2131 autem
3242 2080 3391 2137 sinus

1798 2152 1886 2205 ille
1912 2151 2169 2219 Abrahae,
2197 2154 2287 2209 ubi
2313 2156 2460 2211 dives
2491 2158 2683 2228 impius
2707 2178 2827 2217 cum
2855 2162 2907 2217 in
2940 2170 3216 2222 tormentis
3242 2182 3389 2228 esset

1798 2242 1989 2297 inferni
2013 2285 2027 2306 ,
2068 2245 2492 2315 rcquicsccntem
2539 2266 2821 2319 pauperem
2854 2254 3010 2321 vidit,
3046 2258 3129 2312 vel
3155 2261 3390 2329 paradisi

1797 2335 2097 2390 censendus
2140 2337 2399 2393 vocabulo
2419 2381 2432 2404 ,
2478 2340 2561 2396 vel
2594 2342 2659 2396 ad
2691 2342 2887 2399 inferos
2914 2348 3179 2414 pertinere
3201 2353 3389 2408 existi-

1798 2427 2023 2481 mandus
2050 2429 2155 2493 sit,
2188 2445 2292 2484 non
2326 2431 2474 2486 facile
2509 2433 2752 2488 dixerint.
2782 2436 2858 2491 De
2891 2437 2981 2492 illo
3010 2440 3205 2510 quippe
3227 2443 3392 2501 divite

1798 2521 2022 2589 legimus
2049 2521 2248 2577 dictum
2276 2539 2415 2588 esse,
2445 2525 2681 2581 Mortuus
2707 2540 2777 2582 est
2801 2540 2966 2584 autem
2992 2542 3037 2586 et
3059 2533 3214 2601 dives,
3246 2547 3291 2590 et
3310 2555 3390 2592 se-

1798 2614 1971 2683 pultus
1991 2625 2062 2668 est
2083 2616 2134 2668 in
2164 2616 2360 2685 inferno
2384 2633 2404 2681 ;
2434 2628 2505 2685 et,
2538 2637 2651 2673 cum
2682 2624 2819 2691 apud
2840 2624 3029 2694 inferos
3055 2627 3106 2681 in
3129 2634 3389 2687 tormentis

1799 2715 1943 2758 esset.
1996 2704 2050 2759 ln
2098 2709 2343 2776 pauperis
2381 2720 2557 2765 autem
2601 2724 2772 2768 morte
2813 2716 2897 2770 vel
2927 2719 3107 2787 requie
3134 2735 3237 2776 non
3264 2735 3391 2780 sunt

1799 2795 1955 2851 inferi
2004 2799 2257 2853 nominati
2287 2817 2300 2853 :
2328 2801 2421 2856 sed
2442 2844 2457 2866 ,
2489 2801 2738 2875 Contigit,
2775 2806 2972 2875 inquit,
3015 2812 3142 2864 mori
3177 2813 3382 2884 inopem

1798 2888 1972 2954 illum,
2017 2899 2064 2943 et
2101 2891 2293 2959 auferri
2326 2894 2388 2946 ab
2418 2893 2621 2964 Angelis
2650 2896 2702 2949 in
2727 2897 2892 2951 sinum
2922 2900 3155 2955 Abrahae.
3188 2903 3388 2961 Deinde

1798 2978 2006 3033 ardenti
2050 2980 2196 3035 diviti
2236 2982 2364 3037 dicit
2404 2983 2671 3039 Abraham
2694 3028 2709 3053 ,
2759 2985 2901 3042 Inter
2932 3006 3021 3043 nos
3052 3001 3095 3044 et
3121 3008 3206 3046 vos
3232 2995 3384 3051 chaos

1798 3085 2038 3140 magnum
2065 3071 2320 3140 ﬁrmatum
2350 3085 2420 3127 est
2448 3073 2599 3145 (Luc.
2632 3092 2715 3131 xvt
2738 3117 2753 3143 ,
2779 3077 2972 3152 22-26)
3004 3099 3018 3137 :
3042 3090 3288 3155 tauquam
3312 3087 3391 3141 in-

1800 3172 1880 3216 ter
1926 3163 2123 3218 inferos
2163 3164 2423 3237 sedesque
2471 3167 2769 3225 beatorum.
2799 3171 2913 3226 Non
2945 3175 3087 3228 enim
3115 3175 3266 3232 facile
3287 3179 3389 3233 ali-

1798 3255 1920 3309 cubi
1960 3257 2350 3328 Scripturarum
2390 3261 2679 3318 inferorum
2715 3280 2907 3321 nomen
2932 3269 3160 3338 positum
3185 3272 3393 3329 inveni-

1800 3355 1886 3400 tur
1922 3347 1973 3400 in
2004 3347 2163 3402 bono.
2200 3349 2348 3405 Unde
2375 3352 2533 3407 etiam
2565 3355 2730 3425 qumri
2756 3356 2929 3424 solet,
2962 3359 3007 3413 si
3034 3364 3244 3419 nonnisi
3267 3381 3391 3436 p03.-

1799 3437 1936 3492 nalia
1982 3449 2127 3494 recte
2169 3441 2537 3512 intelliguntur
2581 3444 2814 3513 inferna,
2855 3451 3122 3519 quomodo
3147 3455 3381 3512 animam

1798 3530 2006 3585 Domini
2052 3530 2251 3588 Christi
2295 3535 2381 3603 pie
2422 3535 2702 3592 credamus
2742 3539 2902 3596 fuisse
2942 3540 2998 3596 in
3028 3542 3251 3601 inferno.
3282 3547 3387 3605 Sed

1796 3624 1934 3681 bene
1960 3626 2312 3695 respondetur
2334 3628 2456 3684 ideo
2476 3629 2840 3699 descendisse,
2866 3644 2922 3689 ut
2943 3636 3133 3704 quibus
3154 3642 3393 3709 oportuit

1797 3717 2104 3772 subveniret
2130 3736 2143 3773 :
2172 3718 2311 3774 unde
2334 3720 2517 3775 beatus
2539 3721 2726 3778 Petrus
2752 3739 2871 3779 eum
2893 3725 3020 3781 dicit
3048 3728 3271 3786 solvisse
3291 3730 3391 3788 do-

1797 3808 1941 3864 lores
1985 3809 2207 3877 inferni,
2250 3812 2301 3866 in
2342 3814 2533 3883 quibus
2567 3815 2891 3885 impossibile
2926 3831 3036 3873 erat
3068 3822 3238 3879 teneri
3264 3804 3387 3881 cuni

1798 3897 1934 3971 (Act.
1980 3917 2051 3967 ιι,
2088 3900 2203 3971 2i).
2243 3902 2407 3957 Porro
2439 3905 2485 3958 si
2518 3915 2741 3976 utraque
2765 3910 2912 3978 regio
2941 3919 2996 3964 et
3020 3910 3310 3968 dolentium
3335 3926 3393 3972 et

1796 3990 2242 4059 requiescentium
2262 4032 2277 4055 ,
2310 3991 2361 4045 id
2389 4002 2500 4058 est,
2527 4004 2583 4049 et
2604 3996 2691 4050 ubi
2721 3996 2870 4053 dives
2898 3999 2985 4053 ille
3006 4004 3350 4072 torquebatur
3369 4048 3385 4075 ,

1795 4091 1850 4137 et
1879 4082 1964 4135 ubi
1990 4097 2190 4152 pauper
2212 4084 2298 4138 ille
2318 4084 2629 4151 laetabatur,
2658 4087 2711 4142 in
2741 4088 2948 4148 inferno
2974 4107 3093 4148 esse
3117 4097 3384 4152 credenda

1795 4185 1873 4228 est
1901 4191 1914 4237 ;
1959 4175 2076 4244 quis
2116 4173 2305 4229 audeat
2332 4175 2511 4232 dicere
2540 4177 2817 4233 Dominum
2848 4180 3028 4236 Jesum
3058 4184 3124 4239 ad
3153 4187 3388 4255 poenales

1794 4264 1988 4320 inferni
2038 4278 2214 4335 partes
2262 4269 2473 4323 venisse
2501 4271 2901 4341 tantummodo,
2930 4289 3028 4329 nec
3054 4275 3218 4333 fuisse
3245 4281 3388 4349 apud

1794 4374 1888 4413 eos
1929 4359 2052 4428 quid
2078 4361 2127 4414 in
2154 4360 2519 4447 Altraltazfintt
2543 4363 2922 4433 requiescunt?
2946 4366 3041 4422 Ubi
3064 4369 3107 4423 si
3133 4368 3249 4437 fuit,
3276 4372 3390 4442 ipse

1794 4460 1877 4506 est
1920 4452 2294 4523 inteliigendus
2335 4454 2610 4523 paradisus
2643 4472 2800 4525 quem
2830 4458 3051 4514 latronis
3077 4461 3268 4517 animm
3296 4464 3389 4520 illo

1794 4545 1882 4602 die
1925 4546 2169 4617 dignatus
2209 4557 2291 4602 est
2327 4547 2586 4618 polliceri.
2629 4548 2757 4615 QII‘JB
2788 4550 2831 4603 si
2860 4551 2928 4605 ita
2955 4562 3111 4619 sunt,
3134 4557 3387 4624 generale

1794 4638 2025 4708 paradisi
2066 4654 2258 4693 nomen
2286 4648 2396 4707 est,
2430 4639 2515 4693 ubi
2549 4639 2775 4695 feliciter
2795 4642 3005 4695 vivitur.
3035 4642 3216 4713 Neque
3241 4646 3383 4700 enim

1794 4730 1916 4798 quia
1957 4730 2231 4799 paradisus
2268 4738 2351 4783 est
2371 4730 2671 4799 appellatus
2693 4731 2779 4785 ubi
2808 4732 2973 4786 Adam
3001 4732 3098 4786 fuit
3117 4743 3239 4789 ante
3260 4750 3382 4804 pec-

1793 4833 2004 4887 catum,
2057 4833 2334 4893 prepterea
2378 4822 2651 4893 Scriptura
2692 4822 2953 4892 prohibita
2984 4832 3063 4878 est
3092 4825 3252 4879 etiam
3280 4826 3380 4882 Ec-

1794 4914 2013 4970 clesiam
2046 4930 2236 4969 vocare
2264 4914 2567 4984 paradisum
2590 4930 2711 4969 cum
2733 4913 2908 4969 fructu
2937 4930 3239 4985 pomorum.

1865 5008 2089 5065 CAPUT
2128 5007 2214 5062 Ill.
2238 5038 2308 5049 -—-
2333 5010 2384 5063 7.
2436 5008 2531 5064 Est
2553 5019 2729 5065 autem
2759 5023 2946 5062 sensus
2973 5008 3139 5063 multo
3167 5010 3385 5082 expedi-

1796 5104 1900 5158 tior
1924 5145 1939 5166 ,
1983 5111 2036 5156 et
2078 5101 2144 5155 ab
2174 5100 2259 5155 his
2284 5101 2531 5156 omnibus
2555 5099 2984 5170 ambiguitatibus
3013 5100 3180 5165 liber,
3206 5102 3248 5156 si
3277 5118 3384 5157 non

1794 5191 2088 5249 secundum
2117 5191 2168 5247 id
2193 5191 2334 5262 quod
2362 5192 2527 5247 homo
2546 5200 2661 5245 erat
2680 5232 2695 5255 ,
2724 5189 3137 5259 sed.secundum
3163 5191 3213 5246 id
3241 5193 3389 5263 quod

1795 5287 1937 5342 Deus
1958 5294 2071 5340 erat
2092 5285 2334 5340 Christus
2348 5283 2545 5339 dixisse
2562 5283 2871 5353 accipiatur,
2892 5283 3060 5339 Hodie
3079 5302 3269 5339 mecum
3287 5287 3385 5340 eris

1792 5378 1848 5432 in
1888 5376 2145 5444 paradiso.
2184 5375 2351 5429 llomo
2380 5373 2575 5444 quippe
2599 5373 2842 5432 Christus
2870 5375 2959 5429 illo
2987 5376 3072 5431 die
3092 5376 3381 5431 secundum

1794 5484 2009 5525 carnem
2032 5471 2083 5523 in
2114 5468 2391 5537 sepulcro,
2416 5464 2709 5520 secundum
2733 5467 2962 5521 animam
2991 5468 3042 5522 in
3072 5466 3277 5522 inferno
3300 5465 3385 5521 fu-

1793 5574 1945 5620 turus
1970 5573 2085 5619 erat
2118 5581 2129 5614 :
2166 5562 2302 5616 Deus
2329 5575 2456 5615 vero
2478 5558 2615 5614 idem
2648 5563 2760 5630 ipse
2777 5560 3019 5618 Christus
3041 5562 3234 5633 ubique
3250 5578 3386 5617 sem.

1792 5676 1891 5731 per
1932 5668 2034 5713 est.
2077 5656 2174 5711 Est
2211 5655 2353 5710 enim
2397 5654 2483 5707 lux
2521 5669 2638 5724 quae
2678 5653 2817 5708 lucet
2838 5654 2999 5708 etiam
3031 5655 3081 5709 in
3112 5654 3343 5709 tenebris
3366 5697 3384 5724 ,

1796 5753 2039 5827 quamvis
2060 5765 2178 5808 eam
2202 5746 2437 5806 tenebrae
2456 5761 2564 5804 non
2578 5744 3032 5817 comprehendant
3050 5745 3226 5820 (Joan.
3244 5759 3285 5816 ι,
3309 5746 3389 5820 5),
