3990 6374
636 336 732 393 Εει
753 334 932 390 Virtus
960 340 1016 387 et
1035 328 1307 407 Sapientia
1329 327 1421 385 Dei
1443 370 1459 397 ,
1481 326 1550 383 de
1569 340 1671 397 qua
1696 325 1949 401 scriptum
1978 334 2058 381 est
2083 324 2228 397 quod

636 427 858 499 attingat
883 444 908 479 a
941 426 1044 480 ﬁne
1065 440 1229 494 usque
1250 420 1315 476 ad
1335 421 1491 475 ﬁnem
1516 418 1742 485 fortiter,
1770 425 1827 473 et
1845 416 2092 488 disponat
2112 432 2227 473 om-

638 522 725 576 nia
750 518 984 575 suaviter
1010 515 1165 585 (Sap.
1197 528 1308 580 \‘lll,
1346 512 1415 581 l);
1448 518 1501 564 et
1532 509 1756 579 attingat
1781 510 1975 579 ubique
2012 517 2229 580 propter

636 627 788 673 suam
816 609 1157 669 munditiam,
1186 616 1236 660 et
1263 603 1391 658 nihil
1416 602 1746 680 inquinatum
1782 601 1832 656 in
1854 616 1970 657 eam
1995 602 2228 657 incurrat

637 688 750 777 (Id.
780 719 879 770 vn,
908 702 1021 773 24).
1052 700 1379 769 Ubicumque
1404 712 1533 766 ergo
1559 697 1627 750 sit
1650 696 1958 767 paradisus,
1989 695 2227 768 quisquis

635 796 911 855 beatorum
941 794 1010 847 ibi
1037 802 1115 846 est
1140 832 1155 857 ,
1184 804 1304 845 cum
1330 788 1419 842 illo
1449 787 1519 842 ibi
1546 796 1662 855 est,
1689 788 1779 858 qui
1803 788 1995 858 ubique
2017 797 2117 842 est.

706 886 761 945 8.
791 886 922 940 Cum
950 884 1089 949 enim
1115 882 1183 935 sit
1215 878 1462 935 Christus
1492 879 1632 934 Deus
1662 888 1716 933 et
1738 879 1934 943 homo;
1964 879 2104 933 Deus
2127 880 2229 933 uti-

635 992 741 1050 que
765 975 902 1031 unde
925 973 1070 1039 dicit,
1102 970 1208 1042 Ego
1233 980 1279 1025 et
1302 969 1456 1049 Pater
1473 986 1631 1025 unum
1646 986 1822 1025 sumus
1837 969 2015 1042 (Joan.
2035 986 2089 1039 ι,
2109 967 2224 1044 50);

634 1072 796 1129 homo
824 1080 998 1133 autem
1030 1068 1170 1122 unde
1197 1066 1359 1129 dicit,
1396 1066 1554 1121 Pater
1582 1067 1747 1138 major
1773 1082 1853 1120 me
1876 1074 1947 1120 est
1970 1062 2078 1136 (Id.
2104 1080 2191 1120 inv
2209 1106 2223 1131 ,

631 1166 724 1239 28)
750 1182 765 1231 ;
808 1163 1054 1233 idemque
1083 1161 1248 1216 Filius
1275 1159 1367 1216 Dei
1397 1161 1701 1229 unigenitus
1735 1174 1762 1212 a
1790 1158 1979 1224 Patre,
2011 1165 2064 1211 et
2090 1156 2249 1212 ﬁlius.

632 1255 865 1314 hominis
890 1272 955 1311 ex
983 1255 1187 1309 semine
1219 1252 1384 1307 David
1416 1251 1708 1307 secundum
1735 1246 1953 1305 carnem
1982 1267 1996 1304 :
2021 1258 2228 1303 utrum-

631 1364 735 1421 que
763 1350 814 1404 in
844 1348 936 1415 illo
956 1345 1347 1400 observandum
1372 1354 1453 1400 est
1473 1360 1592 1397 cum
1616 1342 1852 1411 quuitur
1873 1383 1883 1406 ,
1908 1340 1993 1396 vel
2015 1355 2135 1394 cum
2162 1339 2229 1394 de

632 1443 724 1498 illo
751 1439 1025 1511 Scriptura
1055 1440 1311 1509 loquitur,
1345 1446 1399 1492 et
1423 1437 1547 1509 quid
1576 1434 1867 1491 secundum
1884 1432 2007 1509 quid
2025 1432 2229 1487 dicatur

631 1533 966 1589 intuendum.
994 1530 1125 1584 Nam
1155 1529 1290 1582 sicut
1319 1543 1455 1582 unus
1483 1526 1641 1580 homo
1658 1533 1739 1580 est
1758 1512 1933 1579 anima
1958 1522 2227 1577 rationalis

632 1633 687 1679 et
726 1638 887 1689 caro,
929 1621 1010 1676 sic
1051 1629 1104 1674 et
1142 1634 1281 1674 unus
1313 1617 1556 1673 Christus
1584 1626 1664 1671 est
1698 1615 1926 1670 Verbum
1961 1622 2013 1668 et
2042 1613 2223 1667 homo.

631 1715 862 1772 Proinde
881 1714 1023 1784 quod
1046 1714 1110 1765 ad
1135 1711 1367 1767 Verbum
1391 1712 1603 1775 attinet,
1629 1717 1839 1764 creator
1858 1717 1940 1763 est
1962 1705 2224 1766 Christus;

635 1806 991 1883 Omniaqenim
1023 1819 1111 1875 per
1132 1803 1298 1876 ipsum
1348 1802 1483 1874 facta
1512 1809 1629 1853 sunt
1683 1796 1859 1870 (Joan.
1890 1811 1937 1863 ι,
1963 1796 2017 1867 5)
2045 1814 2056 1849 :
2086 1794 2227 1867 quod

629 1912 759 1955 vero
795 1897 861 1951 ad
900 1895 1171 1949 hominem
1191 1935 1207 1962 ,
1234 1902 1445 1947 creatus
1474 1893 1489 1923 ¹
1518 1900 1601 1946 εει
1624 1889 1866 1944 Christus
1890 1905 1902 1949 ;
1935 1885 2126 1940 Factus
2155 1897 2228 1940 est

629 1990 772 2047 enim
795 2005 856 2044 ea:
875 1987 1062 2042 semine
1079 1984 1248 2039 David
1270 1982 1544 2039 secundum
1566 1998 1767 2035 carnem
1793 1979 1969 2053 (Rom.
1999 1996 2043 2045 ι,
2068 1979 2121 2052 '5)
2140 2022 2153 2043 ,
2174 1989 2228 2034 et

632 2083 686 2137 in
722 2079 1103 2135 similitudinem
1131 2077 1391 2131 hominum
1418 2080 1581 2146 {actus
1608 2070 1866 2143 (Philipp.
1896 2087 1966 2138 ιι,
1993 2069 2071 2139 7).
2098 2071 2225 2125 Item

634 2173 754 2251 quia
797 2173 849 2226 in
895 2170 1110 2225 homine
1143 2168 1249 2224 duo
1273 2174 1430 2231 sunt,
1465 2166 1638 2219 anima
1666 2173 1720 2219 et
1745 2178 1908 2229 caro;
1936 2161 2225 2217 secundum

628 2263 863 2319 animam
886 2262 1050 2317 tristis
1071 2260 1169 2314 fuit
1194 2273 1359 2330 usque
1379 2257 1445 2312 ad
1470 2265 1694 2311 mortem
1718 2254 2092 2325 (Matth.xxw,
2109 2253 2221 2325 58),

629 2355 923 2413 secundum
951 2368 1167 2410 carnem
1198 2368 1385 2423 passus
1405 2360 1487 2405 est
1507 2359 1731 2417 mortem
1761 2348 1900 2420 (Act.
1920 2365 1977 2404 ιιι
1997 2392 2009 2412 ,
2042 2348 2153 2422 18).

700 2449 755 2505 9.
796 2447 906 2503 Nec
939 2455 1116 2502 tamen
1142 2461 1261 2499 cum
1304 2445 1495 2498 Filium
1540 2443 1632 2507 Dei
1670 2440 1939 2497 Christum
1970 2441 2221 2509 dicimus,

632 2539 906 2596 hominem
946 2552 1294 2608 separamus;
1321 2545 1411 2591 aut
1437 2550 1559 2591 cum
1584 2534 1829 2591 eumdem
1856 2533 2129 2590 Christum
2161 2534 2225 2587 ﬁ-

631 2629 1030 2686 llum'hominis
1067 2628 1293 2683 dicimus
1313 2670 1327 2695 ,
1357 2640 1668 2697 separamus
1698 2625 1882 2680 Deum.
1918 2624 2219 2681 Secundum

629 2721 905 2778 hominem
954 2735 1184 2791 namque
1230 2721 1280 2774 in
1333 2730 1471 2774 terra
1522 2726 1654 2781 erat,
1698 2731 1804 2771 non
1852 2717 1908 2770 in
1950 2715 2088 2770 coelo
2137 2715 2226 2770 ubi

629 2828 782 2871 nune
800 2823 878 2869 est
904 2854 920 2880 ,
948 2812 1160 2884 quando
1199 2810 1443 2876 dicebat,
1474 2809 1638 2865 Nemo
1666 2809 1890 2864 ascendit
1926 2808 1979 2862 in
2017 2807 2217 2877 caelum,

628 2909 727 2964 nisi
754 2909 840 2978 qui
860 2909 922 2962 de
945 2908 1067 2962 caelo
1093 2906 1367 2973 descendit,
1393 2904 1440 2959 F
1442 2906 1561 2960 ilius
1587 2905 1805 2959 hominis
1824 2904 1911 2976 qui
1937 2915 2008 2958 est
2029 2904 2081 2958 in
2101 2905 2223 2958 caelo

630 2998 824 3071 (Joan.
873 3014 949 3063 ιιι,
989 2995 1131 3071 i5):
1167 2996 1409 3067 quamvis
1447 2995 1740 3052 secundum
1784 2994 1835 3049 id
1876 2994 2016 3067 quod
2058 2994 2224 3049 Filius

629 3090 724 3147 Dei
755 3099 889 3155 erat,
912 3100 1054 3146 esset
1083 3090 1134 3143 in
1161 3089 1332 3154 coelo;
1358 3087 1650 3142 secundum
1680 3086 1733 3142 id
1760 3102 1888 3142 vero
1912 3086 2052 3159 quod
2083 3086 2223 3141 ﬁlius

628 3183 859 3239 hominis
881 3193 1014 3248 erat,
1038 3182 1213 3237 adhuc
1235 3189 1381 3237 esset
1399 3182 1450 3236 in
1474 3191 1637 3246 terra,
1662 3179 2005 3255 nondumque
2034 3194 2222 3235 ascen-

627 3277 795 3333 disset
840 3277 891 3330 in
939 3276 1154 3332 omium.
1183 3275 1442 3341 Similiter
1481 3289 1601 3329 cum
1645 3274 1935 3339 secundum
1983 3272 2034 3337 id
2081 3272 2220 3342 quod

627 3368 796 3426 Filius
820 3368 912 3423 Dei
940 3377 1039 3430 est,
1070 3366 1138 3422 sit
1167 3367 1420 3421 Dominus
1446 3366 1669 3436 glorize;
1708 3363 2001 3429 secundum
2031 3362 2082 3417 id
2122 3379 2219 3429 au-

626 3471 736 3529 tem
765 3460 905 3532 quod
936 3470 1017 3515 est
1049 3457 1186 3512 ﬁlius
1212 3438 1474 3521 hominis,
1502 3455 1784 3510 cruciﬁxus
1813 3455 1880 3507 sit
1902 3469 1916 3520 ;
1942 3454 2010 3507 ait
2044 3462 2218 3508 tamen

625 3536 950 3628 Apostolus:
981 3549 1043 3605 Si
1073 3549 1206 3603 enim
1241 3548 1609 3619 cognovissent,
1649 3561 1907 3613 nunquam
1942 3543 2218 3597 Dominum

624 3638 802 3718 giaria:
832 3644 1200 3714 cruciﬁxissent
1232 3640 1274 3712 (l
1300 3639 1420 3695 Cor.
1451 3655 1506 3718 tt,
1541 3639 1620 3708 8).
1647 3638 1723 3691 Ac
1754 3652 1847 3707 per
1874 3637 1974 3690 hoc
2002 3645 2056 3690 et
2087 3635 2219 3690 ﬁlius

627 3714 864 3792 hominis
887 3734 1181 3790 secundum
1219 3732 1383 3786 Deum
1415 3714 1532 3785 erat
1561 3731 1612 3783 in
1644 3728 1780 3783 coelo
1805 3769 1819 3793 ,
1846 3738 1901 3783 et
1931 3725 2094 3781 Filius
2125 3727 2218 3781 Dei

622 3828 916 3884 secundum
966 3826 1238 3893 hominem
1298 3822 1706 3893 crnclﬁgebatur
1755 3820 1806 3885 in
1860 3828 2023 3875 terra.
2072 3820 2219 3875 Sicut

622 3903 751 3993 ergo
781 3921 951 3993 potuit
972 3928 1118 3976 recte
1142 3919 1244 3974 dici
1277 3918 1531 3973 Dominus
1551 3915 1737 3989 gloria:
1763 3915 2067 3975 cruciﬁxus.
2094 3928 2218 3993 cum

621 4000 698 4072 ad
718 4016 886 4071 solam
918 4029 1133 4070 carnem
1166 4013 1251 4074 illa
1284 4010 1461 4082 passio
1486 4009 1812 4089 pertineret:
1844 4009 1911 4061 ita
1943 4017 2085 4061 recte
2111 3990 2217 4062 dici

621 4108 811 4182 potuit,
840 4107 1006 4162 Hodie
1025 4122 1219 4171 mecum
1238 4105 1335 4160 eris
1355 4104 1405 4163 in
1430 4102 1687 4174 paradiso,
1713 4117 1833 4161 cum
1852 4101 2001 4170 juxta
2029 4100 2218 4155 huma-

621 4216 745 4265 nam
781 4198 1130 4279 humilitatem
1152 4239 1168 4264 ,
1198 4211 1293 4273 per
1330 4210 1545 4249 carnem
1575 4196 1626 4247 in
1658 4193 1904 4270 sepulcro
1924 4233 1939 4259 ,
1974 4208 2068 4273 per
2096 4193 2213 4259 ani-

620 4308 762 4349 mam
794 4293 843 4347 in
875 4292 1086 4359 inferno
1114 4290 1204 4359 illo
1238 4289 1324 4343 die
1354 4287 1561 4344 futurus
1588 4295 1771 4349 esset;
1799 4286 1950 4355 juxta
1981 4283 2214 4351 divinam

621 4396 752 4464 vero
795 4381 1277 4459 immutabilitateni
1322 4393 1591 4449 nunquam
1626 4377 1711 4432 «de
1758 4366 2044 4461 paradiso,
2090 4376 2211 4445 quia

621 4471 816 4542 ubique
843 4481 925 4527 est
954 4485 1187 4540 semper,
1219 4469 1553 4524 recessisset.

694 4564 780 4620 10.
820 4561 935 4618 ΝυΙὶ
975 4563 1153 4632 itaque
1196 4560 1438 4617 dubitare
1477 4560 1549 4614 ibi
1594 4574 1735 4614 nunc
1777 4572 1899 4613 esse
1939 4557 2211 4613 hominem

618 4655 891 4735 Christum
930 4654 1132 4720 Jesum,
1178 4652 1317 4708 unde
1352 4660 1609 4707 venturus
1642 4660 1757 4715 est;
1797 4650 2212 4721 memoriterque

619 4751 817 4827 recole,
860 4758 915 4805 et
960 4747 1186 4802 ﬁdeliter
1232 4756 1353 4802 tene
1400 4745 1752 4801 chriStianam
1794 4742 2208 4806 confessionem,

619 4842 871 4912 quoniam
915 4838 1207 4895 resurrexit
1244 4852 1272 4891 a
1319 4837 1565 4901 mortuis,
1606 4836 1848 4891 ascendit
1893 4836 1944 4890 in
1990 4837 2206 4915 coelum,

621 4935 771 5011 sedet
815 4934 880 4989 ad
923 4933 1198 4989 dexteram
1245 4931 1437 4996 Patris,
1481 4946 1578 4985 nec
1622 4929 1837 4984 aliunde
1887 4943 2043 5003 quam
2089 4929 2210 4983 inde

622 5034 874 5079 venturus
903 5032 985 5079 est
1013 5022 1080 5077 ad
1108 5024 1256 5079 vivos
1296 5030 1638 5090 mortuosque
1660 5018 1996 5089 judicandos.
2029 5019 2096 5072 Et
2133 5017 2210 5072 sic

621 5123 875 5173 venturus
898 5121 1001 5180 est,
1034 5112 1121 5168 illa
1151 5111 1386 5191 angelica
1412 5126 1543 5166 voce
1574 5118 1823 5174 testante,
1853 5108 2203 5195 quemadmo-

620 5206 746 5273 dum
776 5207 853 5263 ire
880 5206 1024 5262 visus
1052 5215 1134 5265 est
1168 5201 1225 5260 in‘
1247 5207 1441 5261 coelum
1472 5202 1607 5276 (Act.
1642 5218 1680 5266 ι,
1716 5203 1801 5263 10,
1833 5202 1946 5273 ll),
1975 5202 2026 5256 id
2052 5209 2129 5257 est
2156 5202 2207 5255 in

619 5302 805 5360 eadem
846 5302 1024 5357 carnis
1067 5299 1232 5354 forma
1272 5307 1431 5370 atque
1478 5295 1809 5360 substantia;
1842 5294 1926 5349 cui
1973 5292 2209 5364 profecto

620 5396 1069 5453 immurtalitatem
1114 5390 1297 5456 dedit,
1330 5402 1570 5446 naturam
1615 5404 1720 5442 non
1747 5386 1981 5441 abstulit.
2009 5386 2212 5441 Secun-

619 5488 744 5543 dum
775 5488 910 5543 hanc
948 5485 1172 5551 formam
1203 5499 1307 5540 non
1340 5493 1422 5539 est
1448 5480 1709 5553 putandus
1733 5479 1927 5550 ubique
1965 5476 2205 5533 diffusus.

618 5576 927 5636 Cavendum
973 5586 1058 5635 est
1101 5591 1244 5634 enim
1287 5591 1358 5632 ne
1410 5576 1482 5630 ita
1527 5571 1855 5630 divinitatem
1908 5576 2210 5627 astruamus

686 5688 700 5722 ¹
728 5688 859 5761 eam,
887 5694 1108 5763 creatura
1123 5693 1209 5759 est.
1235 5696 1342 5755 Mss.
1366 5678 1736 5758 septemdecim,
1759 5684 1949 5738 creatus
1966 5676 2053 5736 eli.

1868 211 1926 269 ε.
1958 210 2323 287 aucusrmt
2364 214 2673 281 ΕιηεεοΡι
3748 241 3831 311 εδδ

2333 327 2590 398 hominis,
2622 341 2681 415 ut
2718 335 2999 421 veritatem
3039 340 3280 423 corporis
3318 340 3619 425 φρίενξιιιειε,
3641 349 3741 411 Non
3773 366 3838 427 est

2330 429 2506 517 autem
2537 440 2872 497 consequens
2898 414 2952 482 ut
2978 414 3119 500 quod
3148 430 3199 486 in
3228 414 3334 488 Deo
3356 414 3642 517 esu-ita"
3668 414 3836 517 ubique.’

2331 521 2384 567 ut
2410 514 2566 575 Deus.
2600 517 2730 572 Nam
2767 528 2821 573 et
2846 520 2911 574 de
2937 522 3091 579 nobis
3118 510 3450 583 veracissima
3477 510 3720 621 Scriptura
3743 510 3841 605 dicit

2330 610 2469 687 quod
2498 611 2551 665 in
2576 610 2664 666 illo
2688 613 2915 687 vivimus,
2940 632 3193 671 movemur
3212 628 3257 687 et
3273 635 3437 693 sumus
3459 610 3720 701 (ᾼειίῃιι,
3738 626 3840 701 28);

2332 715 2430 755 nec
2468 710 2642 758 tamen
2673 704 2808 760 sicut
2836 705 2923 761 ille
2964 706 3155 799 ubique
3184 724 3405 787 sumus;
3440 695 3529 781 sed
3555 695 3694 791 aliter
3724 695 3845 789 homo

2332 791 2422 847 ille
2459 793 2511 848 in
2554 794 2684 865 Deo,
2718 796 2969 867 quoniam
3009 782 3163 875 aliter
3200 782 3258 868 et
3292 801 3428 871 Deus
3463 802 3551 869 ille
3584 782 3843 883 in'liotnine,

2330 885 2545 954 proprio
2571 886 2800 956 quodam
2822 898 2875 943 et
2896 888 3153 971 singulari
3182 890 3361 947 modo.
3384 891 3499 967 Una
3519 896 3648 971 enim
3670 914 3848 971 persona

2332 974 2473 1045 Deus
2502 991 2553 1031 et
2582 979 2739 1047 homo
2767 990 2868 1045 εει,
2893 993 2948 1047 et
2978 968 3260 1069 utrumque
3288 994 3369 1057 est
3394 1002 3527 1067 unus
3549 968 3761 1071 {iuristh
3778 993 3847 1053 Je-

2331 1082 2421 1161 sus
2446 1086 2459 1133 ;
2491 1069 2683 1161 ubique
2709 1087 2805 1155 per
2827 1072 2879 1127 id
2904 1052 3045 1155 quod
3075 1052 3217 1149 Degis
3242 1052 3426 1161 est,rin_
3782 1102 3852 1158 per

2333 1157 2383 1213 id
2409 1160 2549 1233 quod
2581 1145 2759 1218 homo.
2924 1145 2927 1146 ν
2966 1146 2989 1155 Α
3182 1145 3185 1149 ν
3332 1145 3342 1161 ’
3568 1145 3577 1153 ’
3628 1145 3684 1163 ’Ἥ

2401 1251 2627 1347 eaeor
2656 1253 2742 1309 IV.
2774 1287 2844 1297 —
2873 1257 2959 1331 ti.
3002 1258 3314 1339 Quanquam
3352 1272 3406 1331 ει
3440 1263 3491 1337 in
3524 1279 3587 1345 φρ
3613 1266 3850 1347 ipsoquod

2331 1340 2525 1397 dicitur
2553 1345 2689 1400 Deus
2720 1347 2915 1425 ubique
2940 1349 3196 1431 diﬁ'usus,
3226 1336 3426 1415 carnali
3452 1336 3771 1428 resiStenduni
3790 1374 3851 1425 est

2330 1434 2658 1505 cogitationi,
2690 1446 2744 1493 et
2769 1455 2919 1507 mens
2945 1457 2976 1497 a
3003 1444 3242 1523 corporis
3270 1445 3512 1513 sensibus
3533 1451 3786 1525 augeanda,
3803 1469 3851 1507 ne

2331 1527 2483 1613 quasi
2514 1531 2744 1600 spatiosa
2775 1534 3138 1607 magnitudine
3164 1537 3448 1611 opinemur
3473 1540 3627 1612 Deum
3649 1557 3731 1621 per
3749 1559 3848 1601 cun-

2331 1628 2412 1675 cta
2452 1620 2707 1699 didundi,
2736 1624 2873 1703 sicut
2901 1625 3092 1701 humus
3113 1669 3127 1695 ,
3160 1639 3250 1699 aut
3291 1629 3519 1708 humor,
3548 1618 3765 1703 autaer,
3787 1646 3852 1689 aut

2333 1711 2420 1765 lux
2450 1712 2544 1767 ista
2573 1708 2886 1771 diffunditur
2916 1717 3114 1793 (omnis
3136 1720 3283 1775 enim
3319 1721 3670 1793 hujuscemodi
3693 1726 3851 1795 magni-

2334 1803 2460 1858 tudo
2490 1804 2664 1860 minor
2703 1815 2788 1862 est
2831 1808 2884 1862 in
2914 1809 2993 1863 sui
3026 1821 3176 1882 parte
3202 1828 3361 1887 quam
3384 1814 3453 1893 ,ιη
3493 1796 3597 1881 toto
3616 1814 3669 1893 )5
3696 1814 3772 1868 sed
3802 1816 3852 1870 ita

2333 1896 2507 1965 potius
2540 1898 2696 1953 sicuti
2736 1909 2818 1955 est
2858 1917 3048 1973 magna
3089 1884 3554 1983 sapientia,'etiani
3597 1884 3853 1981 ip'bomine

2331 1989 2480 2071 cujus
2517 2006 2712 2061 corpus
2752 2004 2833 2049 est
2868 2010 3107 2066 parvum.
3136 1997 3202 2065 Et
3241 1999 3283 2052 si
3326 1998 3431 2071 duo
3469 2009 3589 2077 sunt
3621 2001 3851 2083 sapientes,

2331 2096 2555 2151 quorum
2583 2084 2651 2141 sit
2677 2084 2811 2140 alter
2837 2102 3063 2169 corpore
3091 2089 3364 2161 grandior,
3396 2103 3577 2161 neuter
3602 2092 3851 2165 sapientior,

2332 2187 2437 2227 non
2467 2183 2549 2228 est
2576 2174 2661 2229 illa
2700 2175 2755 2230 in
2796 2177 2995 2249 majore
3038 2181 3208 2249 major
3228 2221 3240 2243 ,
3271 2181 3448 2259 minor
3478 2184 3527 2253 in
3558 2184 3763 2259 mitiore,
3787 2196 3854 2239 aut

2331 2266 2507 2321 minor
2551 2266 2604 2322 in
2653 2284 2757 2324 uno
2804 2287 2962 2353 quam
3007 2272 3059 2326 in
3106 2254 3363 2342 duobus,
3390 2275 3483 2344 sed
3529 2254 3659 2357 tanta
3699 2276 3743 2343 in
3782 2274 3854 2330 hoc

2331 2370 2523 2429 quanta
2555 2361 2609 2414 in
2640 2361 2757 2433 ιιιο,
2787 2350 2841 2431 ει
2867 2374 3009 2419 tanta
3040 2366 3090 2419 in
3119 2382 3442 2451 unoquoque
3462 2350 3721 2449 qtiapta‘iu
3744 2376 3853 2422 utm.
3924 2378 3925 2405 ξ

2330 2465 2470 2529 que:
2502 2468 2674 2522 neque
2699 2453 2839 2508 enim
2870 2455 2913 2508 si
2944 2457 3218 2535 mquaiiter
3239 2470 3366 2525 sunt
3391 2458 3601 2529 omnino
3623 2458 3850 2530 sapientes,
3924 2482 3925 2525 ς

2333 2545 2447 2614 plus
2477 2545 2689 2629 sapiunt
2731 2548 2888 2602 ambo
2916 2564 3073 2617 quam
3115 2551 3304 2621 singuli
3334 2569 3349 2618 ;
3389 2550 3792 2627 quemadmodum
3822 2552 3852 2604 si
3924 2612 3925 2627 γ

2331 2638 2606 2706 aequaliter
2651 2638 2757 2715 sint
2802 2639 3168 2709 immortales,
3216 2658 3322 2697 non
3372 2642 3493 2727 plus
3536 2643 3702 2701 vivunt
3735 2640 3851 2697 ambo

2330 2742 2488 2803 quam
2514 2729 2726 2800 singuli.

2354 2810 2361 2817 ’
2404 2818 2488 2872 12.
2532 2817 2646 2890 lpsa
2692 2820 2921 2891 denique
2972 2821 3348 2901 immortalitas
3395 2824 3646 2905 corporis,
3686 2838 3781 2903 quat
3812 2822 3848 2877 in

2330 2910 2525 2967 Christi
2553 2927 2714 2969 carne
2745 2914 3050 2984 praecessit,
3082 2898 3344 2986 nobisque
3384 2916 3438 2971 in
3469 2900 3570 2987 line
3593 2898 3742 2971 futura
3766 2929 3851 2985 pro-

2327 3001 2586 3067 mittitur,
2625 3018 2744 3059 cum
2778 3019 2965 3075 magna
2996 3005 3065 3060 sit
3092 3021 3212 3073 res,
3239 3022 3351 3063 non
3383 3017 3462 3063 est
3502 3007 3719 3085 profecto
3751 3005 3851 3060 mole
3924 3074 3925 3077 η

2329 3110 2513 3167 magna
2543 3112 2558 3163 ;
2601 3095 2695 3151 sed
2734 3094 2859 3149 licet
2896 3098 3244 3167 corporaliter
3283 3098 3570 3165 habeatur,
3601 3100 3849 3170 incorporea

2326 3187 2568 3258 quaedam
2611 3187 2927 3243 excellentia
2959 3200 3057 3244 est.
3090 3188 3221 3244 Nam
3251 3205 3378 3245 cum
3411 3192 3578 3268 ipsum
3615 3174 3850 3261 immortale

2326 3295 2518 3350 corpus
2547 3280 2719 3335 minus
2747 3281 2814 3336 sit
2840 3282 2891 3336 in
2918 3293 3066 3354 parte
3096 3298 3253 3357 quam
3284 3284 3341 3338 in
3371 3293 3517 3357 toto,
3546 3283 3851 3353 immortalitas
3924 3316 3925 3357 ξ

2326 3371 2441 3449 ejus
2482 3383 2586 3425 tam
2630 3372 2784 3449 plena
2827 3383 2912 3428 est
2951 3374 3003 3429 in
3044 3383 3194 3446 parte
3223 3391 3387 3449 quam
3430 3375 3485 3434 in
3525 3385 3661 3444 toto;
3687 3384 3733 3431 et
3762 3388 3848 3429 cum
3924 3400 3925 3419 ι

2324 3460 2433 3535 sint
2455 3462 2573 3527 aliis
2597 3463 2699 3517 alia
2729 3462 2928 3534 majora
2955 3505 2972 3533 ,
3009 3452 3115 3521 non
3144 3474 3325 3533 tamen
3364 3468 3483 3522 aliis
3511 3468 3608 3522 alia
3636 3466 3850 3522 immorta-

2325 3551 2452 3606 liora
2481 3563 2603 3617 sunt
2630 3553 2888 3608 membra.
2916 3542 3064 3627 Sicut
3092 3540 3232 3633 nunc
3257 3558 3473 3633 quando
3497 3536 3560 3619 ex
3588 3557 3714 3633 omni
3741 3568 3846 3629 parte

2324 3645 2438 3700 sani
2468 3660 2651 3700 smnus
2690 3645 2981 3727 secundum
3012 3630 3228 3705 modum
3270 3630 3554 3735 praesentis
3591 3647 3639 3705 in
3674 3630 3847 3729 corpore

2325 3739 2585 3804 sanitatis,
2620 3754 2721 3792 non
2753 3739 2874 3809 quia
2907 3739 3080 3809 major
3106 3749 3187 3794 est
3217 3756 3410 3805 manus
3449 3750 3555 3797 tota
3590 3755 3727 3823 quam
3750 3736 3846 3815 digi-

2324 3838 2429 3896 tus,
2472 3830 2591 3907 ideo
2633 3845 2822 3885 manus
2859 3831 3021 3897 totius
3066 3832 3351 3886 sanitatem
3392 3832 3638 3904 majorem
3676 3827 3845 3884 dicimus

2322 3938 2439 3987 esse
2466 3939 2623 3993 quam
2648 3922 2837 3995 digiti;
2871 3924 2962 3978 sed
2994 3924 3049 3979 in
3077 3924 3180 3981 illis
3207 3924 3556 4003 iamqualibus
3584 3921 3844 4001 aequalisest

2322 4015 2453 4084 ipsa,
2486 4015 2698 4085 quando
2731 4017 2801 4070 ita
2832 4016 3077 4071 breviora
3111 4017 3483 4089 grandioribus
3510 4023 3842 4087 comparantur,

2321 4118 2379 4161 ut
2399 4107 2538 4177 quod
2566 4116 2670 4161 tam
2699 4123 2944 4177 magnum
2972 4123 3091 4163 esse
3118 4124 3221 4163 non
3254 4118 3430 4179 potest
3457 4125 3606 4188 quam
3633 4101 3841 4189 estaliud,

2320 4201 2487 4269 possit
2519 4209 2693 4255 tamen
2720 4216 2840 4255 esse
2867 4211 2971 4255 tam
2997 4216 3207 4255 sanum.
3242 4201 3401 4257 Esset
3425 4190 3594 4256 autem
3620 4199 3763 4267 major
3785 4209 3844 4249 sa-

2321 4292 2457 4353 nitas
2478 4293 2529 4346 in
2556 4292 2845 4364 majoribus
2867 4293 3141 4360 membris,
3165 4295 3208 4348 si
3231 4304 3417 4350 essent
3437 4296 3627 4364 majora
3646 4291 3842 4357 saniora:

2317 4400 2437 4439 cum
2466 4400 2594 4440 vero
2622 4400 2725 4439 non
2755 4393 2839 4451 est
2876 4387 2945 4439 ita
2970 4427 2985 4449 ,
3017 4385 3110 4440 sed
3132 4368 3342 4457 majora
3373 4397 3532 4460 atque
3560 4386 3739 4463 miqora
3767 4389 3844 4441 iam

2316 4491 2443 4530 sana
2467 4484 2608 4553 sunt,
2632 4475 2810 4559 dispar
2833 4485 2915 4530 est
2942 4476 3181 4546 profecto
3206 4476 3258 4531 in
3292 4468 3644 4533 membrorum
3666 4469 3844 4528 molibus

2315 4568 2603 4639 quantitas,
2631 4566 2723 4621 sed
2753 4583 2847 4637 par
2870 4577 2953 4623 est
2982 4567 3035 4622 in
3066 4568 3370 4638 disparibus
3395 4569 3610 4623 sanitas.

2388 4660 2475 4716 i3.
2516 4658 2649 4714 Cum
2688 4674 2816 4731 ergo
2844 4660 2912 4714 sit
2950 4675 3145 4730 corpus
3171 4660 3346 4730 aliqua
3376 4658 3659 4715 substantia
3679 4698 3692 4723 ,
3715 4663 3845 4731 quin-

2316 4751 2437 4805 titas
2462 4751 2575 4822 ejus
2602 4759 2685 4806 est
2712 4734 2765 4806 in
2795 4738 3157 4833 magnitudine
3187 4751 3340 4807 molis
3368 4751 3521 4821 ejus;
3550 4730 3841 4805 sanitasrero

2315 4843 2430 4912 ejus
2461 4860 2563 4897 non
2604 4843 2904 4912 quantitas,
2935 4843 3029 4915 sed
3071 4844 3296 4913 qualitas
3335 4843 3454 4914 ejus
3484 4849 3580 4896 est.
3608 4838 3710 4895 Non
3743 4846 3840 4902 ergo

2314 4935 2485 5007 potuit
2510 4936 2751 4990 obtinere
2771 4936 3038 5005 quantitas
3064 4921 3335 5004 corporis,
3365 4924 3503 5005 Quod
3530 4929 3685 5004 potuit
3703 4922 3836 4997 quali-

2316 5035 2416 5079 tas.
2461 5026 2593 5080 Nam
2634 5028 2705 5081 ita
2745 5026 3063 5107 diswntihus
3108 5014 3381 5096 partibus,
3423 5014 3541 5097 quai
3577 5020 3715 5099 simul
3748 5028 3835 5072 esse

2315 5133 2419 5172 non
2468 5127 2709 5188 possunt,
2760 5117 3009 5188 quoniam
3054 5132 3149 5173 sua
3188 5134 3410 5189 qumque
3446 5110 3609 5188 spatia
3649 5116 3832 5169 locorum

2316 5219 2516 5275 tenent,
2548 5212 2779 5265 minores
2806 5211 3032 5272 minora,
3065 5218 3118 5265 et
3151 5210 3348 5281 majora
3376 5208 3627 5279 majores,
3650 5218 3735 5259 non
3761 5212 3830 5267 Ρο-

2317 5301 2411 5355 tuit
2431 5315 2548 5355 esse
2571 5300 2621 5354 in
2650 5301 2869 5375 singulis
2896 5301 3193 5372 quibusque
3216 5302 3448 5371 partibus
3470 5308 3569 5355 tota
3597 5294 3669 5352 vel
3692 5298 3828 5349 tanta;

2315 5392 2410 5447 sed
2456 5392 2680 5461 amplior
2721 5401 2802 5444 est
2837 5392 3101 5461 quantitas
3145 5392 3196 5446 in
3239 5388 3576 5461 amplioribus
3612 5377 3827 5459 partibus.

2314 5478 2527 5543 brevior
2554 5484 2607 5540 in
2638 5482 2985 5553 brevioribus,
3013 5490 3065 5537 et
3096 5484 3148 5538 in
3174 5483 3313 5537 nulla
3345 5489 3492 5559 parte
3516 5486 3648 5536 tanta
3672 5477 3825 5559 quanti

2315 5589 2412 5649 per
2438 5584 2608 5631 totum
2632 5593 2642 5628 :
2673 5574 2897 5646 qualitas
2929 5589 3053 5630 vero
3082 5557 3351 5646 corporis,
3378 5589 3492 5646 quq;
3518 5566 3693 5641 suum
3716 5557 3823 5627 dici‘

2319 5674 2586 5741 tunsum
2621 5676 2814 5737 sanum
2840 5678 3033 5740 corpus
3070 5674 3154 5730 ω
3190 5674 3388 5736 totum.
3419 5656 3823 5733 Μίκων’
