3990 6374
686 369 793 426 839

685 498 811 538 num
860 493 954 539 aut
997 466 1324 555 inaequaliter
1371 481 1673 545 candidum,
1724 480 1840 536 ﬁeri
1886 488 2059 549 potest
2096 489 2153 533 ut
2201 481 2255 535 in

684 575 890 630 minore
919 584 1067 645 parte
1091 576 1161 629 sit
1196 574 1394 630 sanitas
1422 572 1591 641 major
1634 581 1725 626 aut
1761 572 1978 636 candor,
1996 587 2127 626 cum
2154 574 2256 627 mi-

684 680 815 719 nora
840 680 998 736 quam
1026 665 1223 735 majora
1250 664 1457 718 saniora
1488 663 1570 716 vel
1598 661 1904 718 candidiora
1938 674 2062 718 sunt
2090 678 2257 717 mem-

682 758 811 821 bra;
840 770 1003 828 usque
1030 756 1164 810 adeo
1191 770 1297 809 nou
1340 755 1479 809 mole
1501 763 1709 808 constat
1732 753 1871 824 quod
1898 753 1950 807 in
1990 754 2255 824 qualitati-

680 846 781 901 bus
809 860 1056 915 magnum
1085 843 1275 898 dicitur
1316 858 1435 898 esse
1472 843 1555 897 vel
1587 858 1824 914 parvum.
1875 842 2253 897 Verumtamen

679 936 724 989 si
753 935 920 989 moles
950 934 1060 1002 ipsa
1103 932 1363 1001 corporis,
1395 942 1818 1003 quantacumque
1845 933 1926 987 vel
1970 932 2252 1003 quantula-

678 1039 903 1096 cumque
926 1024 1014 1087 sit,
1039 1024 1252 1097 penitus
1270 1022 1561 1088 auferatur,
1584 1023 1864 1094 qualitates
1882 1024 1999 1093 ejus
2025 1040 2129 1079 non
2151 1024 2253 1080 erit

677 1117 763 1171 ubi
794 1117 921 1179 sint,
951 1117 1192 1185 quamvis
1229 1131 1335 1171 non
1370 1116 1509 1170 mole
1548 1115 1827 1171 metienda:
1864 1116 1988 1170 sint.
2014 1116 2084 1170 At
2122 1130 2251 1171 vero

676 1207 816 1262 Deus
844 1222 972 1270 non,
1018 1206 1062 1260 si
1093 1206 1269 1261 minus
1310 1206 1515 1275 capitur
1539 1205 1605 1260 ah
1634 1205 1724 1259 illo
1749 1206 1833 1259 cui
1864 1220 2099 1275 praesens
2122 1215 2245 1273 est,

674 1299 794 1353 ideo
818 1300 930 1370 ipse
956 1298 1132 1353 minor
1166 1307 1269 1353 est.
1298 1295 1463 1352 Totus
1486 1297 1626 1351 enim
1660 1296 1715 1351 in
1739 1298 1917 1366 seipso
1942 1305 2042 1363 est,
2071 1311 2169 1350 nec
2195 1297 2247 1351 in

672 1391 865 1460 quibus
889 1398 989 1454 est.
1022 1389 1093 1443 ita
1113 1398 1194 1443 est
1217 1399 1273 1442 ut
1296 1388 1529 1459 indigeat
1553 1387 1648 1450 eis,
1674 1394 1922 1457 tanquam
1950 1400 2056 1440 non
2082 1386 2248 1456 possit

671 1496 790 1536 esse
818 1480 919 1534 nisi
948 1481 999 1534 in
1029 1481 1127 1535 eis.
1158 1479 1309 1535 Sicut
1333 1488 1507 1533 autem
1534 1493 1633 1533 nec
1658 1477 1723 1532 ab
1748 1478 1839 1532 illo
1864 1478 2032 1541 abest,
2064 1478 2115 1530 in
2143 1491 2247 1547 quo

672 1589 775 1627 non
805 1571 1024 1636 habitat,
1051 1580 1105 1626 et
1130 1579 1271 1626 totus
1295 1570 1463 1633 adest,
1495 1569 1732 1639 quamvis
1759 1582 1880 1622 eum
1906 1567 1995 1621 ille
2024 1582 2128 1621 non
2154 1566 2247 1621 ha-

672 1666 831 1729 beat;
864 1666 935 1719 ita
975 1674 1028 1718 et
1073 1664 1147 1717 illi
1190 1662 1245 1717 in
1271 1678 1376 1733 quo
1423 1660 1643 1726 habitat,
1676 1668 1817 1715 totus
1843 1668 1926 1714 est
1964 1673 2196 1728 praesens
2225 1700 2241 1725 ,

669 1755 910 1824 quamvis
934 1770 1055 1809 eum
1086 1769 1190 1808 non
1215 1768 1279 1807 ex
1309 1760 1421 1807 toto
1445 1752 1637 1822 capiat.

742 1844 829 1899 l9.
877 1843 1057 1912 Neque
1092 1845 1233 1899 enim
1262 1842 1327 1896 ad
1357 1841 1695 1896 habitandum
1730 1840 1915 1895 dividit
1939 1855 1997 1895 se
2024 1856 2120 1912 per
2147 1839 2242 1895 ho-

670 1935 869 1998 minum
914 1933 1072 1989 corda
1116 1948 1209 1989 seu
1254 1947 1509 2002 corpora,
1558 1931 1713 1985 aliam
1755 1931 1835 1985 sui
1881 1940 2081 2001 partem
2122 1930 2243 1986 huic

672 2027 925 2104 tribuens,
973 2026 1045 2080 illi
1075 2026 1253 2090 aliam,
1293 2024 1431 2079 sicut
1470 2024 1559 2079 lux
1588 2024 1688 2078 ista
1730 2039 1826 2094 per
1850 2023 2025 2079 aditus
2063 2033 2118 2079 et
2147 2039 2241 2093 per

668 2117 925 2174 fenestras
947 2116 1228 2173 domorum
1262 2132 1276 2169 :
1307 2114 1399 2170 sed
1428 2114 1619 2184 potius,
1648 2114 1694 2169 si
1714 2114 1999 2185 quemlibet
2024 2129 2233 2179 sonum,

666 2222 787 2261 cum
813 2222 1063 2277 corporea
1088 2221 1172 2261 res
1198 2206 1267 2260 sit
1292 2219 1356 2261 ac
1384 2205 1703 2271 transitoria,
1729 2204 1919 2259 surdus
1940 2220 2045 2259 non
2072 2204 2235 2274 capit,

667 2299 936 2354 surdaster
966 2312 1071 2352 non
1116 2306 1282 2351 totum
1325 2297 1483 2365 capit,
1524 2304 1680 2364 atque
1710 2296 1762 2349 in
1790 2294 1875 2349 his
1903 2296 1991 2365 qui
2019 2295 2239 2351 audiunt

664 2406 783 2445 cum
830 2390 1027 2459 pariter
1066 2390 1115 2443 ei
1160 2389 1529 2458 propinquant,
1580 2396 1722 2443 tanto
1762 2388 1929 2457 magis
1970 2387 2105 2443 alius
2133 2390 2236 2444 alio

665 2480 823 2549 capit,
853 2488 1048 2549 quanto
1070 2486 1151 2534 est
1171 2478 1441 2543 acutioris,
1465 2486 1610 2532 tanto
1629 2486 1805 2533 autem
1821 2479 2013 2543 minus,
2036 2488 2235 2548 quanto

663 2582 745 2625 est
781 2571 1063 2625 obtusioris
1105 2569 1331 2634 auditus,
1362 2584 1482 2623 cum
1509 2569 1598 2623 ille
1628 2584 1731 2624 non
1761 2570 1903 2624 varie
1940 2571 2104 2640 magis
2130 2572 2232 2625 mi-

662 2676 827 2715 nusve
860 2660 1084 2727 insonet,
1132 2659 1226 2714 sed
1269 2660 1321 2714 in
1368 2675 1433 2714 eo
1459 2660 1575 2715 loco
1602 2661 1652 2714 in
1684 2675 1786 2730 quo
1815 2668 1955 2725 sunt,
1987 2662 2233 2717 omnibus

660 2752 931 2822 aequaliter
951 2760 1141 2820 priesto
1168 2752 1269 2816 sit;
1296 2761 1491 2821 quanto
1509 2752 1854 2808 excellentius
1882 2753 2019 2808 Deus
2045 2762 2230 2809 natura

658 2843 967 2913 incorporea
992 2850 1047 2896 et
1072 2842 1468 2897 immutabiliter
1494 2843 1630 2906 viva,
1657 2846 1745 2913 qui
1776 2859 1881 2898 non
1906 2844 2042 2898 sicut
2068 2859 2227 2899 sonus

659 2948 755 3003 per
779 2949 954 2988 moras
976 2941 1270 3003 temporum
1297 2932 1435 2987 tendi
1459 2942 1511 2987 et
1531 2932 1691 2987 dividi
1714 2943 1908 3003 potest,
1938 2949 2036 2989 nec
2056 2935 2227 3005 Spatio

656 3022 800 3077 serio
828 3034 1072 3092 tanquam
1102 3022 1217 3076 loco
1243 3037 1341 3077 suo
1363 3020 1578 3092 indiget,
1607 3021 1695 3076 ubi
1720 3022 2067 3092 praesentibus
2096 3040 2228 3094 prae-

656 3126 740 3168 sto
764 3116 853 3181 sit,
880 3115 972 3170 sed
1002 3127 1198 3171 aeterna
1227 3115 1511 3171 stabilitate
1539 3116 1591 3169 in
1619 3116 1794 3187 seipso
1819 3132 2056 3182 manens,
2088 3128 2227 3174 totus

656 3204 841 3260 adesse
864 3206 1020 3260 rebus
1044 3207 1286 3262 omnibus
1315 3215 1507 3275 potest,
1536 3215 1591 3262 et
1613 3208 1831 3277 singulis
1852 3217 2012 3274 totus,
2036 3224 2223 3279 quam-

654 3298 736 3351 vis
761 3297 812 3349 in
842 3296 1031 3366 quibus
1060 3298 1278 3362 habitat,
1313 3298 1537 3353 habeant
1562 3314 1681 3353 eum
1711 3315 1804 3369 pro
1830 3316 1937 3355 suae
1962 3303 2225 3371 capacita-

656 3386 722 3441 tis
752 3386 1077 3452 diversitate,
1106 3386 1195 3440 alii
1220 3387 1465 3456 amplius,
1491 3387 1579 3441 alii
1601 3389 1790 3453 minus,
1824 3404 1957 3459 quos
1985 3392 2098 3460 ipse
2119 3392 2222 3449 sibi

653 3476 1053 3533 dilectissimum
1104 3479 1355 3549 templum
1398 3479 1562 3549 gratia
1611 3495 1719 3534 sua:
1760 3479 2009 3537 bonitatis
2050 3484 2220 3539 (ediﬁ-

653 3570 805 3626 ﬁcatl

720 3661 809 3716 ΞΟ.
851 3661 919 3716 Ει
959 3662 1300 3717 donationum
1328 3663 1541 3734 quidem
1581 3664 1737 3720 dictae
1775 3675 1897 3722 sunt
1936 3668 2221 3726 divisiones

652 3761 898 3822 tanquam
926 3767 1019 3821 per
1043 3762 1217 3821 partes
1236 3762 1289 3807 et
1317 3752 1553 3808 membra
1580 3754 1732 3810 unius
1767 3758 2023 3825 corporis,
2057 3759 2144 3814 ubi
2169 3770 2221 3816 et

648 3842 807 3897 simul
831 3857 1019 3898 omnes
1038 3858 1197 3897 unum
1225 3845 1498 3915 templum,
1522 3855 1574 3901 et
1590 3846 1780 3917 singuli
1805 3849 2008 3920 singula
2027 3853 2217 3923 templa

646 3947 863 3997 smnus;
896 3934 1016 4004 quia
1046 3949 1152 3988 non
1182 3944 1263 3989 est
1301 3935 1439 3991 Deus
1466 3937 1516 3990 iu
1547 3939 1791 3994 omnibus
1839 3956 1994 4010 quam
2023 3942 2075 3997 in
2103 3944 2216 3998 sin-

644 4025 779 4094 gulis
822 4024 1033 4093 major:
1063 4034 1118 4080 et
1156 4025 1213 4080 ﬁt
1238 4026 1548 4097 plerumque
1593 4038 1649 4084 ut
1674 4031 1851 4099 plures
1879 4049 1999 4088 eum
2044 4035 2216 4092 minus

642 4119 871 4189 Capialtt,
914 4137 1049 4177 unus
1076 4124 1321 4195 amplius.
1351 4125 1454 4181 Sed
1482 4141 1602 4182 eum
1644 4127 1867 4185 dixisset
1891 4133 2174 4200 Apostolus
2196 4174 2211 4199 ,

642 4214 925 4270 Divisiones
965 4226 1132 4271 autem
1157 4217 1482 4272 donationum
1509 4230 1624 4274 sunt
1640 4238 1660 4286 ;
1685 4223 1935 4277 continuo
1964 4222 2206 4293 subjecit,

642 4302 788 4358 Idem
810 4316 975 4360 autem
1002 4306 1227 4377 Spiritus
1254 4325 1272 4362 :
1298 4310 1422 4365 item
1453 4326 1572 4380 cum
1597 4312 1737 4381 ipsas
1761 4313 2102 4369 donationum
2125 4316 2210 4370 di-

643 4396 870 4452 visiones
894 4410 1392 4465 commemorasset;
1430 4402 1802 4460 Omnia‘autcm
1832 4407 1957 4473 hate,
2004 4408 2206 4479 inquit,

638 4496 877 4557 operatur
900 4506 1029 4543 unus
1072 4500 1218 4561 atque
1259 4493 1391 4546 idem
1436 4494 1683 4564 Spiritus,
1729 4498 1951 4552 dividens
2003 4506 2209 4573 propria

636 4579 900 4650 unicuique
924 4590 1073 4650 prout
1092 4582 1196 4635 vult
1222 4580 1275 4654 (l
1293 4580 1408 4637 Cor.
1435 4600 1529 4649 xu,
1555 4586 1610 4651 4,
1641 4585 1750 4658 ll).
1790 4588 2035 4645 Dividens
2058 4608 2205 4663 ergo,

636 4685 741 4726 non
786 4671 898 4742 ipse
938 4671 1160 4740 divisus,
1204 4674 1325 4744 quia
1372 4675 1484 4746 ipse
1512 4693 1647 4733 unus
1694 4688 1853 4750 atque
1892 4681 2051 4738 idem.
2100 4685 2207 4742 Illae

637 4778 761 4820 vero
786 4764 1072 4822 divisiones
1091 4766 1245 4822 dictze
1272 4777 1416 4835 sunt,
1455 4770 1591 4825 sicut
1617 4773 1973 4829 membrorum
2004 4778 2055 4832 in
2084 4792 2205 4833 cor-

634 4870 801 4924 pore;
829 4859 952 4927 quia
983 4874 1087 4912 non
1126 4858 1265 4913 idem
1294 4860 1471 4915 valent
1502 4876 1660 4918 aures
1685 4864 1826 4934 quod
1855 4866 2014 4933 oculi,
2046 4877 2205 4938 atque

634 4948 705 4999 ita
737 4948 973 5003 membra
1000 4958 1191 5005 cretera
1217 4950 1440 5007 diversis
1458 4952 1643 5007 ofﬁciis
1665 4955 2001 5011 concorditer
2024 4955 2206 5012 distri-

635 5035 759 5089 huta
790 5053 804 5090 :
830 5052 949 5107 quae
988 5048 1161 5095 tamen
1203 5054 1324 5095 cum
1353 5041 1468 5097 sani
1508 5056 1715 5109 sumus,
1758 5059 1880 5109 una,
1920 5060 2091 5118 neque
2118 5048 2201 5103 di-

635 5143 805 5194 versa.
832 5146 933 5186 nec
973 5133 1094 5188 alibi
1124 5135 1344 5205 majore,
1385 5136 1510 5191 alibi
1554 5138 1778 5204 minore,
1810 5140 1904 5195 sed
1933 5155 2052 5196 cum
2098 5144 2205 5198 sint

633 5224 745 5292 ipsa
786 5222 1037 5294 disparia,
1082 5228 1351 5284 communi
1393 5237 1448 5284 et
1477 5229 1625 5299 parili
1653 5232 1822 5285 salute
1849 5232 2198 5303 congaudent.

632 5315 798 5385 llujus
840 5318 1082 5387 corporis
1128 5330 1285 5388 caput
1324 5331 1406 5377 est
1447 5320 1711 5389 Christus,
1765 5322 1921 5393 hujus
1964 5327 2201 5397 corporis

629 5408 803 5464 unitas
827 5417 1012 5465 nostro
1051 5412 1311 5468 sacriﬁcio
1333 5413 1931 5484 commendatur:un
1972 5416 2204 5474 breviter

628 5499 945 5569 signiﬁcavit
969 5501 1275 5570 Apostolus,
1306 5503 1511 5566 dicens.
1545 5503 1687 5561 Unus
1711 5505 1878 5576 panis,
1906 5523 2061 5561 unum
2086 5524 2200 5563 cor-

627 5605 723 5657 pus
750 5590 895 5644 multi
938 5608 1111 5645 sumus
1156 5590 1207 5663 (l
1236 5592 1352 5648 Cor.
1402 5610 1456 5661 x,
1491 5597 1555 5651 l7
1576 5598 1614 5666 ).
1646 5596 1751 5651 Per
1777 5607 1932 5665 caput
1962 5607 2199 5653 nostrum

628 5681 1034 5737 reconciliamur
1058 5683 1188 5748 Deo,
1216 5686 1337 5756 quia
1368 5686 1418 5741 in
1449 5686 1539 5741 illo
1563 5696 1645 5742 est
1664 5687 1910 5742 divinitas
1939 5687 2199 5759 Unigeniti

629 5766 765 5823 facta
789 5771 1051 5845 particeps
1077 5777 1409 5836 mortalitatis
1443 5788 1657 5850 nostrae,
1686 5789 1742 5838 ut
1779 5789 1833 5838 et
1855 5797 1953 5840 nos
1980 5781 2198 5856 partici-

1149 5913 1159 5921 -
1200 5913 1207 5925 ι
1240 5908 1319 5944 ηεέ

1152 5928 1265 5944 'f'ﬁ‘ws.

1152 5928 1265 5945 '5'“-..

1899 366 1956 422 S.
1996 363 2225 421 AUGUS‘

2333 365 2353 420 τ
2392 368 2696 430 EPlSCOPl
3761 392 3840 453 ιω

2362 495 2459 550 pes
2487 483 2600 553 ejus
2624 486 3034 552 immortalitatis
3051 508 3305 553 essemus.

2430 573 2518 628 9.1.
2560 576 2672 633 lloc
2687 594 3076 639 sata-amentum
3100 585 3255 657 longe
3278 595 3361 643 est
3377 609 3408 649 a
3435 590 3665 650 cordibus
3679 612 3840 669 sapien-

2362 662 2492 762 tium
2520 668 2890 739 superborum,
2919 684 2974 729 et
2997 676 3116 730 ideo
3139 694 3244 732 non
3270 680 3670 752 christianorum,
3705 662 3757 747 se
3774 709 3845 762 ρει»

2359 750 2459 808 hoc
2486 770 2586 811 nec
2609 773 2734 815 vere
2759 763 3093 831 sapientium.
3126 765 3332 821 Illorum
3357 771 3509 824 etiam
3545 750 3663 831 dico
3683 750 3844 838 saniem

2358 847 2486 902 tium
2515 851 2603 919 qui
2624 864 2983 921 cognoverunt
3006 854 3202 921 Deum;
3229 862 3347 931 quia
3362 879 3683 933 cognoscentes
3704 841 3841 942 Deum,

2353 939 2490 996 sicut
2516 941 2643 998 dicit
2670 945 2973 1015 Apostolus,
3013 965 3114 1003 non
3141 950 3268 1005 sicut
3298 950 3456 1009 Deum
3478 939 3843 1031 gloriﬁcaverunt,

2352 1041 2442 1086 aut
2480 1036 2668 1104 gratias
2695 1046 2899 1107 egerunt
2926 1037 3100 1111 (Rom.
3132 1057 3170 1107 ι,
3201 1042 3316 1115 2|).
3360 1044 3506 1102 Nosti
3529 1059 3684 1104 autem
3710 1055 3749 1106 in
3774 1073 3845 1123 qua
3940 1036 3941 1089 Ῑ

2353 1124 2613 1179 sacriﬁcio
2631 1126 2853 1192 dicatur,
2880 1128 3091 1186 Gratias
3109 1148 3325 1203 agamus
3348 1136 3562 1193 Domino
3580 1141 3675 1196 Deo
3694 1156 3845 1199 nostro.
3940 1176 3941 1215 1

2352 1216 2393 1267 Α
2425 1215 2575 1285 cujus
2624 1220 2867 1275 sacriﬁcii
2916 1220 3211 1280 humilitate
3254 1226 3407 1297 longe
3450 1228 3590 1284 abest
3618 1233 3791 1301 typhus.
3811 1248 3848 1290 et

2350 1306 2639 1364 cothurnus
2668 1311 2896 1367 illorum.
2939 1315 3004 1369 Et
3043 1315 3163 1372 ideo
3190 1319 3411 1373 multum
3444 1323 3679 1378 mirabilis
3702 1342 3772 1382 res
3792 1341 3847 1383 est

2349 1400 2790 1467 quemadmodum
2817 1406 3164 1473 quorumdam
3211 1410 3443 1465 nondum
3487 1420 3844 1483 cognoscentium
3940 1424 3941 1489 ξ

2351 1489 2513 1543 Deum
2534 1492 2604 1545 sit
2625 1492 2946 1549 inhabitator
2969 1496 3127 1559 Deus.
3150 1507 3203 1552 et
3222 1502 3563 1569 quorumdam
3582 1520 3843 1574 cognoscen-

2349 1580 2475 1634 tium
2500 1597 2605 1636 non
2630 1585 2716 1637 sit.
2748 1584 2854 1639 Nec
2878 1585 2947 1639 illi
2976 1588 3117 1641 enim
3146 1589 3212 1642 ad
3243 1591 3489 1659 templum
3513 1593 3597 1647 Dei
3619 1597 3840 1664 pertinent,

2346 1674 2434 1741 qui
2460 1683 2838 1743 cognoscentes
2870 1676 3052 1742 Deum,
3085 1695 3191 1733 non
3218 1681 3355 1735 sicut
3381 1683 3538 1736 Demn
3576 1685 3843 1754 gluriﬁcave-

2345 1774 2490 1830 runt,
2529 1773 2620 1819 aut
2646 1767 2840 1835 gratias
2866 1779 3123 1838 egerunt;
3155 1779 3209 1824 et
3233 1771 3299 1825 ad
3341 1773 3587 1841 templum
3620 1776 3701 1831 Dei
3724 1780 3845 1845 perti-

2345 1863 2473 1907 nent
2501 1855 2702 1923 parvuli
2729 1858 3040 1914 sanetiticati
3066 1859 3412 1917 Sacramento
3434 1862 3639 1931 Christi,
3680 1882 3845 1936 metie-

2344 1946 2442 1999 rati
2471 1945 2666 2017 Spiritu
2707 1960 2911 2017 saneto,
2958 1951 3047 2021 qui
3094 1965 3241 2008 certe
3285 1970 3383 2024 per
3424 1965 3621 2012 aetatem
3663 1960 3843 2016 nondum

2344 2047 2566 2107 possunt
2593 2053 2912 2110 cognoscere
2941 2041 3106 2097 Deum
3132 2061 3145 2097 :
3176 2045 3317 2101 unde
3342 2062 3495 2117 quem
3525 2060 3769 2118 potuerunt
3792 2053 3845 2107 illi

2343 2142 2500 2184 nosse
2547 2146 2645 2184 nec
2681 2130 2894 2197 habere,
2942 2133 3026 2188 isti
3071 2144 3355 2203 potuerunt
3394 2136 3584 2193 habere
3620 2151 3843 2211 antequam

2341 2234 2517 2275 nosse.
2566 2220 2861 2277 Beatissimi
2904 2232 3078 2278 autem
3104 2234 3247 2291 sunt,
3274 2226 3463 2296 quibus
3487 2228 3584 2284 hoc
3609 2241 3681 2284 est
3720 2231 3840 2286 Deum

2342 2309 2549 2383 habere,
2576 2311 2718 2382 quod
2745 2327 2903 2369 nosse
2934 2331 2949 2369 :
2980 2314 3093 2385 ipsa
3117 2317 3314 2386 quippe
3354 2317 3531 2373 notitia
3558 2320 3839 2391 plenissima,

2341 2403 2633 2469 verissima,
2665 2402 2965 2459 felicissima
2994 2414 3096 2460 cst.

2406 2491 2631 2549 CAPUT
2673 2493 2779 2548 νη.
2808 2524 2877 2534 -
2901 2495 2993 2549 22.
3040 2496 3171 2551 llinc
3199 2497 3312 2565 jam
3338 2510 3542 2569 oportet
3564 2502 3706 2557 etiam
3736 2502 3838 2557 illam

2336 2598 2491 2653 quam
2519 2593 2637 2655 post
2657 2586 2894 2655 epistolas
2917 2598 3018 2642 tua:
3034 2588 3475 2659 subscriptionem
3498 2591 3736 2659 addidisti,
3758 2609 3838 2664 per-

2337 2685 2563 2733 tractare
2581 2679 2927 2747 quaestionem
2951 2697 2964 2734 :
2989 2679 3051 2735 Si
3068 2680 3234 2735 adhuc
3247 2681 3480 2753 ignorant
3501 2684 3682 2753 parvuli
3695 2682 3834 2749 Deum,

2333 2771 2579 2839 quomodo
2602 2769 2826 2827 Joannes
2849 2774 3001 2827 etiam
3016 2785 3282 2845 antequam
3302 2785 3598 2841 nasceretur,
3622 2778 3681 2831 ad
3695 2778 3833 2831 adsere

2333 2869 2436 2914 tum
2464 2869 2511 2914 et
2537 2865 2852 2931 praesentiam
2878 2866 3051 2919 matris
3081 2864 3308 2931 Domini,
3345 2869 3399 2921 in
3423 2883 3528 2923 suae
3565 2868 3718 2922 matris
3733 2877 3833 2922 tum

2332 2954 2491 3022 potuit
2513 2955 2780 3010 exsultare.
2810 2955 2942 3012 Cum
2963 2958 3103 3013 enim
3129 2973 3601 3016 commemorasses
3622 2970 3667 3015 te
3691 2960 3833 3029 legisse

2329 3041 2520 3098 librum
2556 3060 2730 3100 meum
2755 3046 2822 3102 de
2863 3047 3131 3118 Baptismo
3158 3049 3522 3116 Parvulorum,
3550 3049 3761 3106 addidisti
3794 3058 3834 3105 et

2328 3132 2448 3187 aisti
2480 3150 2493 3187 :
2526 3132 2603 3188 De
2630 3137 2997 3207 praegnantibus
3035 3139 3158 3209 quid
3184 3141 3375 3195 sentias
3413 3152 3527 3211 opto
3560 3155 3829 3211 cognoscere,

2327 3239 2442 3276 cum
2465 3224 2773 3279 credulitatis
2801 3225 2953 3295 ﬁdem
2989 3243 3081 3297 pro
3105 3244 3263 3299 puero
3296 3240 3456 3285 mater
3477 3229 3674 3285 Joannis
3698 3228 3831 3298 Bapti-

2326 3323 2416 3368 sta:
2442 3316 2771 3384 responderit.

2394 3407 2483 3463 25.
2516 3407 2640 3463 llaec
2655 3418 2777 3463 sunt
2798 3419 2943 3465 certe
2962 3410 3121 3467 verba
3138 3411 3413 3470 Elizabeth
3439 3415 3614 3471 matris
3626 3411 3825 3470 Joannis:

2323 3496 2480 3552 Beata
2518 3508 2573 3552 tu
2596 3499 2726 3555 inter
2768 3502 3017 3569 mulieres,
3063 3512 3109 3556 et
3138 3503 3311 3559 beatus
3350 3509 3538 3577 {ructus
3562 3505 3718 3560 ventris
3739 3502 3823 3556 tui:

2323 3585 2392 3642 Et
2414 3589 2550 3643 unde
2574 3590 2668 3644 hoc
2699 3592 2840 3657 mihi,
2873 3602 2927 3645 ut
2954 3594 3114 3647 veniru
3149 3604 3310 3650 mater
3335 3596 3538 3652 Domini
3559 3598 3647 3651 mei
3670 3597 3723 3649 ad
3742 3593 3824 3648 me!

2325 3678 2454 3736 Ecce
2495 3682 2625 3736 enim
2652 3691 2707 3736 ut
2739 3683 2874 3753 facta
2897 3693 2970 3738 est
3004 3701 3100 3740 vos:
3121 3689 3438 3743 salutationis
3480 3699 3574 3744 tute
3594 3690 3642 3743 in
3670 3686 3823 3741 auribus

2321 3773 2463 3839 meis,
2494 3775 2759 3830 exsultavit
2780 3777 2833 3830 in
2857 3778 3040 3848 gaudio
3064 3778 3236 3850 infans
3277 3781 3333 3835 in
3373 3791 3509 3835 utero
3529 3796 3628 3835 meo
3649 3778 3773 3853 (Luc.
3792 3790 3819 3841 l.

2319 3864 2537 3938 42-44).
2573 3867 2685 3924 Hoc
2710 3877 2883 3924 autem
2907 3879 2963 3924 ut
2989 3870 3209 3937 diceret,
3233 3872 3372 3927 sicut
3396 3873 3699 3942 Evangelista
3721 3883 3818 3938 prs-

2318 3955 2524 4011 loeutus
2551 3968 2653 4026 est,
2677 3961 2873 4030 repleta
2901 3972 2982 4017 est
2996 3960 3191 4031 Spiritu
3207 3974 3417 4030 sancto,
3443 3979 3545 4035 quo
3572 3960 3726 4034 procul
3745 3959 3818 4013 du-

2317 4046 2407 4101 bio
2433 4051 2697 4106 revelante
2726 4053 2970 4121 cognovit
2992 4052 3118 4123 quid
3144 4054 3231 4108 illa
3258 4055 3536 4111 exsultatio
3565 4052 3818 4122 signiﬁcaret

2316 4139 2528 4195 infantis
2552 4158 2566 4202 ;
2598 4142 2649 4197 id
2674 4152 2774 4208 est,
2804 4144 2944 4198 illius
2966 4147 3172 4200 venisse
3202 4156 3448 4213 matrem,
3478 4148 3616 4218 cujus
3634 4156 3815 4217 praeur-

2314 4244 2405 4286 sor
2446 4231 2558 4300 ipse
2584 4240 2637 4286 et
2672 4232 3059 4288 demonstrator
3088 4244 3229 4291 esset
3268 4236 3491 4293 futurus.
3538 4237 3690 4292 Potuit
3722 4246 3815 4301 ergo

2314 4336 2433 4377 esse
2460 4322 2556 4377 ista
2582 4323 2892 4394 signiﬁcatio
2918 4327 2995 4381 rei
3017 4334 3175 4382 tantae
3193 4344 3224 4381 a
3246 4330 3530 4399 majoribus
3547 4340 3810 4398 cognmen-

2313 4414 2415 4480 daa,
2448 4429 2553 4469 non
2594 4429 2624 4468 a
2656 4416 2871 4484 parvulo
2911 4419 3156 4484 cognitae.
3211 4418 3343 4473 Nam
3395 4434 3578 4489 neque.
3619 4413 3809 4472 cumhoc

2312 4514 2435 4558 ante
2478 4504 2529 4558 in
2576 4504 2857 4574 Evangelia
2901 4516 3221 4571 narraretur,
3269 4509 3464 4564 dictum
3510 4518 3602 4571 est.
3628 4502 3809 4561 Credidit

2311 4594 2483 4649 infans
2506 4595 2558 4649 in
2580 4604 2728 4650 utero
2751 4595 2903 4665 ejus;
2931 4597 3045 4663 sed,
3062 4600 3326 4653 exsultavit
3350 4616 3369 4654 :
3388 4614 3554 4669 neque
3573 4599 3671 4667 ipsa
3691 4593 3805 4652 dixit.

2310 4685 2596 4741 Exsultavit
2625 4687 2675 4741 in
2704 4687 2807 4743 lide
2836 4686 3008 4744 infans
3028 4689 3078 4743 in
3110 4699 3260 4744 utero
3290 4705 3445 4754 meo;
3473 4688 3578 4751 sed.
3602 4679 3808 4741 exsultavit

2309 4778 2362 4833 in
2389 4779 2592 4849 gaudio.
2625 4777 2879 4835 Videmus
2914 4790 3090 4835 autem
3119 4782 3517 4836 exsultationem
3553 4793 3645 4834 non
3677 4771 3804 4829 solum

2311 4869 2664 4940 parvulorum,
2696 4869 2790 4925 sed
2810 4872 2966 4925 etiam
2999 4885 3271 4940 pecorum,
3294 4887 3398 4926 non
3415 4871 3581 4940 utique
3599 4867 3658 4921 de
3673 4863 3803 4929 aliqua

2308 4960 2431 5027 ﬁde,
2464 4960 2549 5017 vel
2591 4961 2862 5031 religione,
2894 4962 2977 5016 vel
3013 4962 3379 5033 qualicumque
3420 4958 3641 5016 rationali
3663 4949 3803 5020 cogni-

2309 5050 2452 5107 tione
2493 5051 2811 5107 venientem.
2864 5050 2970 5106 Sed
3013 5050 3129 5106 htec
3171 5053 3325 5122 plane
3365 5050 3600 5107 inusitata
3633 5054 3677 5099 et
3697 5051 3799 5096 nova

2306 5140 2531 5207 exstitit,
2560 5141 2681 5211 quia
2706 5141 2759 5196 in
2790 5151 2958 5206 utero,
2988 5153 3041 5197 et
3083 5143 3149 5197 ad
3187 5144 3302 5211 ejus
3327 5142 3594 5197 adventum
3614 5149 3710 5206 qua
3730 5129 3797 5183 110'

2307 5231 2505 5287 minum
2549 5229 2873 5287 Salvatorem
2901 5230 3068 5286 fuerat
3113 5233 3364 5302 paritura.
3410 5230 3525 5285 ldeo
3551 5227 3683 5303 mira.
3708 5218 3796 5274 ἰάθο

2306 5324 2358 5378 in
2387 5324 2589 5393 magnis
2628 5323 2791 5393 signis
2825 5323 3123 5392 deputanda
3153 5341 3167 5378 :
3200 5323 3316 5378 ideo
3345 5322 3455 5375 bzec
3476 5313 3732 5374 exsultatio,
3757 5313 3796 5357 ει

2304 5426 2550 5486 tauquam
2568 5415 2718 5470 matri
2745 5415 2948 5470 Domini
2965 5415 3166 5470 reddita
3187 5412 3501 5476 resalutatio,
3528 5410 3648 5463 sicut
3664 5399 3793 5455 solent

2304 5506 2555 5563 miracula
2582 5505 2715 5567 ﬁeri.
2745 5505 2876 5560 facta
2902 5514 2983 5561 est
3024 5505 3271 5561 divinitus
3296 5505 3348 5559 in
3372 5500 3576 5564 infante,
3601 5507 3690 5549 non
3714 5487 3787 5541 Ιιυ·

2304 5596 2534 5655 manitus
2558 5597 2625 5651 ab
2654 5596 2868 5651 infante.
3586 5608 3593 5613 '

2374 5690 2464 5745 24.
2504 5688 2811 5760 Quanquam
2830 5690 3037 5745 etiamsi
3058 5703 3223 5761 usque
3246 5686 3374 5742 adeo
3401 5683 3540 5740 estin
3561 5677 3640 5733 illo
3662 5679 3788 5735 FW"

2307 5782 2633 5840 acceleratus
2674 5795 2801 5837 usus
2838 5780 3058 5869 rationis
3096 5760 3150 5839 et
3174 5777 3466 5867 voluntatis,
3495 5782 3545 5831 ut
3585 5760 3787 5869 intrii?
