3990 6378
187 402 272 462 ιιι
1335 397 1812 465 εριετοωιιιιιιι
1847 404 2126 468 CLASSIS
2166 411 2248 469 Ill.

186 530 312 574 saera
340 521 569 570 materna
596 515 704 584 jam
735 523 918 584 posset
957 531 1263 587 agnoscere,
1311 518 1550 586 credere,
1599 534 1730 576 con-

187 609 382 671 sentire,
429 606 567 674 quod
612 606 663 660 in
694 607 811 663 aliis
858 610 1086 678 parvulis
1131 620 1260 663 :etas
1297 621 1637 680 exspectatur
1679 621 1736 668 ut

182 697 399 769 possint;
439 695 598 750 etiam
631 697 731 751 hoc
773 698 825 752 in
869 697 1139 755 miraculis
1189 700 1485 756 habendum
1537 701 1734 757 divinte

179 787 420 861 potentiae,
467 801 573 842 non
617 785 682 841 ad
728 787 970 843 lmmaua:
1000 789 1313 844 trahendum
1351 801 1430 846 est
1462 792 1732 861 exemplar

182 890 374 936 natunr.
422 877 552 932 Nam
581 878 794 948 quando
824 879 962 934 Deus
1006 880 1192 943 voluit,
1239 882 1397 936 etiam
1434 883 1730 949 jumentnm

184 981 354 1027 mutum
396 971 782 1025 ratioaabiliter
805 983 884 1025 est
931 974 1160 1027 loculum
1194 973 1384 1046 (Nam.
1425 992 1553 1042 χιιι,
1583 977 1728 1046 28):

182 1077 262 1117 nec
296 1062 409 1116 ideo
449 1071 572 1130 sunt
601 1062 855 1118 admoniti
885 1063 1126 1120 homines
1169 1065 1222 1119 in
1263 1066 1730 1124 deliberationibus

183 1153 273 1208 suis
293 1153 442 1207 etiam
469 1153 672 1206 asinina
714 1165 1024 1224 exspectare
1061 1157 1302 1210 consilia.
1346 1157 1603 1225 Quocirca
1633 1174 1731 1215 nec

183 1245 294 1315 quod
325 1244 513 1299 factum
543 1255 624 1298 est
653 1244 703 1298 in
727 1244 931 1300 Joanne
959 1255 1262 1308 contemno,
1294 1262 1392 1303 nec
1418 1248 1538 1303 inde
1569 1264 1728 1318 regu-

183 1335 266 1389 lam
305 1332 422 1404 quid
452 1335 786 1388 sentiendum
817 1336 886 1388 sit
917 1335 986 1390 de
1014 1337 1244 1406 parvulis
1272 1340 1372 1407 ligo
1413 1355 1426 1390 :
1459 1338 1566 1392 imo
1597 1339 1646 1392 id
1674 1339 1728 1392 in

182 1425 258 1481 illo
282 1437 548 1497 propterea
584 1427 896 1483 mirabiliter
927 1429 1173 1499 pmdico,
1215 1430 1335 1499 quia
1383 1431 1433 1484 in
1474 1432 1592 1487 aliis
1621 1448 1726 1486 non

183 1518 383 1573 invenio.
433 1519 602 1574 liabet
645 1520 857 1590 quidem
901 1521 1098 1592 aliquid
1143 1522 1316 1577 simile
1341 1524 1498 1578 etiam
1543 1523 1630 1580 illa
1668 1525 1726 1580 iu

182 1608 404 1664 Rebecca:
425 1619 575 1664 utero
600 1610 734 1666 lucta
755 1614 1086 1681 geminorum
1110 1628 1125 1674 ;
1155 1627 1339 1666 verum
1360 1623 1412 1668 et
1435 1614 1534 1669 hoc
1561 1609 1735 1684 usque

179 1698 293 1753 adeo
328 1700 618 1770 prodigium
665 1700 781 1767 t'uit,
831 1711 887 1756 ut
930 1702 1163 1756 divinum
1211 1713 1488 1773 propterea
1533 1705 1728 1762 mulier

178 1789 419 1844 oraculum
447 1802 728 1859 qmereret,
770 1802 826 1847 et
851 1792 1058 1847 audiret
1085 1793 1292 1848 duobus
1321 1795 1422 1848 illis
1453 1794 1726 1852 infantulis

177 1878 292 1934 duos
320 1881 534 1949 populos
563 1881 722 1936 tuisse
752 1881 1002 1949 ﬂgumtos
1025 1881 1188 1953 (Gen.
1214 1901 1340 1951 xxv,
1371 1885 1460 1948 22,
1491 1885 1617 1956 25).

236 1968 312 2026 25.
349 1969 566 2026 Nescire
589 1982 765 2028 autem
794 1973 970 2028 divina
997 1976 1242 2043 parvulos
1263 1978 1349 2046 qui
1376 1993 1474 2032 nec
1495 1977 1724 2034 humana

175 2061 324 2118 adhuc
352 2065 612 2129 noverint,
659 2067 704 2120 si
733 2066 908 2121 verbis
935 2069 1158 2122 velimus
1200 2071 1501 2137 ostendere,
1539 2088 1728 2128 vereor

175 2169 234 2210 ne
257 2155 372 2225 ipsis
399 2158 642 2212 sensibus
687 2159 884 2214 nostris
912 2153 1085 2215 facere
1133 2160 1408 2216 videamur
1437 2163 1682 2232 injuriam
1706 2206 1722 2232 ,

173 2249 360 2318 quando
389 2249 436 2304 id
471 2249 732 2320 loquendo
773 2253 1077 2316 suademus,
1111 2254 1198 2307 ubi
1229 2271 1417 2309 omnes
1446 2256 1584 2309 vires
1610 2257 1727 2310 olli-

174 2339 397 2409 ciumque
419 2342 680 2396 sermonis
722 2343 971 2398 facillime
995 2353 1212 2413 supcrat
1235 2345 1499 2400 evidentia
1531 2347 1725 2401 verita-

175 2429 250 2484 tis.
277 2432 458 2485 Annon
490 2431 730 2486 videmus
757 2432 916 2487 etiam
947 2449 1067 2488 cum
1091 2435 1382 2490 articulatm
1410 2437 1554 2491 vocis
1601 2451 1729 2506 qna-

173 2520 445 2590 liacnmqne
488 2523 634 2593 signa
682 2523 841 2578 edere
884 2525 1166 2592 coeperim,
1211 2535 1370 2595 atque
1415 2526 1480 2581 ad
1522 2527 1726 2582 initium

173 2610 297 2666 fandi
325 2613 546 2668 transire
573 2614 641 2668 ab
666 2613 902 2675 infantia,
945 2614 1119 2670 adhuc
1144 2631 1236 2671 eos
1279 2617 1401 2670 talia
1434 2619 1636 2672 sentire
1665 2633 1729 2674 ac

173 2701 348 2765 dicere,
376 2703 428 2756 in
455 2703 648 2772 quibus
671 2704 714 2758 si
745 2705 1142 2767 remansissent,
1173 2706 1431 2775 annisque
1469 2708 1728 2762 acceden-

174 2791 297 2846 tibus
337 2795 464 2848 tales
505 2809 624 2848 esse
653 2795 1017 2862 persisteri-nt,
1049 2796 1224 2849 nullus
1265 2812 1376 2861 eos,
1428 2798 1510 2852 vel
1555 2796 1728 2854 fatuus

171 2881 392 2948 nimium,
438 2882 607 2938 fatuos
642 2898 762 2938 esse
790 2885 1093 2939 dubitaret?
1139 2884 1249 2941 Nisi
1280 2885 1414 2941 forte
1441 2887 1494 2941 id
1524 2897 1724 2954 restat,

173 2983 221 3028 ut
237 2975 288 3028 in
318 2976 488 3045 vagitu
514 2977 748 3031 infantia:
779 3017 795 3041 ,
827 2979 911 3032 vel
940 2978 990 3032 in
1019 2979 1135 3049 ipso
1159 2979 1332 3034 adhuc
1359 2981 1492 3034 uteri
1517 2981 1730 3038 silentio

171 3066 427 3122 credamus
449 3069 695 3137 parvulos
724 3068 886 3126 fuisse
901 3071 1187 3142 sapientes,
1202 3071 1394 3140 'postea
1421 3089 1548 3128 vero
1571 3091 1728 3145 quam

171 3159 424 3215 nobisequ
445 3173 721 3230 coeperunt
751 3163 910 3232 loqui,
940 3163 1008 3218 ad
1037 3165 1172 3219 hanc
1194 3166 1542 3235 ignorantiam
1567 3186 1724 3240 quam

170 3251 410 3313 videmus,
463 3253 751 3308 crescendo
805 3256 1040 3310 venisse.
1108 3256 1260 3324 Quod
1321 3259 1526 3328 opinari
1582 3261 1730 3319 vides

169 3359 311 3414 quam
340 3347 406 3400 sit
433 3345 741 3410 absurdum,
772 3362 890 3400 eum
921 3362 1201 3417 puerorum
1230 3363 1418 3406 sensus
1445 3351 1494 3404 in
1524 3353 1728 3421 qualia-

169 3448 380 3504 cumque
409 3438 568 3492 verba
601 3452 968 3506 prorumpens,
998 3439 1086 3508 qui
1114 3448 1259 3494 certe
1278 3441 1342 3494 ad
1369 3456 1432 3496 ea
1471 3459 1589 3512 qua:
1615 3459 1730 3498 ma-

167 3525 299 3595 jores
338 3529 546 3597 snpiunt
594 3545 727 3598 pene
753 3529 929 3584 nullus
956 3539 1060 3595 est,
1091 3539 1264 3586 tamen
1294 3545 1628 3604 comparatus
1657 3536 1731 3592 illi

170 3619 213 3673 in
237 3636 342 3690 quo
371 3631 675 3685 nascuntur,
706 3622 1048 3691 intelligentia
1076 3624 1179 3678 diei
1206 3634 1396 3694 potest.
1445 3626 1596 3682 Unde
1632 3645 1730 3684 au-

171 3716 262 3764 tem
292 3710 340 3765 in
371 3711 484 3779 ipso
527 3719 672 3766 tanto
713 3712 900 3766 salutis
930 3714 1194 3781 praesidio,
1227 3717 1436 3785 quando
1479 3719 1555 3770 eis
1585 3719 1730 3772 citri-

171 3802 324 3856 stiaua
343 3803 508 3872 gratia
531 3804 859 3868 subvenitur,
888 3803 1027 3873 quod
1051 3805 1267 3858 vocibus
1291 3807 1485 3875 quibus
1511 3817 1731 3878 possunt

170 3902 215 3947 et
257 3895 483 3948 motibus
529 3895 886 3960 reluctantur,
943 3911 1047 3949 non
1096 3895 1174 3950 eis
1213 3897 1528 3966 imputatur,
1574 3909 1732 3970 atque

170 3987 332 4042 otiinis
360 3988 568 4042 renisus
611 3988 843 4058 ipsorum
877 3987 1022 4041 nibili
1073 3987 1336 4057 peiulitnr,
1368 3989 1537 4042 donec
1565 3991 1616 4043 in
1655 3992 1733 4046 eis

172 4074 496 4132 Sacramenta
529 4087 864 4148 peraguntur,
910 4078 1099 4148 quilms
1138 4077 1188 4132 id
1215 4079 1354 4149 quod
1399 4080 1465 4134 de
1492 4081 1732 4149 originali

173 4166 493 4222 damnatione
536 4177 762 4222 tractum
807 4178 888 4223 est
933 4169 1196 4238 expietur,
1245 4171 1344 4224 nisi
1374 4171 1494 4240 quia
1527 4171 1577 4225 in
1619 4180 1734 4226 tan-

175 4269 272 4315 tum
299 4262 539 4315 nesciunt
564 4261 689 4331 quid
722 4261 936 4321 faciunt.
972 4268 1030 4315 nt
1059 4275 1157 4315 nec
1197 4261 1368 4316 facere
1390 4262 1732 4330 jndicentur?

177 4352 324 4408 Porro
347 4355 390 4408 si
417 4353 526 4423 jam
557 4365 833 4408 uterentur
859 4353 1074 4406 rationis
1104 4363 1157 4407 et
1181 4353 1465 4408 voluntatis
1490 4354 1729 4421 arbitrio,

178 4458 265 4513 quo
309 4445 383 4500 illi
435 4444 839 4500 sanetilicatioui
891 4445 1132 4500 adhiberi
1178 4445 1398 4502 deberet
1443 4461 1728 4514 assensus,

177 4546 408 4603 «(naulum
446 4537 567 4590 mali
606 4548 747 4592 esset
801 4538 1051 4592 resistere
1106 4547 1263 4592 tanta:
1287 4539 1504 4609 gratim,
1543 4555 1730 4608 qnam-

179 4644 263 4696 qne
290 4645 393 4685 non
421 4631 596 4686 stilum
630 4631 760 4685 nihil
805 4630 1080 4700 prodesset
1126 4633 1266 4702 quod
1325 4633 1508 4701 ﬁeret,
1548 4650 1732 4690 verum

179 4721 317 4774 etiam
347 4721 471 4776 inde
500 4730 678 4777 reatus
706 4711 1056 4788 adcresceret,
1085 4722 1202 4792 quis
1240 4723 1557 4779 christianns
1581 4725 1731 4796 igno-

181 4813 277 4866 ret?

241 4904 456 4960 CAPUT
497 4903 629 4958 Vill.
655 4922 745 4946 ⁸-
786 4904 876 4960 26.
921 4905 1150 4960 Dicimus
1191 4920 1318 4976 ergo
1363 4906 1414 4962 in
1459 4907 1734 4976 baptizatis

186 4996 403 5058 parvulis.
438 4997 681 5064 quamvis
707 4997 754 5049 id
779 4996 1037 5061 nesciant,
1068 4996 1306 5052 habitare
1326 4997 1578 5066 Spiritum
1605 5013 1730 5054 san-

182 5094 320 5139 ctum.
378 5088 469 5143 Sic
514 5087 656 5143 enim
688 5105 806 5143 eum
853 5089 1094 5143 nesciunt
1141 5090 1380 5159 quamvis
1434 5091 1502 5145 sit
1549 5092 1600 5146 in
1630 5092 1728 5158 eis,

183 5178 602 5242 quemadmodum
626 5180 869 5233 nesciunt
885 5190 934 5235 et
951 5189 1180 5234 mentem
1204 5195 1391 5247 suam;
1415 5180 1563 5251 cujus
1587 5183 1640 5235 in
1655 5182 1733 5236 eis

185 5278 317 5334 ratio,
349 5286 450 5337 ιιιιι
483 5273 555 5324 uti
602 5270 835 5325 nondum
867 5278 1119 5340 possunt,
1151 5271 1293 5325 velut
1326 5271 1563 5341 quaedam
1593 5271 1734 5327 scin-

185 5355 274 5408 tilla
303 5363 466 5429 sepita
495 5369 606 5424 est,
655 5361 928 5415 excitanda
961 5363 1130 5416 artatis
1158 5376 1395 5416 accessu.
1426 5361 1604 5432 Neque
1634 5363 1732 5417 hoc

188 5459 227 5495 ιιι
258 5451 477 5516 parvulis
506 5454 697 5508 tnirtnn
745 5453 901 5506 debet
927 5451 1111 5516 videri,
1161 5469 1279 5507 etnu
1310 5455 1592 5523 Apostolus
1611 5455 1732 5524 qui-

191 5533 384 5593 husdam
416 5545 575 5595 etiam
611 5543 898 5612 majoribus
925 5544 1085 5608 dicat,
1109 5542 1324 5597 Nescitis
1349 5547 1465 5614 quia
1495 5547 1733 5615 templum

190 5622 268 5678 Dei
307 5636 437 5697 estis,
486 5647 532 5688 et
564 5635 792 5705 Spiritus
824 5634 919 5689 Dei
949 5636 1138 5690 habitat
1167 5637 1216 5689 in
1258 5637 1392 5690 vobis
1434 5637 1474 5708 (Ι
1507 5635 1622 5691 Cor.
1653 5653 1730 5706 ιιι,

191 5715 300 5786 l6)?
343 5725 406 5778 de
433 5727 676 5796 qualibus
702 5726 858 5796 paulo
883 5738 1007 5782 ante
1050 5727 1277 5792 dixerat,
1306 5727 1548 5782 Animalia
1567 5739 1733 5783 autent

189 5807 321 5869 ιοιιιο
342 5832 437 5873 non
465 5819 674 5892 percipit
696 5835 809 5892 qua
833 5828 950 5874 sunt
980 5819 1203 5890 Spiritus
1239 5817 1371 5890 Dei;
1417 5835 1549 5894 quos
1573 5821 1732 5877 etiam

404 5912 608 5984 Sauc'r
682 5914 960 5975 AUGUST.
1019 5913 1096 5981 ll.

1845 524 2094 593 parvulos
2120 533 2292 590 vocat,
2323 541 2430 581 non
2476 531 2650 584 carnis
2674 541 2830 587 mtate
2863 528 2957 590 sed
2986 539 3176 593 mentis
3225 541 3331 610 (Id.
3361 561 3417 611 ιι,

1845 615 1931 678 14,
1959 627 2006 669 et
2053 633 2128 684 ιιι,
2163 620 2210 683 l,
2238 619 2314 690 2).
2357 620 2472 677 Non
2513 624 2688 693 itaque
2739 629 3094 698 percipiebant
3125 637 3422 703 cognitione

1841 707 2096 778 Spiritum
2128 722 2367 767 sanctum
2401 715 2487 784 qui
2532 715 2799 772 habitabat
2846 721 2897 774 in
2930 723 3037 781 eis;
3067 737 3114 777 et
3153 726 3422 786 habitante

1841 799 1892 853 in
1919 815 1976 855 se
2002 800 2199 869 Spiritu
2216 815 2421 866 Sancto,
2441 806 2612 862 adhuc
2630 810 2903 877 animales,
2925 813 3155 868 nondum
3176 820 3423 888 ~pirilna-

1841 892 1921 947 les
1964 905 2133 956 erant,
2185 897 2304 966 quia
2337 899 2568 953 nondum
2616 913 2857 970 poterant
2886 904 3234 963 habitatorem
3265 928 3419 968 suum

1839 984 2093 1052 Spiritum
2125 989 2427 1058 cognitione
2451 991 2742 1060 percipere.

1907 1077 1996 1132 27.
2040 1077 2287 1135 Habitare
2320 1092 2494 1136 autem
2542 1085 2660 1138 ideo
2689 1095 2742 1165 et
2771 1087 2821 1142 in
2851 1090 3038 1144 talibus
3068 1092 3278 1159 dicitur,
3295 1096 3416 1165 quia

1837 1168 1887 1221 in
1915 1168 1994 1222 eis
2018 1171 2221 1225 occulte
2241 1173 2368 1240 agit,
2386 1182 2440 1227 ut
2469 1174 2575 1228 sint
2603 1162 2854 1247 templum
2873 1180 3022 1250 ejus;
3053 1183 3206 1254 idque
3230 1186 3277 1238 in
3297 1162 3420 1254 ,ξι-ο.

1836 1255 2134 1314 ﬁcieutihus
2151 1264 2544 1328 etproticiendo
2568 1271 3034 1335 perseverantilms
3056 1275 3276 1342 perlicit.
3309 1277 3417 1348 Spe

1834 1349 1966 1402 enim
1994 1349 2123 1404 salvi
2145 1353 2268 1423 facti
2291 1370 2486 1419 sumas,
2514 1357 2650 1412 sicut
2679 1361 2964 1428 Apostolus
2987 1363 3145 1427 dicit;
3170 1382 3288 1420 Clllll
3312 1369 3416 1423 alio

1835 1437 1955 1493 loco
1978 1441 2355 1504 dicat,_Saleos
2404 1463 2493 1500 nos
2527 1447 2644 1514 fecit
2670 1466 2758 1516 per
2779 1450 3035 1505 lavacrum
3070 1459 3408 1525 regeneratio-

1834 1529 1911 1584 nis
1938 1529 2062 1600 (Tit.
2096 1549 2170 1598 ιιι,
2215 1533 2292 1605 5).
2324 1535 2455 1590 Cum
2487 1553 2614 1608 ergo
2640 1541 2726 1594 hic
2756 1541 2916 1605 dicat,
2950 1543 3130 1599 Salvos
3159 1564 3248 1600 nos
3273 1551 3412 1618 fecit,

1836 1629 2083 1692 tauquam
2131 1625 2272 1680 salus
2311 1628 2422 1696 ipsa
2449 1629 2556 1698 jam
2587 1631 2703 1684 data
2745 1633 2832 1697 sit,
2860 1637 3303 1703 quemadmodum
3335 1641 3416 1694 in-

1834 1712 2174 1783 telligendum
2205 1717 2292 1778 sit,
2327 1718 2432 1773 illic
2459 1723 2695 1789 exponit,
2731 1723 2814 1777 tibi
2834 1726 2916 1796 ait
2947 1743 2957 1778 :
2994 1725 3100 1796 Spe
3125 1731 3253 1782 enim
3288 1730 3418 1784 salvi

1832 1803 1956 1874 facti
1983 1823 2174 1861 sumus.
2206 1808 2337 1879 Spes
2363 1821 2530 1864 autem
2549 1829 2660 1880 qua:
2680 1795 3013 1880 videtui-fnou
3040 1795 3112 1871 est
3125 1836 3237 1888 spes
3253 1824 3416 1890 ;quod

1833 1896 1964 1950 enim
1993 1899 2124 1952 videt
2149 1903 2277 1967 quis,
2309 1903 2432 1969 quid
2457 1906 2665 1973 sperat?
2701 1904 2761 1959 Si
2791 1909 2955 1960 autem
2982 1911 3116 1972 quod
3141 1928 3241 1965 non
3276 1913 3413 1968 ride—

1833 2003 1946 2040 mus
1972 2006 2252 2058 speramus,
2286 2009 2372 2062 per
2394 1995 2685 2061 patientiam
2721 2009 3064 2067 exspectamus
3094 2000 3268 2073 (Rom.
3299 2020 3411 2072 vui,

1831 2077 1922 2144 24,
1945 2079 2058 2152 25).
2079 2081 2236 2136 Multa
2267 2100 2494 2154 namque
2510 2086 2758 2140 dicuntur
2780 2089 2829 2142 in
2858 2090 3144 2159 Scriptor-is
3165 2103 3414 2163 tanquam

1833 2168 1967 2225 facta
1997 2173 2120 2236 sint,
2153 2189 2270 2228 cum
2303 2175 2354 2228 in
2381 2192 2476 2244 spe
2502 2177 2676 2234 adlmc
2708 2195 2827 2234 esse
2859 2180 3234 2251 intelligantur.
3259 2185 3412 2242 Unde

1833 2271 1914 2316 est
1941 2275 1991 2318 et
2036 2265 2162 2320 illud
2202 2267 2342 2336 quod
2379 2269 2629 2326 Dominus
2672 2272 2942 2342 diwipnlis
2970 2277 3058 2337 ait,
3093 2276 3273 2330 Omnia
3301 2297 3416 2350 quis

1833 2356 2003 2410 audivi
2029 2373 2059 2408 a
2091 2355 2244 2411 Patre
2270 2376 2377 2412 meo
2398 2370 2515 2414 nota
2546 2363 2642 2431 feci
2665 2365 2799 2416 vobis
2816 2363 2992 2435 (Joan.
3017 2383 3105 2430 xv,
3133 2369 3218 2438 15)
3245 2371 3416 2440 :quod

1833 2463 1998 2518 usque
2019 2449 2152 2503 adeo
2182 2452 2471 2505 secundum
2499 2468 2648 2522 spem
2679 2455 2876 2509 dictum
2896 2467 2977 2511 est
3003 2461 3317 2526 futurorum,
3360 2473 3416 2517 ut

1833 2539 1910 2592 eis
1939 2541 2271 2606 postmodum
2295 2541 2454 2602 dii-at,
2483 2541 2648 2597 Multa
2675 2545 2834 2600 habeo
2857 2549 2991 2601 vobis
3007 2551 3187 2617 dicere,
3207 2554 3297 2606 sed
3315 2571 3416 2609 non

1836 2633 2040 2700 potestis
2069 2643 2272 2702 portare
2292 2635 2438 2687 modo
2460 2633 2568 2707 (Id.
2617 2652 2730 2700 xvr,
2768 2636 2875 2710 l2).
2907 2641 3026 2708 Agit
3052 2657 3178 2710 ergo
3217 2645 3268 2697 in
3300 2647 3413 2713 quis

1835 2722 1933 2775 bus
1981 2723 2292 2777 mortalibus
2332 2723 2505 2778 adhuc
2549 2725 2768 2789 habitat,
2802 2729 2967 2796 ipsam
3011 2731 3414 2814 :rdilieationem

1837 2810 2116 2865 habitaculi
2147 2814 2416 2883 sui,quam
2448 2831 2551 2869 non
2583 2817 2634 2869 in
2660 2817 2779 2882 ista,
2807 2819 2900 2873 sed
2925 2821 2974 2873 in
3006 2810 3105 2875 alia
3136 2835 3252 2892 post
3277 2828 3416 2884 hanc

1835 2900 1994 2954 vitam
2020 2902 2246 2970 perlicit,
2275 2905 2484 2972 quando
2505 2905 2875 2961 absorbebitur
2903 2926 3046 2964 mors
3071 2913 3119 2966 in
3143 2915 3416 2978 \ictoriam

1835 2988 2140 3060 dicaturque
2188 2993 2260 3046 illi
2292 3008 2306 3044 :
2352 2992 2450 3048 Ubi
2477 3005 2565 3060 est,
2596 3013 2753 3062 mors,
2800 3001 3004 3054 victoria
3033 3007 3156 3059 tua?
3207 3009 3288 3062 ubi
3317 3021 3413 3076 est,

1835 3096 1990 3146 mors,
2007 3082 2207 3136 aculeus
2233 3086 2528 3152 tuus?Quid
2557 3098 2638 3141 est
2662 3098 2838 3143 autem
2862 3095 3046 3148 mortis
3058 3097 3287 3162 aculeus,
3315 3101 3415 3154 nisi

1837 3184 2107 3243 peccaturo
2143 3174 2317 3246 (lCor.
2349 3193 2448 3243 xv,
2479 3179 2710 3252 54-56)?

1905 3265 1994 3319 28.
2037 3265 2261 3336 Propter
2303 3268 2442 3337 quod
2487 3286 2627 3325 nunc
2673 3273 2830 3327 etiam
2865 3277 3034 3330 renati
3072 3293 3134 3332 ex
3186 3295 3318 3350 aqua
3357 3291 3414 3339 et

1837 3353 2053 3423 Spirittt,
2085 3359 2434 3428 omnibusque
2475 3362 2702 3428 peccatis
2729 3364 2840 3417 sive
2883 3366 3102 3436 originis
3127 3385 3194 3425 ex
3222 3372 3411 3440 Adam,

1837 3446 1888 3500 in
1915 3462 2021 3514 quo
2054 3464 2240 3504 omnes
2270 3463 2638 3518 peccaverunt,
2685 3455 2796 3508 sive
2825 3457 3098 3522 factorum,
3127 3461 3410 3532 dictorum,

1837 3537 2316 3609 cogitationumque
2340 3550 2660 3606 nostrarum,
2690 3544 2740 3597 in
2771 3546 2910 3601 illius
2956 3550 3145 3604 lavacri
3187 3555 3411 3610 munda-

1839 3628 1982 3683 tione
2008 3629 2229 3695 deletis;
2267 3639 2439 3685 tamen
2486 3634 2606 3702 quia
2643 3650 2918 3692 ntaneinus
2969 3640 3019 3693 in
3051 3643 3149 3697 hac
3174 3645 3277 3699 vita
3319 3646 3416 3702 huc

1839 3733 1992 3772 mana
2023 3736 2140 3789 quae
2163 3723 2384 3775 tentatio
2409 3733 2488 3778 est
2520 3739 2680 3795 super
2708 3733 3126 3791 terram,merito
3152 3734 3372 3793 dicimus
3397 3759 3411 3794 :

1837 3807 2048 3864 Dimitte
2061 3811 2200 3866 nobis
2220 3812 2382 3866 debita
2408 3815 2798 3886 nostru(Mattlt.
2828 3835 2898 3883 Vt,
2921 3820 3027 3891 l2).
3050 3822 3112 3878 Et
3141 3824 3272 3881 hanc
3295 3844 3414 3882 ora-

1837 3900 2034 3955 tionem
2061 3902 2186 3955 dicit
2209 3903 2450 3957 universa
2473 3905 2726 3972 Ecclesia,
2751 3925 2907 3978 quam
2931 3916 3147 3969 mundat
3170 3917 3414 3976 Salvator

1838 3991 2048 4045 lavacro
2075 4009 2224 4062 aqua:
2252 3994 2302 4046 in
2335 3995 2511 4059 verbo,
2559 4007 2615 4050 ut
2671 4015 2786 4052 eam
2815 4001 2910 4054 sibi
2937 4004 3179 4060 exhibeat
3209 4011 3409 4077 glorio-

1837 4100 1970 4147 sam,
2002 4100 2105 4139 non
2129 4085 2408 4140 habentem
2431 4091 2816 4154 maculam,ant
2847 4110 3024 4163 rugam
3049 4098 3206 4167 (Eph.
3235 4121 3285 4167 v,
3315 4106 3406 4174 26,

1836 4173 1948 4245 27),
1973 4185 2062 4229 aut
2087 4176 2283 4245 aliquid
2328 4179 2586 4248 ejusmodi
2609 4198 2623 4245 ;
2662 4189 2785 4237 tunc
2813 4186 2993 4253 utique
3019 4205 3138 4244 eum
3167 4173 3410 4263 perlicie-

1841 4273 1925 4319 tur
1947 4264 2000 4318 iu
2027 4281 2104 4332 re,
2126 4267 2373 4322 ubinunc
2397 4269 2721 4340 proliciendo
2741 4274 3038 4332 ambulatur
3059 4281 3108 4334 in
3139 4297 3252 4352 Spe.
3277 4284 3409 4342 Nam

1839 4356 2108 4426 quomodo
2154 4367 2236 4412 est
2287 4375 2426 4413 nunc
2455 4377 2556 4414 non
2605 4362 2804 4418 habens
2839 4370 3128 4436 maculam,
3180 4387 3270 4430 aut
3316 4395 3409 4434 ru.

1839 4461 1982 4515 gam,
2011 4456 2102 4503 aut
2126 4448 2320 4518 aliquid
2347 4450 2630 4520 ejusmodi,
2663 4470 2780 4524 quae
2832 4459 2916 4513 vel
2969 4460 3024 4514 in
3062 4467 3307 4522 omnibus
3345 4470 3412 4526 ad

1841 4552 1959 4592 eam
1991 4539 2374 4608 pertinentibus
2421 4541 2722 4599 hominibus
2741 4546 2830 4617 qui
2851 4549 2959 4617 jam
2990 4555 3190 4609 ratione
3221 4561 3413 4616 ruentis

1841 4638 2061 4684 utuntur
2073 4640 2127 4686 et
2154 4633 2438 4687 voluntatis
2466 4635 2702 4701 arbitrio,
2736 4643 3075 4714 mortalisque
3101 4650 3275 4702 Carnis
3294 4666 3410 4704 sar-

1841 4725 2014 4778 cinam
2045 4733 2272 4794 portant,
2302 4726 2382 4780 vel
2409 4737 2571 4790 certe,
2597 4730 2740 4799 quod
2771 4735 2927 4787 etiam
2955 4736 3096 4805 ipsiis
3116 4742 3413 4796 contentio-

1840 4829 1929 4868 sos
1955 4829 2172 4868 necesse
2201 4824 2282 4869 est
2313 4815 2481 4879 fateri,
2507 4817 2558 4871 in
2595 4822 2772 4876 multis
2802 4825 2910 4876 suis
2933 4827 3184 4881 ineiubris
3213 4834 3416 4888 veraci-

1841 4914 1923 4962 ter
1948 4906 2076 4959 dicit
2109 4922 2120 4958 :
2152 4904 2357 4960 Dimitte
2377 4907 2516 4962 nobis
2545 4911 2709 4964 debila
2739 4915 2952 4968 nostra?

1909 4996 1998 5053 29.
2040 4996 2172 5051 Cum
2195 4997 2370 5066 itaque
2396 5002 2750 5069 proﬁcientes,
2784 5004 2836 5058 in
2874 5005 3062 5075 quibus
3100 5015 3411 5073 mortalibus

1842 5089 2060 5154 habitat,
2079 5090 2202 5143 dum
2228 5089 2296 5145 de
2310 5091 2397 5146 die
2423 5093 2473 5146 in
2501 5093 2639 5148 diem
2667 5106 3004 5162 renovantur,
3033 5103 3198 5172 magis
3220 5107 3413 5175 magii-

1841 5197 1944 5252 que
1969 5181 2238 5251 jnstilicet,
2280 5183 2527 5238 exaudiat
2549 5194 2782 5249 orantes,
2813 5188 3031 5244 mundet
3074 5197 3419 5262 conﬁtentes,

1843 5282 1901 5326 ut
1929 5270 2174 5327 exhibeat
2202 5273 2301 5328 sibi
2331 5274 2583 5343 templum
2611 5274 3001 5334 immaculatum
3033 5283 3086 5334 in
3115 5293 3370 5339 mteruum
3401 5303 3413 5350 ;

1843 5365 2035 5419 merito
2057 5365 2250 5419 dicitur
2278 5379 2384 5419 non
2416 5364 2656 5418 habitare
2695 5366 2746 5420 in
2792 5369 2870 5424 eis
2897 5371 2985 5440 qni
3031 5383 3424 5441 cognoscentes

1843 5457 2040 5522 Deum,
2078 5472 2181 5512 non
2228 5456 2365 5511 sicut
2407 5457 2568 5511 Deum
2597 5458 3044 5529 gloriﬁcaverunt,
3089 5464 3166 5518 vel
3213 5467 3424 5535 gratias

1843 5557 2083 5619 egerunt.
2108 5547 2341 5604 Colendo
2382 5549 2522 5604 enim
2551 5561 2606 5606 et
2648 5553 2926 5609 serviendo
2957 5563 3211 5612 creatura:
3235 5559 3422 5627 potius

1840 5654 1998 5710 quam
2047 5639 2285 5694 Creatori
2332 5638 2506 5712 (Rom.
2535 5658 2572 5705 ι,
2599 5641 2690 5707 2|,
2718 5643 2829 5715 25),
2871 5660 2972 5699 non
3000 5645 3152 5700 unius
3182 5650 3288 5702 veri
3329 5649 3423 5706 De:

1845 5731 2097 5800 templum
2135 5745 2193 5784 se
2225 5743 2344 5784 esse
2393 5732 2889 5802 volueruntzatqne
2937 5736 3004 5789 ita
3056 5737 3180 5791 dum
3230 5739 3422 5796 volunt

1849 5835 1973 5876 eum
2003 5819 2198 5876 habere
2238 5835 2358 5876 cum
2384 5822 2596 5891 multis,
2628 5821 2835 5880 {acilius
2871 5825 3161 5882 etl'eeerunt
3189 5842 3246 5886 ut
3299 5845 3420 5898 euut

2707 5917 3166 6001 fi’t‘ngtssept.)
