3990 6380
510 360 615 427 845

515 492 623 529 non
655 474 1108 546 baberent,quam
1132 484 1189 530 ut
1217 474 1319 530 diis
1345 474 1523 541 multis
1551 473 1765 537 falsisve
1788 473 2096 535 miscerent.

508 566 578 621 lit
604 567 795 621 merito
824 566 1015 621 dicitur
1046 566 1282 621 habitare
1310 568 1361 620 in
1392 567 1471 622 eis
1499 580 1636 635 quos
1660 564 1948 621 secundum
1973 579 2103 635 pro-

506 659 741 726 positum
767 667 1003 721 vocatos,
1014 657 1384 728 justiﬁcandos
1404 658 1886 732 gloriﬁcandosque
1909 673 2094 723 susce-

508 751 603 819 pit.
620 752 777 805 etiam
791 761 1071 820 antequam
1086 751 1607 823 incorpoream,qn:e
1624 752 1817 824 ubique
1846 758 1955 813 tota
1983 761 2096 821 est,

506 844 719 898 valeant
752 847 865 915 ejus
892 859 1048 899 nosse
1078 854 1341 912 naturam,
1375 854 1628 915 quantum
1674 845 1822 903 nosci
1851 861 1916 902 ex
1948 852 2099 918 parte

504 951 603 1005 per
629 938 901 1006 speculum
940 946 994 991 et
1020 937 1075 991 in
1108 939 1390 1007 aenigmate
1423 937 1490 992 ab
1516 936 1732 995 homine
1778 939 1831 999 in
1862 937 1962 993 hac
1990 937 2111 1001 vita.

519 1029 562 1100 (ι
592 1029 707 1083 Cor.
746 1046 867 1093 xm,
920 1028 1010 1092 12)
1033 1071 1047 1091 ,
1080 1045 1196 1083 cum
1231 1030 1513 1099 plurimum
1546 1031 1827 1101 profecerit
1850 1072 1863 1096 ,
1895 1038 2093 1100 potest.

502 1119 812 1183 Suntenim,
832 1120 882 1174 in
910 1121 1102 1191 quibus
1121 1119 1342 1188 habitat,
1370 1121 1519 1177 multi
1550 1122 1683 1177 tales
1698 1123 1942 1191 qualibus
1968 1121 2097 1183 dicit

500 1211 787 1282 Apostolus
810 1229 824 1267 ;
846 1209 965 1284 Non
982 1214 1121 1284 potui
1150 1214 1281 1266 vobis
1299 1212 1434 1282 loqui
1463 1214 1607 1281 quasi
1623 1212 1987 1284 spiritualibus,
2006 1213 2094 1273 sed

499 1306 645 1375 quasi
669 1282 976 1360 carnalibus.
1011 1304 1272 1372 Tanquam
1304 1307 1526 1377 parvulis
1561 1307 1611 1361 in
1650 1304 1872 1368 Christo,
1903 1306 1981 1359 lac
2007 1322 2093 1361 vo-

500 1396 575 1450 bis
601 1406 772 1467 potum
801 1396 935 1460 dedi,
961 1413 1060 1450 non
1084 1413 1250 1451 escam
1275 1414 1291 1451 :
1316 1398 1537 1453 nondum
1555 1398 1687 1453 enim
1710 1398 1981 1468 poteratis;
2004 1397 2093 1459 sed

499 1504 593 1542 nec
608 1489 773 1541 adhuc
791 1490 991 1561 quidem
1011 1490 1215 1559 potestis
1234 1489 1467 1560 (ld.ut,1
1484 1532 1498 1556 ,
1516 1489 1597 1559 2).
1618 1490 1709 1544 His
1723 1489 1917 1565 quippe
1931 1490 2092 1553 etiam

497 1581 629 1635 illud
666 1581 795 1635 dicit
818 1580 1070 1636 :Nescitis
1099 1583 1217 1651 quia
1247 1583 1487 1651 templum
1521 1581 1616 1636 Dei
1649 1584 1843 1647 estis,et
1867 1582 2103 1654 Spiritus

495 1670 595 1725 Dei
622 1672 809 1725 habitat
828 1673 881 1727 in
902 1675 1035 1727 vobis
1061 1672 1171 1745 (Id.
1200 1690 1273 1741 Vt,
1292 1674 1415 1745 l9)?
1440 1675 1547 1729 Hos
1570 1676 1704 1737 tales
1730 1676 1777 1730 si
1801 1677 1959 1732 etiam
1990 1692 2089 1735 an:

498 1774 708 1833 tequam
741 1764 1050 1833 perveniant
1079 1765 1143 1819 ad
1169 1766 1497 1835 spiritualem
1522 1768 1715 1827 mentis
1735 1776 1969 1835 aetatem,
1999 1767 2090 1829 ubi

495 1870 603 1911 non
636 1855 772 1909 lacte
811 1856 1040 1923 alantur,
1072 1856 1166 1911 sed
1212 1857 1383 1913 solido
1416 1858 1566 1923 cibo,
1614 1859 1729 1923 dies
1762 1860 1884 1915 vitae
1930 1860 2093 1929 hujus

496 1956 769 2001 extremus
799 1947 1090 2013 invenerit;
1116 1946 1359 2021 perficiet
1387 1949 1437 2005 in
1475 1950 1553 2007 eis
1587 1950 1852 2009 habitator
1876 1952 2087 2019 illorum

493 2038 747 2109 quidquid
778 2038 862 2092 hic
888 2038 1248 2109 intelligentiae
1278 2040 1455 2103 minus
1480 2040 1801 2107 habuerunt,
1834 2044 2086 2113 quoniam

491 2128 560 2182 ab
591 2127 789 2184 unitate
814 2130 1051 2198 corporis
1077 2130 1273 2187 Christi
1302 2133 1393 2203 qui
1419 2132 1572 2190 nobis
1601 2134 1685 2188 via
1708 2133 1876 2191 iactus
1898 2146 2000 2203 est,
2026 2146 2081 2203 et

490 2235 523 2274 a
558 2220 737 2289 templi
776 2220 867 2274 Dei
899 2221 1155 2276 societate
1195 2238 1301 2277 non
1328 2232 1684 2279 recesserunt.
1707 2224 1861 2282 Unde
1892 2235 1947 2291 ut
1978 2244 2084 2287 non

490 2310 760 2376 recedant,
807 2312 1044 2381 regulam
1088 2312 1207 2368 ﬁdei
1252 2314 1455 2375 pusillis
1485 2317 1797 2389 magnisque
1841 2334 2085 2379 nouimus

490 2418 617 2459 nem
648 2404 699 2457 in
725 2404 959 2459 Ecclesia
990 2418 1399 2476 perseveranter
1420 2416 1620 2474 tenent,
1636 2421 1689 2466 et
1720 2410 1771 2467 in
1799 2412 1939 2483 quod
1964 2429 2083 2483 per.

490 2508 751 2553 venerunt
795 2498 848 2551 in
888 2513 956 2554 eo
981 2500 1274 2568 ambulant,
1301 2500 1475 2559 donee
1514 2502 1593 2559 eis
1622 2503 1761 2561 Deus
1788 2506 2007 2573 revelet,
2039 2507 2086 2563 si

490 2592 618 2663 quid
668 2592 821 2647 aliter
848 2593 1091 2664 sapiunt,
1148 2595 1498 2665 aigimtitines
1526 2610 1653 2661 suos
1688 2599 1928 2661 carnales
1978 2614 2087 2659 non

490 2681 849 2752 dogmatizant
871 2701 884 2748 ;
910 2683 1032 2755 quia
1062 2699 1165 2741 non
1196 2685 1462 2741 obdurant
1485 2688 1503 2719 ¹
1532 2690 1879 2747 contentionis
1896 2690 2083 2753 defen-

489 2775 731 2829 sionibus
777 2775 1141 2845 immanende,
1189 2776 1284 2833 sed
1313 2778 1710 2848 quodammodo
1735 2782 2081 2851 ambulando,

486 2866 546 2923 id
570 2876 651 2923 est
678 2867 1004 2938 proticiendo
1033 2867 1320 2938 desudant,
1349 2870 1711 2942 intelligentia:
1740 2873 2085 2945 perspicuitae

488 2970 597 3017 tem
614 2961 963 3031 impetrantes
985 2977 1080 3033 per
1107 2961 1231 3021 ﬁdei
1256 2964 1527 3033 pietatem.

566 3052 793 3111 CAPUT
824 3054 992 3110 lX.-—-
1020 3056 1111 3123 30.
1152 3054 1283 3125 Qua
1297 3071 1419 3117 cum
1450 3057 1522 3119 ita
1552 3058 1678 3123 sint.
1705 3058 1813 3118 duo
1834 3062 2087 3132 istaquo

485 3148 541 3202 in
575 3162 681 3201 uno
698 3147 1079 3216 ﬁunthomine,
1097 3151 1639 3219 nascietratasciﬁd
1670 3152 1805 3210 duos
1832 3154 2085 3212 homines

487 3240 759 3309 pertinent
790 3258 803 3294 :
837 3256 999 3301 unum
1025 3242 1094 3297 ad
1123 3242 1271 3303 illum
1298 3244 1523 3312 primum
1547 3245 1738 3313 Adam,
1761 3247 1992 3309 alterum
2014 3249 2087 3307 ad

486 3332 785 3389 secundum
842 3334 932 3404 qui
976 3333 1169 3393 dicitur
1196 3334 1463 3393 Christus.
1511 3336 1619 3393 Sed
1667 3354 1768 3393 non
1796 3342 1954 3409 prius,
2007 3344 2091 3400 ait

487 3423 799 3495 Apostolus,
826 3424 962 3495 quod
989 3423 1253 3496 spiritantia
1278 3435 1371 3495 est,
1402 3426 1491 3485 sed
1509 3427 1644 3497 quod
1670 3428 1920 3493 animale;
1946 3442 2086 3503 post-

490 3530 551 3569 ea
587 3515 873 3585 spirituale.
924 3514 1137 3575 Primus
1179 3516 1330 3579 homo
1390 3517 1453 3574 de
1513 3526 1667 3581 terra,
1694 3528 1956 3585 terrenus;
1999 3540 2087 3581 ses

488 3604 685 3661 candus
714 3606 863 3662 homo
905 3606 969 3660 de
1010 3607 1155 3671 caelo,
1195 3608 1407 3667 catastis
1437 3623 1456 3662 :
1480 3609 1647 3680 quatis
1671 3619 1915 3677 terrenus,
1958 3614 2089 3672 tales

487 3706 536 3750 et
566 3696 787 3761 terreni;
832 3703 876 3750 et
927 3696 1097 3769 qualis
1136 3697 1348 3761 catastis
1372 3739 1388 3765 ,
1438 3698 1564 3753 tales
1589 3710 1635 3753 et
1665 3700 1902 3757 εωιεσιει.
1936 3702 2084 3760 Sicut

490 3787 802 3859 portavimus
826 3786 1098 3858 imaginem
1121 3789 1323 3854 mi,
1343 3798 1598 3858 portantis
1614 3800 1660 3845 et
1686 3792 1955 3865 imaginem
1970 3799 2083 3868 ejus

488 3882 577 3952 qui
594 3880 659 3936 de
685 3881 951 3941 omne“:
985 3881 1113 3941 item
1141 3882 1291 3949 dicit,
1320 3882 1424 3940 Per
1452 3902 1607 3941 unum
1636 3887 1890 3943 anatinam
1922 3906 2077 3957 mors,

488 3980 539 4028 et
575 3988 665 4044 per
702 3989 860 4028 unum
907 3972 1159 4031 hominem
1211 3976 1510 4033 resurrectio
1552 3990 1886 4035 mortuarum.
1932 3980 2089 4037 Sicut

486 4065 622 4121 enim
644 4066 697 4121 in
719 4065 884 4121 Adam
906 4083 1078 4129 omnes
1105 4067 1407 4135 moriuntur,
1436 4069 1508 4125 ita
1532 4082 1580 4125 et
1604 4072 1656 4126 in
1679 4072 1877 4129 Christo
1906 4091 2088 4132 0mm

488 4157 871 4228 viviﬁcabuntur
887 4157 998 4231 (Id.
1019 4174 1113 4227 xv,
1142 4159 1329 4226 bii-.69,
1352 4160 1444 4226 21,
1462 4160 1577 4235 28).
1605 4160 1809 4229 Omnes,
1829 4174 1885 4219 et
1908 4181 2099 4227 omnes

489 4247 612 4303 ideo
638 4247 791 4317 dixit,
821 4251 943 4320 quia
971 4250 1025 4306 in
1054 4263 1281 4309 mortem
1313 4268 1472 4309 nemo
1526 4254 1626 4310 nisi
1655 4270 1751 4325 per
1795 4256 1973 4324 illum,
2025 4257 2079 4313 in

488 4340 653 4396 vitam
682 4356 842 4399 nemo
884 4343 986 4398 nisi
1012 4358 1106 4413 per
1136 4344 1314 4399 istum.
1345 4343 1403 4402 In
1436 4348 1607 4417 primo
1634 4348 1803 4419 patuit
1828 4351 1951 4421 quid
1983 4350 2082 4409 lto-

495 4431 657 4485 minis
685 4430 964 4489 arbitrinm
997 4433 1197 4493 valeret
1236 4435 1305 4492 ad
1334 4448 1595 4505 mortem;
1625 4440 1678 4495 in
1721 4441 1957 4497 secundo
1981 4458 2081 4500 au-

491 4530 601 4578 tem
637 4522 765 4594 quid
801 4524 894 4578 Dei
925 4522 1245 4593 adiutorium
1276 4528 1481 4585 valeret
1516 4530 1584 4585 ad
1620 4532 1801 4586 vitam.
1846 4533 2082 4607 Denique

491 4614 696 4684 primus
723 4613 904 4679 homo,
930 4618 1141 4675 nonnisi
1173 4618 1367 4688 homo;
1397 4623 1662 4679 secundus
1689 4640 1837 4693 vero,
1863 4626 2001 4683 Deus
2025 4637 2085 4686 et

490 4703 655 4761 homo
680 4725 692 4761 :
725 4718 998 4778 peccatum
1028 4711 1171 4767 enim
1203 4710 1401 4769 factum
1431 4725 1513 4770 est
1530 4716 1717 4772 relicto
1744 4717 1881 4785 Deo;
1924 4721 2082 4791 justi-

492 4797 564 4851 tia
594 4813 699 4853 non
724 4800 915 4857 titsine
955 4802 1085 4861 Deo.
1112 4802 1190 4858 Ac
1233 4819 1328 4874 per
1353 4804 1454 4861 hoc
1498 4823 1594 4863 nec
1621 4824 1955 4867 moraremur
1980 4814 2081 4872 nisi

490 4905 590 4960 per
618 4892 885 4949 carnalem
922 4895 1265 4966 protiagincm
1294 4896 1362 4953 de
1407 4901 1663 4957 membris
1707 4903 1849 4959 illius
1869 4909 2081 4963 venire-

494 4995 649 5046 mus;
681 4998 779 5037 ncc
807 4984 1105 5042 viveremus
1153 5004 1252 5044 nisi
1308 5004 1402 5058 per
1438 4990 1767 5060 spiritualem
1792 4997 2082 5053 connexio-

490 5088 616 5128 neni
650 5075 886 5131 membra
918 5076 1073 5149 hujus
1101 5095 1360 5137 essemus.
1387 5084 1510 5139 Ideo
1535 5086 1686 5141 nobis
1705 5102 1841 5158 opus
1867 5091 1967 5146 fuit
1987 5108 2081 5148 na-

491 5168 591 5234 sci,
625 5178 677 5223 ct
710 5170 948 5233 renasci,
980 5173 1051 5227 illi
1086 5190 1261 5230 autem
1310 5187 1524 5247 propter
1567 5194 1663 5233 nos
1713 5185 2079 5243 tantummodo

490 5264 659 5319 nasci.
717 5262 825 5319 Nos
853 5264 994 5319 enim
1038 5282 1067 5319 a
1116 5282 1335 5337 peccaui
1362 5271 1703 5342 ailjustitiant
1749 5279 2078 5335 renascentia

490 5356 811 5421 transimus;
844 5357 932 5413 ille
961 5368 1137 5417 autem
1191 5376 1221 5414 a
1260 5364 1406 5417 nullo
1452 5377 1665 5435 peccaui
1714 5368 1779 5422 ad
1816 5369 2076 5439 justitiam

492 5448 776 5504 transitum
830 5450 954 5505 fecit
985 5470 997 5504 :
1027 5451 1119 5506 sed
1163 5452 1212 5505 in
1240 5468 1304 5508 eo
1328 5460 1467 5526 quod
1498 5458 1794 5527 baptizatus
1823 5473 1925 5531 est,
1983 5478 2081 5520 no-

492 5546 620 5593 stra;
636 5542 1056 5610 regenerationis
1086 5543 1508 5616 Sacramentum,
1541 5564 1633 5605 sua
1664 5552 1958 5610 humilitate
2004 5557 2080 5611 al-

492 5629 598 5686 tius
616 5634 1046 5697 commendavit;
1078 5647 1314 5697 veterem
1341 5650 1516 5700 tamen
1536 5646 1802 5704 hominem
1834 5658 2077 5706 nostrum

479 5804 732 5921 τὼιονη
755 5800 1067 5859 abdicantur.
1092 5807 1200 5861 uad.
1220 5815 1321 5865 Am.
1352 5816 1428 5864 Er.
1456 5819 1509 5866 et
1532 5821 1638 5868 Itss.
1662 5816 2079 5914 pteriwfbdu-

1741 360 1798 429 Si
1838 352 2209 421 AUGUSTINI
2245 355 2557 425 Εριεαορι

3672 370 3779 445 ω

2206 474 2473 542 passione,
2512 492 2705 533 novum
2733 482 3323 543 autemresurreetione
3349 470 3669 554 signiﬁcant.

2276 569 2362 622 51.
2404 566 2763 629 lnohedientia
2793 586 3023 643 namque
3059 576 3507 645 concupiscentia:
3532 594 3642 649 quae
3671 579 3765 645 hs.

2203 657 2345 723 bitat
2365 660 2421 723 in
2444 666 2833 729 carnemortali
2852 707 2877 731 ,7
2896 682 2998 737 qua
3027 664 3086 736 ﬁt
3112 676 3167 722 ut
3208 668 3397 725 eadem
3426 671 3587 726 etiam
3615 689 3771 739 metu.

2202 751 2297 808 bra
2318 764 2515 824 praeter
2552 758 2838 815 voluntatis
2884 770 3196 823 moveantur
3220 762 3519 827 arbitrium.
3566 766 3629 829 ad
3654 783 3770 831 eum

2202 845 2418 905 modum
2451 847 2709 918 redigitur
2740 850 2942 918 justitia
2971 852 3254 923 coniugali,
3284 863 3341 917 ut
3364 856 3507 917 licite
3529 860 3775 924 copulatis

2203 937 2508 1007 parentibus
2532 952 2870 1009 generentur,
2907 944 3099 1013 quibus
3143 946 3212 1000 sit
3242 949 3599 1011 necessarium
3628 966 3772 1020 rege,-

2201 1030 2396 1089 nerari.
2418 1030 2536 1089 Non
2566 1041 2742 1097 tamen
2764 1050 2859 1103 per
2887 1034 3188 1104 huiusmodi
3214 1042 3635 1101 convenientiam
3668 1060 3772 1099 “13-.

2198 1120 2273 1175 ris
2289 1121 2580 1179 ctfemime
2611 1127 2794 1181 venire
2842 1128 3011 1185 voluit
3050 1144 3269 1191 carnem
3314 1147 3466 1195 suam
3509 1133 3771 1200 Christus;

2198 1213 2293 1268 sed
2324 1214 2390 1269 de
2429 1218 2633 1286 virgine
2676 1218 2809 1281 nihil
2848 1221 2951 1279 tale
2991 1222 3041 1279 in
3072 1222 3189 1292 ejus
3230 1234 3490 1294 conceptu
3537 1229 3775 1296 concupit

2197 1301 2400 1374 scente,
2432 1309 2833 1371 similitudinem
2878 1315 3055 1371 carnis
3086 1315 3287 1383 peccati
3311 1318 3540 1385 sumpsit
3575 1318 3663 1373 ille
3688 1334 3783 1387 pro.

2197 1398 2372 1465 nobis,
2401 1414 2503 1470 qua
2533 1416 2659 1457 caro
2703 1404 2906 1471 peccati
2948 1406 3293 1469 mandaretur
3318 1407 3372 1462 in
3413 1409 3569 1469 nobis
3610 1409 3775 1479 (Rana.

2195 1504 2307 1558 vui,
2331 1492 2385 1559 5,
2416 1490 2493 1564 4).
2528 1493 2677 1557 Sicut
2704 1498 2847 1557 enim
2878 1514 2967 1566 per
2993 1499 3425 1567 unius'deliotttnt.
3459 1502 3530 1559 ait
3555 1504 3775 1571 Apamia

2195 1581 2300 1649 lus,
2318 1584 2372 1638 in
2398 1602 2567 1645 omnes
2592 1587 2820 1647 homines
2830 1590 2898 1647 ad
2915 1592 3415 1659 condemnationem;
3430 1595 3616 1666 imper
3637 1600 3787 1653 enim

2185 1675 2610 1745 justiﬁcationem
2626 1680 2678 1735 in
2703 1698 2873 1737 omnes
2900 1682 3127 1741 homines
3140 1684 3208 1739 ad
3226 1686 3786 1755 justiﬁcatiouentvito

2195 1764 2303 1835 (Id.
2325 1784 2381 1834 v,
2408 1768 2524 1839 18).
2547 1769 2717 1827 Nemo
2736 1775 2878 1829 enim
2908 1776 3162 1842 nascitur,
3185 1776 3288 1835 nisi
3307 1790 3569 1847 operante
3596 1793 3778 1835 enses:

2191 1858 2449 1927 pisccntia
2475 1864 2696 1925 carnali,
2715 1880 2834 1933 qua!
2861 1875 3033 1920 tracta
3058 1875 3143 1922 est
3172 1882 3243 1923 ex.
3260 1868 3435 1937 primo
3457 1869 3677 1930 homine
3694 1872 3785 1941 qui

2190 1962 2272 2007 est
2314 1953 2517 2018 Adam;
2551 1966 2605 2010 et
2648 1972 2808 2013 nemo
2835 1960 3152 2026 renascitur,
3183 1961 3295 2015 nisi
3331 1972 3594 2031 operante
3618 1964 3774 2034 gratis

2198 2043 2481 2113 spirituali,
2509 2063 2629 2117 qua:
2653 2048 2774 2104 data
2812 2058 2897 2105 est
2940 2064 3033 2119 per
3061 2052 3349 2109 secundum
3380 2053 3673 2119 hominem.
3695 2055 3787 2124 qd:

2190 2144 2273 2189 est
2296 2136 2556 2194 Christus.
2589 2141 2923 2210 Quapropter
2963 2142 3007 2197 si
3037 2142 3102 2199 ad
3148 2144 3293 2199 illum
3322 2146 3600 2201 iiascsudo
3630 2147 3783 2217 μανεὶς.

2190 2244 2398 2297 nemus,
2427 2231 2493 2285 ad
2539 2232 2681 2288 hunc
2726 2235 3092 2302 renascendo,
3126 2251 3225 2293 nec
3255 2239 3463 2301 rettasoi
3505 2239 3785 2310 quiqu

2188 2330 2366 2390 potest
2410 2332 2695 2392 antequam
2725 2334 2880 2380 natus
2924 2326 3020 2388 sit;
3055 2325 3293 2396 proiecto
3317 2327 3409 2384 ille
3442 2331 3786 2399 singularias.

2189 2421 2347 2468 natus
2370 2423 2471 2479 est,
2496 2415 2580 2471 eui
2606 2416 2811 2473 renasci
2837 2433 2943 2473 non
2973 2433 3110 2487 opus
3123 2416 3249 2483 init;
3279 2420 3404 2489 quia
3430 2438 3538 2476 non
3568 2437 3634 2477 ex
3664 2436 3779 2492 pse.

2188 2513 2330 2570 cato,
2349 2504 2399 2559 in
2422 2519 2529 2574 quo
2556 2522 2825 2578 nunquam
2860 2506 2980 2575 fuit,
3033 2511 3311 2566 "elicitum
3340 2510 3486 2577 feeit,
3531 2514 3785 2584 Win.

2190 2593 2471 2664 iniquitate
2514 2608 2807 2667 eoticeptus
2851 2608 2969 2666 est,
2998 2608 3239 2657 autenm
3286 2602 3338 2657 in
3370 2602 3589 2659 delictis
3620 2614 3784 2662 metes

2188 2686 2307 2754 ejus
2333 2687 2393 2744 in
2415 2694 2571 2743 utero
2599 2689 2730 2745 aluit
2764 2710 2775 2743 :
2809 2692 2929 2761 quia
2961 2690 3190 2761 Spiritus
3214 2703 3430 2748 sanctus
3468 2695 3781 2765 superva

2189 2775 2241 2830 in
2274 2792 2414 2844 eam,
2452 2788 2511 2835 et
2555 2780 2725 2836 virtus
2767 2782 3027 2838 Altissinii
3054 2782 3388 2841 obumbravit
3424 2802 3588 2853 eam;
3640 2787 3775 2844 unde

2186 2869 2328 2940 quod
2359 2879 2547 2926 natum
2569 2880 2743 2928 estex
2789 2888 2851 2928 ea
2875 2873 3127 2930 Sanctum
3146 2918 3162 2944 ,
3203 2885 3425 2932 vocetur
3466 2877 3643 2934 Filius
3669 2878 3773 2937 Dei.

2187 2959 2501 3031 Nuptiarum
2528 2964 2670 3019 enim
2693 2964 2890 3019 bonum
2918 2982 3024 3023 non
3050 2967 3358 3037 exstinguit,
3386 2969 3483 3025 sed
3507 2971 3773 3028 modiﬁest

2187 3054 2608 3113 inohedieatium
2651 3059 3266 3126 membrormnmalum,
3308 3069 3375 3117 ut
3400 3064 3629 3119 litnitata
3654 3078 3775 3135 que-

2186 3145 2473 3207 dammodo
2500 3149 2930 3217 concupiscentia
2960 3152 3207 3218 carnalis,
3240 3152 3331 3207 ﬁat
3355 3153 3551 3209 saltem
3580 3154 3781 3225 pudiau

2188 3239 2261 3293 tia
2285 3240 2598 3311 conjugalis.
2634 3241 2791 3314 Virgo
2811 3254 2993 3301 autem
3044 3244 3205 3300 Maria
3234 3247 3318 3300 cui
3346 3246 3551 3302 dictum
3578 3258 3683 3313 est,
3710 3247 3779 3303 Bt

2186 3329 2357 3391 virtus.
2394 3331 2651 3395 Altissimi
2674 3333 2985 3389 obumbrabit
3019 3336 3106 3392 tibi
3166 3336 3292 3409 (Luc
3320 3354 3355 3403 ι,
3388 3339 3504 3409 δε),
3554 3339 3609 3395 in
3655 3355 3769 3397 san»

2186 3428 2328 3481 ctam
2372 3424 2723 3494 concipiendo
2768 3426 3008 3496 prolem,
3040 3428 3141 3483 sub
3171 3429 3261 3483 tali
3293 3432 3607 3486 umbraculo
3638 3432 3775 3493 nullo

2185 3511 2381 3571 ardore
2401 3516 2847 3586 concupiscentia
2864 3518 3021 3589 hujus
3033 3521 3297 3575 msuiavit.
3326 3520 3437 3577 Hoc
3460 3538 3593 3593 ergo
3622 3539 3767 3581 exos»

2186 3612 2279 3672 pto
2304 3603 2480 3675 lapide
2525 3607 2787 3677 angulari,
2817 3622 2921 3663 non
2966 3610 3123 3666 video
3150 3612 3419 3682 quomodo
3446 3615 3768 3681 adiﬁcantur

2187 3692 2433 3754 homines
2454 3696 2505 3751 in
2534 3696 2755 3763 domum
2781 3699 2874 3754 Dei
2900 3700 2966 3755 ad
2991 3702 3289 3758 habendum
3318 3705 3371 3759 in
3396 3720 3459 3761 se
3488 3706 3771 3767 inhabitas-

2186 3795 2298 3847 tem
2328 3788 2514 3856 Deum,
2535 3791 2635 3846 nisi
2656 3806 2781 3847 cum
2807 3792 3009 3849 iuerint
3024 3796 3196 3851 renati
3220 3812 3234 3863 ;
3260 3796 3402 3868 quod
3430 3815 3536 3853 non
3556 3809 3775 3871 possunt

2185 3894 2306 3938 esse
2330 3891 2615 3954 antequam
2640 3884 2771 3939 nati.

2254 3992 2480 4052 CAPUT
2517 3996 2783 4054 X.-—52.
2815 3999 3116 4066 Quamlibet
3150 4001 3325 4073 itaque
3360 4006 3680 4062 sententiam
3710 4006 3768 4064 de

2185 4089 2603 4158 praegnantibus,
2622 4090 2729 4145 imo
2745 4092 2812 4145 de
2826 4091 3126 4148 hominibus
3148 4092 3435 4150 habeamus
3450 4098 3631 4153 adhuc
3646 4100 3765 4153 intra

2186 4187 2424 4235 materna
2469 4181 2673 4236 viscera
2702 4182 3037 4246 constitutis,
3079 4194 3253 4239 utrum
3290 4187 3660 4245 cxisumeinus
3686 4203 3765 4245 eos

2187 4286 2356 4326 necne
2378 4271 2565 4326 donari
2604 4287 2758 4341 posse
2791 4273 2969 4343 aliquo
3006 4275 3441 4333 sanctiﬁcationis
3468 4281 3667 4347 modo;
3696 4276 3763 4337 vel

2186 4371 2402 4433 propter
2428 4361 2710 4429 Jonanem,
2741 4365 2831 4435 qui
2858 4365 3091 4421 nondum
3120 4367 3171 4420 in
3216 4367 3353 4425 hanc
3379 4370 3550 4426 editus
3575 4371 3759 4437 lucem,

2186 4464 2362 4512 tamen
2392 4457 2673 4512 exsultavit
2707 4458 2759 4512 in
2794 4458 2985 4528 gaudio
3019 4478 3031 4513 :
3067 4459 3207 4532 quod
3238 4464 3419 4533 utique
3454 4465 3551 4520 nisi
3577 4480 3761 4537 opera-

2187 4547 2337 4604 tione
2375 4548 2605 4619 Spiritus
2644 4550 2811 4603 sancti
2852 4550 2962 4607 ﬂeri
2999 4553 3233 4621 potuisse
3274 4555 3394 4626 quis
3434 4558 3660 4611 credat?
3690 4554 3760 4611 vel

2186 4652 2405 4713 propter
2433 4639 2742 4710 Jeremiam,
2773 4643 2857 4697 cui
2889 4643 3139 4698 Dominus
3179 4646 3325 4714 dicit,
3358 4647 3663 4719 Priusquam
3684 4664 3758 4704 e9-

2185 4730 2284 4785 ires
2309 4731 2373 4785 de
2395 4732 2562 4800 vulva,
2595 4732 2906 4801 sanctiﬁcavi
2929 4743 2975 4787 te
3009 4733 3228 4807 (larem.
3269 4753 3315 4801 ι.
3345 4738 3412 4811 5)
3438 4759 3452 4793 :
3484 4748 3653 4795 tamen
3679 4734 3754 4809 illa

2187 4824 2537 4878 sanctiﬁcatio
2568 4839 2666 4894 qua
2696 4823 2959 4879 efﬁcimur
2983 4836 3037 4881 et
3062 4828 3251 4900 singuli
3283 4833 3475 4902 templa
3500 4834 3611 4902 Dei,
3637 4843 3685 4888 et
3706 4830 3751 4904 in

2185 4930 2351 4969 unum
2382 4930 2568 4969 omnes
2602 4914 2857 4985 templum
2892 4915 3018 4982 Dei,
3059 4934 3161 4972 non
3190 4929 3274 4975 est
3305 4922 3406 4976 nisi
3434 4934 3747 4988 renatorum;

2185 5006 2326 5078 quod
2358 5005 2459 5060 nisi
2483 5007 2591 5061 nati
2627 5005 2870 5061 homines
2900 5022 3019 5063 esse
3057 5025 3163 5064 non
3193 5026 3435 5082 possunt.
3466 5015 3642 5072 Nullus
3665 5031 3748 5070 au-

2188 5108 2293 5154 tem
2331 5099 2493 5153 vitam
2519 5096 2570 5153 in
2611 5114 2714 5169 qua
2743 5107 2899 5155 natus
2926 5110 3027 5169 est,
3069 5101 3206 5160 bene
3232 5105 3402 5178 ﬁniet,
3433 5110 3531 5166 nisi
3557 5115 3747 5166 renatus

2183 5204 2462 5266 antequam
2490 5194 2652 5249 ﬁniat.

2257 5311 2346 5366 55.
2375 5308 2527 5378 Quod
2553 5309 2597 5365 si
2622 5309 2901 5383 quisquam
2942 5310 3070 5369 dicit
3099 5312 3213 5386 jam
3241 5331 3363 5379 esse
3394 5331 3567 5385 natum
3591 5318 3749 5385 hmini.-

2189 5421 2333 5472 nem,
2377 5406 2534 5459 etiam
2578 5420 2699 5460 cum
2729 5404 2903 5459 adhuc
2938 5417 3019 5462 cst
3046 5409 3098 5463 in
3128 5416 3281 5467 utero
3305 5416 3509 5479 matris,
3538 5415 3747 5479 testimo-

2189 5500 2441 5568 niumque
2480 5496 2698 5553 adhibet
2723 5514 2787 5551 ex
2833 5499 3149 5570 Evangelio,
3193 5504 3317 5573 quia
3346 5505 3541 5571 dictum
3577 5513 3653 5571 est
3685 5499 3751 5570 tu},

2186 5589 2381 5660 ,ιοεεριι
2424 5588 2490 5645 de
2529 5598 2833 5659 praegnante
2874 5588 3091 5662 Virgine
3133 5593 3345 5663 Domini
3389 5609 3578 5667 matre,
3613 5592 3757 5667 Μ

2188 5683 2322 5737 enim
2348 5682 2400 5736 in
2437 5698 2495 5737 ea
2522 5691 2692 5735 natum
2718 5692 2811 5751 est,
2850 5681 2914 5741 do
2938 5682 3139 5773 Spiritu
3168 5700 3345 5757 sancto
3380 5692 3499 5765 es“
3516 5689 3685 5759 lauit.
3707 5702 3751 5761 ιι

2189 5778 2260 5835 20
2282 5778 2336 5850 );
2365 5779 2747 5851 numquidnam
2772 5782 2893 5843 huic
2919 5786 3176 5851 nativitati
3199 5792 3404 5861 accedit
3425 5792 3638 5855 secunda
3667 5804 3747 5849 ulla

2191 5872 2402 5933 tivitas?
2430 5873 2681 5949 Alioquin
2720 5891 2828 5937 non
2870 5881 2971 5941 erit
3000 5881 3115 5956 jam
3162 5884 3426 5959 secunda,
3465 5888 3551 5945 sed
3586 5883 3740 5941 tertia.
