3990 6410
533 425 637 483 817

603 538 830 597 CAPUT
866 536 1006 594 XIII.
1024 567 1095 579 —
1115 536 1205 593 58.
1229 534 1439 590 llabitat
1465 534 1640 602 itaque
1662 534 1711 587 in
1740 534 1958 603 singulis
1978 532 2121 587 Deus

534 643 784 704 tanquam
808 631 861 686 in
888 630 1101 699 templis
1124 630 1252 692 suis,
1277 636 1332 681 et
1354 626 1405 680 in
1425 625 1670 680 omnibus
1690 626 1847 679 simul
1874 626 1924 679 in
1956 640 2118 679 unum

530 721 903 793 congregatis,
934 730 1181 790 tanquam
1215 717 1266 771 in
1294 715 1495 785 templo
1534 730 1652 770 suo.
1684 715 1834 782 Quod
1865 716 2117 785 templum

528 814 780 883 quamdiu
822 811 959 865 sicut
1000 824 1122 864 arca
1163 806 1276 862 Noe
1315 806 1367 860 in
1402 806 1501 860 hoc
1540 806 1737 861 sarculo
1778 805 2013 867 ﬂuctuat.
2060 807 2118 861 lit

528 906 670 978 quod
702 908 756 961 in
788 903 995 960 Psalmo
1013 904 1269 970 scriptum
1290 911 1396 966 est,
1427 898 1672 954 Dominus
1702 900 1943 953 diluvium
1970 900 2117 952 inha-

524 1001 652 1055 bitat
677 1015 698 1055 :
724 998 964 1068 quamvis
981 1004 1036 1051 et
1066 1003 1281 1065 propter
1308 994 1504 1049 multos
1524 993 1577 1047 in
1606 994 1852 1047 omnibus
1872 993 2116 1063 gentibus

522 1090 748 1162 populos
774 1088 1004 1143 ﬁdelium
1024 1127 1040 1149 ,
1072 1100 1205 1156 quos
1231 1099 1490 1155 aquarum
1518 1085 1733 1138 nomine
1768 1084 2114 1153 Apocalypsis

520 1180 781 1252 signiﬁcat
822 1177 1019 1251 (Apoc.
1046 1192 1181 1241 xvn,
1211 1176 1335 1246 15),
1364 1175 1530 1245 possit
1559 1174 1776 1243 intelligi
1813 1189 2112 1244 congruen-

518 1281 623 1339 ter,
661 1271 909 1326 Dominus
942 1270 1189 1325 diluvium
1223 1267 1489 1323 inhabitat.
1521 1266 1771 1334 Sequitur
1813 1278 2012 1333 autem,
2044 1264 2114 1321 Et

519 1362 709 1421 sedebit
743 1362 993 1418 Dominus
1031 1379 1121 1418 rea:
1158 1364 1211 1416 in
1239 1372 1482 1416 aeternum
1525 1360 1707 1433 (Psal.
1740 1377 1929 1426 xxviii,
1965 1359 2061 1432 I0)
2095 1379 2109 1416 :

516 1456 699 1528 utique
718 1458 769 1512 in
790 1456 908 1527 ipso
934 1456 1131 1525 templo
1156 1469 1253 1509 suo
1274 1453 1385 1524 jam
1408 1452 1462 1507 in
1484 1453 1592 1507 vita
1619 1462 1815 1507 teterna
1854 1461 1973 1523 post
2014 1452 2111 1507 ﬁu-

512 1550 838 1606 ctuationem
865 1548 1019 1617 hujus
1048 1546 1552 1601 swculiconstituto.
1582 1544 1719 1599 Dcus
1734 1545 1888 1613 igitur
1915 1544 2109 1614 ubique

514 1655 751 1712 praesens
779 1648 899 1704 est,
940 1646 996 1694 et
1034 1638 1229 1707 ubique
1271 1647 1412 1692 totus
1450 1651 1725 1706 praesens;
1768 1649 1867 1691 nec
1913 1635 2109 1705 ubique

514 1730 783 1794 habitans,
810 1728 906 1786 sed
934 1729 984 1783 in
1008 1728 1207 1798 templo
1228 1742 1344 1793 suo,
1370 1726 1453 1782 cui
1480 1742 1577 1796 per
1595 1726 1819 1796 gratiam
1847 1726 2107 1797 benignus

512 1831 600 1879 est
622 1832 677 1879 et
707 1822 966 1893 propitius
992 1838 1004 1874 :
1034 1821 1240 1891 capitur
1266 1827 1442 1875 autem
1470 1818 1732 1884 habitans,
1758 1819 1825 1872 ab
1844 1818 1963 1874 aliis
1986 1834 2103 1875 am-

516 1914 680 1984 plius,
703 1914 771 1970 ab
795 1914 912 1968 aliis
939 1913 1133 1968 minus.

582 2006 673 2061 39.
704 2006 779 2060 De
806 2006 920 2073 ipso
948 2019 1075 2058 vero
1104 2004 1276 2073 capite
1310 2013 1493 2059 nostro
1513 2005 1797 2074 Apostolus
1828 2004 1939 2058 ait:
1972 1996 2103 2068 Quia

510 2096 566 2151 in
584 2097 695 2167 ipso
721 2094 969 2148 inhabitat
991 2095 1151 2149 omnis
1177 2095 1434 2165 plenitudo
1456 2096 1730 2149 divinitatis
1750 2096 2097 2165 corporaliter.

507 2187 623 2244 Non
645 2186 763 2242 ideo
780 2184 1128 2257 corporaliter,
1150 2184 1271 2254 quia
1298 2200 1591 2255 corporeus
1605 2197 1685 2241 est
1708 2187 1875 2253 Deus;
1902 2187 1995 2243 sed
2011 2199 2102 2243 aut

509 2279 674 2335 verbo
707 2278 963 2333 translato
992 2293 1121 2332 usus
1148 2285 1263 2340 est,
1309 2289 1553 2349 tanquam
1596 2280 1646 2334 in
1679 2282 1875 2350 templo
1909 2296 2099 2335 manu~

506 2370 649 2426 facto
679 2386 783 2424 non
814 2369 1189 2438 corporaliter.
1221 2370 1314 2424 sed
1352 2370 1704 2426 umbratiliter
1748 2372 2095 2440 habitaverit,

508 2463 563 2519 id
586 2474 667 2519 est
694 2461 1151 2533 pneﬁgurantibus
1173 2461 1373 2531 signis;
1408 2478 1528 2515 nam
1554 2463 1668 2517 illas
1693 2479 1879 2518 omnes
1914 2464 2098 2519 obser-

508 2556 773 2620 vationes,
804 2555 1019 2609 umbras
1047 2552 1345 2607 futurorum
1385 2565 1533 2608 vocat
1568 2554 1797 2627 (Coloss.
1828 2572 1884 2621 ιι,
1920 2558 1973 2621 9,
2008 2557 2094 2623 16,

507 2644 639 2720 17),
685 2646 845 2702 etiam
885 2645 999 2714 ipso
1038 2646 1294 2699 translato
1343 2647 1629 2712 vocabulo;
1675 2663 1914 2703 summus
1954 2649 2095 2704 enim

505 2741 678 2807 Deus,
710 2740 847 2794 sicut
874 2738 1130 2808 scriptum
1176 2747 1287 2803 est,
1333 2756 1432 2793 non
1461 2741 1513 2792 in
1556 2743 1858 2812 manufactis
1897 2744 2095 2807 templis

506 2831 697 2886 habitat
724 2828 743 2901 (
760 2831 872 2884 Act.
914 2843 1049 2893 xvu,
1071 2828 1176 2899 24)
1210 2846 1222 2881 :
1252 2838 1343 2883 aut
1371 2840 1515 2885 certe
1541 2834 1869 2902 corporaliter
1895 2833 2093 2888 dictum

505 2931 610 2985 est,
642 2923 763 2991 quia
792 2921 917 2976 etin
944 2920 1140 2975 Christi
1167 2935 1390 2989 corpore
1410 2922 1549 2991 quod
1574 2926 1858 2991 assumpsit
1878 2941 1945 2979 ex
1979 2926 2094 2981 Vir-

468 3030 471 3031 '
506 3012 649 3084 gine,
680 3021 930 3081 tanquam
964 3010 1013 3064 in
1049 3012 1247 3079 templo
1269 3012 1465 3065 habitat
1500 3013 1657 3067 Deus.
1685 3014 1816 3068 lline
1843 3024 1925 3069 est
1950 3017 2091 3072 enim

506 3103 646 3175 quod
685 3102 885 3157 Judteis
915 3103 1121 3171 sigmnn
1160 3103 1458 3170 petentibus
1483 3118 1601 3157 cum
1630 3104 1870 3173 dixisset,
1902 3106 2094 3163 Solvite

505 3194 743 3264 templum
769 3193 884 3259 hoc,
906 3205 952 3246 et
980 3193 1031 3246 in
1062 3193 1230 3247 triduo
1249 3194 1549 3249 resuscitabo
1576 3195 1737 3260 illud;
1767 3200 2091 3270 evangelista

503 3286 628 3357 quid
660 3284 764 3339 hoc
796 3292 938 3339 esset
960 3294 1351 3353 censcquenter
1381 3301 1675 3354 caponens,
1706 3290 1818 3345 ait:
1851 3289 1961 3344 Hoc
1993 3309 2090 3346 au-

506 3390 603 3433 tem
629 3378 820 3432 dicebat
847 3376 910 3430 de
945 3376 1383 3446 templocorporis
1412 3379 1490 3432 sui
1517 3379 1707 3453 (Joun.
1752 3399 1805 3447 tt,
1844 3383 1928 3447 19,
1957 3383 2019 3439 2|
2044 3384 2087 3455 ).

573 3468 661 3524 40.
691 3467 826 3535 Quid
868 3483 995 3537 ergo
1036 3468 1152 3523 est?
1185 3468 1415 3525 Ilocciue
1467 3472 1726 3527 interesse
1770 3474 2092 3532 arbitramur

504 3566 643 3619 inter
694 3573 853 3632 caput
902 3571 958 3617 et
1002 3562 1237 3616 membra
1282 3572 1506 3627 cetera,
1556 3566 1697 3635 quod
1747 3568 1797 3621 in
1854 3570 2089 3637 quolibet

503 3655 743 3724 quamvis
785 3654 1053 3723 ιιι·ωοίριιο
1106 3654 1366 3719 membro,
1394 3656 1537 3709 velut
1583 3658 1632 3710 in
1677 3658 1855 3728 aliquo
1899 3678 2089 3733 magno

506 3744 760 3817 propheta
789 3754 880 3798 aut
900 3745 1162 3813 apostolo,
1186 3748 1429 3815 quamvis
1454 3747 1706 3803 divinitas
1736 3750 1957 3819 habitet,
1983 3772 2087 3811 non

508 3852 679 3891 tamen
707 3835 842 3890 sicut
872 3836 923 3890 in
954 3836 1128 3905 capite
1152 3838 1292 3906 quod
1322 3848 1403 3893 est
1428 3839 1693 3907 Christus,
1722 3846 1897 3899 omnis
1922 3848 2089 3915 pleni-

509 3929 633 3984 tudo
658 3927 985 3984 divinitatis?
1012 3929 1142 3983 Nam
1171 3940 1224 3984 et
1252 3931 1302 3985 in
1335 3943 1518 3987 nostro
1546 3950 1771 4005 corpore
1798 3939 1934 3994 inest
1961 3957 2085 3996 scn-

502 4038 594 4076 sus
630 4021 853 4091 singulis
893 4022 1178 4086 membris;
1208 4022 1302 4077 scd
1334 4041 1436 4077 non
1466 4036 1641 4081 tantus
1664 4042 1894 4098 quantus
1919 4033 1971 4088 in
1998 4049 2089 4088 ca-

502 4115 630 4185 pite,
656 4113 741 4169 ubi
774 4129 988 4184 prorsus
1015 4115 1190 4169 omnis
1210 4124 1291 4168 est
1316 4118 1777 4187 quinquepartitus
1803 4143 1815 4177 :
1847 4126 1915 4180 ibi
1941 4129 2084 4184 enim

501 4213 556 4259 et
581 4204 747 4269 visus,
775 4215 826 4257 et
851 4203 1086 4269 auditus,
1119 4212 1173 4259 et
1196 4205 1444 4272 olfactus,
1475 4217 1529 4262 et
1560 4222 1766 4279 gustus,
1798 4224 1851 4269 et
1882 4228 2081 4288 tactus;

500 4299 554 4349 in
593 4294 800 4348 eteteris
832 4304 1007 4349 autem
1046 4295 1194 4349 solus
1234 4306 1318 4351 est
1360 4306 1550 4352 tactus.
1581 4303 1661 4355 An
1691 4305 1850 4359 etiam
1892 4320 2085 4376 praeter

502 4388 604 4441 hoc
650 4384 819 4455 quod,
857 4394 1105 4455 tanquam
1137 4386 1190 4440 in
1220 4388 1447 4458 templo,
1480 4389 1532 4444 in
1564 4392 1654 4445 illo
1679 4408 1905 4464 corpore
1935 4398 2085 4455 habi-

504 4488 580 4534 tat
602 4478 773 4532 omnis
794 4476 1068 4547 plenitudo
1092 4479 1402 4544 divinitatis,
1421 4490 1503 4537 est
1530 4484 1671 4539 aliud
1701 4487 1842 4555 quod
1873 4488 2083 4546 intersit

499 4572 637 4627 inter
662 4569 789 4624 illud
815 4579 992 4639 caput,
1024 4580 1077 4624 et
1106 4570 1389 4640 cujuslibet
1419 4573 1642 4628 membri
1669 4578 2037 4635 excellentiam
2057 4582 2082 4633 ?

497 4664 594 4719 Est
622 4663 797 4733 plane,
827 4662 966 4733 quod
998 4663 1251 4732 singulari
1291 4665 1515 4733 quadam
1544 4670 1884 4738 susceptione
1913 4674 2083 4728 homi-

497 4757 579 4812 nis
606 4755 745 4809 illius
775 4768 877 4809 una
907 4752 1043 4808 facta
1068 4763 1153 4809 est
1176 4769 1400 4824 persona
1428 4770 1547 4811 cum
1578 4755 1775 4813 Verbo.
1822 4761 1896 4818 De
1934 4766 2079 4821 nullo

500 4850 641 4905 enim
687 4856 993 4903 sanctorum
1030 4846 1137 4902 dici
1177 4848 1364 4918 potuit,
1394 4857 1485 4903 aut
1523 4860 1713 4919 potest,
1744 4864 1834 4908 aut
1864 4859 2074 4925 poterit,

510 4937 723 4991 Verbum
748 4954 866 4992 caro
889 4941 1078 5009 {actum
1105 4948 1177 4992 est
1209 4937 1317 5010 (Id.
1351 4955 1387 5005 ι,
1425 4940 1507 5009 14)
1533 4958 1544 4992 :
1571 4943 1747 4998 nullus
1770 4955 2075 5005 sanctorum

494 5030 731 5102 qualibet
765 5032 1064 5101 praestantia
1096 5033 1302 5102 gratim,
1336 5031 1599 5103 Unigeniti
1628 5051 1821 5093 nomen
1849 5045 2072 5113 accepit,

494 5130 551 5176 ut
575 5119 718 5191 quod
746 5129 800 5174 et
827 5121 997 5189 ipsum
1028 5122 1121 5176 Dei
1148 5121 1379 5177 Verbum
1406 5132 1527 5178 ante
1548 5128 1761 5189 sarcula,
1794 5130 1893 5185 hoc
1917 5134 2074 5189 simul

488 5228 609 5269 cum
645 5219 921 5279 assumpto
952 5211 1167 5268 homine
1194 5213 1478 5269 diceretur.
1510 5215 1802 5285 Singularis
1828 5232 1911 5278 est
1946 5239 2074 5295 ergo

487 5306 576 5361 illa
616 5304 906 5376 susceptio,
936 5318 1034 5359 nec
1070 5320 1191 5359 cum
1231 5306 1532 5364 hominibus
1572 5310 1833 5379 aliquibus
1876 5319 2072 5373 sanctis

484 5397 818 5468 quantalibet
856 5396 1116 5468 sapientia
1145 5406 1201 5452 et
1237 5400 1515 5454 sanctitate
1546 5406 1936 5473 priestantibus,
1967 5411 2072 5466 ullo

484 5490 644 5543 modo
681 5495 859 5559 potest
892 5501 1015 5543 esse
1057 5489 1373 5542 communis.
1396 5488 1496 5545 Ubi
1521 5490 1713 5547 divinae
1734 5497 1917 5564 gratia:
1943 5501 2071 5555 satis

486 5580 825 5651 perspicuum
863 5579 1174 5650 clarumque
1211 5578 1587 5637 documentum
1630 5594 1731 5640 est.
1773 5586 1902 5655 Quis
1927 5591 2068 5647 enim

486 5683 592 5726 tam
620 5673 691 5726 sit
719 5671 1032 5743 sacrilegus,
1062 5682 1118 5728 ut
1145 5673 1338 5729 audeat
1360 5674 1627 5733 afﬁrmare
1659 5680 1885 5751 aliquam
1913 5701 2069 5757 posse

488 5763 712 5815 animam
747 5775 843 5830 per
867 5764 1113 5818 meritum
1140 5763 1294 5820 liberi
1313 5765 1540 5835 arbitrii,
1570 5779 1625 5824 ut
1654 5771 1788 5828 alter
1813 5774 1882 5829 sit
1909 5774 2067 5832 Chri-

485 5864 593 5911 ιῐιιδ
625 5851 877 5910 efﬁcere?
905 5853 971 5912 Ut
1005 5869 1132 5927 ergo
1171 5856 1236 5912 ad
1287 5873 1566 5931 personam
1612 5862 1771 5921 Verbi
1812 5870 2064 5941 unigeniti

1780 420 1838 477 s.
1876 397 2245 474 AUGUSTINI
2285 411 2578 477 Episcopi

3658 439 3744 505 ω

2229 530 2542 598 pertineret,
2575 546 2680 601 quo
2712 542 2866 603 pacto
2899 549 2996 604 per
3024 528 3247 590 liberum
3274 538 3525 597 arbitrium
3548 559 3746 608 comma.

2226 623 2367 677 niter
2391 623 2637 679 omnibus
2654 634 2707 679 et
2726 627 3035 681 naturaliter
3061 627 3242 683 datum
3260 646 3355 685 una
3373 633 3472 687 sola
3492 637 3643 694 anima
3656 657 3746 700 me.

2222 712 2453 779 ruisset,
2497 715 2599 770 nisi
2631 714 2733 771 hoc
2757 716 3036 788 singularis
3063 721 3230 789 gratia
3261 723 3593 793 przestitisset;
3617 746 3743 801 quam

2220 805 2299 861 fas
2321 818 2402 861 est
2426 809 2735 877 praedicare,
2763 809 2830 865 de
2862 826 2966 880 qua
3006 811 3157 866 nefas
3190 822 3272 868 est
3298 814 3433 870 velle
3460 815 3699 887 judicare?

2289 898 2378 952 41.
2409 897 2536 955 Ilarc
2572 900 2616 955 si
2661 916 2756 970 pro
2783 900 2985 957 viribus
3016 904 3233 968 nostris,
3263 916 3504 974 quantum
3533 908 3745 970 Dominus

2220 988 2443 1060 adjuvit,
2470 991 2570 1047 rite
2595 994 2969 1059 tractavimus;
3003 996 3215 1064 quando
3246 996 3404 1051 Deum
3434 998 3609 1070 ubique
3630 1016 3745 1074 pra:-

2217 1092 2447 1149 sentcm,
2475 1093 2530 1138 et
2555 1100 2660 1139 non
2685 1085 2874 1155 spatiis
2913 1086 3253 1153 distantibus,
3283 1089 3426 1159 quasi
3450 1091 3607 1162 aliqua
3634 1096 3748 1152 mole

2216 1172 2302 1227 vel
2353 1172 2681 1231 distentione
2725 1176 2997 1239 dilI‘usum.
3031 1176 3124 1232 sed
3151 1179 3347 1249 ubique
3375 1188 3531 1236 totum
3552 1184 3749 1255 uigilare

2218 1270 2269 1317 te
2294 1264 2558 1325 extendis.
2584 1276 2769 1321 averte
2810 1277 3041 1322 mentem
3085 1268 3153 1323 ab
3198 1270 3439 1325 omnibus
3477 1270 3748 1343 imaginibus

2215 1368 2522 1424 corporum,
2554 1371 2687 1425 quas
2726 1356 2953 1411 humana
2984 1359 3237 1429 cogitatio
3265 1360 3474 1417 volvere
3495 1365 3747 1420 consuevit.

2213 1442 2330 1498 Non
2355 1446 2496 1499 enim
2524 1447 2603 1501 sic
2638 1447 2919 1516 sapientia,
2944 1464 3048 1503 non
3073 1451 3299 1519 justitia.
3325 1468 3427 1506 non
3465 1453 3539 1507 sic
3559 1452 3750 1523 denique

2212 1536 2445 1591 charitas
2464 1539 2749 1609 cogitatur,
2775 1539 2844 1595 de
2872 1555 2975 1611 qua
3000 1542 3261 1612 scriptum
3285 1552 3387 1609 est,
3414 1541 3544 1598 Deus
3567 1544 3751 1600 charitas

2211 1636 2281 1681 est
2301 1626 2355 1699 (Ι
2381 1627 2536 1683 Joan.
2569 1646 2643 1697 tv,
2672 1630 2752 1702 8).
2781 1629 2913 1687 Cum
2936 1648 3065 1688 vero
3091 1634 3467 1690 habitationem
3500 1638 3605 1706 ejus
3628 1638 3748 1707 cogi-

2211 1728 2313 1787 tas,
2346 1722 2599 1778 unitatem
2628 1728 2799 1795 cogita
2839 1728 3410 1800 congregationemque
3442 1739 3751 1787 sanctorum:

2210 1816 2442 1871 maxime
2476 1816 2524 1869 in
2555 1818 2729 1885 caelis,
2764 1818 2853 1875 ubi
2882 1830 3163 1890 propterea
3192 1822 3452 1891 przecipue
3474 1822 3652 1877 dicitur
3668 1822 3751 1878 ha-

2205 1907 2398 1975 bitare,
2441 1908 2562 1978 quia
2609 1909 2679 1963 ibi
2730 1908 2789 1964 ﬁt
2828 1911 3076 1966 voluntas
3102 1912 3219 1981 ejus
3246 1912 3475 1982 perlecta
3495 1927 3684 1980 eorum,
3707 1913 3752 1969 in

2206 2002 2400 2072 quibus
2431 2002 2649 2069 habitat,
2681 2003 3021 2070 obedientia;
3050 2004 3246 2061 deinde
3275 2005 3328 2059 in
3354 2016 3512 2069 terra,
3545 2006 3623 2061 ubi
3645 2005 3754 2061 trdi-

2208 2095 2372 2148 licans
2393 2095 2593 2149 habitat
2614 2095 2829 2151 domum
2852 2113 3001 2152 suam
3018 2098 3070 2153 in
3097 2099 3203 2154 line
3223 2099 3402 2154 Steculi
3424 2098 3751 2153 dedicandam.

2204 2180 2471 2238 Christum
2515 2195 2690 2240 autem
2736 2186 3017 2241 Dominum
3064 2198 3305 2242 nostrum
3343 2189 3651 2259 unigenitum
3677 2187 3755 2243 Dei

2206 2272 2397 2330 Filium
2442 2278 2699 2346 arqualem
2748 2277 2923 2345 Patri,
2960 2278 3318 2350 eumdemque
3359 2279 3582 2335 hominis
3614 2278 3753 2334 lilium

2202 2383 2310 2438 quo
2353 2368 2522 2437 major
2560 2380 2642 2423 est
2692 2369 2870 2436 Pater,
2915 2384 2970 2425 et
3014 2371 3208 2439 ubique
3256 2381 3425 2428 totum
3477 2382 3756 2442 prtesentetn

2203 2471 2324 2511 esse
2352 2474 2453 2511 non
2481 2458 2691 2514 dubites
2716 2467 2969 2529 tanquam
3001 2461 3184 2524 Deum,
3211 2471 3265 2517 et
3298 2464 3350 2516 tu
3377 2462 3559 2517 eodem
3584 2459 3755 2530 templo

2206 2546 2297 2601 Dei
2319 2562 2439 2601 esse
2471 2559 2719 2617 tanquam
2751 2550 3133 2605 inbabitantem
3170 2551 3360 2612 Deum.
3391 2563 3438 2607 el
3473 2552 3522 2606 in
3548 2552 3655 2606 loco
3678 2550 3758 2606 ali-

2202 2653 2308 2709 quo
2334 2641 2452 2695 cteli
2496 2650 2711 2711 propter
2738 2643 2847 2697 vrri
2876 2644 3119 2713 corporis
3148 2645 3391 2700 modum.
3423 2644 3527 2702 Sed
3550 2661 3660 2700 cum
3687 2658 3758 2700 me

2200 2729 2429 2785 delectat
2469 2730 2611 2802 loqui
2656 2740 2851 2800 tecum,
2895 2736 3076 2790 nescio
3107 2746 3282 2791 utrum
3326 2737 3638 2793 servaverim
3660 2750 3758 2792 ser-

2201 2821 2375 2875 monis
2402 2822 2716 2879 snl‘licientis
2742 2825 2981 2891 modum,
3009 2828 3160 2897 quasi
3185 2828 3495 2883 diuturnum
3522 2827 3758 2883 silentium

2201 2913 2520 2984 loquacitate
2556 2931 2922 2986 compensem.
2959 2919 3155 2975 Verum
3182 2921 3309 2991 quia
3342 2920 3591 2992 religione
3614 2926 3663 2974 et
3686 2918 3763 2975 be-

2197 3006 2497 3060 nevolentia
2525 3023 2627 3077 qua
2668 3023 2754 3063 me
2781 3011 3187 3080 prmoccupasti.
3234 3010 3311 3066 ita
3360 3012 3691 3067 invisceratus
3712 3022 3759 3063 es

2196 3097 2344 3151 cordi
2378 3114 2516 3163 tneo,
2551 3108 2607 3151 ut
2634 3109 2881 3168 tanquam
2930 3117 3052 3155 cum
3094 3102 3271 3157 amico
3326 3118 3452 3157 vere
3499 3101 3758 3170 Colloquar.

2196 3190 2447 3259 quidquid
2476 3191 2527 3244 in
2558 3207 2722 3262 Opere
2748 3193 2853 3246 stili
2886 3194 3051 3247 nostri
3080 3194 3283 3249 utiliter
3313 3196 3635 3250 elaboratum
3660 3203 3761 3247 esse

2197 3283 2497 3353 cognoscis,
2532 3284 2640 3339 Deo
2665 3286 2863 3355 gratias
2892 3301 3012 3356 age.
3045 3285 3102 3341 Si
3141 3302 3245 3357 qua
3289 3298 3471 3342 autem
3511 3286 3626 3341 vitia
3662 3296 3759 3338 mea

2200 3374 2477 3443 perspicis,
2505 3374 2578 3428 uti
2600 3374 2944 3429 rharissimns
2964 3378 3166 3432 amicus
3193 3378 3445 3447 ignosce;
3472 3377 3647 3433 eadem
3672 3371 3761 3429 sei-

2194 3464 2320 3518 licct
2360 3466 2665 3522 sinceritate
2711 3467 3014 3537 dilectionis
3059 3468 3187 3523 mihi
3217 3480 3421 3539 optans
3449 3468 3755 3531 medicinam,

2193 3571 2296 3627 qua
2326 3558 2575 3612 concedis
2596 3568 2651 3614 et
2679 3564 2909 3615 veniam.

2550 3674 2877 3730 EPISTULA
2919 3674 3271 3732 CLXXXVIII
3291 3684 3310 3702 ·
3335 3676 3437 3753 (α).

2193 3784 2503 3855 Augustinus
2530 3795 2575 3837 ct
2599 3785 2815 3856 Alypius
2842 3785 3069 3842 Jufiame
3095 3790 3261 3844 vidua:
3282 3793 3439 3845 ntatri
3456 3789 3757 3847 Demetriadit

2269 3876 2494 3947 virginis,
2518 3895 2579 3931 ne
2607 3879 2717 3949 ipsa
2744 3880 2999 3947 {aittiliave
3023 3882 3184 3949 ipsius
3213 3883 3427 3939 imbibat
3457 3887 3587 3938 virus
3612 3881 3759 3953 propi-

2264 3977 2437 4020 natum
2481 3968 2532 4020 in
2576 3969 2703 4021 libro
2742 3970 2810 4023 ad
2848 3968 3223 4029 Demetriadem
3251 3977 3469 4047 scripto,
3498 3979 3637 4047 cujus
3661 3972 3758 4027 libri

2263 4066 2516 4112 auctorem
2533 4060 2716 4114 rescire
2736 4059 2962 4131 cupiunt.

2192 4166 2430 4225 Domina:
2459 4171 2651 4226 debitis
2678 4174 2729 4227 in
2756 4172 2970 4230 Christo
2995 4176 3187 4232 ofﬁciis
3212 4178 3565 4249 horiorandte,
3586 4189 3637 4238 et
3660 4193 3756 4236 nte-

2264 4262 2368 4316 rito
2394 4263 2579 4319 illustri
2623 4266 2743 4321 ﬁlia:
2785 4266 3046 4335 Inuum,
3079 4272 3314 4329 Aunus
3340 4285 3396 4331 et
3428 4276 3754 4342 Aucvs'rutos,

2262 4352 2314 4408 in
2349 4354 2571 4410 Domino
2596 4357 2841 4413 salutem.

2261 4465 2411 4521 CAP.
2439 4468 2822 4526 PRIMUM-4
2838 4513 2850 4525 .
2867 4473 3028 4531 Grato
3042 4476 3333 4535 admodum
3354 4482 3511 4537 nobis
3530 4479 3757 4552 jucunde-

2188 4572 2292 4628 que
2309 4561 2498 4615 accidit
2516 4572 2565 4615 ut
2587 4563 2744 4618 simul
2764 4580 2860 4618 nos
2872 4569 3189 4625 constitutos
3202 4573 3345 4640 apud
3365 4574 3653 4646 Hii-panem
3668 4583 3754 4628 IIIS

2187 4650 2520 4707 Rcverentim
2556 4656 2746 4710 litterze
2774 4660 3086 4728 reperirent,
3119 4665 3314 4733 quibus
3362 4668 3481 4723 ba-c
3527 4666 3752 4734 rescripta

2188 4744 2386 4812 pariter
2410 4744 2774 4815 redderemus,
2804 4754 3012 4820 cognita
3044 4764 3215 4809 vestra
3249 4757 3617 4815 incolumitate
3639 4772 3751 4830 gau-

2183 4831 2391 4897 dentes,
2414 4837 2751 4909 vicissimque
2778 4851 3033 4909 nostram,
3058 4861 3215 4913 quam
3243 4849 3401 4903 vobis
3421 4851 3631 4907 cbaram
3649 4862 3752 4905 esse

2183 4925 2522 4991 Condidimus,
2554 4941 2735 4985 mutua
2764 4930 3048 4987 dilectione
3075 4938 3406 5008 nuntiantes,
3434 4942 3642 4997 domina
3666 4938 3749 4995 de-

2182 5017 2305 5071 bitis
2336 5018 2387 5071 in
2413 5017 2625 5074 Christo
2653 5022 2843 5078 olﬁciis
2888 5023 3216 5092 honoranda.
3249 5041 3303 5084 et
3335 5034 3530 5087 merito
3556 5029 3749 5087 illustris

2183 5106 2306 5161 ﬁlia.
2337 5108 2486 5163 Scire
2527 5120 2705 5165 autem
2751 5129 2845 5168 vos
2887 5117 3086 5184 Optime
3114 5122 3314 5175 scimus
3340 5133 3594 5191 quantum
3620 5118 3749 5174 vobis

2180 5197 2468 5254 debeamus
2519 5202 2794 5272 religionis
2843 5204 3115 5271 aﬁ'ectum,
3160 5222 3471 5281 quantaque
3522 5212 3666 5267 nobis
3701 5215 3745 5262 et

2180 5291 2319 5361 apud
2347 5292 2509 5346 Deum
2535 5303 2589 5348 et
2637 5296 2775 5351 inter
2814 5284 3055 5354 homines
3079 5302 3147 5356 sit
3172 5318 3297 5358 cura
3327 5305 3397 5359 de
3427 5306 3592 5361 vobis.
3617 5302 3745 5358 Licet

2179 5388 2319 5438 enim
2352 5400 2445 5439 vos
2474 5402 2566 5457 per
2590 5388 2794 5444 litteras
2824 5391 3073 5459 primum,
3105 5394 3295 5449 deinde
3333 5396 3498 5451 etiam
3538 5406 3747 5466 prasen-

2180 5474 2250 5527 tia
2295 5478 2579 5546 corporali,
2613 5479 2694 5547 pia
2722 5491 2775 5535 et
2800 5483 3080 5539 catholica.
3113 5483 3214 5539 hoc
3248 5497 3328 5539 est.
3360 5502 3484 5540 vera
3528 5486 3743 5541 membra

2177 5565 2373 5621 Christi
2403 5568 2660 5639 exiguitas
2688 5581 2867 5626 nostra
2903 5578 3245 5645 cognoverit;
3275 5587 3454 5631 tamen
3479 5579 3635 5633 etiam
3663 5587 3746 5643 per

2238 5681 2256 5699 θ
2276 5682 2533 5759 Ψίῗῃάωδ
2548 5696 2643 5759 ⁰Ρθ
2663 5700 2724 5759 αξ
2737 5689 2818 5759 hi5-
2835 5687 2910 5759 Pl-
2933 5702 2980 5759 ρ.
3006 5704 3077 5740 cc.
3104 5692 3152 5742 if.
3173 5694 3213 5756 j.
3238 5708 3283 5759 g.
3304 5708 3390 5756 gv.
3414 5708 3465 5743 ιι.
3491 5708 3532 5744 r.
3552 5705 3592 5743 ε.
3616 5693 3686 5742 sb.
3709 5696 3742 5740 t.
3774 5700 3779 5701 '

2174 5755 2247 5793 vc.
2272 5751 2477 5806 quatuor
2502 5760 2547 5794 v.
2573 5755 2672 5795 am.
2702 5748 2807 5798 Bad.
2834 5755 2905 5799 Er.
2932 5757 3039 5801 Lov.

2237 5824 2311 5903 ςιξ)
2334 5823 2460 5903 aliis
2480 5827 2572 5903 145
2596 5842 2608 5877 :
2634 5844 2744 5893 qua:
2767 5833 3043 5903 auten-[1188
3076 5845 3181 5903 erat
3201 5873 3215 5898 ,
3239 5851 3375 5903 nunc
3394 5852 3451 5903 in
3488 5834 3742 5903 Appetebat

2176 5896 2251 5937 est
2272 5894 2321 5935 7.
2347 5894 2523 5952 scripta
2547 5903 2624 5939 an.
2652 5901 2867 5943 eventote
2890 5894 2998 5956 417,
3022 5904 3105 5948 aut
3128 5894 3325 5951 ineunte
3348 5899 3460 5949 418.

3063 6028 3072 6034 .
3110 6027 3135 6035 σε..
