3990 6430
258 424 363 485 αθ

258 539 623 600 ministerium
655 546 916 600 nostrum,
943 550 1065 593 cum
1091 533 1431 605 accepissetis
1458 532 1677 588 verbum
1703 530 1857 587 andi-

261 642 348 689 tus
374 632 490 691 Dei,
527 631 677 685 sicut
694 630 821 683 dicit
840 628 1145 696 Apostolus,
1171 625 1429 691 accepistis
1457 640 1553 679 non
1579 634 1633 677 ut
1660 622 1857 677 verbum

258 722 545 785 hominum,
573 721 671 774 sed
695 719 824 772 sicut
846 729 917 772 est
948 734 1078 780 vere,
1101 716 1298 771 verbum
1323 714 1413 769 Dei
1429 714 1469 783 (Ι
1494 714 1638 767 Thes.
1661 729 1714 768 ιι.
1743 713 1852 782 15).

258 812 416 883 Cuius
447 811 740 865 ministerii
763 810 950 872 nostri,
981 808 1263 877 adjuvanle
1287 805 1451 876 gratia
1476 814 1527 861 ct
1551 803 1855 860 misericor-

255 906 338 961 dia
364 902 700 963 Salsatoris,
734 901 785 955 in
822 900 983 954 domo
1006 912 1176 955 vestra
1211 909 1388 953 tardus
1409 897 1610 952 fructus
1638 903 1856 951 exortus

256 1006 355 1061 est,
384 1005 443 1049 ut
476 993 734 1048 humanis
757 993 953 1061 nuptiis
981 992 1091 1063 jam
1132 991 1328 1062 parmis
1348 999 1527 1044 sancta
1561 987 1855 1043 Demetrias

254 1086 594 1157 spiritualent
646 1084 825 1153 sponsi
883 1082 1025 1139 illius
1076 1082 1350 1153 praeferret
1395 1080 1718 1150 amplexum,
1766 1079 1852 1134 cui

256 1176 502 1246 specioso
559 1189 675 1243 pne
724 1172 848 1228 ﬁliis
894 1172 1166 1227 hominum
1204 1171 1269 1225 ad
1312 1170 1605 1227 habendam
1635 1170 1852 1239 spiritus

256 1266 565 1320 uberiorem
599 1263 1002 1327 fecunditatem,
1030 1278 1130 1317 nec
1148 1263 1488 1317 amittendam
1518 1262 1694 1316 carnis
1719 1261 1853 1315 inte-

254 1359 525 1428 gritatem,
559 1355 799 1426 virgines
841 1354 1066 1409 nubunt.
1102 1353 1439 1409 Nesciremus
1462 1361 1637 1407 autem
1661 1366 1848 1422 quem-

254 1448 544 1506 admodum
577 1456 761 1503 nostra
789 1448 872 1502 illa
904 1457 1028 1502 tunc
1056 1448 1357 1502 exhortatio
1380 1462 1408 1500 a
1438 1445 1577 1501 ﬁdeli
1604 1454 1658 1501 et
1686 1444 1847 1500 nobili

256 1541 457 1613 virgine
489 1540 688 1595 fuisset
712 1550 946 1611 accepta,
975 1519 1075 1595 nisi
1110 1540 1262 1594 nobis
1292 1538 1559 1609 proiectis,
1580 1553 1699 1593 cum
1732 1544 1850 1606 post

253 1635 523 1705 paululum
551 1634 798 1704 professa
845 1633 1030 1688 fuisset
1069 1632 1475 1689 sanctimoniam
1514 1630 1842 1699 virginalem,

254 1728 351 1785 hoc
377 1727 578 1797 ingens
609 1727 702 1781 Dei
733 1725 953 1792 donum,
981 1724 1122 1796 quod
1151 1740 1245 1793 per
1270 1739 1453 1779 servos
1474 1721 1685 1793 quidem
1721 1736 1845 1776 suos

256 1820 454 1891 plantat
500 1826 560 1874 et
591 1818 750 1888 rigat,
781 1817 874 1873 sed
917 1832 1011 1887 per
1046 1818 1279 1887 scipsum
1323 1815 1412 1869 dat
1461 1816 1845 1869 incrementum

259 1909 314 1983 (ι
337 1908 457 1965 Cor.
486 1924 573 1975 tn,
609 1909 666 1974 6,
700 1908 790 1979 7),
824 1908 975 1961 nobis
1000 1906 1260 1977 operariis
1286 1904 1612 1975 provenisse.
1640 1914 1846 1959 vestra-

255 2018 365 2058 rum
396 2002 707 2055 litterarum
734 1998 1009 2053 lsetissimo
1049 1998 1234 2053 nuntio
1257 2007 1310 2052 et
1338 1996 1508 2051 veraci
1542 1994 1845 2050 testimonio

255 2091 606 2149 disceremus.

319 2184 372 2238 2.
402 2184 535 2250 Qua:
566 2197 696 2236 cum
733 2181 803 2235 ita
844 2180 969 2247 sint,
998 2195 1155 2235 nemo
1182 2195 1279 2234 nos
1320 2178 1590 2248 improbos
1626 2176 1839 2243 dixerit,

257 2273 378 2330 siin
404 2274 564 2329 vobis
612 2271 967 2327 admonendis
1010 2281 1064 2325 ιιι
1107 2272 1369 2326 contraria
1406 2271 1588 2341 gratim.
1628 2270 1718 2325 Dei
1749 2271 1845 2324 do-

256 2374 419 2436 gmata
445 2364 720 2428 devitetis,
750 2362 1137 2419 necessitudine
1162 2376 1346 2416 sumus
1368 2362 1708 2431 propensiore
1731 2362 1840 2416 sol-

257 2456 401 2513 liciti.
422 2455 559 2512 Nam
594 2457 723 2511 licet
752 2471 848 2509 nos
875 2455 1155 2526 Apostolus
1183 2469 1289 2508 non
1321 2454 1491 2507 solum
1523 2464 1837 2524 opportune,

259 2568 432 2607 verum
477 2552 648 2607 etiam
695 2550 992 2618 importune
1041 2548 1377 2618 praedicando
1428 2547 1590 2601 verbo
1644 2546 1842 2601 instare

259 2642 522 2712 pra‘cipiat
546 2640 626 2711 (ll
670 2640 803 2695 Tim.
834 2657 905 2704 tv,
932 2641 1008 2711 2);
1038 2656 1140 2694 non
1171 2652 1343 2694 tamen
1373 2640 1425 2693 in
1454 2654 1639 2694 eorum
1667 2638 1841 2693 homi-

262 2749 377 2788 num
404 2749 639 2788 numero
668 2747 764 2786 vos
797 2731 1073 2795 habemus,
1100 2730 1292 2801 quibus
1330 2744 1507 2783 sermo
1546 2730 1627 2784 vel
1654 2730 1840 2799 pagina

261 2836 430 2881 nostra
453 2826 767 2895 importuna
793 2823 1048 2885 videatur,
1081 2821 1293 2893 quando
1320 2821 1371 2874 id
1397 2820 1537 2891 quod
1562 2820 1625 2874 ad
1656 2836 1839 2875 sanam

262 2915 545 2970 doctrinam
575 2930 686 2970 non
715 2914 961 2984 pertinet,
986 2928 1081 2968 vos
1121 2923 1178 2967 ut
1215 2912 1494 2982 vigilanter
1534 2911 1741 2966 evitutis
1761 2912 1839 2964 al-

265 3006 537 3076 loquimur.
563 3005 703 3061 Hinc
731 3020 860 3075 ergo
888 3012 971 3058 est
989 3003 1128 3073 quod
1157 3002 1571 3057 admonitionem
1604 3008 1838 3056 nostram

265 3103 361 3150 tam
394 3106 545 3166 grato
588 3097 772 3151 animo
808 3094 1136 3163 suscepistis,
1166 3104 1221 3147 ut
1268 3094 1319 3146 in
1366 3092 1585 3161 epistola
1632 3100 1718 3145 tua
1772 3091 1839 3145 ad

261 3201 572 3256 quamnunc
594 3185 961 3253 rescribimus,
984 3184 1221 3238 diceres:
1255 3183 1392 3237 Sane
1417 3182 1552 3254 quod
1572 3198 1649 3236 ine
1667 3182 1841 3235 horta-

264 3288 338 3332 tur
358 3277 659 3334 Reverentia
690 3287 870 3342 vestra,
895 3293 956 3331 ne
974 3292 1122 3329 aures
1150 3274 1439 3345 indulgeam
1460 3274 1535 3328 his
1557 3272 1839 3326 hominibus

262 3371 340 3438 qui
362 3373 527 3441 pravis
554 3370 855 3425 tractatibus
894 3368 1229 3423 venerandam
1258 3366 1407 3436 ﬁdem
1443 3382 1576 3437 sirpe
1611 3382 1839 3419 corrum-

265 3474 399 3531 punt,
416 3465 613 3535 gratias
635 3462 807 3517 uberes
834 3478 930 3532 ago
952 3472 1054 3515 tam
1080 3460 1179 3530 pia:
1201 3460 1551 3513 admonitioni.

327 3556 376 3611 5.
398 3557 553 3625 Quod
586 3557 769 3625 itaque
793 3554 1035 3625 adjnngis
1058 3561 1112 3608 et
1140 3552 1293 3616 dicis,
1327 3550 1433 3607 Sed
1460 3552 1648 3605 noverit
1672 3567 1839 3605 sacer-

264 3646 441 3701 dotium
468 3660 715 3710 vestrum,
743 3647 888 3715 longe
909 3662 988 3701 me
1013 3662 1073 3699 ac
1098 3644 1452 3699 domunculam
1467 3660 1629 3697 meam
1649 3642 1711 3696 ab
1742 3642 1838 3695 hu-

256 3735 471 3806 jusmodi
505 3737 738 3808 personis
770 3752 875 3790 esse
900 3735 1206 3788 discretam:
1227 3734 1484 3802 omnisque
1512 3732 1708 3801 familia
1738 3748 1835 3786 no-

264 3835 358 3879 stra
381 3829 503 3883 adeo
531 3828 836 3882 catholicam
860 3826 1081 3896 sequitur
1105 3825 1276 3894 ﬁdem,
1294 3832 1347 3877 ut
1375 3826 1429 3877 in
1458 3825 1650 3877 nullam
1676 3825 1835 3878 licere—

264 3918 347 3972 sim
382 3921 659 3991 aliquando
705 3919 992 3983 deviaverit,
1030 3933 1120 3969 nec
1157 3932 1378 3985 unquam
1420 3916 1562 3984 lapsa
1598 3915 1693 3981 sit;
1734 3930 1835 3969 non

264 4010 365 4066 dico
393 4015 442 4067 in
466 4031 551 4068 eos
578 4024 740 4068 sectas
760 4027 872 4081 quae
892 4012 977 4066 vix
1001 4010 1287 4080 expiantur,
1317 4009 1404 4062 sed
1429 4025 1516 4062 nec
1535 4009 1587 4063 in
1606 4025 1692 4063 eas
1722 4024 1836 4077 qua:

269 4120 433 4170 parvos
459 4108 644 4161 habere
673 4107 901 4160 videntur
925 4120 1150 4167 errores;
1180 4102 1283 4157 hoc
1310 4109 1394 4156 est
1424 4101 1563 4172 quod
1592 4116 1689 4156 nos
1717 4117 1833 4155 ma-

266 4193 337 4261 gis
358 4199 629 4268 magisque
657 4196 927 4262 compellit
954 4210 1060 4250 non
1089 4203 1265 4249 tacere
1287 4192 1425 4262 apud
1448 4208 1542 4247 vos
1568 4192 1634 4249 de
1660 4193 1725 4247 iis
1743 4191 1833 4263 qui

266 4285 411 4341 etiam
436 4289 521 4343 illa
564 4305 683 4359 qua:
712 4303 838 4344 Sulla
878 4296 1022 4352 sunt,
1051 4288 1237 4341 vitiare
1284 4295 1563 4340 conantur.
1609 4285 1831 4339 Domum

266 4377 394 4432 enim
422 4391 674 4444 vestram,
700 4395 804 4435 non
835 4395 1049 4449 parvam
1077 4378 1268 4433 Christi
1298 4377 1589 4432 Ecclesiam
1613 4377 1834 4447 deputa-

269 4478 394 4523 mus.
420 4470 527 4527 Nec
555 4486 685 4525 sane
713 4484 908 4539 parvus
933 4478 1017 4526 est
1040 4484 1190 4524 error
1211 4469 1417 4523 illorum
1442 4468 1527 4538 qui
1557 4476 1740 4538 putant
1764 4484 1831 4524 ex

272 4558 410 4617 nobis
433 4562 567 4635 ipsis
596 4578 693 4618 nos
737 4562 931 4618 habere
971 4562 1015 4617 si
1052 4562 1176 4632 quid
1201 4562 1439 4632 justitim,
1467 4562 1827 4627 continentiae,

274 4649 488 4720 pietatis,
515 4655 774 4711 castitatis
804 4655 856 4708 in
890 4654 1041 4709 nobis
1064 4660 1167 4718 est,
1195 4669 1260 4708 eo
1286 4653 1426 4723 quod
1462 4654 1531 4708 ita
1577 4669 1674 4709 nos
1702 4670 1831 4709 con-

272 4738 453 4800 diderit
498 4747 659 4813 Deus,
700 4754 756 4800 ut
800 4746 958 4809 ultra,
1004 4757 1198 4815 prauer
1241 4745 1381 4815 quod
1434 4746 1588 4800 nobis
1630 4746 1831 4801 revelat

272 4832 549 4904 Scientiam,
581 4838 710 4893 nihil
743 4853 839 4892 nos
878 4837 1088 4906 adjuvet
1128 4844 1186 4890 ut
1225 4852 1285 4891 ea
1329 4852 1447 4906 quae
1486 4836 1722 4892 facienda
1749 4838 1832 4894 di-

271 4929 452 4983 scendo
481 4931 742 4994 novimus,
771 4930 929 4985 etiam
970 4928 1235 4996 diligendo
1267 4927 1554 4990 faciamus;
1587 4936 1827 4984 naturam

274 5015 459 5076 scilicet
478 5030 636 5093 atque
660 5021 951 5076 doctrinam
981 5020 1293 5075 deﬁnientes
1322 5020 1687 5075 tantummodo
1706 5034 1830 5078 esse

272 5110 473 5172 gratiam
505 5112 597 5167 Dei
624 5121 679 5169 et
704 5112 1021 5183 adjutorium
1051 5118 1111 5167 ut
1138 5120 1282 5167 recte
1302 5112 1549 5181 justeque
1568 5112 1824 5168 vivamus.

278 5196 345 5249 Ad
384 5198 670 5259 habendam
719 5219 846 5258 vero
890 5206 1079 5257 bonam
1112 5204 1456 5269 voluntatem,
1490 5202 1576 5257 ubi
1607 5212 1689 5256 est
1726 5203 1827 5260 hoc

275 5283 427 5354 ipsum
472 5296 611 5365 quod
650 5296 790 5365 justo
841 5296 1086 5359 vivimus,
1124 5303 1179 5348 et
1224 5295 1334 5365 ipsa
1374 5295 1603 5349 cbaritas
1627 5312 1745 5365 qua:
1773 5296 1824 5351 in

276 5381 497 5439 (tantibus
527 5385 614 5440 Dei
637 5384 791 5441 doni.-
814 5386 883 5440 ita
905 5386 1137 5447 excellit.
1167 5395 1221 5439 ut
1245 5385 1401 5440 etiam
1431 5385 1570 5440 Dens
1596 5385 1735 5440 dicta
1758 5386 1828 5442 sit

276 5464 322 5535 (I
345 5468 490 5528 Joan.
511 5492 586 5541 tv,
617 5476 697 5547 8),
723 5492 825 5547 qua
854 5491 954 5530 una
992 5475 1310 5544 adimpletur
1354 5475 1406 5529 in
1449 5476 1601 5530 nobis
1629 5478 1672 5530 si
1698 5477 1825 5547 quid

277 5556 447 5618 divinae
483 5569 610 5640 legis
652 5577 708 5623 et
750 5568 1123 5631 admonitionis
1172 5567 1471 5636 implemus,
1506 5569 1691 5622 nolunt
1728 5585 1824 5624 nos

276 5646 499 5711 divinitus
522 5660 777 5729 adjuvari,
810 5660 902 5714 sed
947 5675 1043 5714 nos
1080 5659 1223 5728 ipsos
1250 5660 1428 5713 dicunt
1455 5659 1674 5714 arbitrio
1704 5676 1825 5730 pro-

282 5742 380 5805 prio
406 5750 543 5803 nobis
570 5751 634 5805 ad
664 5751 761 5805 ista
792 5749 1056 5805 ειιΐιιοιιιυο.
1090 5750 1201 5803 Nan
1230 5749 1379 5803 vobis
1403 5749 1645 5803 videatur
1672 5766 1822 5805 error

256 5840 259 5843 ’
282 5825 366 5884 iste
386 5840 674 5909 mediocris,
699 5840 929 5910 proﬁteri
958 5855 1017 5894 se
1044 5841 1178 5893 velle
1203 5839 1538 5904 christianos,
1562 5854 1660 5895 nec
1685 5841 1817 5895 velle

1440 414 1919 475 EPISTULARUM
1958 417 2231 475 CLASSIS
2271 420 2354 475 Ill.

3436 435 3542 493 850

1964 533 2147 588 audire
2172 536 2467 605 apostolum
2494 536 2716 602 Christi,
2748 542 2839 611 qui
2882 557 3002 597 cum
3039 543 3281 610 dixisset,
3309 547 3543 605 Charitas

1966 626 2061 682 Dei
2089 629 2277 695 diffusa
2312 640 2383 685 est
2426 632 2476 686 in
2517 633 2750 688 cordibus
2785 636 3002 700 nostris;
3027 653 3095 692 ne
3121 639 3397 709 quisquam
3422 657 3541 697 eam

1963 737 2021 778 se
2049 722 2247 780 habere
2294 727 2503 782 nonnisi
2551 744 2643 799 per
2681 730 2952 799 proprium
2998 741 3204 802 putaret
3243 735 3541 804 arbitrium,

1962 815 2214 869 continua
2235 816 2525 888 subjunxit,
2557 836 2644 887 per
2669 819 2919 890 Spiritum
2945 833 3174 877 sanctum
3196 826 3282 895 qui
3306 826 3454 883 datus
3472 839 3545 883 est

1961 908 2101 962 nobis
2132 906 2304 979 (Rom.
2330 926 2379 976 v,
2411 910 2488 983 5).
2524 910 2666 965 llanc
2692 928 2813 968 esse
2842 928 3087 984 magnam
3113 916 3336 987 gratiam
3361 917 3543 973 &dvao
3568 974 3573 979 ,

1961 1000 2110 1059 toris.
2134 1002 2221 1071 qui
2253 1003 2547 1059 ascendens
2586 1004 2637 1058 in
2683 1006 2844 1059 altum
2872 1006 3154 1076 captivavit
3181 1008 3541 1078 captivitatem

1956 1101 2013 1147 et
2050 1092 2192 1148 dedit
2235 1093 2374 1150 dona
2423 1094 2726 1152 hominibus
2779 1097 2947 1165 (Psal.
3004 1114 3165 1169 LXVII,
3197 1102 3285 1169 l9,
3315 1114 3363 1157 et
3400 1103 3541 1175 Eph.

1956 1198 2030 1250 tv,
2062 1184 2115 1256 7)
2146 1186 2385 1255 quisquis
2428 1186 2662 1243 nondum
2694 1188 2995 1257 conﬁtetur,
3017 1199 3273 1261 quantum
3302 1203 3358 1249 et
3379 1211 3539 1265 quam

1955 1274 2294 1331 exitiabiliter
2316 1286 2474 1335 erret.
2501 1277 2767 1349 intelligis.

2026 1363 2252 1421 CAPUT
2292 1366 2353 1421 li.
2381 1369 2523 1422 —.t.
2554 1369 2832 1437 Quomodo
2876 1386 3005 1441 ergo
3040 1386 3071 1427 a
3114 1373 3296 1441 vobis,
3348 1378 3541 1446 quibus

1954 1462 2153 1509 tantam
2181 1456 2515 1514 dilectionem
2542 1458 2819 1527 debemus,
2841 1461 3189 1520 admonendi:
3217 1475 3272 1519 ut
3299 1466 3421 1521 talia
3449 1481 3541 1522 ca-

1953 1544 2140 1611 veatis,
2165 1544 2502 1602 dissimulare
2530 1563 2829 1619 possemus,
2852 1565 2973 1605 cum
2991 1551 3300 1620 legissemus
3319 1555 3531 1621 librum,

1951 1649 2109 1704 quem
2159 1636 2225 1690 ad
2271 1647 2507 1693 sanctam
2553 1639 2938 1696 Demetriadem
2979 1643 3222 1712 quisnam
3261 1646 3537 1715 scripserit

1953 1722 2053 1796 (a),
2084 1726 2166 1780 vel
2210 1734 2385 1780 utrum
2426 1727 2493 1783 ad
2537 1744 2631 1783 vos
2670 1733 2988 1800 pervenerit,
3015 1734 3205 1789 vestris
3245 1736 3419 1803 potius
3444 1752 3535 1791 re-

1951 1816 2163 1885 scriptis
2192 1832 2349 1873 nosse
2378 1819 2658 1875 volumus:
2686 1822 2736 1875 in
2766 1837 2871 1892 quo
2898 1822 3056 1890 libro,
3083 1823 3126 1877 si
3158 1823 3238 1879 fas
3262 1834 3363 1892 est,
3395 1826 3535 1896 legat

1951 1908 2101 1979 virgo
2124 1908 2319 1965 Christi
2362 1912 2501 1968 unde
2532 1914 2713 1969 credat
2742 1914 3051 1985 virginalem
3091 1930 3240 1971 suam
3282 1920 3535 1975 sanctita-

1950 2009 2079 2068 tem,
2111 2017 2403 2073 omnesque
2423 2004 2725 2074 Spirituales
2754 2007 2985 2072 divitias,
3021 2008 3229 2063 nonnisi
3263 2023 3329 2064 ex
3358 2010 3535 2080 seipsa

1950 2093 2047 2148 sibi
2074 2108 2226 2159 esse;
2257 2104 2414 2166 atque
2443 2097 2533 2163 ita,
2567 2098 2868 2167 priusquam
2908 2100 2978 2152 sit
3015 2098 3320 2168 plenissime
3355 2101 3531 2169 beata,

1950 2186 2120 2241 discat
2167 2188 2274 2242 Deo
2311 2202 2451 2255 esse,
2479 2190 2619 2259 quod
2661 2189 2819 2255 absit,
2849 2190 3072 2261 ingrata.
3104 2190 3271 2246 Verba
3297 2192 3438 2247 enim
3463 2192 3532 2247 ad

1949 2277 2093 2331 illam
2116 2278 2309 2347 scripta
2346 2279 2397 2331 in
2433 2278 2618 2334 eodem
2646 2279 2782 2334 libro
2810 2291 2934 2334 sunt
2973 2280 3070 2335 ista
3101 2298 3115 2331 :
3152 2278 3321 2335 Habes
3344 2298 3462 2352 ergo
3488 2291 3535 2336 et

1949 2366 2049 2432 hic,
2075 2366 2264 2436 inquit,
2296 2385 2384 2438 per
2416 2384 2530 2436 quia
2556 2370 2731 2423 merito
2759 2370 3074 2440 prteponaris
3111 2370 3263 2433 aliis;
3284 2370 3386 2423 imo
3416 2371 3533 2425 hinc

1947 2458 2144 2527 magis:
2170 2474 2287 2511 nam
2309 2459 2587 2529 corporalis
2609 2459 2841 2513 nobilitas
2861 2469 3009 2526 atque
3035 2460 3312 2531 apulentia,
3331 2469 3530 2514 tuorum

1946 2551 2291 2622 intelliguntur
2311 2568 2416 2607 esse
2436 2570 2534 2606 non
2563 2563 2679 2614 tua;
2698 2552 2989 2622 spirituales
3005 2568 3121 2607 vero
3136 2553 3335 2607 divitias
3361 2553 3531 2607 nullus

1948 2642 2032 2696 tibi
2058 2654 2238 2713 prarter
2255 2653 2302 2697 te
2324 2648 2550 2713 conferre
2565 2646 2762 2715 poterit.
2791 2642 2854 2697 In
2878 2643 2957 2697 his
2979 2660 3096 2714 ergo
3108 2644 3230 2715 jure
3246 2642 3527 2707 laudanda,

1945 2735 1997 2789 in
2020 2736 2097 2789 his
2124 2736 2296 2788 merito
2322 2735 2514 2788 ueteris
2538 2734 2852 2804 praeferenda
2876 2750 2945 2797 es,
2973 2749 3088 2801 qua:
3129 2734 3229 2786 nisi
3260 2749 3323 2788 ex
3345 2743 3393 2787 te
3416 2742 3461 2787 et
3477 2734 3532 2787 in

1946 2836 1992 2883 te
2009 2844 2116 2883 esse
2143 2844 2241 2882 non
2263 2836 2470 2897 possunt
2505 2826 2692 2899 (Epist.
2728 2826 2795 2879 ad
2823 2825 3215 2891 Demetriadem,
3238 2840 3286 2879 c.
3320 2825 3437 2894 ii).

2016 2919 2068 2973 5.
2097 2917 2282 2974 Cernis
2311 2932 2500 2986 nempe
2540 2927 2735 2987 quanta
2774 2917 2824 2970 in
2857 2915 2939 2969 his
2964 2914 3140 2970 verbis
3174 2915 3243 2970 sit
3282 2915 3519 2970 cavenda

1946 3009 2226 3079 pernicies.
2253 3007 2382 3061 Nam
2414 3007 2593 3076 utique
2621 3006 2761 3077 quod
2789 3006 2989 3061 dictum
3020 3012 3121 3071 est,
3156 3004 3277 3059 Non
3311 3014 3522 3076 possunt

1946 3115 2050 3154 esse
2089 3100 2185 3152 ista
2228 3099 2356 3152 bona
2382 3099 2479 3152 nisi
2506 3099 2558 3151 in
2590 3108 2636 3152 te
2658 3140 2672 3164 ,
2702 3099 2901 3168 Optime
2930 3106 2985 3153 et
3023 3096 3299 3152 verissime
3322 3097 3523 3151 dictum

1945 3197 2056 3248 est;
2086 3190 2185 3244 iste
2203 3189 2358 3259 plane
2381 3189 2531 3244 cibus
2557 3197 2674 3244 est:
2706 3188 2850 3259 quod
2878 3203 3005 3243 vero
3030 3187 3121 3253 ait,
3148 3186 3347 3241 nonnisi
3373 3203 3437 3242 ex
3455 3196 3525 3249 te,

1945 3278 2047 3334 hoc
2088 3283 2307 3334 omnino
2335 3279 2480 3334 virus
2517 3288 2619 3336 est.
2654 3279 2805 3334 Absit
2848 3288 2905 3333 ut
2940 3279 3053 3333 lucc
3092 3278 3318 3332 libenter
3346 3277 3530 3333 audiat

1947 3370 2098 3441 virgo
2123 3368 2318 3425 Christi
2344 3411 2358 3435 ,
2389 3386 2508 3440 qua:
2537 3370 2622 3440 pie
2651 3370 2895 3439 intelligit
2935 3368 3201 3439 propriam
3246 3378 3529 3440 pauperta-

1944 3469 2052 3517 tem
2080 3461 2259 3516 cordis
2288 3462 2521 3526 humani,
2548 3470 2601 3517 et
2633 3462 2752 3517 ideo
2787 3462 2895 3516 illic
2920 3462 3018 3516 nisi
3045 3461 3225 3531 sponsi
3252 3461 3335 3515 sui
3369 3460 3525 3516 donis

1943 3553 2114 3608 nescit
2128 3552 2325 3606 ornari.
2356 3552 2547 3607 Audiat
2562 3568 2688 3622 ergo
2708 3551 2880 3621 potius
2900 3552 3210 3621 Apostolum
3234 3550 3521 3615 dicentem,

1943 3645 2253 3717 Desponsavi
2284 3660 2368 3701 vos
2396 3646 2484 3699 uni
2513 3645 2638 3707 viro,
2664 3646 2905 3715 virginem
2925 3653 3116 3698 castam
3134 3642 3365 3697 exhibere
3382 3641 3526 3698 Chri—

1942 3746 2039 3792 sto.
2075 3735 2246 3791 Timeo
2265 3746 2433 3791 autem
2457 3753 2518 3790 ne
2542 3736 2667 3789 sicut
2692 3752 2895 3805 serpens
2927 3734 3087 3788 Evam
3110 3734 3306 3789 seduxit
3332 3735 3385 3788 in
3410 3750 3524 3788 ver-

1941 3829 2072 3882 sutia
2091 3844 2183 3881 sua
2203 3870 2218 3893 ,
2246 3827 2318 3881 sic
2342 3836 2389 3882 et
2422 3837 2595 3882 vestra:
2620 3838 2806 3881 mentes
2831 3835 3217 3895 corrumpantur
3242 3841 3274 3878 a
3298 3825 3526 3879 castitate

1941 3934 2053 3987 qua:
2081 3928 2152 3973 est
2177 3919 2231 3972 in
2253 3917 2451 3972 Christo
2477 3916 2552 3987 (ll
2580 3916 2679 3972 Cor
2734 3933 2808 3983 tu,
2840 3916 2895 3971 2.
2927 3915 2994 3986 5)
3020 3934 3033 3967 :
3062 3925 3117 3971 et
3149 3928 3428 3985 propterea
3454 3914 3524 3970 de

1942 4009 2029 4063 his
2052 4023 2262 4077 quoque
2284 4008 2644 4076 spiritualibus
2667 4007 2891 4070 divitiis,
2921 4022 3026 4059 non
3060 4006 3218 4060 istum
3250 4006 3335 4074 qui
3363 4006 3521 4071 dicit,

1942 4099 1996 4154 Ν
2001 4100 2133 4153 ullus
2153 4100 2239 4152 tibi
2263 4115 2347 4153 eas
2370 4112 2550 4169 prceter
2571 4109 2617 4151 te
2637 4103 2867 4167 conferre
2892 4106 3073 4166 potest,
3104 4106 3176 4163 et,
3201 4097 3299 4150 nisi
3321 4114 3384 4151 ea:
3410 4107 3457 4150 te
3471 4107 3521 4152 et

1938 4190 1992 4243 in
2020 4199 2066 4243 te
2084 4206 2189 4244 esse
2214 4206 2313 4243 non
2342 4197 2583 4261 possunt;
2613 4189 2705 4243 sed
2732 4188 2878 4242 illum
2904 4187 3086 4241 audiat
3111 4188 3200 4258 qui
3229 4187 3375 4246 dicit.
3412 4186 3524 4241 Ha-

1938 4281 2107 4335 bemus
2147 4281 2436 4335 thesaurum
2462 4279 2613 4333 istum
2642 4280 2693 4332 in
2719 4280 2848 4333 vasis
2878 4278 3115 4347 ﬁctilibus
3134 4320 3150 4345 ,
3174 4286 3230 4332 ut
3254 4279 3525 4335 eminentia

1937 4370 2132 4425 virtutis
2154 4371 2217 4424 sit
2250 4368 2361 4433 Dei,
2388 4378 2432 4423 et
2459 4386 2559 4423 non
2584 4386 2647 4423 ex.
2672 4368 2813 4423 nobis
2843 4368 2953 4440 (Id.
2982 4384 3055 4437 tv,
3083 4368 3155 4442 7).

2009 4461 2060 4516 6.
2095 4462 2168 4516 De
2189 4461 2301 4531 ipsa
2328 4474 2537 4531 quoque
2562 4474 2709 4515 sacra
2736 4462 3061 4518 continentia
3085 4461 3344 4534 virginali,
3375 4460 3521 4530 quod

1938 4570 2043 4609 non
2071 4555 2169 4609 sibi
2199 4554 2269 4608 sit
2298 4569 2363 4608 ex
2392 4553 2564 4623 seipsa
2586 4595 2601 4620 ,
2638 4552 2731 4609 sed
2772 4552 2843 4609 sit
2887 4554 2976 4609 Dei
3020 4554 3239 4617 donum,
3277 4555 3520 4622 quamvis

1936 4646 2170 4702 credenti
2212 4645 2516 4715 volentique
2544 4645 2835 4713 collatum,
2868 4647 3114 4701 eumdem
3144 4645 3325 4700 audiat
3363 4661 3520 4700 vera-

1936 4752 2051 4791 cem
2099 4737 2349 4806 piumque
2384 4735 2657 4790 doctorem
2679 4776 2693 4801 ,
2724 4751 2812 4805 qut
2847 4751 2966 4790 cum
2998 4734 3119 4787 hinc
3157 4742 3368 4804 ageret,
3396 4734 3471 4789 ait
3501 4751 3516 4788 :

1944 4825 2135 4881 Vellem
2159 4841 2329 4880 omnes
2348 4840 2454 4879 esse
2469 4825 2598 4879 sicut
2626 4827 2870 4896 meipsum
2884 4842 2904 4892 ;
2928 4825 3018 4878 sed
3038 4826 3373 4895 unusquisque
3398 4842 3520 4894 pro-

1937 4917 2104 4987 prium
2144 4914 2331 4970 donum
2369 4914 2515 4970 habet
2551 4933 2582 4969 a
2624 4916 2730 4970 Deo
2749 4956 2766 4981 ,
2794 4917 2925 4968 alius
2957 4915 3029 4968 sic
3048 4956 3064 4979 ,
3096 4916 3227 4968 alius
3250 4925 3416 4968 autent
3444 4918 3518 4969 sic

1933 5006 2128 5080 (lCor.
2155 5021 2252 5072 vn,
2274 5006 2351 5073 7).
2373 5006 2564 5062 Audiat
2583 5009 2743 5062 etiam
2768 5007 2960 5075 ipsum,
2984 5022 3089 5061 non
3114 5016 3313 5062 tantum
3336 5023 3515 5074 suum,

1933 5098 2027 5155 sed
2054 5099 2320 5154 universa:
2349 5098 2601 5155 Ecclesia:
2630 5098 2841 5152 unicum
2880 5112 3164 5166 sponsum,
3195 5098 3263 5153 de
3290 5100 3379 5153 tali
3418 5115 3513 5154 ca.

1933 5193 2111 5246 stitate
2131 5199 2289 5262 atque
2312 5190 2609 5261 integritate
2629 5190 2891 5243 dicentem
2913 5230 2928 5251 ,
2958 5187 3080 5243 Non
3115 5207 3284 5245 omnes
3308 5192 3515 5258 capiunt

1932 5282 2265 5346 verbumhoc,
2294 5282 2383 5336 sed
2406 5282 2585 5352 quibus
2610 5281 2784 5334 datam
2813 5292 2885 5335 est
2910 5281 3117 5353 (Matth.
3158 5298 3268 5347 xIx,
3304 5283 3424 5351 li);
3457 5292 3513 5338 ut

1934 5373 2189 5444 intelligat
2213 5388 2278 5428 ex
2309 5388 2373 5426 eo
2398 5372 2538 5441 quod
2577 5372 2735 5428 habet
2765 5381 2870 5427 tam
2903 5390 3149 5444 magnum
3180 5374 3373 5427 bonum
3422 5384 3502 5429 at-

1930 5480 2034 5534 que
2057 5466 2384 5534 prmclarnm,
2416 5478 2474 5516 se
2501 5463 2673 5533 potius
2705 5465 2814 5518 Deo
2851 5472 2905 5520 et
2928 5465 3148 5519 Domino
3178 5473 3358 5517 nostro
3384 5480 3501 5533 gra-

1932 5556 2031 5609 tias
2057 5569 2215 5623 agere
2243 5553 2459 5617 debere,
2485 5570 2641 5625 quam
2658 5556 2965 5624 cujusquam
2995 5554 3173 5617 verba,
3195 5554 3335 5621 quod
3369 5556 3513 5625 velut

1992 5665 2066 5727 (a)
2084 5664 2326 5728 Pelagium
2343 5662 2452 5728 libri
2468 5666 2613 5727 hujus
2629 5668 2912 5728 scrirtorem
2931 5676 3043 5714 esse
3063 5664 3277 5728 agnoscit
3296 5667 3490 5728 augusti

1929 5716 2020 5800 nus
2038 5716 2082 5798 in
2106 5716 2269 5798 libfde
2289 5716 2649 5800 Qratiatbi‘isti,
2671 5740 2715 5775 c.
2728 5716 2858 5800 Eget
2872 5740 3029 5800 seqq,
3044 5716 3305 5800 eidemque
3323 5716 3516 5800 υἷοξίηὲ

1929 5790 2176 5897 tribuni}?
2216 5787 2535 5851 Apologetjoo.
2561 5796 2721 5840 Exstat
2758 5786 2881 5837 liber
2913 5786 3005 5836 iste
3042 5789 3119 5837 hic
3147 5789 3196 5837 iu
3221 5786 3510 5850 Appenaice,

1948 5859 2069 5912 ~ptst.
2133 5880 2172 5897 ..
