3990 6378
574 431 673 488 851

558 557 640 598 ex
669 542 839 613 seipea
869 543 921 598 id
942 543 1163 612 habent,
1194 552 1251 599 ut
1279 560 1382 599 non
1406 544 1652 599 dicamus
1680 546 2001 599 asseutantis
2027 544 2161 597 adu-

571 636 967 699 latorie,~nede
992 638 1214 692 occultis
1255 638 1523 691 hominum
1559 650 1757 693 temere
1780 640 2034 708 .jndicare
2077 640 2158 695 vi-

548 730 815 795 ‘deemur,
828 736 983 785 certe
1004 730 1233 785 errantis
1256 728 1541 784 landatoris
1564 731 1947 787 audite-Omne
1962 737 2161 803 quippe

571 822 747 877 datum
772 824 1040 892 optimum,
1056 833 1110 877 et
1134 838 1281 878 omne
1306 823 1497 877 donum
1524 828 1805 895 perfectum
1823 867 1837 891 ,
1872 827 2006 879 sicut
2031 828 2160 882 dicit

546 915 730 971 ﬁliam
744 916 1029 987 -ψιθῑοιυε
1052 914 1296 971 Jacobus
1308 942 1339 982 ,-
1354 916 1621 971 desursum
1638 928 1722 973 [est
1738 960 1751 982 ,
1794 920 2159 973 descendensa

566 1004 1004 1061 «Petulantium
1028 1006 1261 1077 (Jacobi
1297 1023 1335 1071 ι,
1372 1007 1467 1076 ¹17)
1501 1025 1513 1059 :
1552 1008 1673 1062 hinc
1712 1025 1841 1077 ergo
1884 1020 1938 1063 et
1974 1022 2155 1065 Sancta

562 1099 845 1169 virginitas
862 1139 878 1163 ,
899 1113 1002 1167 qua
1028 1107 1096 1155 te
1108 1099 1235 1153 ~ii|ia
1252 1100 1529 1155 volentem
1545 1103 1979 1172 gaudentemque
1994 1105 2153 1171 vicit,

566 1201 691 1247 natu
718 1192 1008 1261 posterior,
1034 1200 1154 1247 actu
1178 1195 1343 1262 prior,
1360 1206 1568 1263 tgna-re
1594 1211 1655 1251 ex
1676 1207 1742 1249 te
1762 1239 1774 1253 .
1798 1196 2004 1252 honore
2022 1208 2155 1253 ante

564 1292 651 1347 te.
684 1284 1207 1355 aetate-subsequens
1227 1326 1243 1352 ,
1263 1288 1557 1342 sanctitate
1584 1289 1893 1355 prmceilens
1920 1306 1932 1351 ;
1960 1290 2010 1343 in
2053 1305 2153 1361 qua

562 1376 725 1433 etiam
742 1379 1256 1449 inmutassem“
1278 1380 1423 1449 quod
1450 1381 1517 1432 ’ὅτι
1562 1392 1614 1435 te
1648 1396 1772 1437 esse
1810 1394 1913 1435 non
1962 1386 2151 1451 potuit.

544 1470 1185 1541 .lllatqnippe'carnaliter
1208 1488 1312 1526 non
1334 1473 1537 1539 nupsit,
1573 1484 1629 1528 ut
1661 1490 1765 1528 non
1799 1482 1996 1530 tantum
2028 1478 2149 1545 sibi,

542 1562 656 1617 τευά
686 1563 846 1617 etiam
870 1561 977 1618 ‘libi
1019 1563 1154 1618 ultra
1190 1572 1245 1619 te
1286 1565 1631 1632 spiritua‘liter
1658 1577 1987 1636 augeretur:
2016 1585 2152 1639 quo-

562 1656 784 1710 niam'et
812 1660 1421 1727 tu-ea-mmpensatinne
1446 1661 1659 1713 minOr‘
1689 1660 1776 1715 illa
1806 1674 1885 1726 es,
1906 1664 2052 1730 quod
2080 1664 2151 1718 ita

544 1747 874 1815 't'mpsisti’ut
897 1756 1229 1803 nasceretur.
1261 1750 1383 1804 Hzec
1409 1752 1501 1805 Dei
1534 1752 1669 1805 dona
1713 1763 1864 1816 sunt,
1892 1764 1946 1809 et
1975 1766 2149 1810 vestra

560 1839 776 1908 quidem
799 1848 941 1901 sunt,
964 1839 1057 1893 sed
1089 1855 1193 1894 non
1219 1856 1284 1896 ex
1317 1843 1505 1897 vobis:
1540 1843 1745 1899 habetis
1769 1846 1909 1899 enim
1930 1847 2147 1903 thesau-

560 1940 681 1984 rum
713 1930 872 1985 istum
902 1931 1204 1987 in'terrenis
1224 1933 1536 2004 corporibus
1555 1979 1569 1997 ,
1596 1946 1650 1990 et
1677 1938 1851 1992 adhuc
1876 1939 2151 2004 uagitibus

556 2028 813 2093 tanquam
843 2023 894 2077 in
924 2024 1067 2079 vasis
1108 2024 1356 2079 lictilibns
1379 2068 1393 2091 ,
1422 2036 1481 2080 ut
1508 2029 1793 2083 eminentia
1833 2030 2039 2085 virtutis
2079 2034 2149 2087 sit

560 2116 689 2181 Dei,
715 2124 769 2170 et
790 2128 911 2170 non"
924 2131 988 2171 ex
1012 2118 1184 2173 vobis.
1216 2119 1323 2175 Nec
1360 2122 1625 2176 miremini
1648 2166 1662 2187 ,
1689 2125 1814 2192 quia
1840 2124 2149 2181 dicimuset

554 2216 735 2264 vestra
752 2222 903 2273 esse,
932 2220 985 2265 et
1009 2220 1073 2267 ex
1100 2213 1249 2267 vobis
1272 2228 1373 2267 non
1393 2228 1512 2271 esse
1543 2234 1556 2270 :
1580 2232 1701 2270 nam
1726 2216 2148 2287 et'p'tmem'qno-

542 2303 815 2358 'tidianum
846 2304 1080 2359 dicimus
1109 2312 1348 2361 nostrum
1367 2349 1381 2371 ,
1416 2310 1508 2361 sed
1542 2318 1715 2364 tamen
1741 2311 1986 2365 addimus
2009 2353 2023 2376 ,
2046 2310 2148 2367 ιλῦα

554 2397 699 2450 nobis
732 2395 982 2468 (*Luc.'x1,
1011 2398 1179 2467 3),‘ne
1211 2410 1425 2469 putetur
1446 2418 1564 2457 esse
1585 2420 1647 2457 ex
1674 2405 1841 2458 nobis.

625 2488 679 2542 7.
726 2488 956 2545 Proinde
1002 2492 1140 2546 sicut
1176 2494 1429 2561 scriptum
1475 2504 1571 2555 est.
1619 2496 1743 2549 Sine
1778 2498 2148 2554 intermissione

553 2580 798 2646 θῆαι-,ὅγε
842 2583 1073 2637 carnibus
1106 2586 1301 2655 ’gratins
1334 2587 1467 2655 agite
1506 2589 1522 2647 (
1542 2587 1559 2641 l
1591 2586 1750 2641 Thess
1799 2605 1849 2651 v,
1874 2591 1969 2651 ’17,
2012 2591 2097 2660 l8)
2129 2611 2141 2646 :

551 2676 716 2731 oratis
747 2680 887 2733 enim
908 2690 960 2734 nt
980 2692 1403 2751 perseveranter
1427 2693 1480 2738 et
1507 2685 1843 2751 prolicienter
1864 2688 2141 2753 habentis;

549 2769 749 2839 gratias
780 2772 932 2839 agitis
953 2816 967 2839 ,
1002 2774 1123 2842 quia
1168 2790 1270 2828 non
1304 2792 1366 2829 ex
1396 2777 1548 2831 vobis
1591 2780 1814 2833 habetis.
1845 2781 1973 2849 Quis
2000 2784 2141 2836 enim

549 2874 646 2916 vos
668 2862 733 2915 ab
761 2862 845 2917 illa
870 2878 932 2917 ex
968 2863 1135 2919 Adam
1162 2881 1336 2921 massa
1366 2870 1550 2922 mortis
1579 2871 1998 2943 perditionisque
2032 2874 2144 2928 dis-

550 2951 966 3010 ‘cernit?Nonne
996 2954 1083 3009 ille
1111 2958 1197 3027 qui
1216 2959 1382 3013 ‘vcnit
1412 2972 1651 3030 qnmrere
1678 2970 1730 3015 et
1756 2964 1963 3017 salvare
2002 2965 2143 3033 quod

542 3046 779 3115 perierat
811 3038 975 3113 (’Luc.
1008 3064 1131 3116 six,
1173 3050 1317 3117 l0)?
1364 3053 1439 3104 An
1479 3066 1606 3106 vero
1634 3055 1846 3121 quando
1892 3057 2144 3124 Apostolo

547 3130 759 3191 dicente
786 3139 1009 3192 audierit
1032 3139 1365 3206 homo,'Quis
1390 3145 1519 3197 enim
1542 3154 1594 3198 te
1620 3146 1891 3200 discernit?
1916 3162 2142 3217 respon-

547 3243 706 3283 surus
752 3238 869 3294 est,
896 3224 1056 3285 "Bona
1102 3236 1345 3289 voluntas
1380 3251 1491 3290 mea
1518 3278 1533 3301 ,
1579 3238 1707 3291 ﬁdes
1737 3247 1869 3293 ‘mea
1898 3284 1908 3299 ,
1938 3241 2140 3311 justitia

544 3322 687 3384 mea,
723 3329 775 3375 et
819 3338 922 3374 non
960 3324 1213 3377 continuo
1243 3327 1381 3395 quod
1411 3327 1648 3393 sequitur
1677 3331 1969 3394 auditurus,
2006 3334 2142 3397 Quid

547 3412 678 3466 enim
709 3413 860 3467 habes
884 3415 1018 3484 quod
1052 3432 1151 3469 non
1188 3418 1462 3486 accepisti?
1490 3419 1549 3473 Si
1578 3431 1744 3472 autem
1785 3431 1831 3474 et
1872 3426 2136 3494 acrepisti,

549 3504 673 3575 quid
698 3506 932 3575 gloriaris
962 3507 1107 3576 quasi
1128 3524 1225 3560 non
1248 3509 1498 3577 acceperis
1535 3508 1576 3575 (i
1608 3508 1724 3564 Cor.
1754 3528 1823 3574 tv,
1852 3510 1905 3583 7)
1929 3513 1952 3565 ?
1979 3513 2139 3568 Nolu-

550 3614 669 3651 mus
693 3616 819 3669 ergo
850 3608 909 3653 ut
937 3599 1082 3670 virgo
1108 3616 1256 3655 sacra
1278 3643 1291 3666 ,
1324 3616 1442 3655 cum
1486 3603 1631 3657 audit
1668 3607 1750 3656 vel
1785 3606 1906 3673 legit
1926 3650 1936 3665 ,
1956 3605 2139 3676 Spiri-

546 3688 713 3743 tuules
744 3690 944 3743 divitias
978 3694 1149 3744 nullus
1178 3693 1263 3746 tibi
1294 3704 1475 3763 printer
1506 3706 1551 3748 te
1580 3698 1812 3764 conferre
1836 3700 2016 3767 poterit
2049 3700 2138 3753 :in

544 3779 608 3833 iis
643 3779 763 3851 jure
792 3781 1081 3849 laudanda,
1113 3784 1164 3837 in
1193 3784 1255 3838 iis
1284 3786 1457 3837 merito
1490 3788 1680 3840 ueteris
1721 3788 2035 3858 proferenda
2062 3806 2132 3855 es,

547 3887 664 3941 qua?
684 3873 783 3925 nisi
799 3889 861 3927 ea:
877 3883 923 3927 te
940 3883 989 3928 et
1010 3874 1060 3927 in
1090 3884 1135 3928 te
1156 3892 1259 3931 esse
1275 3893 1374 3930 non
1403 3886 1607 3946 possunt
1624 3897 1640 3929 :
1654 3879 1899 3932 nolmnns
1921 3888 2137 3948 prorsus

544 3963 615 4019 ita
645 3965 905 4034 glorietur
940 3967 1090 4035 quasi
1131 3984 1233 4021 non
1272 3970 1554 4037 acceperit.
1602 3968 1751 4024 Dicat
1786 3970 1996 4039 quidem
2020 4013 2034 4035 ,
2067 3971 2134 4026 In

542 4074 622 4111 me
648 4066 782 4124 sunt,
814 4056 972 4125 Deus,
998 4069 1110 4113 vota
1129 4068 1235 4123 tua,
1253 4076 1366 4132 quia
1386 4063 1593 4115 reddam
1625 4062 1790 4115 laudis
1812 4064 1831 4094 ²
1853 4064 1940 4116 tibi
1960 4060 2127 4134 (l’sal.

543 4165 633 4215 ιν,
664 4150 752 4220 12)
783 4168 796 4202 :
826 4150 918 4206 sed
946 4152 1067 4221 quia
1097 4152 1146 4206 in
1172 4152 1281 4217 illa,
1310 4168 1414 4207 non
1446 4153 1605 4208 etiam
1639 4170 1699 4209 ex
1730 4156 1835 4217 illa,
1868 4158 2131 4213 memine-

540 4242 611 4295 rit
639 4243 797 4296 etiam
834 4243 1013 4298 dicere
1036 4285 1052 4311 ,
1092 4243 1336 4309 Domine,
1367 4247 1420 4299 in
1450 4247 1704 4301 voluntate
1733 4258 1817 4302 tua
1854 4252 2131 4319 prirstitisti

540 4336 710 4390 decori
736 4352 844 4389 meo
864 4338 1097 4391 virtutem
1121 4328 1289 4410 (Psal.
1318 4356 1471 4405 xxxx,
1495 4341 1551 4409 8)
1579 4360 1589 4394 :
1615 4343 1733 4412 quia
1753 4345 1851 4397 etsi
1879 4346 2035 4398 etiam
2063 4360 2127 4401 ex

544 4429 629 4482 illa
664 4438 878 4496 propter
904 4428 1178 4484 arbitrium
1216 4430 1485 4501 proprium
1515 4432 1629 4485 sine
1661 4446 1774 4502 ‘qno
1806 4451 1908 4488 non
1938 4452 2126 4504 opera-

544 4535 664 4572 mnr
699 4518 893 4573 bonum
920 4560 934 4583 ,
979 4535 1082 4573 non
1124 4528 1298 4575 tamen
1341 4522 1476 4575 sicut
1506 4523 1604 4577 iSte
1643 4522 1796 4588 dixit,
1841 4526 2039 4578 nonnisi
2067 4545 2129 4582 ea:

537 4610 651 4665 illa.
680 4609 961 4680 Proprium
987 4612 1183 4683 quippe
1210 4612 1488 4668 arbitrium
1518 4614 1619 4668 nisi
1652 4610 1744 4669 Dei
1774 4618 1941 4687 gratia
1972 4618 2125 4684 juve-

537 4711 645 4769 tur,
676 4718 775 4759 nec
804 4704 915 4774 ipsa
957 4706 1093 4759 bona
1138 4707 1379 4760 voluntas
1414 4722 1531 4762 esse
1575 4708 1627 4761 in
1672 4711 1885 4764 nomine
1928 4721 2121 4781 potest.

536 4797 678 4853 Deus
703 4809 776 4854 est
801 4800 932 4854 enim
954 4842 970 4865 ,
1002 4799 1167 4871 inquit
1188 4802 1494 4873 Apostolus,
1523 4802 1610 4872 qui
1633 4813 1869 4872 operatur
1897 4796 1947 4857 in
1991 4805 2125 4860 vobis

540 4899 587 4942 et
612 4890 756 4949 velle,
780 4900 826 4944 ct
848 4892 1069 4963 operari,
1097 4910 1188 4963 pro
1205 4892 1334 4946 bona
1352 4894 1602 4947 voluntate
1624 4892 1880 4968 (Philipp.
1910 4890 2013 4962 ιιίί
2024 4895 2081 4972 3)
2106 4916 2121 4954 :

482 5050 487 5058 .
537 4996 669 5048 non,
701 4984 838 5039 sicut
860 4984 944 5040 isti
973 4986 1229 5051 sentiunt,
1257 4988 1622 5043 tantummodo
1650 4988 1926 5045 scientiam
1966 5007 2121 5048 reve-

536 5074 717 5138 lando,
742 5086 802 5131 ut
822 5077 1123 5133 noverimus
1148 5079 1270 5149 quid
1296 5079 1470 5136 facere
1497 5080 1818 5148 debeamus;
1846 5082 1938 5139 sed
1962 5085 2121 5141 etiam

536 5168 848 5240 inspirando
872 5170 1182 5227 charitatem
1202 5210 1219 5240 ,
1246 5184 1305 5228 ut
1328 5189 1388 5229 ea
1416 5189 1533 5245 quae
1562 5174 1815 5230 discendo
1841 5176 2115 5246 novimus,

535 5267 696 5320 etiam
729 5262 995 5336 diligendo
1022 5264 1292 5323 faciamus.

604 5356 661 5414 8.
685 5357 814 5413 Nam
841 5358 1021 5429 utique
1049 5368 1269 5414 noverat
1312 5360 1403 5416 ille
1442 5376 1598 5430 quam
1637 5377 1883 5431 magnum
1921 5364 2120 5421 bonum

533 5461 675 5505 esset
702 5452 1025 5508 continentia
1052 5454 1139 5523 qui
1159 5451 1386 5515 dicebat,
1410 5452 1473 5508 Et
1498 5474 1610 5509 cum
1630 5456 1805 5510 scirem
1834 5458 1951 5529 quia
1976 5476 2118 5513 nemo

535 5554 693 5617 potest
724 5563 831 5601 esse
869 5548 1149 5610 continens,
1196 5547 1295 5601 nisi
1322 5546 1459 5602 Deus
1501 5550 1600 5602 det.
1628 5550 1742 5605 Non
1783 5551 1952 5603 solum
1992 5569 2118 5623 ergo

533 5638 735 5693 sciebat
762 5648 1020 5710 quantum
1051 5648 1199 5697 esset
1226 5640 1328 5697 hoc
1349 5641 1565 5703 bonum.
1598 5651 1653 5696 et
1676 5658 1831 5711 quam
1859 5644 2121 5700 desidera-

589 5791 607 5857 ξ
630 5796 766 5857 t.o_v_.,
790 5792 965 5857 major.
992 5792 1083 5857 sed
1100 5790 1279 5845 melius
1299 5793 1380 5857 alii
1402 5797 1513 5845 Edd.
1539 5806 1591 5849 et
1606 5806 1743 5857 Mss,
1772 5798 1942 5850 minor.
2148 5836 2151 5841 .

588 5853 609 5933 ξ
632 5850 770 5933 βίῳ-η
787 5850 1154 5933 ιξιέιξςῖςιξὶιζτξ-ᾼῐ
1172 5861 1302 5916 Mss,
1328 5855 1487 5910 laudis
1507 5861 1604 5933 ybi.
1621 5850 1758 5923 juxta
1779 5876 1989 5923 grmcnm
2014 5872 2121 5915 tex-

528 5924 613 5964 um
636 5926 757 5972 axx,
786 5915 1002 5968 animos
1021 5927 1124 5967 sou.

1775 430 1811 483 S
1874 424 2241 483 AUGUSTINI
2286 429 2582 487 EPlSCOPl

2273 542 2450 597 biliter
2479 558 2620 601 esset
2654 551 3161 619 Concupiseemlum,
3196 572 3367 609 verum
3395 561 3539 624 etiam
3567 568 3683 632 quod
3709 574 3783 624 um

2262 636 2427 689 dante.
2472 641 2578 694 Deo
2613 657 2734 696 esse
2767 660 3079 713 noniposset
3113 666 3124 700 :
3154 647 3399 705 docuerat
3427 654 3554 706 enim
3586 676 3688 712 eum
3721 677 3784 715 sa-

2264 729 2499 797 pientia;
2536 748 2654 786 nam
2693 733 2797 790 hoe
2825 738 2970 795 dicit,
3005 738 3069 791 Et
3111 740 3202 792 hoc
3243 743 3404 810 ipsum
3435 758 3531 797 erat
3558 754 3785 822 sapientite,

2246 825 2400 876 .~scire
2429 829 2573 895 cujus
2600 841 2726 881 esset
2749 832 2842 884 hoc
2869 835 3077 885 (Ianum.
3107 834 3213 887 Nec
3234 846 3409 891 tamen
3433 841 3473 890 ei
3497 842 3684 897 scientia
3707 849 3789 902 sui-

2264 913 2433 979 »ieeit;
2469 918 2560 971 sed
2589 919 2663 972 ait
2691 939 2702 972 :
2734 923 2852 975 Adii
2882 924 3170 981 Uotttitmm.
3198 937 3239 979 et
3267 928 3547 998 deprecatus
3566 952 3664 987 sum
3679 938 3787 993 illuni

2252 1007 2425 1080 -(Sap.
2456 1027 2571 1077 vm,
2603 1012 2713 1081 2i).
2740 1014 2853 1069 Non
2880 1018 3038 1087 igitur
3061 1022 3419 1075 tantumnuulo
3444 1021 3491 1075 in
3510 1024 3600 1078 hoe
3620 1044 3699 1082 nos
3718 1032 3791 1084 ad-

2244 1099 2409 1168 juvat
2434 1101 2591 1162 Deus.
2615 1114 2667 1157 ut
2688 1105 2920 1161 sciamus
2940 1110 3063 1179 quid
3088 1113 3344 1174 agendum
3367 1113 3450 1175 sit,
3481 1131 3646 1171 verum
3663 1123 3787 1176 etiam

2267 1202 2322 1245 nt
2348 1195 2579 1247 amando
2605 1200 2989 1268 agatnusquod
3018 1202 3272 1256 discendo
3300 1203 3407 1271 jam
3438 1208 3635 1264 scimus.
3658 1211 3790 1268 Nemo

2260 1285 2445 1354 itaque
2493 1297 2660 1353 potest
2702 1306 2821 1345 esse
2870 1309 2973 1345 non
3016 1295 3183 1347 solum
3216 1297 3408 1361 sciens,
3456 1314 3622 1353 verum
3661 1308 3787 1360 etiam

2248 1378 2563 1437 'cmitinens.
2605 1383 2702 1435 nisi
2740 1383 2877 1437 Deus
2906 1384 3013 1439 det.
3048 1385 3199 1440 Unde
3224 1404 3343 1442 cum
3370 1390 3475 1460 jam
3514 1392 3789 1453 ille-haberet

2235 1471 2906 1542 -scientiampprecabatur
2934 1488 2988 1530 ut
3020 1477 3237 1534 haberet
3266 1492 3319 1535 et
3362 1485 3722 1555 continentiun,
3748 1502 3791 1546 ut

2251 1572 2403 1615 esset
2423 1563 2579 1616 etiam
2610 1566 2661 1617 in
2690 1566 2783 1618 illo
2798 1568 2940 1636 quod
2965 1570 3168 1623 sciebat
3188 1574 3303 1637 quia
3336 1589 3437 1627 non
3464 1587 3593 1629 esset
3615 1594 3669 1631 ex
3690 1580 3787 1633 illo:

2256 1662 2350 1705 aut
2381 1654 2423 1706 si
2455 1666 2671 1723 prepter
2697 1656 2918 1711 libermn
2952 1662 3233 1715 arbitrium
3257 1704 3270 1722 ,
3303 1667 3561 1734 proprimn
3597 1669 3791 1738 aliquan-

2248 1752 2370 1797 tum
2399 1754 2453 1799 et
2476 1760 2542 1799 ex
2575 1746 2683 1807 illo,
2716 1764 2822 1802 nun
2854 1758 3026 1804 tamen
3054 1752 3151 1805 nisi
3178 1770 3242 1806 ex
3276 1755 3391 1815 illo;
3421 1761 3533 1824 quia
3566 1775 3698 1813 nemo
3719 1778 3791 1829 po-

2256 1842 2359 1888 test
2389 1850 2507 1889 esse
2534 1841 2815 1893 continens
2835 1882 2849 1907 ,
2883 1842 2984 1895 nisi
3014 1844 3150 1898 Deus
3177 1844 3285 1898 det.
3308 1844 3415 1899 Iste
3443 1858 3606 1903 autem
3632 1851 3687 1905 de
3709 1856 3789 1922 spi-

2256 1925 2534 1981 ritualibus
2575 1930 2816 2012 divitiis,
2859 1934 2910 1987 in
2954 1936 3149 2005 quibus
3195 1947 3279 1991 est
3320 1940 3496 2008 utique
3540 1943 3678 1996 etiam
3704 1944 3788 2012 ipsa

2256 2024 2517 2080 luminosa
2550 2037 2604 2081 et
2629 2030 2868 2096 Speciosa
2900 2033 3253 2098 eonlinentia,
3288 2049 3390 2086 nou
3417 2036 3503 2097 ait,
3534 2035 3584 2089 ln
3609 2047 3651 2089 te
3671 2047 3715 2089 et
3735 2054 3787 2092 ex

2248 2124 2307 2171 zte
2330 2133 2449 2173 esse
2480 2128 2700 2187 possunt
2727 2138 2737 2173 :
2767 2122 2857 2175 sed
2882 2124 2970 2181 ait.
2996 2125 3094 2177 nisi
3112 2142 3174 2179 ea:
3195 2136 3243 2177 te
3262 2136 3307 2179 et
3336 2128 3386 2179 in
3412 2138 3456 2179 te
3475 2146 3573 2181 esse
3594 2146 3791 2197 nonpos-

2226 2222 2404 2277 izsnnt;
2436 2224 2486 2265 nt
2517 2216 2961 2282 quemadmodum
2994 2236 3095 2270 non
3126 2222 3176 2273 ci
3202 2230 3331 2274 sunt
3359 2222 3476 2274 alibi
3506 2224 3597 2277 nisi
3622 2224 3786 2291 inilla,

2251 2303 2330 2357 sic
2372 2305 2421 2357 ei
2465 2320 2568 2360 non
2599 2308 2812 2362 aliunde
2842 2309 2939 2360 nisi
2966 2325 3028 2362 ex
3063 2310 3146 2362 illa
3189 2326 3311 2365 esse
3344 2327 3493 2380 posse
3528 2313 3787 2380 credantur,

2242 2404 2311 2449 et
2348 2395 2419 2448 ob
2461 2396 2560 2449 hoc
2604 2397 2783 2467 (quod
2832 2401 3115 2453 miseratur
3160 2401 3415 2455 Dominus
3454 2419 3481 2454 a
3523 2405 3667 2458 corde
3700 2404 3789 2473 ejus

2246 2492 2487 2545 avertat!
2516 2490 2534 2561 )
2566 2492 2641 2545 sic
2666 2492 2937 2561 glorietur,
2968 2494 3115 2561 quasi
3146 2509 3249 2546 non
3278 2496 3552 2563 acceperit.

2324 2583 2550 2637 CAPUT
2593 2583 2679 2637 Ill.
2712 2612 2782 2623 ——
2809 2584 2862 2637 9.
2900 2584 2963 2637 Et
2991 2600 3087 2637 nos
3115 2584 3329 2649 quidem
3360 2587 3425 2641 de
3452 2595 3635 2639 sancta:
3661 2586 3787 2656 virgi-

2250 2675 2335 2728 nis
2364 2675 2641 2744 diseiplina
2672 2687 2725 2730 et
2757 2677 3052 2732 humilitate
3082 2678 3371 2731 christiana
3392 2722 3407 2743 ,
3442 2681 3489 2733 in
3516 2696 3608 2747 qua
3634 2680 3789 2734 nutrita

2234 2778 2306 2823 et
2335 2768 2681 2833 educataest,
2714 2770 2813 2824 hoc
2840 2770 3225 2835 existimamus,
3256 2771 3396 2841 quod
3426 2772 3509 2826 illa
3539 2773 3678 2826 verba
3694 2787 3788 2826 cum

2244 2860 2472 2930 tegeret,
2504 2863 2546 2913 si
2579 2870 2751 2915 tamen
2782 2862 2926 2928 legit,
2962 2863 3216 2931 ingemuit
3240 2905 3255 2927 ,
3278 2875 3332 2917 et
3364 2874 3540 2932 peetus
3569 2864 3790 2917 humiliter

2248 2952 2470 3015 tutudit,
2495 2968 2556 3005 ac
2590 2952 2832 3007 fortasms
2858 2967 2905 3007 et
2937 2953 3098 3018 licvit,
3130 2955 3521 3026 Dominamque
3543 2958 3620 3011 cui
3650 2957 3787 3009 dicata

2252 3053 2306 3097 et
2333 3058 2360 3095 a
2391 3060 2496 3111 quo
2522 3046 2846 3097 sanctificata
2872 3056 2955 3099 est
2986 3046 3218 3100 lideuter
3248 3049 3423 3102 oravit
3448 3090 3461 3113 ,
3492 3060 3541 3103 ut
3564 3046 3787 3119 quomodo

2252 3135 2337 3188 illa
2365 3150 2475 3189 non
2497 3145 2620 3189 sunt
2646 3138 2801 3188 verba
2830 3137 3014 3204 ipsius,
3042 3138 3135 3192 sed
3166 3139 3410 3204 alterius,
3444 3141 3510 3193 ita
3532 3156 3627 3194 non
3651 3141 3707 3191 sit
3726 3146 3785 3192 ta-

2220 3256 2229 3265 ο
2251 3226 2316 3280 lis
2338 3238 2392 3279 et
2415 3226 2548 3281 ﬁdes
2568 3228 2701 3295 ejus,
2732 3243 2836 3297 qua
2858 3242 2917 3281 se
2943 3229 3139 3298 aliquid
3172 3228 3374 3284 habere
3399 3231 3573 3285 credat
3589 3272 3603 3295 ,
3620 3229 3684 3283 de
3704 3242 3786 3300 quo

2246 3323 2390 3377 inse
2420 3339 2525 3376 non
2564 3324 2613 3375 in
2660 3324 2886 3376 Domino
2925 3323 3197 3390 glorietur.
3244 3324 3375 3378 Nam
3416 3326 3572 3394 gloria
3608 3324 3785 3392 quidem

2248 3414 2365 3483 ejus
2394 3416 2443 3467 in
2469 3415 2578 3483 ipsa
2600 3424 2703 3479 est,
2737 3430 2840 3468 non
2872 3416 2922 3467 in
2945 3413 3122 3467 verbis
3142 3415 3358 3480 alienis,
3392 3417 3522 3469 sicut
3550 3413 3784 3484 Apostolus

2239 3505 2376 3559 dicit
2403 3523 2417 3559 :
2448 3504 2589 3575 Opus
2608 3515 2947 3557 'autemsuum
2973 3506 3536 3578 probet’unusquisque,
3566 3514 3726 3559 ct-tunc
3745 3505 3783 3555 in

2245 3598 2743 3668 semetipsoyloritrm
2770 3597 2987 3661 habebit,
3011 3608 3054 3651 et
3078 3616 3175 3650 non
3196 3600 3431 3653 iuattero
3448 3598 3627 3669 (Gulat.
3646 3596 3781 3666 vni).

2244 3688 2352 3744 Sed
2380 3690 2517 3743 absit
2554 3690 2813 3760 utgloeia
2847 3705 2939 3743 sua
2971 3691 3087 3759 ipsa
3102 3691 3210 3755 sit,
3256 3702 3311 3745 et
3342 3708 3443 3745 non
3476 3692 3559 3745 ille
3584 3690 3657 3743 cui
3676 3688 3782 3741 dici-

2246 3786 2357 3833 tur:
2384 3779 2557 3833 Gloria
2580 3797 2709 3845 mea,
2743 3791 2787 3834 et
2813 3781 3043 3836 exultans
3063 3794 3213 3850 caput
3260 3800 3425 3837 meum
3446 3782 3606 3852 (Pati.
3633 3778 3778 3847 In,«l)!

2218 3869 2316 3924 ita
2342 3873 2539 3941 quippe
2562 3883 2646 3925 est
2678 3872 2729 3925 in
2758 3886 2817 3926 ea
2845 3873 3132 3927 salubriter
3166 3874 3342 3943 gloria
3373 3875 3512 3943 ejus,
3540 3890 3645 3929 Clllll
3674 3873 3778 3924 Deus

2228 3966 2332 4034 'qui
2350 3966 2405 4017 in
2440 3966 2527 4018 illa
2556 3972 2657 4031 est,
2684 3971 2797 4035 ipse
2822 3975 2903 4019 est
2928 3967 3090 4035 gloria
3112 3968 3251 4035 ejus,
3277 3984 3304 4020 a
3335 3984 3440 4038 quo
3471 3967 3616 4022 habet
3639 3964 3778 4020 omina

2245 4055 2378 4108 bona
2421 4058 2615 4126 quibus
2641 4066 2727 4111 est
2748 4059 2925 4123 bona;
2955 4068 3010 4112 et
3036 4059 3255 4114 habebit
3285 4062 3461 4114 omnia
3484 4060 3662 4129 quibus
3686 4071 3778 4110 mc-

2240 4146 2341 4199 lior
2362 4149 2483 4213 erit,
2500 4150 2551 4201 in
2572 4160 2825 4219 quantmn
2850 4153 2901 4205 in
2924 4150 3027 4204 bac
3058 4151 3379 4205 vitameliur
3397 4167 3517 4207 esse
3531 4151 3720 4220 juuerit;
3738 4157 3777 4201 et

2216 4242 2435 4310 equilius
2462 4242 2690 4311 perfecta
2721 4245 2842 4305 erit,
2871 4244 3081 4311 (plaudo
3113 4242 3273 4298 fuerit
3294 4244 3472 4299 ditina
3498 4245 3669 4313 gratia,
3693 4252 3775 4293 non

2218 4337 2470 4388 'bntiiana
2519 4335 2672 4388 laude
2709 4334 2963 4404 perfecta.
3004 4337 3058 4389 lu
3092 4335 3322 4389 [nulline
3348 4336 3484 4389 enim
3526 4331 3775 4387 laudabitur

2228 4428 2417 4480 anima
2443 4427 2558 4495 ejus
2586 4425 2757 4495 (Paul.
2778 4441 2975 4492 sum,
2996 4424 3075 4493 2),
3104 4428 3190 4495 qui
3218 4427 3430 4479 satiavit
3455 4426 3503 4480 in
3546 4420 3772 4477 benisde-

2230 4520 2492 4574 °sitieritm
2536 4520 2651 4588 ejus
2680 4519 2848 4591 (Psul.
2879 4534 2966 4579 cn.
2996 4522 3083 4587 5);
3108 4520 3235 4588 quia
3264 4532 3316 4572 et
3356 4518 3461 4575 huc
3498 4516 3771 4573 desiderium

2246 4612 2363 4681 ipse
2384 4610 2690 4680 inspiratit,
2718 4627 2791 4665 ne
2818 4612 2963 4681 virgo
2988 4611 3104 4680 ejus
3140 4612 3221 4665 sic
3246 4612 3506 4680 ili-aliquo
3530 4604 3769 4676 magia-

2214 4705 2401 4758 ’rietur
2425 4705 2572 4773 quasi
2604 4718 2708 4757 non
2736 4704 3015 4772 acceperit.

2294 4796 2396 4851 ³10.
2430 4796 2517 4851 De
2539 4800 2639 4851 hoc
2666 4811 2793 4866 ergo
2830 4798 2946 4865 ejus
2964 4793 3161 4850 aﬁ'ectu
3184 4803 3372 4849 utrum
3404 4810 3512 4848 non
3544 4791 3760 4849 fallatur.

2206 4887 2356 4943 *iride
2384 4900 2483 4943 nos
2520 4887 2604 4942 fac
2630 4890 2806 4959 potius
2850 4886 3197 4942 rescribendo
3220 4890 3492 4942 certiores.
3516 4884 3636 4939 Nam
3662 4875 3763 4934 illud

2202 4979 2754 5051 'ppnme~mvimes.
2783 4990 2903 5034 cum
2930 4978 3186 5033 omnibus
3214 4979 3422 5032 vestris
3455 4978 3663 5032 utiliores
3690 4982 3762 5021 *οδ

2205 5076 2350 5129 αδδεδ
2364 5076 2423 5128 ει
2449 5071 2612 5126 fuisse
2632 5071 3227 5127 individum'l‘tinitatls.
3242 5071 3349 5128 Sed
3370 5085 3471 5125 non
3486 5064 3761 5124 biucsolum

2214 5170 2382 5223 Ἤτοι·
2407 5166 2669 5221 humanus
2692 5167 2932 5237 obrepit,
2963 5174 3021 5220 ut
3046 5165 3245 5235 aliquid
3269 5180 3429 5220 secus
3446 5163 3687 5218 sentiatur
3704 5153 3760 5208 de

2204 5259 2505 5314 ‘iudividua
2536 5259 2812 5313 Trinitate.
2835 5258 2973 5312 Sunt
3003 5259 3145 5314 enim
3177 5268 3229 5312 et
3251 5258 3353 5312 alia
3384 5255 3630 5325 inquibus
3656 5261 3757 5317 ρετ-

2206 5352 2587 5408 'nicicsissime
2613 5356 2851 5415 erratur,
2870 5350 3014 5403 sient
3043 5350 3144 5404 hoc
3166 5360 3249 5405 est
3266 5391 3279 5414 ,
3300 5349 3444 5404 unde
3462 5346 3643 5403 diutius
3674 5340 3757 5395 ior-

2228 5453 2371 5500 tassc
2396 5459 2551 5514 quam
2580 5444 2708 5498 satis
2738 5443 3263 5499 esset‘vestrve-tideli
3286 5450 3538 5511 castusque
3565 5433 3756 5508 pruden-

2232 5541 2317 5595 tiae
2371 5540 2423 5593 in
2477 5538 2575 5592 hac
2625 5539 2845 5607 cpistola
2906 5538 3065 5591 locuti
3114 5550 3315 5592 sumus.
3361 5536 3644 5603 Quanquam
3682 5522 3753 5594 qui

2222 5630 2426 5686 bonum
2454 5630 2596 5700 quod
2619 5646 2685 5683 ex
2722 5630 2827 5683 Deo
2854 5638 2955 5695 est,
2982 5639 3136 5699 negat
3154 5645 3277 5683 esse
3294 5644 3362 5682 ex
3386 5628 3505 5691 Deo,
3531 5620 3755 5678 nescimus

2228 5726 2311 5781 cui
2345 5726 2503 5780 faciat
2524 5723 2768 5794 injuriam
2790 5725 2885 5778 nisi
2916 5724 3041 5789 Deo,
3064 5738 3128 5777 ac
3150 5739 3243 5793 per
3264 5723 3362 5776 hoc
3386 5720 3454 5775 illi
3477 5718 3640 5786 utique
3658 5706 3753 5764 Τήν

2166 5836 2167 5839 ‘
2235 5819 2385 5873 nitati
2417 5835 2431 5872 :
2458 5816 2597 5887 quod
2626 5816 2820 5871 malum
2851 5816 2985 5872 absit
3012 5832 3040 5869 a
3070 5816 3244 5882 vobis,
3266 5817 3395 5870 sicut
3424 5815 3594 5868 abesse
3612 5800 3755 5861 credi‘

2236 5914 2382 5971 mus!
2415 5913 2564 5968 Absit
2590 5912 2804 5967 omnino
2832 5920 2886 5967 ut
2913 5912 3018 5967 tale
3045 5909 3244 5978 aliquid
3274 5910 3323 5965 in
3358 5910 3548 5970 animo,
3571 5915 3660 5956 non
3684 5894 3749 5948 ἀί·
