3990 6412
606 339 713 400 855

602 433 873 510 diabolum
904 457 1275 510 certaverunt;
1306 456 1358 503 et
1377 447 1498 518 quia
1519 445 1572 501 in
1601 445 1678 499 eis
1698 461 1802 498 non
1828 442 2067 511 refriguit
2086 455 2187 496 nec

603 545 830 613 defecit,
865 545 982 599 ideo
1009 545 1268 598 vicerunt.
1293 540 1349 594 lit
1371 539 1470 594 hac
1495 553 1680 592 omnes
1706 537 1889 591 ﬁdeles
1915 534 2037 590 boni
2058 550 2190 604 quo-

607 637 739 693 tidie
767 636 1046 705 proficiunt
1064 676 1078 698 ,
1131 633 1409 703 pervenire
1445 630 1720 701 cupientes
1745 644 1848 682 nou
1876 627 1940 680 ad
1965 641 2185 696 regnum

603 728 930 790 mortalium,
962 724 1053 779 scd
1083 723 1148 778 ad
1176 739 1395 792 regnum
1426 722 1717 786 caelorum;
1751 735 1854 774 non
1882 718 1947 772 ad
1985 727 2189 787 tempo—

599 822 768 877 ralem
793 863 807 886 ,
835 819 926 873 sed
948 818 1009 870 ad
1033 818 1408 887 sempiternam
1441 815 1836 878 lurrcditatem;
1869 829 1972 866 non
2003 813 2067 866 ad
2094 826 2188 866 au-

600 928 723 967 rum
757 921 809 966 et
835 919 1130 980 argentum,
1159 907 1251 960 sed
1281 908 1345 961 ad
1378 907 1586 960 divitias
1617 906 2043 976 incorruptibiles
2074 906 2184 959 An-

597 1003 869 1074 gelorum:
905 1015 1007 1054 non
1036 999 1099 1053 ad
1128 998 1302 1069 aliqua
1333 999 1466 1051 bona
1497 997 1651 1068 hujus
1677 998 1854 1052 surculi
1873 1039 1886 1060 ,
1914 999 1965 1049 in
1995 996 2185 1064 quibus

597 1109 719 1150 cum
756 1095 945 1147 timore
971 1091 1192 1154 vivitur,
1224 1106 1323 1146 nec
1358 1106 1418 1145 ea
1461 1090 1737 1160 quisquam
1786 1104 1965 1143 secum
2009 1096 2186 1159 potest

597 1189 805 1243 auferre
829 1187 954 1241 dum
988 1186 1232 1252 moritur,
1264 1184 1356 1239 sed
1387 1184 1452 1238 ad
1483 1183 1766 1238 videndum
1795 1184 1958 1238 Deum
1988 1200 2000 1235 :
2034 1183 2185 1253 cujus

594 1283 830 1336 suavitas
856 1291 907 1334 et
945 1279 1228 1334 delectatio
1261 1278 1468 1333 excedit
1492 1292 1702 1330 omnem
1733 1292 1837 1328 non
1876 1277 2046 1330 solum
2075 1285 2182 1329 ter—

596 1371 849 1426 restrium
870 1412 884 1434 ,
918 1386 1098 1424 verum
1127 1371 1283 1423 etiam
1310 1368 1603 1424 caelestium
1634 1382 1916 1436 corporum
1948 1367 2183 1435 pulchri-

597 1460 1109 1525 tudinem;excedit
1150 1476 1362 1514 omnem
1391 1459 1638 1514 decorem
1694 1459 1987 1511 animarum
2018 1473 2183 1527 quan-

595 1554 842 1610 tumlibet
867 1554 1126 1623 justarum
1157 1563 1317 1622 atque
1358 1560 1659 1607 sanctarum
1685 1568 1699 1614 ;
1726 1549 1931 1605 excedit
1970 1564 2182 1604 omnem

596 1647 831 1716 speciem
888 1659 1239 1712 supernorum
1297 1642 1618 1712 Angelorum
1673 1650 1830 1707 atque
1886 1639 2179 1704 Virtutum;

591 1738 805 1822 excedit
844 1737 1096 1808 quidquid
1141 1736 1207 1792 dc
1253 1735 1344 1790 illo
1370 1751 1473 1789 non
1517 1736 1687 1790 solum
1729 1734 1950 1798 dicitur,
1997 1750 2180 1790 verum

595 1829 757 1884 etiam
791 1829 1068 1895 cogitatur.
1102 1827 1281 1896 Neque
1302 1825 1438 1880 hanc
1464 1835 1568 1879 tam
1602 1842 1844 1895 magnam
1879 1826 2183 1893 promissio-

593 1935 716 1974 nem
739 1962 752 1981 ,
801 1919 920 1986 quia
961 1919 1114 1972 valde
1151 1934 1336 1986 magna
1368 1925 1483 1980 est,
1535 1917 1653 1972 ideo
1680 1917 2042 1985 desperemus,
2087 1916 2181 1971 sed

592 2010 792 2080 potius,
823 2009 942 2078 quia
984 2008 1132 2061 valde
1162 2021 1387 2073 magnus
1413 2022 1528 2060 eam
1562 2006 1801 2073 promisit
1821 2048 1835 2068 ,
1867 2017 2181 2074 accepturos

591 2113 692 2152 nos
726 2113 846 2152 e~se
872 2096 1153 2152 credamus
1186 2115 1198 2149 :
1239 2097 1375 2150 sicut
1414 2097 1554 2150 enim
1580 2095 1707 2148 dicit
1739 2095 1923 2150 beatus
1949 2095 2180 2150 Jonnnes

594 2188 898 2258 apostolus,
948 2187 1073 2241 Filii
1104 2186 1200 2242 Dei
1239 2205 1433 2253 sumus,
1451 2198 1498 2242 et
1542 2188 1764 2241 nondum
1793 2189 2030 2258 apparuit
2058 2187 2181 2258 quid

591 2280 779 2332 erimus
811 2295 829 2332 :
857 2279 1044 2332 scimus
1083 2280 1203 2347 quia
1259 2296 1372 2333 cum
1401 2280 1725 2350 apparuerit.
1758 2279 1946 2332 similes
1993 2279 2037 2331 ei
2078 2279 2178 2332 eri-

591 2384 725 2430 mus,
754 2370 991 2438 quoniam
1018 2369 1292 2423 videbimus
1314 2386 1426 2422 eum
1455 2369 1602 2424 sicuti
1626 2378 1697 2422 est
1725 2368 1767 2436 (l
1791 2367 1946 2422 Joau.
1989 2385 2065 2433 ιιι,
2097 2367 2174 2440 2).

663 2461 718 2515 4.
749 2460 866 2514 Noli
914 2461 1220 2515 existimare
1261 2461 1526 2514 neminem
1577 2460 1687 2514 Deo
1733 2460 1942 2528 placere
1985 2473 2175 2528 posse,

593 2554 681 2624 qui
711 2554 763 2607 in
804 2554 968 2608 armis
997 2553 1201 2608 bellicis
1227 2554 1436 2607 militat.
1469 2553 1525 2607 lu
1569 2551 1654 2607 his
1687 2561 1802 2606 erat
1831 2561 2044 2605 sanctus
2073 2551 2176 2605 Da-

593 2645 722 2713 vid,
763 2646 847 2701 cui
895 2646 1146 2700 Dominus
1179 2657 1280 2700 tam
1331 2662 1576 2714 magnum
1626 2645 1891 2714 perhibuit
1938 2645 2177 2700 testimo-

592 2737 738 2791 nium
770 2754 783 2788 :
817 2737 868 2791 in
917 2737 996 2791 his
1031 2738 1190 2792 etiam
1225 2738 1433 2807 plurimi
1477 2737 1615 2792 illius
1645 2737 1899 2804 temporis
1928 2736 2074 2801 justi.
2121 2733 2176 2790 In

593 2825 679 2881 his
709 2838 818 2881 erat
845 2839 898 2883 et
929 2826 1017 2882 ille
1044 2827 1300 2883 Centurio
1330 2828 1419 2897 qui
1458 2827 1683 2880 Domino
1707 2827 1874 2891 dixit,
1921 2825 2038 2878 Non
2067 2842 2176 2878 sum

591 2917 776 2989 dignus
793 2928 846 2972 ut
864 2919 1017 2973 intres
1036 2919 1128 2973 sub
1154 2928 1337 2973 tectum
1357 2933 1556 2982 meum;
1585 2916 1673 2970 sed
1691 2928 1885 2969 tantum
1909 2915 1991 2969 dic
2009 2914 2174 2981 verbo,

592 3015 642 3062 et
666 3007 925 3062 sanabitur
950 3026 1074 3078 puer
1100 3025 1257 3062 meus.
1290 3006 1426 3060 Nam
1457 3017 1501 3061 et
1528 3023 1618 3078 ego
1646 3008 1794 3059 homo
1824 3024 1932 3058 sum
1962 3004 2051 3058 sub
2081 3021 2173 3072 po-

594 3107 770 3151 testate
788 3100 1113 3163 constitutus,
1146 3099 1332 3153 habens
1352 3097 1444 3153 sub
1469 3113 1546 3151 me
1574 3099 1783 3160 milites,
1812 3108 1857 3151 et
1883 3097 1994 3149 dico
2021 3096 2136 3150 huic
2157 3137 2172 3161 ,

604 3187 769 3248 Vade.
798 3199 844 3242 et
868 3190 1038 3253 vadit;
1065 3200 1111 3243 ct
1141 3190 1262 3254 alii,
1311 3189 1432 3242 Veni
1459 3231 1472 3254 ,
1516 3203 1559 3243 et
1592 3191 1756 3252 venit;
1785 3199 1830 3243 et
1858 3207 1996 3242 servo
2031 3206 2139 3244 meo
2158 3231 2173 3254 ,

594 3278 710 3334 .Fac
736 3281 848 3342 hoc,
881 3289 929 3333 et
956 3281 1076 3351 facit
1104 3296 1123 3334 :
1150 3281 1216 3334 de
1245 3295 1351 3350 quo
1378 3292 1429 3337 et
1457 3281 1730 3342 Dominus.
1761 3281 1917 3335 Amen
1947 3283 2060 3335 dico
2086 3297 2176 3335 vo-

595 3371 693 3433 bis,
722 3387 820 3425 non
846 3371 1012 3425 iuveni
1041 3379 1229 3424 tantam
1254 3372 1405 3440 [idem
1433 3373 1482 3424 in
1523 3371 1690 3426 Israel
1712 3371 1924 3439 (Matth.
1958 3387 2048 3428 vui
2071 3417 2083 3434 ,
2115 3372 2177 3429 8-

597 3461 711 3532 10).
746 3461 800 3514 Ιιι
831 3461 910 3515 his
937 3471 1051 3516 erat
1080 3470 1132 3515 ct
1171 3462 1258 3516 ille
1284 3460 1562 3515 Cornelius
1587 3463 1651 3514 ad
1677 3478 1834 3532 quem
1865 3463 2057 3518 missus
2083 3479 2178 3519 an-

595 3553 748 3625 gelus
774 3552 934 3617 dixit,
967 3551 1168 3606 Corneli
1189 3598 1196 3608 .
1230 3563 1446 3622 accepta:
1482 3565 1594 3606 sunt
1624 3554 1952 3624 elecmosyna:
1973 3564 2071 3606 tute
2090 3595 2105 3618 ,
2131 3563 2179 3608 et

590 3643 848 3698 exaudita:
889 3653 1001 3695 sunt
1046 3645 1295 3698 orationes
1339 3653 1440 3698 tute
1465 3659 1484 3696 :
1512 3643 1601 3698 ubi
1646 3659 1765 3698 eum
1805 3645 2079 3698 admonuit
2121 3655 2179 3699 ut

594 3735 660 3790 ad
700 3736 911 3789 beatum
963 3735 1174 3788 Petrum
1235 3736 1530 3807 apostolum
1579 3736 1845 3802 mitteret,
1889 3745 1942 3790 ct
1983 3737 2051 3790 ab
2088 3736 2180 3790 illo

594 3825 805 3879 audiret
845 3839 964 3891 qua:
1008 3823 1178 3879 facere
1228 3826 1474 3890 deberet;
1518 3825 1584 3879 ad
1631 3841 1785 3894 quem
1837 3827 2176 3895 apostolum,

597 3923 658 3968 ut
684 3913 750 3969 ad
780 3929 901 3968 cum
949 3915 1193 3978 veniret,
1237 3915 1396 3970 etiam
1441 3916 1742 3985 religiosum
1779 3917 2001 3971 militem
2037 3917 2181 3973 misit

601 4004 736 4077 (Act.
762 4021 812 4062 x.
842 4004 987 4074 4-8).
1017 4003 1071 4060 lit
1106 4006 1187 4060 his
1217 4017 1366 4060 erant
1404 4017 1457 4061 et
1501 4007 1572 4061 illi
1607 4008 1695 4076 qui
1725 4008 2018 4078 baptizandi
2056 4024 2177 4063 cum

600 4097 869 4150 venissent
893 4098 956 4148 ad
991 4095 1269 4155 Joannem.
1295 4107 1533 4151 sanctum
1568 4099 1771 4154 Domini
1797 4115 2176 4170 praecursorem

599 4195 654 4241 et
681 4188 909 4241 anticum
935 4189 1136 4257 sponsi,
1166 4187 1232 4241 de
1261 4203 1365 4257 quo
1393 4188 1644 4242 Dominus
1676 4191 1788 4259 ipse
1815 4191 1918 4251 ait.
1952 4189 2015 4244 In
2047 4193 2178 4246 natis

598 4276 865 4331 mulierum
905 4295 1003 4331 non
1037 4279 1255 4332 surrexit
1284 4279 1446 4348 major
1467 4277 1669 4334 Joanne
1704 4280 1934 4350 Baptista
1962 4283 2172 4357 (Matth.

599 4381 672 4428 ιιι,
709 4367 828 4432 Η),
867 4379 919 4420 et
948 4368 1281 4436 quaesiissmtt
1316 4367 1383 4422 ab
1415 4384 1480 4422 eo
1506 4369 1629 4438 quid
1659 4369 1925 4434 facerent;
1959 4388 2178 4440 respon-

600 4453 678 4508 dit
708 4455 784 4509 eis
802 4496 815 4519 ,
863 4454 1124 4510 Neminem
1149 4458 1498 4511 concusseritis
1521 4501 1537 4522 ,
1569 4458 1696 4512 nulli
1720 4460 2023 4513 calumniam
2048 4466 2180 4532 fece-

595 4547 744 4614 ritis;
769 4547 976 4617 sti/[irim
1007 4547 1142 4602 vobis
1178 4549 1480 4617 stipendium
1524 4559 1738 4604 vestrum
1765 4549 1913 4620 (Luc.
1942 4567 2028 4616 ιιι,
2062 4552 2173 4622 14).

593 4640 711 4694 Non
743 4656 836 4696 eos
865 4643 1043 4711 utique
1083 4641 1183 4697 sob
1206 4642 1371 4697 armis
1401 4641 1625 4698 militare
1653 4644 1957 4713 prohibuit;
1986 4644 2176 4715 quibus

597 4749 752 4786 somn
782 4733 1102 4805 stipendium
1131 4735 1378 4790 sufﬁcere
1402 4735 1598 4790 debere
1622 4736 1893 4807 praecepit.

671 4826 722 4881 5.
753 4827 963 4896 Majot-is
991 4827 1204 4898 quidem
1233 4828 1333 4883 loci
1365 4840 1483 4882 sunt
1509 4829 1647 4899 apud
1681 4829 1865 4894 Deum,
1899 4830 1986 4901 qui
2014 4830 2178 4887 nuuti-

599 4917 698 4971 bus
746 4920 857 4974 istis
916 4921 1264 4976 s:ecularibus
1323 4921 1619 4976 actionibus
1668 4921 1969 4990 derelictis,
2015 4924 2175 4978 etiaut

597 5023 802 5064 summa
844 5014 1167 5069 euntiuenua
1208 5015 1466 5069 castitatis
1507 5014 1554 5068 ei
1595 5015 1863 5079 serviunt;
1891 5016 1995 5070 Sed
2017 5033 2175 5072 unus-

598 5099 806 5168 quisque
824 5142 837 5161 ,
867 5103 1003 5157 sicut
1029 5105 1312 5173 Apostolus
1336 5104 1462 5157 dicit
1487 5145 1499 5163 ,
1533 5105 1791 5172 proprium
1816 5106 2002 5159 donum
2031 5107 2175 5161 habet

598 5206 632 5244 a
663 5189 812 5254 Deo;
845 5192 976 5248 alius
1005 5195 1076 5247 sic
1098 5236 1112 5259 ,
1154 5193 1284 5248 alius
1309 5204 1479 5248 autem
1515 5195 1588 5249 sic
1618 5194 1659 5266 (Ι
1679 5196 1794 5249 Cor.
1821 5213 1890 5251 vu
1911 5240 1925 5259 ,
1959 5199 2035 5266 7).
2069 5197 2173 5254 Alii

598 5297 729 5354 ergo
754 5297 848 5354 pro
887 5283 1032 5337 vobis
1061 5286 1260 5338 oramlo
1289 5296 1516 5357 pugnant
1539 5297 1722 5342 contra
1756 5288 2042 5344 invisibiles
2072 5291 2174 5346 itii-

600 5377 791 5432 mieos;
820 5391 914 5424 vos
945 5379 1130 5441 procis
1158 5389 1434 5446 pugnando
1465 5379 1714 5434 laboratis
1735 5391 1916 5434 contra
1940 5381 2176 5437 visibiles

604 5470 745 5523 Ικιι-ιν.
772 5485 874 5520 t'ns.
915 5467 1119 5521 Utinam
1152 5485 1250 5521 una
1285 5471 1413 5523 tides
1437 5484 1577 5525 esset
1608 5473 1656 5525 in
1679 5473 1943 5536 omnibus,
1976 5475 2094 5545 quia
2125 5483 2179 5530 et

598 5565 777 5615 minus
812 5564 1172 5624 laboraretur,
1205 5571 1252 5615 cl
1288 5561 1491 5615 facilius
1535 5565 1774 5617 diabolus
1813 5579 1932 5618 cum
1978 5565 2178 5634 angelis

598 5653 709 5706 suis
747 5653 1082 5707 vinceretur!
1113 5651 1219 5708 Sed
1248 5655 1367 5723 quia
1414 5655 1464 5708 in
1504 5657 1604 5710 hoc
1628 5657 1820 5710 sa:cnlo
1853 5672 2071 5712 necesse
2096 5667 2180 5714 est

603 5748 660 5793 ιιι
682 5740 828 5796 cives
857 5743 1001 5810 regni
1031 5743 1284 5800 cmlortwi
1322 5746 1460 5800 inter
1495 5755 1731 5804 errantes
1756 5755 1808 5802 ct
1837 5747 2024 5816 impios
2063 5756 2176 5804 ten-

1839 329 1895 384 s.
1943 322 2303 382 AUGUSTINI
2343 321 2641 382 EPISCOPI
3733 341 3813 399 επ

2301 441 2589 495 tatiouibus
2615 440 2900 511 agitentur,
2939 450 2999 498 ut
3037 455 3416 513 exerceantur.
3442 457 3493 505 et
3517 459 3735 524 tanquam
3770 460 3811 516 in

2293 529 2513 586 fornace
2537 534 2674 588 sicut
2701 551 2888 588 aurum
2918 537 3205 605 probentur
3231 539 3384 611 (ευρ.
3416 557 3490 607 ιιι,
3517 542 3568 614 6)
3589 585 3602 606 ,
3624 561 3715 601 non
3739 550 3812 606 de.

2294 623 2482 680 bemus
2521 638 2643 680 ante
2684 636 2895 698 tempus
2925 629 3062 684 vclle
3089 645 3208 685 cum
3243 631 3372 686 solis
3400 634 3586 690 sanctis
3613 650 3662 693 et
3690 641 3812 710 iustis

2294 717 2491 783 vivere,
2526 731 2580 772 ut
2614 720 2714 776 hoc
2744 738 2842 775 suo
2872 731 3111 792 tempore
3137 739 3434 780 mereamur
3461 730 3701 799 accipere.

2363 807 2424 862 6.“
2443 810 2552 863 Hoc
2576 827 2702 880 ergo
2732 811 2957 880 primum
2988 815 3182 885 cogita,
3208 816 3421 885 quando
3441 823 3649 875 armaris
3665 825 3719 877 ad
3743 843 3813 895 [ιη.

2291 916 2467 971 gnam,
2512 903 2634 972 quia
2670 903 2837 958 virtus
2883 912 2968 958 tua
3011 907 3171 960 etiam
3203 907 3314 974 ipsa
3344 912 3622 978 corporalis
3656 915 3812 973 donum

2293 992 2384 1045 Dei
2413 1003 2512 1048 est.
2543 993 2631 1048 Sic
2671 996 2814 1049 enim
2859 996 3115 1065 cogitabis
3145 996 3212 1052 de
3239 997 3386 1052 dono
3430 1000 3517 1055 Dei
3546 1019 3640 1057 non
3675 1004 3814 1065 facere

2290 1093 2474 1138 contra
2509 1086 2694 1139 Demn.
2727 1084 2880 1141 Fides
2907 1087 3048 1141 enim
3078 1088 3294 1158 quando
3325 1091 3663 1159 promittitur,
3687 1096 3814 1154 etiam

2291 1172 2428 1229 hosti
2483 1177 2739 1231 servanda
2794 1186 2877 1232 est
2927 1190 3112 1233 contra
3171 1195 3329 1251 quem
3385 1181 3574 1238 bellum
3620 1188 3810 1255 geritur;

2288 1274 2487 1334 quanto
2519 1268 2685 1337 magis
2713 1270 2886 1325 amico
2926 1285 3021 1339 pro
3058 1286 3163 1341 quo
3201 1275 3496 1342 pugnatur!
3542 1274 3707 1330 Pacem
3739 1277 3814 1335 hac

2288 1355 2415 1412 bere
2446 1359 2602 1413 debet
2647 1361 2922 1426 voluntas,
2964 1361 3160 1420 bellum
3209 1364 3500 1419 necessitas
3524 1407 3539 1431 ,
3581 1377 3633 1420 ιιι
3665 1367 3814 1427 liberet

2291 1447 2432 1503 Deus
2456 1464 2485 1502 a
2514 1452 2830 1506 necessitate
2854 1493 2869 1515 .
2897 1461 2952 1508 et
2983 1465 3265 1509 conservet
3306 1455 3359 1509 in
3391 1471 3534 1526 pace.
3575 1457 3675 1513 Non
3704 1463 3812 1517 enim

2288 1552 2388 1607 pztx
2415 1541 2671 1609 quaeritur
2696 1551 2754 1596 ut
2782 1542 2980 1598 bellum
3011 1545 3298 1609 excitetur,
3328 1547 3424 1602 sed
3451 1549 3632 1604 bellum
3655 1553 3814 1620 geritur

2288 1638 2342 1684 ut
2375 1646 2473 1699 pax
2502 1633 2823 1702 acquiratur.
2849 1635 2980 1690 Esto
2995 1652 3125 1708 ergo
3145 1639 3306 1693 etiam
3331 1639 3573 1695 bellando
3591 1644 3811 1712 paciﬁcus,

2287 1729 2345 1774 ut
2371 1736 2463 1774 eos
2500 1739 2634 1790 quos
2662 1741 2955 1797 expugnas,
2979 1728 3046 1782 ad
3088 1731 3234 1800 pacis
3282 1729 3560 1788 utilitatem
3601 1735 3813 1792 vincendo

2289 1814 2546 1882 perducas
2573 1833 2587 1869 :
2619 1815 2763 1871 Beati
2787 1820 2928 1873 enim
2960 1821 3180 1890 paciﬁci,
3209 1821 3285 1876 ait
3319 1822 3597 1890 Dominus,
3624 1831 3813 1894 quoniam

2286 1904 2384 1972 ipsi
2421 1905 2516 1974 ﬁlii
2556 1906 2650 1960 Dei
2691 1908 2995 1963 vocabuntur
3033 1909 3245 1983 (Matth.
3279 1928 3340 1975 ν,
3372 1911 3450 1980 9).
3486 1913 3538 1969 Si
3562 1924 3812 1988 autempax

2287 1994 2516 2052 humana
2551 2008 2659 2054 tam
2699 2000 2868 2055 dulcis
2893 2010 2978 2057 est
3017 2017 3112 2071 pro
3145 2005 3425 2073 temporali
3460 2006 3620 2061 salute
3653 2018 3811 2062 mortuo

2286 2085 2434 2151 lium,
2463 2099 2661 2157 quanto
2679 2098 2763 2144 est
2789 2090 2998 2145 dulcior
3018 2107 3116 2160 pax
3145 2091 3324 2146 divina
3353 2108 3450 2164 pro
3476 2103 3655 2150 aeterna
3681 2097 3811 2153 saluts
3922 2105 3923 2194 χ

2285 2175 2647 2244 Angelorum!
2701 2179 2882 2249 Itaque
2937 2180 3142 2235 hostem
3203 2194 3523 2253 pugnantem
3575 2187 3810 2242 necessitas

2285 2269 2532 2334 perimat,
2572 2284 2676 2323 non
2710 2272 2971 2326 voluntas.
3000 2271 3147 2327 Sicut
3186 2273 3468 2330 rebellanti
3505 2284 3555 2330 et
3593 2277 3809 2334 resistenti

2285 2356 2534 2411 violentia
2590 2360 2846 2427 redditur,
2899 2361 2968 2416 ita
3007 2361 3146 2417 victo
3183 2364 3269 2418 vel
3307 2376 3462 2434 capto
3504 2366 3809 2423 miseriCordia

2279 2448 2388 2518 jam
2415 2450 2670 2513 debetur.
2700 2455 2932 2508 maxime
2967 2455 3020 2508 in
3061 2471 3167 2525 quo
3208 2456 3356 2526 pacis
3398 2459 3698 2528 perturbatio
3729 2475 3807 2515 non

2285 2540 2517 2595 timetur.

2355 2632 2406 2684 7.
2447 2633 2607 2689 Ornet
2647 2649 2824 2690 mores
2873 2644 2992 2691 tuos
3039 2636 3293 2707 pudicitia
3341 2637 3652 2708 coniugalis,
3687 2646 3808 2694 ornet

2283 2724 2540 2794 sobrietas
2581 2735 2636 2780 et
2676 2724 2953 2796 frugalitas
2986 2745 2999 2782 :
3045 2728 3197 2784 valde
3247 2729 3392 2784 enim
3429 2740 3573 2800 turpe
3621 2740 3723 2796 est,
3765 2738 3806 2784 ut

2283 2831 2439 2884 quem
2470 2832 2575 2871 non
2619 2818 2786 2873 vincit
2832 2819 3022 2885 homo,
3058 2822 3234 2876 vincat
3277 2821 3476 2884 libido;
3529 2822 3806 2877 etobruatur

2281 2906 2425 2972 vino,
2457 2910 2544 2978 qui
2575 2926 2680 2964 nou
2711 2913 2940 2966 vincitur
2964 2913 3124 2968 ferro.
3161 2913 3372 2969 Divitis:
3391 2915 3658 2970 saeculares
3677 2915 3713 2969 si
3735 2915 3805 2971 do—

2283 3012 2442 3064 sunt,
2495 3017 2597 3056 non
2631 3019 2727 3073 per
2751 3006 2888 3061 mala
2927 3021 3090 3076 opera
3116 3016 3426 3077 quaerantur
3462 3007 3510 3061 in
3550 3004 3803 3070 mundani

2280 3104 2458 3149 autem
2506 3096 2732 3160 adsunt,
2767 3113 2862 3168 per
2889 3097 3024 3152 bona
3069 3113 3232 3171 opera
3273 3109 3549 3155 serventur
3588 3099 3633 3153 in
3679 3097 3799 3153 etnlo.

2281 3185 2528 3242 Animum
2560 3187 2763 3243 vii-i'em
2795 3199 2848 3242 et
2877 3189 3220 3245 christianum
3252 3207 3352 3247 nec
3379 3191 3599 3255 debent,
3620 3189 3657 3243 si
3681 3203 3800 3243 acccc

2282 3278 2448 3340 dunt.
2478 3291 2569 3334 ext
2594 3281 2763 3344 :llere,
2795 3297 2890 3336 nee
2940 3281 3138 3338 debent
3184 3283 3457 3355 frangere,
3504 3284 3548 3340 si
3580 3282 3798 3340 recedunt.

2283 3370 2412 3424 llltul
2445 3373 2618 3440 potius
2646 3373 2939 3442 cogitemus
2965 3374 3104 3442 quod
3131 3375 3387 3431 Dominus
3414 3377 3502 3437 ait,
3530 3375 3618 3429 ilbi
3642 3383 3701 3427 est
3720 3372 3800 3425 tlte-

2283 3477 2465 3515 saurus
2508 3474 2642 3527 tuus,
2688 3463 2757 3516 ibi
2785 3464 2876 3517 erit
2915 3474 2960 3517 et
2997 3481 3086 3517 cor
3117 3474 3259 3518 tuum
3304 3465 3508 3537 (Matth.
3537 3480 3604 3529 vt,
3623 3463 3730 3530 2|);
3758 3468 3798 3517 et

2283 3553 2462 3620 utique
2491 3568 2609 3607 com
2651 3554 2895 3610 audimus
2931 3564 2986 3609 ιιι
3013 3570 3106 3609 cor
3153 3572 3364 3609 sursum
3410 3557 3698 3618 habeamus,
3720 3567 3796 3607 non

2285 3645 2608 3698 metulaciter
2637 3646 2958 3715 reSpoudere
2984 3646 3262 3713 debemus,
3293 3648 3430 3719 quod
3464 3649 3591 3702 nosti
3615 3647 3716 3717 quia
3736 3658 3797 3698 is-

2285 3735 2624 3805 spondi-mus.

2355 3826 2408 3879 8.
2443 3826 2508 3879 Et
2531 3826 2581 3880 in
2612 3826 2692 3879 his
2719 3827 2934 3896 quidem
2965 3828 3101 3884 bene
3125 3829 3423 3886 studiosum
3451 3838 3498 3885 te
3525 3839 3796 3897 essecogno-

2284 3915 2370 3981 vi,
2415 3926 2467 3969 et
2493 3916 2627 3971 fama
2661 3925 2744 3971 tua
2773 3917 2994 3971 multum
3018 3917 3277 3984 delector,
3333 3921 3638 3986 multumque
3662 3915 3735 3970 tibi
3758 3913 3793 3967 in

2285 4005 2511 4060 Domino
2549 4008 2804 4076 gratulor,
2859 4009 2929 4062 ita
2967 4019 3023 4062 ut
3061 4009 3174 4064 haec
3215 4009 3439 4080 epistola
3476 4010 3624 4079 magis
3648 4006 3720 4061 tibi
3745 4003 3795 4058 sit

2283 4098 2554 4164 speculum
2588 4099 2674 4151 tibi
2697 4099 2866 4169 qualis
2894 4100 2967 4153 sis
2991 4100 3193 4166 videas,
3221 4118 3381 4172 quam
3409 4102 3491 4156 tibi
3518 4101 3670 4154 discas
3699 4111 3796 4168 qua-

2283 4187 2349 4242 lis
2375 4204 2492 4243 esse
2531 4190 2728 4245 debeas
2759 4209 2772 4245 :
2806 4202 3169 4248 verumtamen
3211 4194 3462 4266 quidquid
3497 4195 3598 4250 sire
3637 4191 3682 4247 iu
3719 4189 3792 4244 ista

2282 4278 2394 4334 sive
2421 4279 2473 4334 in
2503 4279 2789 4350 Scripturis
2817 4283 3015 4338 sanctis
3045 4283 3317 4339 inveneris
3335 4327 3350 4350 ,
3379 4284 3512 4355 quod
3541 4281 3622 4337 tibi
3641 4280 3694 4334 ad
3719 4277 3790 4333 bo.

2281 4385 2404 4423 nam
2439 4371 2600 4426 vitam
2647 4368 2824 4426 adhuc
2869 4373 3042 4427 minus
3086 4383 3209 4441 est,
3257 4375 3393 4430 insta
3437 4385 3493 4429 ut
3529 4372 3792 4443 acquiraset

2283 4461 2486 4532 agendo
2505 4473 2557 4518 et
2576 4463 2812 4530 orando;
2839 4472 2895 4520 et
2913 4479 2977 4521 ex
3007 4467 3071 4520 iis
3093 4482 3208 4536 quae
3229 4465 3394 4522 habes
3415 4466 3594 4538 gratias
3614 4476 3694 4534 age
3711 4461 3792 4514 Deo

2283 4560 2529 4624 tauquam
2562 4553 2690 4609 fonti
2720 4555 2967 4611 bonitatis
2995 4557 3134 4612 unde
3165 4559 3362 4623 habes;
3409 4568 3557 4629 atque
3589 4556 3634 4610 in
3655 4549 3787 4606 omni-

2281 4643 2381 4699 bus
2400 4646 2551 4700 bouis
2571 4646 2778 4700 actibus
2807 4649 2910 4702 tuis
2936 4647 3009 4702 illi
3036 4649 3102 4704 da
3129 4649 3439 4716 claritatem,
3471 4648 3555 4703 tibi
3576 4642 3789 4701 humiliu-

2283 4746 2408 4794 tem.
2439 4739 2587 4795 Sicut
2611 4739 2752 4795 enim
2783 4742 3040 4813 scriptum
3070 4751 3173 4808 est,
3202 4742 3362 4797 Omne
3389 4742 3549 4795 datum
3572 4737 3782 4809 optimm.

2282 4839 2328 4883 et
2355 4845 2503 4883 omne
2537 4830 2729 4884 donum
2755 4833 3033 4903 perfectum
3062 4833 3327 4888 desursum
3352 4841 3452 4896 est,
3477 4825 3732 4884 descendens
3759 4834 3784 4871 α

2283 4917 2439 4974 Patre
2467 4919 2713 4974 luminum
2741 4923 2949 4992 (Jacobi
2993 4939 3041 4990 ι,
3089 4924 3200 4994 l7).
3231 4923 3683 4992 Quantumcumque
3714 4924 3782 4963 δηι-

2285 5021 2389 5067 tem
2419 5012 2469 5065 iu
2500 5012 2588 5066 Dei
2632 5022 2685 5067 et
2716 5015 2942 5085 proximi
2971 5015 3228 5072 charitate
3252 5026 3406 5087 atque
3433 5014 3482 5068 in
3509 5024 3616 5065 vera
3635 5005 3782 5076 picta“

2284 5103 2593 5173 profeceris.
2621 5103 2871 5174 quamdiu
2904 5105 2954 5158 iu
2982 5103 3081 5160 hac
3102 5106 3208 5160 vita
3232 5102 3563 5164 conversaris,
3579 5099 3674 5152 siue

2282 5204 2400 5250 cato
2445 5203 2494 5249 te
2522 5209 2641 5250 esse
2685 5210 2792 5251 non
2831 5194 3020 5250 credas
3062 5213 3076 5248 :
3115 5195 3184 5252 de
3227 5196 3336 5267 ipsa
3363 5195 3542 5264 quippe
3567 5187 3718 5257 legitur
3738 5187 3776 5231 1η

2283 5287 2499 5343 Litteris
2519 5288 2736 5350 sanctis,
2766 5285 3030 5357 Numquid
3059 5302 3160 5340 non
3190 5286 3388 5342 tentatio
3407 5293 3472 5338 est
3499 5280 3587 5334 vita
3605 5271 3794 5329 humm‘

2283 5397 2434 5448 super
2459 5389 2643 5434 terrain
2670 5377 2809 5451 (Job.
2851 5394 2942 5441 vu,
2987 5378 3074 5448 l)?
3099 5377 3324 5433 Proinde
3347 5373 3573 5446 quoniam
3595 5371 3771 5451 sempet.

2283 5447 2532 5542 quamdiu
2554 5488 2611 5524 es
2639 5447 2689 5525 iii
2711 5473 2812 5527 hoc
2849 5447 3105 5539 corpore,
3136 5469 3476 5526 necessarium
3516 5471 3590 5517 est
3627 5452 3698 5508 tibi
3733 5447 3772 5502 il

2284 5563 2524 5615 oratioae
2567 5562 2747 5615 dicere
2789 5561 2931 5630 quod
2976 5560 3232 5615 Dominus
3270 5556 3472 5617 docuit,
3510 5545 3769 5642 Dimittet‘toe

2289 5654 2363 5708 bis
2393 5655 2558 5707 debita
2588 5663 2782 5720 nostra,
2826 5657 2956 5708 sicut
3001 5665 3049 5708 et
3091 5670 3180 5707 nos
3218 5649 3492 5707 dimittimus
3530 5631 3770 5720 debitode

2289 5751 2468 5806 nostris
2515 5748 2728 5821 (Matth.
2759 5717 2834 5814 in,
2864 5747 2989 5819 12);.
3030 5759 3294 5814 memento
3317 5745 3416 5802 cito
3439 5740 3697 5809 ignoscere.
3731 5717 3764 5772 ⁸ί
