3990 6414
143 405 234 466 851

154 520 259 580 quis
282 519 334 572 in
361 523 418 573 te
446 515 775 588 peccaverit,
802 521 855 567 et
877 528 906 567 a
937 521 988 566 te.
1011 511 1219 567 veniam
1259 510 1642 581 postulaverit,
1675 519 1732 564 ιιι

156 614 403 669 vemciter
439 609 613 679 possis
637 624 811 665 orare.
843 615 898 660 et
930 604 1162 676 peccatis
1192 605 1294 659 luis
1319 604 1526 658 veniam
1555 604 1731 658 valeas

153 713 450 771 impetrare.
503 700 628 754 Haec
685 697 962 752 Dilectioni
1008 696 1219 764 quidem
1268 708 1370 748 tua;
1420 695 1730 749 festinanter

152 793 365 865 scripsi,
412 789 668 860 quoniam
718 804 804 843 me
846 787 1110 842 festinatio
1159 785 1438 854 perlatoris
1488 786 1725 855 urgebat.

154 890 244 947 Sed
276 889 385 941 Deo
427 886 630 958 gratias
680 898 814 953 ago,
865 882 1112 953 quoniam
1164 881 1303 933 bono
1340 880 1606 934 desiderio
1639 890 1730 934 tuo

153 981 602 1048 qualitercumque
644 991 750 1030 non
793 973 957 1028 defui.
1000 971 1224 1041 Semper
1265 981 1316 1025 te
1367 971 1728 1025 misericordia

155 1050 233 1130 Dei
259 1080 525 1143 protegat,
549 1069 765 1125 domine
789 1067 1003 1132 eximie,
1029 1074 1084 1121 et
1111 1065 1300 1120 merito
1327 1065 1543 1135 insignis
1570 1072 1729 1134 atque

155 1162 470 1222 honorabilis
495 1161 588 1216 fili.

610 1269 941 1327 EPISTOLA
968 1266 1102 1324 cxc
1127 1271 1145 1292 ·
1167 1268 1264 1338 (a).

161 1391 326 1459 Optato
364 1387 683 1440 demonstrat
705 1381 827 1452 quid
852 1381 915 1435 de
955 1381 1140 1434 anima
1179 1379 1371 1448 origine
1407 1387 1597 1432 certum
1639 1377 1723 1445 sit,

211 1477 326 1550 quid
369 1477 553 1530 merito
584 1483 786 1529 nocetur
823 1473 876 1526 in
901 1471 1106 1525 dubiant
1126 1511 1139 1532 ,
1177 1470 1601 1540 satagenduniqne
1624 1485 1730 1524 esse

214 1573 302 1625 hac
319 1571 373 1624 in
397 1569 679 1640 quwstione
704 1575 758 1620 ut
777 1566 916 1620 salva
940 1567 1004 1619 sit
1037 1563 1285 1634 imprimis
1310 1563 1456 1631 ﬁdes,
1481 1581 1579 1631 quo
1613 1578 1726 1616 cre-

213 1662 372 1716 dimtts
402 1660 654 1714 neminem
680 1657 818 1712 nasci
845 1672 908 1710 ex
948 1655 1112 1709 Adam
1155 1655 1252 1708 nisi
1288 1654 1485 1708 vinculo
1510 1654 1726 1707 damna-

213 1753 355 1809 tionis
379 1750 702 1814 obstrictum,
749 1749 1090 1816 neminemque
1118 1746 1234 1800 inde
1262 1745 1463 1800 liberari
1504 1746 1600 1799 nisi
1644 1761 1726 1798 re-

213 1843 462 1900 nascendo
489 1859 582 1913 per
599 1840 873 1895 Christum.

157 1959 362 2016 Domino
387 1955 725 2020 beatissimo,
757 1962 811 2008 et
839 1952 1044 2008 sincera
1073 1951 1355 2006 dilectione
1385 1949 1722 2005 desiderabili

212 2047 353 2103 fratri
386 2058 444 2102 et
472 2047 793 2116 coepiscOpo
833 2043 1068 2109 Orrno,
1111 2044 1461 2106 Aucusrtsus,
1516 2041 1569 2096 in
1620 2041 1723 2096 Do-

215 2145 352 2198 mino
381 2142 638 2197 salutem.

215 2254 433 2312 CAPUT
477 2252 760 2310 PRIMUM.
797 2281 867 2292 —
901 2253 952 2306 l.
996 2249 1244 2317 Quamvis
1285 2257 1386 2303 tua:
1423 2248 1728 2304 Sanctitatis

161 2348 310 2402 nullas
341 2347 408 2402 ad
444 2361 533 2401 me
577 2346 747 2414 ipsum
775 2342 925 2398 datas
954 2342 1246 2410 acceperim
1278 2340 1506 2399 litteras:
1552 2350 1725 2395 tamt-n

159 2438 262 2506 quia
303 2437 404 2490 illae
432 2451 568 2505 quas
595 2434 662 2489 ad
704 2433 1065 2488 Mauritaniam
1097 2429 1474 2485 Caesariensem
1517 2431 1724 2494 misisti,

162 2544 232 2582 me
267 2527 403 2598 apud
445 2526 744 2583 Caesaream
779 2534 1040 2596 praesente
1069 2531 1350 2588 venerunt,
1376 2539 1481 2594 quo
1509 2539 1606 2577 nos
1644 2523 1726 2577 in-

153 2617 311 2687 juncta
366 2619 532 2672 nobis
577 2632 607 2670 a
651 2615 939 2671 venerabili
985 2630 1118 2686 papa
1161 2614 1373 2669 Zosimo
1424 2613 1728 2683 apostolica:

158 2709 291 2764 Sedis
316 2711 582 2780 episcopo
607 2707 964 2763 ecclesiastica
1013 2707 1301 2761 necessitas
1344 2714 1574 2760 traxerat
1604 2722 1616 2757 :
1653 2704 1727 2760 fa—

156 2810 278 2855 ctum
304 2811 401 2856 esl
427 2811 485 2854 ιιι
514 2815 576 2855 ea
602 2815 720 2870 quae
745 2799 1024 2869 scripsisti,
1047 2799 1204 2853 etiam
1237 2799 1350 2867 ipse
1379 2799 1725 2866 perlegerem,

160 2891 392 2948 tradente
434 2890 562 2945 mihi
598 2890 840 2946 eamdem
884 2889 1160 2960 epistolam
1194 2899 1334 2943 tuam
1394 2889 1588 2944 famulo
1637 2889 1726 2944 Dei

159 2994 318 3039 sancto
345 2985 584 3048 Benato,
622 2984 674 3037 in
714 2983 926 3038 Christo
964 2982 1116 3036 nobis
1167 2983 1328 3037 fratre
1373 2982 1724 3046 charissimo;

160 3089 249 3142 quo
270 3087 510 3146 petente,
542 3083 596 3129 et
626 3073 752 3128 mihi
799 3074 924 3128 licet
961 3073 1076 3128 aliis
1105 3079 1362 3143 occupato
1386 3074 1729 3127 vehementer

161 3165 400 3232 instante,
426 3166 490 3220 ad
519 3181 582 3219 ea
608 3179 724 3218 smn
764 3163 1086 3233 respondere
1125 3163 1451 3234 compulsus.
1493 3163 1730 3217 Accessit

163 3255 248 3312 huc
267 3259 430 3312 etiam
457 3257 676 3312 alterius
714 3256 882 3310 sancti
927 3263 980 3308 et
1008 3269 1126 3308 cum
1157 3254 1334 3310 debito
1378 3253 1580 3309 honore
1629 3269 1727 3309 no-

163 3349 383 3403 minandi
416 3348 593 3403 fratris
623 3347 810 3410 nostri,
847 3357 900 3400 et
923 3354 1179 3415 quantum
1224 3346 1290 3399 ab
1333 3345 1422 3400 illo
1466 3347 1722 3412 comperi,

165 3442 434 3498 necessarii
464 3442 535 3495 tui
576 3441 824 3495 Muressis
847 3440 886 3503 ι,
914 3454 1034 3493 cum
1080 3437 1134 3491 in
1179 3452 1336 3506 supra
1364 3438 1506 3490 dicto
1534 3436 1730 3508 oppido

167 3547 561 3592 remorarentur,
606 3531 893 3594 adventus;
921 3529 1009 3600 qui
1051 3528 1176 3583 mihi
1223 3528 1402 3583 retulit
1430 3529 1588 3582 etiam
1628 3527 1730 3581 sibi

168 3625 336 3680 missas
371 3625 436 3680 de
468 3626 566 3678 hac
596 3639 653 3677 re
684 3623 886 3678 litteras
912 3621 1276 3676 Venerationis
1308 3631 1427 3684 tuin,
1458 3631 1512 3674 et
1558 3635 1640 3675 me
1664 3620 1730 3674 de

171 3713 251 3771 hac
277 3719 389 3789 ipsa
417 3718 710 3786 qumstione
728 3717 1012 3780 consuluit,
1046 3724 1102 3769 ut
1130 3714 1256 3785 quid
1301 3714 1423 3769 inde
1452 3716 1724 3777 sentirem,

169 3809 239 3864 vel
260 3811 395 3868 meis
413 3811 493 3868 vel
516 3811 624 3864 suis
655 3809 927 3878 rescriptis
966 3807 1031 3861 ad
1077 3816 1128 3862 te
1180 3808 1376 3862 faceret
1404 3807 1680 3876 pervenire
1712 3825 1725 3860 :

173 3898 336 3957 Utrum
360 3903 563 3958 scilicet
580 3902 768 3955 animm
795 3908 850 3954 ιιι
870 3915 1092 3969 corpora
1119 3899 1495 3968 prapagatioue
1511 3914 1731 3954 nascan-

173 4001 256 4053 tur.
285 3997 498 4066 sintque
522 4009 584 4049 ες
617 3995 700 4048 illa
734 4010 834 4048 una
862 4010 978 4062 qum
1006 3992 1176 4062 primo
1197 3991 1395 4045 homini
1413 4001 1586 4045 creata
1611 4001 1726 4059 est;

171 4095 223 4136 an
245 4085 461 4140 Creator
489 4087 843 4153 omnipotens.
862 4083 953 4154 qui
982 4083 1160 4153 utique
1187 4097 1352 4152 usq-ie
1381 4098 1522 4136 nunc
1543 4099 1729 4151 opera-

173 4181 257 4240 tur,
278 4177 391 4232 siue
421 4177 525 4231 ulla
554 4176 930 4247 propagatione
978 4189 1143 4230 novas
1171 4173 1329 4228 faciat
1355 4173 1575 4244 singulis
1607 4190 1729 4244 prn-

173 4265 309 4331 prias.

226 4357 273 4412 2.
313 4358 388 4414 De
414 4373 518 4429 qua
539 4373 600 4414 re
619 4366 901 4428 antequam
930 4356 1125 4428 aliquid
1167 4356 1479 4411 admoneam
1507 4357 1730 4412 sinceri—

175 4453 308 4503 tatem
343 4458 511 4515 tuam,
540 4448 677 4503 scire
703 4458 755 4502 te
776 4448 894 4502 volo
917 4448 967 4501 in
995 4457 1099 4500 tam
1119 4447 1579 4516 multiSopuscnlis
1598 4449 1729 4502 meis

175 4550 416 4609 nunquam
443 4555 528 4593 me
550 4538 711 4593 fuisse
732 4554 917 4592 ausum
938 4539 1004 4593 de
1027 4538 1125 4592 hac
1140 4539 1432 4608 qiuestioite
1458 4539 1726 4594 deﬁnitam

173 4629 385 4694 proferre
405 4628 740 4689 sententiam.
767 4638 821 4683 et
846 4627 1181 4698 impudenter
1203 4629 1399 4683 referre
1442 4632 1490 4682 in
1527 4629 1728 4686 litteras

173 4713 225 4769 ad
244 4718 370 4772 alios
399 4717 782 4782 informandus,
810 4717 950 4787 quod
991 4717 1131 4787 apud
1180 4733 1267 4772 me
1313 4733 1416 4772 non
1448 4720 1604 4774 fuerit
1629 4736 1727 4775 ex-

175 4803 423 4871 plicatum.
449 4807 684 4876 Quarum
705 4817 882 4862 autem
909 4822 1088 4863 rerum
1108 4817 1267 4878 atque
1292 4823 1570 4862 causarum
1597 4825 1728 4864 con-

174 4895 469 4956 sideratione
511 4915 848 4969 permovear,
891 4907 949 4954 ut
994 4899 1045 4954 in
1097 4909 1337 4954 neutram
1377 4904 1725 4959 assertionem

175 4999 301 5042 meus
325 4990 610 5045 inclinetur
632 5005 904 5053 assensus,
937 4990 1030 5045 sed
1066 4990 1241 5045 adhuc
1284 4992 1421 5046 inter
1449 5002 1727 5065 utramque

177 5074 461 5151 disceptem,
488 5081 646 5135 nimis
669 5083 880 5150 longum
904 5089 986 5136 est
1014 5081 1112 5135 liae
1137 5081 1360 5151 epistola
1391 5097 1724 5152 expromere;

177 5178 259 5223 nec
286 5177 388 5225 tam
438 5170 818 5235 necessarium,
860 5179 916 5224 ut
951 5169 1052 5225 hoc
1081 5171 1278 5225 omisso
1319 5186 1423 5226 non
1453 5175 1620 5243 possit
1660 5173 1728 5228 de

178 5253 256 5315 hac
277 5263 565 5334 quaestione
602 5261 744 5334 quod
782 5263 911 5318 satis
958 5273 1042 5319 est
1075 5262 1353 5333 disputari,
1391 5267 1488 5320 etsi
1523 5283 1626 5320 nou
1660 5267 1727 5323 ad

225 5418 374 5472 lituus
395 5434 444 5472 e.
462 5420 755 5488 \‘atic._tt_'ss.,
780 5419 1061 5488 Mani-ensis.
1080 5420 1211 5488 Alter
1233 5429 1334 5473 vat.
1361 5428 1413 5472 et
1433 5421 1591 5474 Gallic.
1611 5436 1730 5488 qua-

175 5487 278 5541 tuor,
299 5480 546 5534 Μινωὶς.
573 5482 656 5532 Alii
675 5483 772 5533 duo
791 5481 972 5542 Gallio,
998 5481 1220 5534 Mat-usis.

226 5562 240 5577 '
268 5565 379 5614 ttuic
400 5562 944 5628 emaculandaeiadhibiti
960 5571 1074 5614 sunt
1093 5578 1144 5628 a.
1166 5567 1250 5628 bg.
1275 5565 1341 5628 bl.
1367 5565 1451 5615 bu.
1484 5579 1527 5615 c.
1551 5579 1622 5617 oc.
1645 5568 1724 5618 cb.

176 5616 216 5693 li.
237 5638 280 5686 g.
301 5640 381 5689 gg.
403 5639 486 5693 gv.
509 5642 559 5675 ιι.
584 5640 624 5674 r.
645 5640 687 5676 s.
711 5627 805 5675 duo
828 5639 874 5674 e.
899 5626 996 5674 duo
1016 5628 1091 5675 sb.
1116 5616 1272 5676 duout.
1297 5627 1393 5677 duo
1417 5641 1487 5677 vc.
1512 5616 1728 5693 quinque

176 5692 214 5731 ν.
231 5693 320 5737 Ant.
345 5692 450 5738 Had.
471 5693 545 5737 Er.
564 5695 673 5737 ων.

226 5766 290 5839 to)
320 5769 443 5839 Alias
465 5773 552 5823 157
578 5785 591 5822 :
617 5785 728 5839 quae
770 5778 952 5839 autern
980 5772 1069 5822 190
1092 5779 1214 5839 erat,
1231 5785 1364 5839 nunc
1383 5775 1431 5824 in
1456 5777 1728 5839 Appendice

176 5833 240 5878 est
259 5833 303 5879 9.
337 5835 512 5899 Scripta
535 5833 679 5897 paulo
700 5841 806 5897 [ost
827 5834 1038 5884 medium
1063 5849 1141 5884 an.
1164 5835 1276 5885 “8.

1349 392 1824 450 EPISTOLARUM
1863 389 2138 446 CLASSIS
2174 391 2262 446 ΙΙΙ.

1841 502 2184 560 auferendum
2204 506 2617 575 cunctationem,
2660 518 2810 567 certe
2846 509 2913 567 ad
2953 513 3238 571 cavendam
3266 524 3426 573 temo

1838 599 2068 652 ritatem.

1907 691 1960 745 5.
2003 689 2132 744 Illud
2157 692 2298 746 enim
2330 693 2414 748 ubi
2444 694 2525 749 vel
2557 696 2786 752 maxime
2813 695 2946 752 ﬁdes
2975 697 3261 755 christiana
3293 716 3422 756 con-

1835 784 1992 846 sistit,
2026 785 2163 854 quod
2202 784 2303 839 Per
2326 786 2575 840 hominem
2602 805 2736 844 mors
2782 801 2828 843 et
2867 807 2956 858 per
2981 791 3233 846 hominem
3259 809 3427 848 resur-

1833 877 1985 929 rectio
2003 887 2311 930 mortuorum
2331 879 2490 932 :sicnt
2513 880 2641 932 enim
2664 881 2716 934 in
2741 880 2904 936 Adam
2927 899 3099 938 omnes
3121 886 3423 954 moriuntur,

1831 970 1904 1024 ita
1927 981 1973 1024 et
1998 971 2049 1025 in
2075 971 2273 1026 Christo
2299 990 2468 1028 omnes
2490 974 2867 1042 viviﬁcabuntur
2894 975 2936 1046 (l
2953 976 3183 1042 (.‘or.,xv,
3198 978 3288 1043 21.
3307 979 3423 1050 29);

1832 1072 1880 1117 et
1909 1063 2048 1133 quod
2079 1062 2180 1118 Per
2204 1081 2357 1118 unum
2373 1065 2622 1119 hominem
2669 1077 2923 1136 peccatum
2960 1069 3010 1121 in
3033 1068 3164 1123 hunc
3186 1073 3426 1126 mundum

1832 1154 2054 1221 intravit,
2085 1165 2132 1208 et
2156 1173 2244 1224 per
2265 1167 2524 1226 peccatum
2552 1174 2687 1212 mors
2718 1174 2736 1212 :
2760 1169 2806 1213 et
2825 1161 2896 1213 ita
2920 1161 2974 1213 in
2996 1176 3166 1214 omnes
3196 1162 3424 1219 homines

1832 1263 1967 1300 mors
1993 1249 2282 1318 pertransiit
2303 1250 2356 1303 in
2379 1266 2477 1319 quo
2501 1267 2671 1304 onmes
2697 1263 3020 1321 peccauerunt
3042 1267 3061 1316 ,°
3084 1262 3138 1308 et
3154 1253 3295 1322 quod
3322 1253 3420 1309 Ju-

1833 1338 2020 1392 dicium
2052 1340 2252 1410 quidem
2279 1357 2343 1396 ea:
2380 1358 2479 1395 uno
2508 1343 2561 1395 in
2605 1342 3068 1398 condemnationem
3098 1359 3117 1396 :
3147 1345 3310 1414 gratia
3334 1361 3425 1398 att-

1833 1440 1929 1486 tem
1955 1451 2018 1489 ea:
2046 1433 2218 1489 nmltis
2252 1435 2447 1490 delictis
2493 1435 2544 1489 in
2578 1437 2995 1506 justiﬁcationent
3022 1436 3172 1500 t-ittc;
3200 1447 3252 1492 et
3281 1437 3424 1507 quod

1838 1522 1937 1577 Per
1966 1525 2116 1578 unius
2146 1525 2380 1579 delictum
2417 1527 2468 1578 in
2497 1543 2667 1580 onmes
2691 1526 2915 1580 homines
2953 1527 3020 1579 ad
3049 1527 3426 1582 condemnatio-

1835 1633 1970 1682 nem,
2002 1626 2046 1670 et
2091 1634 2179 1687 per
2202 1618 2350 1670 unius
2379 1619 2797 1689 justi/irationem
2829 1619 2878 1672 in
2915 1635 3087 1673 omnes
3120 1620 3345 1673 homines
3370 1621 3424 1674 in

1821 1708 2238 1778 justi/irationem
2265 1709 2378 1763 vita:
2405 1709 2595 1778 (Rom.
2625 1725 2679 1775 ν,
2724 1708 2792 1763 12
2811 1751 2826 1776 ,
2858 1709 2924 1764 16
2943 1751 2959 1775 ,
2992 1710 3096 1781 18)
3130 1727 3142 1764 :
3172 1723 3226 1766 et
3251 1712 3294 1765 si
3320 1727 3424 1781 qua

1832 1801 1932 1854 alia
1976 1801 2277 1854 testimonia
2319 1801 2592 1856 declarant
2639 1803 2903 1856 nemiuem
2948 1804 3088 1856 nasci
3117 1818 3184 1857 ex
3227 1802 3418 1868 Adam,

1834 1892 1933 1946 nisi
1965 1891 2175 1946 vinculo
2195 1893 2370 1946 delicti
2401 1903 2452 1946 et
2482 1893 2836 1947 damnationis
2863 1894 3196 1955 obstrictum,
3246 1895 3418 1950 nemi-

1833 1999 2062 2056 nemque
2090 1983 2209 2038 inde
2238 1984 2450 2039 liberari
2483 1985 2581 2038 nisi
2610 1985 2937 2039 renasccndo
2986 2001 3079 2054 per
3108 1986 3375 2041 Christum
3404 2006 3418 2051 ;

1832 2082 1937 2129 tam
1967 2076 2276 2130 inconcusse
2302 2085 2482 2130 tenere
2506 2076 2782 2142 debemus,
2816 2087 2871 2130 ut
2904 2076 3135 2131 sciamus
3163 2094 3283 2131 eum
3321 2078 3410 2147 qui

1833 2163 1934 2220 hoc
1964 2167 2254 2236 negaverit,
2289 2166 2433 2220 nullo
2458 2166 2618 2220 modo
2660 2165 2724 2219 ad
2763 2165 2955 2220 Christi
3007 2166 3187 2231 iidem,
3249 2177 3303 2222 et
3353 2168 3419 2222 ad

1832 2272 1948 2311 eam
1975 2273 2093 2325 qua:
2123 2272 2214 2325 per
2237 2256 2506 2311 Christum
2531 2257 2686 2310 datur
2727 2257 2930 2327 pusillis
2958 2267 3012 2311 et
3056 2257 3285 2328 magnis,
3328 2257 3419 2314 Dei

1829 2349 2051 2418 gratiam
2083 2349 2370 2417 pertinere.
2404 2347 2554 2402 Unde
2581 2349 2624 2401 si
2665 2349 2814 2416 origo
2843 2348 3035 2403 animae
3063 2349 3242 2416 lateat,
3292 2349 3418 2406 dum

1833 2448 2006 2494 tamen
2041 2440 2334 2508 redemptio
2364 2441 2582 2505 Clit-ruat,
2618 2441 2907 2510 periculum
2939 2457 3041 2495 non
3073 2451 3153 2497 cst
3186 2459 3198 2495 :
3248 2457 3420 2512 neque

1831 2531 1971 2584 enim
1999 2531 2051 2584 in
2081 2531 2346 2584 Christum
2377 2531 2641 2585 credimus
2676 2541 2731 2584 ιιι
2774 2547 3073 2597 nascamur,
3126 2531 3220 2586 sed
3252 2543 3308 2586 ut
3337 2548 3422 2587 re-

1832 2636 2135 2686 nascamur,
2166 2621 2661 2690 quomoducmnque
2688 2622 2794 2674 nati
2820 2620 3093 2675 fuerimus.

1902 2711 1955 2764 4.
2000 2710 2266 2765 Hactenus
2321 2721 2496 2764 autem
2546 2710 2770 2764 dicimus
2813 2711 2926 2765 sine
2969 2711 3204 2781 periculo
3257 2711 3422 2767 latere

1831 2802 2022 2855 anima:
2049 2804 2328 2872 originem,
2365 2811 2420 2855 ut
2451 2817 2551 2856 ron
2577 2811 2752 2858 tamen
2779 2818 2896 2858 eam
2929 2810 3132 2873 partem
3167 2803 3258 2858 Dei
3297 2819 3422 2861 esse

1833 2895 2132 2953 credamus.
2167 2895 2258 2948 sed
2283 2905 2602 2948 creaturam.
2630 2893 2738 2948 Nec
2763 2893 2832 2948 de
2863 2894 2972 2948 Deo
3003 2904 3202 2959 natam,
3229 2895 3323 2951 sed
3351 2897 3421 2952 ab

1833 2987 1924 3042 illo
1955 2987 2162 3048 factam,
2196 2998 2354 3056 atque
2405 2987 2453 3040 in
2482 2987 2597 3054 ejus
2624 3002 2789 3054 genus
2813 2986 3163 3056 atloptandam
3194 2987 3420 3042 mirabili

1832 3076 2135 3146 dignatione
2160 3080 2359 3146 gratiae,
2384 3093 2484 3130 non
2501 3076 2649 3146 parili
2669 3076 2921 3146 dignitate
2942 3086 3160 3130 naturae.
3177 3075 3285 3131 Nec
3302 3092 3419 3132 cam

1831 3181 2026 3236 corpus
2049 3181 2184 3230 esse,
2215 3167 2307 3220 sed
2337 3167 2611 3236 spiritum;
2645 3181 2746 3221 "0H
2769 3165 3075 3223 Creatorem
3102 3168 3304 3236 utique,
3327 3166 3422 3224 scd

1831 3266 2089 3310 creatum.
2108 3256 2226 3310 Nec
2262 3257 2380 3311 ideo
2417 3259 2626 3312 vetuisse
2654 3259 2705 3311 in
2733 3257 2833 3311 hoc
2859 3272 3053 3327 corpus
3082 3257 3424 3328 corruptibile

1833 3361 1939 3415 quo
1964 3356 2230 3416 gravatur,
2265 3348 2404 3416 quod
2433 3347 2498 3400 ad
2529 3346 2654 3400 illud
2697 3362 2812 3400 ωιιιι
2846 3348 2965 3401 vita:
3015 3348 3067 3401 in
3117 3347 3426 3404 cmlestibus

1832 3438 1914 3491 vel
1945 3439 1994 3490 iit
2022 3438 2346 3508 quibuslibet
2392 3438 2508 3492 aliis
2563 3438 2800 3506 partibus
2852 3436 3034 3491 mundi
3082 3448 3235 3494 antea
3285 3439 3423 3495 male

1832 3537 1994 3598 gesta:
2023 3529 2210 3582 merita
2235 3529 2604 3596 compulerint.
2652 3528 2892 3582 Nondum
2925 3528 3066 3582 enim
3100 3537 3252 3584 natos
3275 3529 3422 3599 Apo-

1833 3622 2022 3682 stolus.
2062 3637 2182 3675 cum
2229 3621 2294 3676 de
2342 3622 2596 3675 Rebecca.-
2640 3622 2864 3689 geminis
2912 3621 3236 3690 lqueretur,
3291 3620 3422 3676 nihil

1833 3715 2006 3785 egisse
2035 3714 2158 3768 dicit
2189 3715 2306 3768 hutti
2338 3717 2414 3767 vel
2441 3715 2599 3770 mali:
2627 3723 2682 3767 ut
2709 3731 2811 3766 non
2840 3729 2904 3767 ex
2925 3714 3195 3782 operibus,
3227 3712 3420 3782 quibus

1835 3807 1994 3859 nullis
2022 3807 2157 3860 alter
2189 3805 2611 3874 distinguebatur
2649 3803 2716 3858 ab
2752 3804 2937 3869 altero,
2972 3805 3065 3860 sed
3101 3821 3166 3860 ex
3200 3812 3424 3860 vocante

1834 3898 2117 3963 diceretur,
2149 3899 2339 3953 minori
2368 3899 2689 3954 serviturum
2719 3915 2840 3954 esse
2871 3899 3130 3969 majorem
3163 3898 3293 3972 (Id.
3341 3915 3421 3967 ιι,

1836 3989 2045 4057 ιι-ιδ).

1904 4077 2126 4132 CAPUT
2164 4076 2226 4130 ll.
2253 4106 2322 4117 --
2350 4077 2403 4130 5.
2430 4077 2521 4130 llis
2548 4076 2705 4145 igitur
2745 4075 3048 4132 ﬁrtrtissime
3079 4077 3413 4144 constitutis,

1833 4169 1876 4222 si
1903 4178 2004 4222 tam
2031 4167 2358 4222 recooditum
2400 4177 2558 4234 atque
2583 4166 2821 4220 additum
2849 4177 2929 4220 est
2956 4167 3006 4220 in
3033 4169 3257 4222 occultis
3286 4184 3414 4240 ope-

1835 4261 1979 4314 ribus
2014 4261 2102 4314 Dei
2129 4269 2226 4324 ,ιιι
2259 4274 2356 4314 nec
2394 4259 2782 4326 Sciiptuntrmn
2811 4259 3107 4314 divinarum
3141 4262 3423 4320 macifesto

1832 4349 2045 4419 eloquio
2087 4350 2422 4416 declaretur,
2466 4362 2644 4404 utrum
2678 4362 2954 4421 propterea
2996 4351 3126 4406 nihil
3173 4353 3296 4409 boni
3339 4357 3422 4412 vel

1835 4442 1954 4493 tuali
1987 4440 2220 4494 nondmn
2253 4441 2359 4493 nati
2391 4441 2564 4510 egisse
2591 4442 2842 4496 crefeudi
2880 4443 2982 4496 sint
3003 4483 3016 4504 ,
3057 4443 3178 4514 quia
3225 4459 3328 4499 non
3355 4461 3423 4502 ex

1833 4532 1949 4585 aliis
1980 4543 2320 4602 propagatus,
2361 4531 2455 4586 sed
2499 4546 2620 4586 mox
2665 4547 2730 4586 ex
2781 4524 2945 4586 nihilo
2972 4545 3179 4588 creatas
3213 4535 3420 4591 animas

1833 4625 2022 4696 singuli
2050 4628 2349 4695 accipiunt;
2376 4640 2442 4679 an
2471 4625 2596 4696 quia
2633 4640 2752 4680 cum
2787 4635 2969 4682 essent
3002 4626 3332 4695 originaliter
3358 4625 3413 4683 in

1834 4719 2160 4788 parentibus,
2183 4717 2356 4771 adhuc
2385 4717 2482 4786 ipsi
2513 4717 2640 4771 nulli
2666 4730 2816 4772 erant
2839 4719 2927 4787 qui
2955 4733 3081 4774 suas
3104 4728 3157 4771 et
3179 4718 3418 4787 proprias

1833 4811 1968 4866 vitas
1991 4819 2210 4880 agerent
2241 4827 2253 4862 :
2285 4810 2366 4864 illa
2398 4817 2576 4866 tamen
2598 4811 2667 4866 sit
2692 4811 2823 4866 fides
2841 4811 3005 4872 salva,
3028 4827 3129 4881 qua
3150 4811 3418 4870 credimus

1835 4903 2038 4956 nullum
2069 4901 2362 4964 hominum,
2396 4901 2508 4955 sive
2536 4902 2754 4970 majoris
2773 4942 2788 4966 ,
2821 4901 2934 4956 sive
2963 4900 3194 4971 parvula:
3233 4917 3419 4972 quam-

1836 4993 1963 5047 libet
1986 5003 2038 5047 ct
2059 4991 2288 5047 recentis
2317 4992 2518 5057 :etatis,
2569 4991 2782 5047 liberari
2823 5007 2852 5047 a
2891 4992 3203 5062 contagione
3231 4994 3420 5050 mortis

1832 5085 2061 5154 antiqnzn
2091 5091 2144 5136 et
2187 5082 2513 5153 obligatione
2551 5083 2748 5154 peccati
2779 5083 2918 5152 quod
2949 5085 3114 5152 prima
3146 5087 3418 5143 nativitate

1832 5175 2125 5240 contraxit,
2159 5175 2257 5230 nisi
2297 5190 2391 5245 per
2425 5191 2585 5229 unum
2625 5173 2978 5230 mediatorem
3020 5175 3111 5232 Dei
3152 5185 3206 5232 et
3249 5179 3418 5236 homi-

1834 5283 1978 5326 num.
2019 5266 2286 5321 hominem
2315 5265 2583 5322 Christum
2605 5264 2788 5319 Jcsum
2817 5265 2860 5335 (Ι
2890 5266 3018 5322 Tim.
3047 5285 3103 5330 tt.
3126 5271 3202 5340 5).

1903 5360 1956 5414 6.
1983 5360 2145 5428 Cujus
2173 5360 2402 5414 hominis
2425 5358 2773 5429 ejusdemque
2797 5360 2888 5415 Dei
2915 5362 3262 5418 saluberrima
3289 5363 3412 5431 fide,

1834 5449 1994 5505 etiam
2026 5449 2099 5503 illi
2125 5449 2255 5518 justi
2285 5450 2415 5502 salvi
2447 5448 2564 5501 tacti
2589 5457 2712 5502 sunt
2733 5490 2747 5514 ,
2781 5451 2866 5521 qui
2893 5491 2908 5514 ,
2938 5451 3239 5520 priusquam
3266 5454 3409 5508 veni-

1776 5551 1788 5559 '
1835 5556 1914 5598 rei
1939 5545 1990 5596 in
2022 5556 2185 5595 carne
2210 5541 2249 5607 ί,
2273 5539 2616 5594 crediderunt
2638 5541 2688 5594 in
2711 5557 2871 5595 carne
2896 5552 3190 5596 venturum.
3214 5543 3415 5601 Eadem

1833 5648 2061 5701 namque
2094 5630 2224 5685 fides
2271 5641 2353 5684 est
2382 5640 2435 5685 et
2464 5639 2642 5686 nostra
2674 5641 2729 5687 et
2758 5631 2967 5686 illorum
2987 5672 3002 5697 ,
3035 5634 3280 5701 quoniam
3313 5635 3417 5694 hoc

1835 5726 1908 5782 illi
1935 5723 2277 5780 crediderunt
2303 5721 2561 5792 futurum,
2592 5724 2732 5794 quod
2764 5740 2862 5778 nos
2887 5726 3150 5782 credimus
3178 5729 3412 5788 factum:

1904 5841 1918 5871 ι
1953 5845 2058 5888 Mss.
2085 5836 2306 5901 plerique
2327 5845 2603 5889 constanter
2621 5838 2820 5898 habent,
2841 5837 2891 5890 in
2908 5850 3122 5901 cm.
