3990 6384
742 355 850 431 ’959

742 488 882 545 unde
909 490 1033 545 dicit
1066 493 1332 555 apostolus
1358 482 1583 554 Pollius,
1623 491 1868 545 Habentes
1899 502 2061 543 autem
2091 510 2147 543 an
2178 492 2315 542 ‘ttimtt

751 580 1001 652 Spiritum
1028 584 1145 649 ﬁdei
1170 625 1183 645 ,
1213 586 1481 635 secundum
1520 584 1651 650 quod
1684 586 1921 651 scriptum
1948 594 2015 633 est
2038 624 2050 642 ,
2090 582 2316 644 Credidi,

742 676 957 743 propter
977 675 1109 740 quod
1131 674 1323 725 locutas
1343 684 1473 737 sum,
1497 684 1541 725 et
1569 686 1656 725 nos
1681 677 1945 732 credimus,
1973 685 2171 742 promer
2191 674 2322 735 quod

742 766 799 817 ’ἐι
819 765 1065 833 loquimur
1100 762 1159 833 (ll
1189 763 1302 816 Cor.
1337 778 1409 827 tv,
1445 765 1553 831 l5).
1580 764 1633 817 Si
1658 780 1783 833 ergo
1804 766 2046 819 eumdem
2069 767 2319 833 Spiritum

755 842 876 910 lldci
900 865 949 909 et
977 855 1046 909 illi
1077 854 1337 908 habebant
1358 855 1446 924 qui
1473 866 1750 910 venturum
1784 859 1833 909 in
1864 872 2025 912 carne
2054 858 2320 910 Christum

752 948 1189 1018 prazuuntiarunt,
1218 962 1372 1014 quem
1402 949 1556 999 etiam
1586 947 1659 1000 illi
1688 948 1773 1014 qui
1802 964 1919 999 ριιιιι
1950 948 2156 1000 venisse
2186 962 2321 1000 nun-

747 1038 975 1101 tiarunt;
1025 1048 1353 1091 Sacramenta
1395 1053 1511 1092 esse
1554 1047 1835 1106 potuerunt
1878 1055 1975 1107 pro
2024 1050 2321 1107 temporum

740 1124 1054 1185 diversitate
1082 1130 1285 1183 diversa
1314 1173 1326 1192 ,
1357 1130 1421 1183 ad
1450 1130 1699 1183 unitatem
1729 1138 1904 1183 tamen
1936 1130 2171 1199 ejusdem
2203 1131 2323 1184 tidei

744 1221 1165 1277 noneordissime
1204 1223 1550 1276 recurrentia.
1593 1222 1856 1291 Scriptum
1890 1233 1968 1277 est
2009 1223 2061 1276 in
2107 1222 2321 1276 Actibus

750 1311 1123 1383 Apostolorum
1149 1354 1164 1375 ,
1202 1311 1450 1380 loquente
1494 1314 1734 1382 apostolo
1776 1313 1931 1365 Petro
1964 1330 1977 1364 :
2014 1312 2166 1365 Nunc
2206 1328 2321 1383 ergo

750 1404 871 1473 quid
900 1404 1098 1456 tentati:
1120 1401 1282 1455 Deam
1308 1404 1562 1472 imponere
1580 1404 1763 1473 jugum
1782 1420 1935 1471 supra
1960 1404 2139 1456 collum
2168 1404 2318 1455 disci-

752 1494 985 1564 pulorum
1004 1535 1018 1559 ,
1050 1493 1184 1561 quod
1218 1510 1375 1563 neque
1403 1504 1567 1563 patres
1602 1497 1786 1557 nostri,
1826 1510 1983 1565 neque
2007 1510 2097 1547 nos
2128 1505 2323 1563 portare

752 1584 1039 1656 potuinms?
1071 1582 1175 1637 Sed
1201 1600 1288 1654 per
1317 1585 1527 1653 gratiam
1561 1584 1763 1636 Domini
1801 1583 1928 1637 Jesu
1959 1586 2204 1637 credinms
2234 1601 2322 1637 nos

748 1674 917 1729 salvos
961 1675 1108 1742 ﬁeri,
1148 1675 1564 1743 Quemadmodum
1606 1684 1651 1727 et
1690 1675 1765 1727 illi
1794 1676 1927 1743 (Act.
1961 1692 2046 1739 xv,
2082 1675 2165 1739 10,
2209 1676 2319 1744 11).

745 1762 807 1823 Si
837 1768 963 1835 ergo
993 1765 1167 1827 etiili,
1197 1765 1246 1819 id
1274 1775 1373 1832 est,
1402 1774 1596 1834 patres,
1626 1759 2043 1836 portare‘jugum
2083 1768 2208 1835 legis
2236 1782 2323 1821 ve-

736 1856 881 1911 teris
904 1870 1006 1909 non
1034 1856 1287 1921 valentes,
1313 1870 1407 1926 per
1431 1859 1649 1925 gratiam
1681 1857 1881 1910 Domini
1918 1857 2041 1911 Jesu
2066 1860 2242 1911 salvos
2265 1874 2323 1913 se

742 1944 866 2001 Ἠθτὶ
895 1944 1271 2009 crediderunt;
1325 1945 1659 1998 manifestum
1701 1955 1783 2000 est
1819 1947 1957 2016 quod
2008 1948 2118 2001 inec
2156 1950 2321 2017 gratia

744 2039 911 2093 ‘etlam
954 2039 1200 2106 antiquos
1242 2038 1413 2107 justas
1461 2039 1638 2092 vivere
1684 2038 1808 2093 fecit
1854 2054 1918 2093 ex
1967 2040 2117 2093 ﬁde:
2152 2041 2324 2108 justus

750 2129 893 2183 enim
924 2142 988 2182 ex
1018 2127 1119 2181 lldc
1150 2129 1277 2181 vivit
1301 2126 1523 2200 (Habac.
1556 2145 1593 2182 ιι
1620 2171 1632 2193 ,
1664 2130 1740 2201 4).

822 2218 876 2274 ’1.
920 2219 1028 2273 Lex
1056 2231 1233 2274 autem
1262 2221 1578 2275 subintravit
1618 2231 1673 2275 ut
1703 2223 1995 2295 abundaret
2031 2224 2319 2290 delictum;

748 2317 809 2363 ut
832 2310 1288 2379 superabundaret
1314 2313 1477 2377 gratia
1511 2312 1682 2383 (Rom.
1708 2330 1737 2364 v
1755 2355 1769 2377 ,
1791 2313 1884 2378 20)
1901 2355 1914 2378 ,
1946 2331 2039 2381 per
2058 2330 2214 2382 quam
2244 2330 2326 2367 sa-

728 2406 970 2456 ”ﬁaretur
1013 2402 1191 2455 delicti
1234 2403 1572 2457 abundantia.
1616 2404 1670 2459 Si
1715 2407 1854 2457 enim
1899 2407 2016 2459 data
2060 2417 2201 2461 esset
2244 2410 2322 2463 lex

752 2508 871 2563 qua:
896 2492 1162 2547 viviﬁcare
1189 2504 1404 2563 posset,
1435 2496 1652 2548 omnino
1686 2511 1757 2550 ex
1790 2498 1902 2563 lege
1937 2505 2078 2551 esset
2104 2498 2321 2565 jnstitia.

753 2584 848 2639 Cui
874 2594 1045 2639 tamen
1084 2585 1221 2639 bono
1259 2586 1364 2639 Lex
1394 2586 1515 2640 data
1554 2588 1621 2639 sit
1651 2589 1696 2651 ι,
1732 2599 2115 2657 consequi-nter
2144 2590 2327 2659 adjun-

728 2677 829 2730 ’ῆι
865 2676 1093 2730 dicens:
1131 2677 1235 2731 Sed
1276 2680 1515 2731 conclusit
1558 2678 1825 2747 Scriptura
1874 2683 2042 2733 omnia
2088 2682 2176 2734 sub
2215 2699 2327 2751 pec-

751 2774 896 2834 cato,
928 2778 980 2820 ut
1006 2770 1268 2836 promissio
1302 2785 1362 2822 ex
1390 2770 1491 2836 ﬁde
1515 2769 1637 2822 .lesu
1671 2770 1853 2824 Christi
1882 2772 2085 2823 daretur
2124 2774 2328 2826 creden-

748 2859 881 2913 tibus
912 2859 1105 2927 (Colat.
1141 2876 1214 2924 ιιι,
1246 2860 1308 2915 21
1340 2903 1352 2920 ,
1383 2862 1499 2931 ‘22).
1543 2861 1719 2915 Danda
1750 2864 1922 2931 itaque
1962 2863 2134 2916 fuerat
2179 2864 2287 2917 Lex
2310 2906 2323 2929 ,

746 2956 871 3018 qua:
902 2950 1231 3003 manifestius
1256 2951 1352 3003 sibi
1382 2951 1552 3019 ipsum
1582 2951 1888 3005 ostenderet
1914 2953 2181 3005 hominem
2203 2995 2217 3019 ,
2263 2970 2328 3007 nc

748 3042 1013 3111 snpcrbns
1042 3044 1248 3096 animus
1276 3042 1535 3098 humanus
1558 3060 1587 3093 a
1614 3045 1791 3113 seipso
1827 3059 1884 3097 se
1927 3060 2079 3111 posse
2106 3060 2223 3099 esse
2245 3046 2329 3113 ju~

756 3140 894 3188 stum
926 3141 1163 3202 putaret,
1194 3143 1247 3188 et
1276 3135 1523 3203 ignorans
1552 3135 1639 3187 Dei
1664 3137 1919 3201 justitiam
1947 3177 1959 3199 ,
2008 3136 2058 3189 id
2104 3146 2184 3190 est
2212 3152 2329 3205 qua}

736 3222 957 3277 "homini
984 3240 1046 3278 ex
1076 3225 1185 3277 Deo
1211 3236 1311 3289 est,
1341 3236 1392 3279 ct
1415 3242 1563 3279 suam
1592 3229 1773 3280 volens
1802 3229 2146 3290 constituere,
2176 3228 2227 3281 id
2250 3237 2330 3281 est

726 3304 906 3383 “quasi
930 3313 1041 3367 Suis
1071 3314 1271 3366 viribus
1300 3324 1525 3382 partam,
1558 3315 1776 3381 justitiae
1810 3317 1899 3370 Dei
1926 3317 2197 3383 subjectus
2226 3334 2327 3369 non

756 3404 907 3460 ﬁeret
929 3403 1101 3475 (Rom.
1124 3420 1176 3469 χ,
1200 3406 1279 3476 5).
1302 3406 1589 3474 Oportebat
1610 3408 1782 3476 itaque
1805 3418 1860 3461 ut
1885 3410 2062 3462 addito
2085 3412 2329 3465 mandato

755 3497 906 3569 cujus
933 3515 1032 3552 vox
1064 3508 1141 3552 est
1168 3541 1182 3564 ,
1221 3498 1335 3552 Non
1381 3500 1696 3569 concupisces
1725 3500 1913 3571 (Exod.
1949 3517 2033 3563 xx,
2074 3500 2158 3565 Π)
2188 3544 2201 3567 ,
2244 3519 2332 3555 su-

753 3589 922 3659 perbo
964 3590 1225 3658 peccaturi
1260 3591 1417 3643 etiam
1461 3591 1907 3658 pralvaricationis
1936 3594 2135 3645 crimen
2175 3608 2328 3647 acce-

761 3681 940 3746 deret;
978 3692 1135 3751 atque
1175 3683 1245 3735 ita
1294 3682 1477 3751 gratim
1519 3683 1829 3735 medicinam
1877 3698 1979 3737 non
2017 3693 2196 3737 sanata
2239 3700 2331 3754 per

748 3770 977 3843 Legem,
1007 3774 1097 3825 sed
1128 3774 1366 3825 convicta
1395 3770 1670 3825 inﬁrmitas
1696 3782 1975 3842 quzrreret.

808 3865 880 3920 ’8.
912 3864 1166 3929 Proinde,
1212 3878 1330 3918 cum
1362 3878 1544 3917 omnes
1567 3865 1688 3931 justi
1714 3906 1727 3927 ,
1773 3866 1869 3917 hoc
1894 3873 1973 3917 est
1996 3879 2209 3919 veraces
2238 3867 2331 3921 Dei

760 3957 991 4011 cultores
1009 3998 1022 4021 ,
1048 3957 1159 4010 sive
1185 3965 1305 4009 ante
1332 3956 1776 4021 incarnationem,
1808 3958 1914 4010 sive
1944 3968 2061 4027 post
2088 3959 2328 4013 incarna-

758 4046 954 4101 tionem
984 4044 1212 4110 Christi,
1244 4062 1339 4100 nec
1364 4047 1620 4111 vixerint,
1657 4062 1755 4100 nec
1781 4048 1981 4108 vivant,
2010 4050 2110 4101 nisi
2136 4066 2196 4102 ex
2231 4050 2331 4104 [ide

756 4139 1138 4193 incarnationis
1180 4138 1404 4205 Christi,
1457 4138 1507 4191 in
1555 4154 1659 4207 quo
1697 4149 1778 4192 est
1820 4143 1998 4207 gratim
2033 4142 2329 4209 plenitudo;

754 4229 995 4299 profecto
1026 4230 1162 4298 quod
1194 4232 1447 4295 scriptum
1490 4238 1597 4291 est,
1651 4229 1769 4282 Non
1819 4244 1936 4285 esse
1980 4233 2119 4285 aliud
2156 4250 2331 4286 nomen

760 4322 848 4374 sub
871 4322 993 4373 calo
1015 4362 1029 4385 ,
1056 4322 1105 4373 in
1132 4338 1227 4389 quo
1253 4331 1475 4390 Oporteat
1501 4321 1663 4374 salvas
1692 4322 1801 4388 βίλνί
1828 4339 1916 4374 nos
1952 4323 2083 4391 (Act.
2108 4340 2177 4386 tv,
2206 4327 2293 4394 12)
2313 4369 2325 4391 ,

763 4424 827 4464 ex
858 4408 948 4463 illo
976 4419 1213 4478 tempore
1241 4411 1380 4463 valet
1406 4411 1471 4463 ad
1498 4412 1802 4464 salvandum
1831 4427 1998 4479 genus
2027 4414 2329 4481 humanum,

752 4509 828 4555 ex
852 4516 957 4569 quo
987 4501 1037 4555 in
1066 4501 1232 4554 Adam
1271 4502 1507 4555 vitiatum
1539 4510 1619 4555 est
1658 4517 1823 4571 genus
1853 4504 2156 4558 humanum.
2192 4506 2333 4562 Sicut

762 4592 894 4645 enim
918 4592 971 4644 in
999 4590 1161 4643 Adam
1188 4606 1358 4644 omnes
1382 4594 1680 4655 moriuntur,
1712 4596 1781 4646 ita
1807 4605 1848 4646 et
1876 4598 1926 4647 in
1948 4596 2142 4650 Clu-isto
2168 4614 2334 4654 omnes

737 4679 1160 4749 “viviﬁcabuntur.
1207 4681 1337 4748 Quia
1367 4682 1501 4736 sicut
1532 4683 1582 4735 in
1610 4698 1771 4751 regno
1814 4688 1996 4739 mortis
2034 4703 2191 4741 nemo
2220 4691 2333 4745 sine

750 4772 956 4837 ‘A’dam,
985 4774 1056 4827 ita
1083 4774 1134 4826 in
1162 4788 1325 4842 regno
1346 4774 1650 4829 vitarnemo
1680 4776 1793 4830 sine
1819 4776 2046 4832 Christo.
2078 4778 2221 4833 Sicut
2241 4796 2335 4850 per

744 4865 931 4919 *Adam
973 4878 1157 4918 omnes
1202 4863 1411 4933 injusti,
1456 4865 1525 4918 ita
1572 4880 1665 4933 per
1690 4865 1957 4920 Christum
1990 4884 2173 4922 omnes
2207 4870 2334 4938 justi

762 4956 1025 5012 homines.
1054 4957 1204 5012 Sicut
1250 4972 1343 5025 per
1388 4956 1552 5011 Adam
1591 4972 1774 5011 onmes
1814 4962 2064 5014 mortales
2095 4963 2143 5014 in
2184 4978 2335 5031 pmna

767 5048 887 5103 lacti
914 5060 1034 5103 sunt
1063 5049 1152 5102 lilii
1183 5050 1360 5102 smculi
1384 5091 1398 5113 ,
1428 5049 1496 5102 ita
1521 5057 1575 5102 et
1606 5066 1697 5117 pcr
1720 5049 1986 5105 Christum
2027 5067 2208 5107 omnes
2239 5054 2338 5107 im-

766 5141 1015 5194 mortales
1045 5141 1095 5192 in
1120 5142 1285 5208 gratia
1318 5140 1449 5191 liunt
1472 5140 1559 5191 lilii
1591 5139 1699 5192 Dei.

835 5229 1054 5284 CAPUT
1099 5228 1181 5281 lll.
1223 5259 1292 5268 —
1333 5228 1386 5283 9.
1430 5228 1538 5281 Cur
1571 5238 1744 5282 autem
1779 5239 2026 5284 creentur
2058 5233 2215 5286 etiam
2265 5234 2337 5288 illi

767 5336 898 5392 quos
919 5320 1139 5373 Creator
1165 5319 1427 5387 prtescivit
1453 5321 1473 5350 ³
1500 5321 1563 5372 ad
1595 5320 1983 5374 damnationem
2012 5339 2112 5375 non
2136 5324 2199 5376 ad
2220 5339 2339 5394 gra-

767 5417 889 5490 tiam
935 5413 1231 5483 pertinere,
1275 5413 1457 5465 beatus
1497 5413 1778 5481 Apostolus
1811 5424 1953 5467 tanto
1992 5418 2338 5474 succinctinre

769 5504 1053 5569 brevitate,
1100 5511 1297 5573 quanto
1337 5504 1539 5574 majore
1588 5508 1897 5560 auctoritate
1939 5518 2336 5565 commemorat.

835 5700 852 5731 ί
887 5697 961 5747 sic
974 5705 1082 5761 Mss.
1107 5695 1276 5761 plin-es
1306 5695 1521 5748 melioris
1540 5704 1687 5760 noue,
1721 5710 1915 5761 necnon,
1940 5700 2047 5749 Bad.
2074 5709 2173 5751 Am.
2193 5710 2246 5754 et
2265 5709 2338 5755 Fr.

775 5767 953 5809 Attm.
971 5756 1121 5822 habet
1143 5773 1157 5808 :
1177 5756 1268 5822 Qui
1285 5767 1441 5822 tamen
1463 5773 1610 5822 quare
1634 5756 1728 5811 Lex
1750 5760 1999 5812 bonadata
2018 5762 2096 5815 sit.

839 5822 857 5848 ¹
876 5820 1141 5868 victor-inus
1162 5820 1335 5880 codex,
1350 5819 1509 5869 coluit.
1533 5827 1690 5869 Germ.
1708 5828 1757 5871 et
1778 5826 1935 5885 Corb.,
1955 5824 2093 5873 norit

1978 377 2031 431 S.
2074 374 2439 431 AUGUSTINI
2480 375 2774 431 EPISCOPI
3820 400 3891 463 360
3934 448 3935 453 η

2442 490 2604 540 Deum
2634 492 2770 542 enim
2816 490 2941 545 dicit
2968 491 3231 546 volentem
3252 497 3888 568 munitmtmwamm.

2426 591 2588 633 slrare
2614 587 2881 650 patentium
2907 601 3048 636 suam
3070 627 3083 648 ,
3116 588 3352 641 attulisse
3373 594 3419 642 in
3438 602 3581 645 nitito
3598 599 3890 663 patientiam;

2428 671 2539 731 ἱνα»,
2568 688 2679 741 qum
2706 677 2924 744 perfecta
2950 686 3061 727 sunt
3094 677 3143 728 in
3169 679 3483 743 perditidnem
3502 723 3515 748 ,
3540 686 3585 736 et
3603 697 3646 737 at
3669 699 3785 745 nam
3801 702 3890 763 [περ.

2427 774 2499 814 ret
2533 764 2731 815 divitias
2762 766 2936 834 gloria:
2964 784 3068 820 sua:
3108 769 3158 819 in
3190 780 3305 822 uasa
3328 774 3818 851 misericordite;quttu
3833 802 3893 842 tu-

2430 855 2605 921 perius
2636 855 2838 908 (ilXt'l‘ﬂl
2870 866 3112 924 tauquam
3144 858 3357 928 ligulam
3398 862 3496 917 luti
3534 876 3591 919 ea:
3618 873 3896 933 audciam

2428 947 2593 1015 facere
2609 945 2751 997 aliud
2771 964 2853 1000 ms
2874 949 2923 1000 in
2950 949 3209 1015 honerem,
3232 952 3370 1004 aliud
3388 955 3439 1006 in
3461 961 3761 1015 contath
3776 965 3891 1033 (Rom.

2427 1049 2475 1088 Ix
2500 1077 2513 1099 ,
2545 1035 2645 1099 ΞΩ,
2692 1038 2804 1105 21).
2854 1037 3039 1092 Merito
3066 1049 3238 1095 autem
3269 1043 3527 1100 videretur
3551 1050 3783 1118 injustam,
3803 1060 3893 1125 quod

2430 1127 2559 1179 liunt
2585 1143 2704 1179 vasa
2736 1130 2829 1180 ira:
2859 1130 2924 1182 ad
2960 1132 3305 1198 perditionem
3327 1175 3341 1198 ,
3366 1136 3407 1188 si
3436 1154 3530 1191 non
3557 1148 3681 1193 esset
3708 1144 3792 1211 ipsa
3817 1149 3892 1201 uni-

2429 1231 2576 1268 versa
2608 1232 2669 1271 ex
2700 1219 2865 1271 Adam
2904 1236 3075 1273 massa
3103 1222 3368 1277 damnata.
3395 1226 3538 1294 Quod
3563 1246 3673 1299 ergo
3699 1233 3796 1287 fumi
3815 1237 3893 1292 inde

2429 1307 2695 1359 nascendo
2748 1324 2869 1360 vasa
2934 1310 3052 1376 irae,
3100 1313 3323 1380 pertinet
3368 1316 3431 1367 ad
3474 1317 3678 1375 debitam
3719 1337 3891 1391 pinnam:

2429 1398 2567 1465 quod
2619 1408 2793 1451 autem
2848 1401 2976 1453 liunt
3038 1405 3365 1458 renascendo
3416 1422 3532 1460 vasa
3581 1412 3891 1483 titisericordie,

2428 1488 2651 1556 pertinet
2675 1490 2736 1541 ad
2764 1491 3044 1545 indebitam
3072 1496 3311 1562 gratiam.

2500 1579 2587 1630 lt).
2618 1579 2857 1633 Ostendit
2883 1597 3008 1647 ergo
3036 1583 3173 1637 Deus
3205 1585 3332 1638 iram
3357 1602 3534 1652 suam;
3562 1604 3651 1642 non
3672 1590 3809 1662 utique
3824 1599 3895 1649 ani-

2428 1668 2499 1721 mi
2531 1670 2977 1736 perturbationem
3003 1713 3016 1736 ,
3048 1675 3181 1726 sicut
3208 1685 3289 1729 est
3313 1692 3428 1745 qua:
3456 1679 3524 1730 ira
3552 1678 3744 1735 hominis
3763 1698 3895 1739 nuncu-

2428 1768 2603 1827 patur,
2636 1760 2727 1813 sed
2751 1760 2945 1828 justam
2976 1762 3237 1833 ﬁxamque
3266 1766 3567 1831 vindictam,
3596 1771 3698 1837 quia
3721 1772 3771 1826 de
3788 1776 3894 1844 stirpe

2432 1847 2803 1903 inobedicutim
2834 1850 3046 1905 ducitur
3079 1870 3307 1924 propago
3339 1861 3526 1924 peccati
3558 1870 3690 1928 atque
3714 1865 3893 1931 Supplicii.

2429 1936 2494 1990 Et
2526 1938 2672 1991 homo
2697 1949 2841 1992 natus
2882 1957 2942 1993 ex
2972 1945 3201 2010 muliere,
3233 1948 3370 1999 sient
3394 1948 3442 1999 itt
3470 1947 3593 2001 libro
3617 1951 3701 2003 Job
3714 1955 3896 2020 scriptum

2424 2038 2528 2091 est,
2556 2030 2713 2084 brevis
2736 2043 2809 2084 est
2837 2033 2954 2085 vita:
2974 2044 3017 2086 et
3046 2036 3221 2105 plenus
3240 2038 3508 2093 iracundia:
3531 2040 3653 2111 (Job.
3679 2058 3762 2105 ιιι,
3782 2044 3817 2108 i,
3834 2062 3893 2099 sec.

2429 2120 2615 2189 LXX).
2651 2123 2773 2190 Ejus
2800 2126 2940 2177 enim
2982 2127 3056 2179 rei
3099 2144 3189 2180 vas
3220 2141 3303 2183 est
3325 2173 3338 2196 ,
3370 2146 3467 2199 qua
3510 2132 3673 2200 plenus
3696 2138 3893 2191 eitzunde

2428 2210 2521 2265 ira:
2551 2228 2673 2266 vasa
2701 2214 2965 2267 dicuntur.
3014 2215 3257 2272 Ostendit
3287 2229 3340 2273 et
3367 2223 3635 2289 potentiam
3677 2236 3814 2289 snam,
3834 2243 3893 2295 qua

2432 2300 2567 2356 bene
2596 2305 2753 2356 etiam
2782 2306 2943 2358 utitur
2970 2308 3152 2371 malis,
3184 2310 3350 2362 multa
3389 2312 3486 2365 illis
3515 2316 3733 2367 naturalia
3753 2323 3894 2369 ettetu-

2429 2394 2629 2462 poralia
2672 2396 2805 2447 bona
2839 2396 3099 2465 largiens,
3132 2414 3422 2468 eorumque
3462 2404 3687 2456 malitiam
3721 2404 3773 2457 ad
3800 2421 3896 2458 exer-

2431 2488 2630 2540 cendos
2659 2496 2711 2540 et
2755 2491 3151 2556 comparatione
3193 2491 3543 2547 admonendos
3588 2495 3728 2549 biuios
3760 2512 3895 2550 accom-

2428 2579 2653 2631 modans
2672 2618 2686 2642 ,
2721 2586 2781 2631 ut
2809 2580 2859 2631 in
2890 2581 2969 2632 eis
2992 2580 3200 2635 discant
3227 2598 3383 2651 agere
3417 2586 3599 2653 gratias
3626 2586 3714 2639 Deo
3732 2586 3832 2654 quod
3856 2587 3895 2637 ab

2432 2668 2509 2721 eis
2529 2708 2541 2730 ,
2574 2683 2674 2719 non
2698 2669 2807 2721 suis
2834 2672 3063 2733 meritis,
3094 2686 3211 2740 qum
3240 2672 3292 2725 in
3322 2673 3500 2727 eadem
3527 2689 3677 2727 massa
3705 2674 3894 2742 pariatur-

2430 2768 2554 2813 runt
2604 2761 2642 2825 ³,
2696 2760 2787 2813 sed
2835 2762 2972 2815 illius
3018 2764 3361 2818 miseratione
3403 2764 3604 2819 (Περινθιί
3645 2775 3758 2818 sunt.
3801 2765 3893 2830 Quid

2431 2854 2659 2906 maxime
2702 2863 2920 2921 apparet
2968 2854 3018 2906 in
3060 2858 3330 2924 parvulis,
3372 2857 3437 2911 de
3476 2858 3680 2926 quibus,
3714 2872 3804 2910 eum
3838 2872 3891 2924 per

2433 2946 2626 2999 Christi
2657 2948 2878 3013 gratiam
2909 2960 3279 3013 renascuntur,
3303 2958 3357 3002 et
3384 2950 3528 3002 istam
3549 2950 3688 3001 vitam
3712 2950 3752 3001 in
3774 2948 3894 2999 illate-

2434 3053 2559 3091 nera
2588 3049 2739 3091 a-tate
2767 3039 3008 3093 finientes
3034 3039 3085 3092 in
3111 3049 3365 3094 :eternam
3399 3050 3650 3095 transeunt
3668 3050 3713 3093 et
3734 3041 3893 3101 beatam,

2433 3128 2537 3183 dici
2569 3144 2671 3182 non
2704 3138 2877 3197 potest
2907 3130 3045 3198 quod
3090 3131 3262 3185 libero
3307 3131 3656 3185 discernuntur
3678 3128 3895 3183 arhiuioab

2435 3220 2552 3273 aliis
2582 3220 2870 3272 infantibus
2914 3220 2999 3288 qui
3042 3222 3155 3273 sine
3202 3222 3302 3276 hac
3337 3225 3500 3292 gratia
3548 3224 3594 3275 in
3622 3221 3754 3288 ipsius
3774 3230 3895 3271 massa

2437 3313 2773 3365 damnatione
2798 3314 3113 3366 moriuntur.

2515 3405 2601 3457 Η.
2634 3403 2686 3457 Si
2716 3414 2889 3456 autem
2919 3403 2970 3456 hi
2999 3404 3094 3455 soli
3119 3414 3433 3459 crearentur
3473 3420 3533 3457 ex
3556 3402 3719 3467 Adam,
3742 3401 3806 3471 qui
3835 3414 3889 3451 es-

2436 3505 2551 3549 sent
2584 3512 2674 3565 per
2694 3499 2911 3565 gratiam
2945 3497 3217 3549 recreandi
3240 3537 3257 3561 ,
3292 3505 3346 3550 et
3374 3507 3555 3564 prmter
3577 3496 3678 3548 illos
3693 3494 3811 3562 quiin
3832 3491 3889 3543 Dei

2435 3587 2570 3640 ﬁlios
2608 3588 2947 3655 adoptantur,
2985 3589 3113 3640 nulli
3144 3589 3229 3640 alii
3281 3590 3514 3643 homines
3542 3583 3894 3649 na.~cerenlur,b-

2438 3690 2569 3735 teret
2596 3683 2904 3736 beneﬁcium
2939 3684 3074 3749 quod
3103 3684 3395 3739 (lauaretur
3420 3684 3654 3753 indiguus;
3680 3681 3775 3750 quia
3797 3676 3894 3729 nullis

2436 3788 2501 3827 ex
2540 3775 2722 3827 eadem
2750 3775 3033 3827 damnabili
3064 3776 3227 3844 stirpe
3256 3778 3577 3830 venientibus
3613 3776 3896 3836 debitumsut»

2437 3863 2647 3930 plicium
2680 3865 3006 3917 redderetur.
3040 3865 3170 3919 Cum
3204 3883 3332 3920 vero
3354 3868 3518 3920 attulit
3546 3869 3591 3919 in
3612 3866 3741 3919 multa
3765 3862 3895 3929 patien-

2439 3954 2503 4005 tia
2534 3970 2653 4007 vasa
2695 3957 2784 4006 ine
2811 3997 2823 4017 ,
2864 3973 2980 4023 qua:
3014 3960 3239 4023 perlecta
3274 3959 3468 4011 suntin
3501 3956 3893 4025 perditionrmtnl’"

2438 4048 2607 4099 solum
2633 4048 2859 4100 ostendit
2895 4050 3024 4101 iram
3053 4058 3105 4101 et
3133 4050 3514 4104 demonstravit
3542 4048 3777 4118 potentiam
3796 4054 3892 4094 sulm

2440 4136 2765 4189 rcdhihcndo
2797 4138 3099 4202 vindictam,
3134 4149 3185 4190 et
3213 4141 3349 4193 bene
3374 4139 3559 4193 utendo
3585 4154 3673 4190 non
3697 4125 3892 4191 Musseti

2438 4228 2592 4280 etiam
2618 4238 2766 4278 notas
2798 4228 2915 4281 fecit
2941 4229 3145 4281 divitias
3170 4230 3357 4297 glorite
3403 4246 3507 4283 sum
3551 4229 3595 4280 in
3633 4240 3731 4277 vasa
3755 4216 3891 4273 iniseri-

2438 4318 2649 4370 cordizo.
2678 4317 2747 4371 Ita
2781 4320 2919 4369 enim
2949 4318 3071 4386 quid
3105 4329 3384 4384 pt‘mstetttr
3407 4319 3500 4372 sibi
3519 4316 3628 4369 dicit
3654 4311 3779 4383 gratis
3799 4303 3893 4373 iINi'

2439 4406 2623 4460 ﬁcalus
2644 4449 2657 4469 ,
2688 4408 2809 4459 dum
2854 4424 2955 4459 ntm
2987 4422 3082 4459 suo
3106 4409 3331 4464 merito.
3374 4408 3461 4463 sed
3501 4407 3648 4477 gloria
3679 4397 3890 4467 largissiﬂm

2438 4499 2531 4551 Dei
2577 4498 2951 4551 misericordia:
2991 4498 3311 4553 discernitur
3351 4516 3379 4552 τι
3416 4500 3673 4561 damnato,
3708 4507 3797 4547 alii!
3826 4494 3891 4552 quo

2438 4589 2623 4642 eadem
2649 4588 2845 4656 justitia
2881 4588 3051 4641 luerat
3087 4600 3141 4643 et
3170 4592 3283 4657 ipse
3311 4588 3641 4645 damnandus.

2508 4678 2594 4733 1'2.
2625 4678 2751 4730 Tam
2781 4678 3170 4733 multostautcm
3211 4681 3441 4736 creando
3482 4671 3890 4733 nasci-voinil.‘l“°‘

2437 4770 2499 4822 ad
2531 4786 2680 4824 suam
2698 4772 2917 4839 gratiam
2948 4789 3050 4825 non
3082 4776 3351 4841 pertinere
3380 4770 3644 4842 pmdtit,
3668 4758 3890 4819 utmilllu'

2438 4862 2559 4916 dinc
2590 4862 2987 4931 incmnparabili
3017 4864 3191 4929 plures
3226 4866 3337 4918 sint
3370 4858 3684 4929 illisquostin
3712 4854 3772 4907 sui
3794 4842 3887 4914 κευί

2437 4952 2657 5022 gloriam
2688 4954 2821 5007 lilios
2842 4949 3801 5024 promissionis-prrdcstinanediui“!s
3811 4944 3882 4995 (’5‘;

2436 5052 2495 5095 ut
2533 5041 2689 5095 etiam
2737 5042 2849 5109 ipsa
2878 5043 3217 5110 reiecturum
3258 5042 3578 5096 multitudine
3600 5032 3881 5092 mandentur,

2430 5148 2594 5202 “quam
2623 5132 2813 5186 nullius
2838 5134 3093 5187 {uenienti
3115 5134 3185 5187 sit
3210 5129 3712 5201 apud-«Deumjum
3734 5125 3882 5188 (μηθ’

2442 5223 2567 5275 libet
2609 5221 2961 5275 numerositas
2999 5222 3673 5291 justissimc‘dawnatomm.
3698 5214 3821 5275 Ακιυε
3846 5208 3883 5297 ξι

2443 5313 2565 5367 hinc
2592 5328 2801 5382 quoque
2840 5290 3130 5382 intelligant
3164 5314 3249 5382 qui
3276 5328 3339 5367 ex
3364 5312 3469 5381 ipsa
3495 5304 3770 5364 damnatione
3794 5290 3885 5348 redi-

2443 5415 2675 5469 muntur,
2728 5404 2828 5458 hoc
2873 5396 3305 5460 luisseidebitum
3348 5415 3526 5457 massa:
3572 5398 3634 5451 illi
3679 5390 3881 5447 universe.

2443 5503 2582 5573 quod
2614 5512 2719 5556 tam
2744 5519 2946 5573 magnae
2979 5506 3112 5573 parti
3140 5508 3251 5573 ejus
3283 5503 3527 5558 redditum
3552 5494 3793 5553 cernerem,
3813 5488 3879 5573 '1?"

2446 5566 2613 5649 solum
2640 5595 2691 5647 in
2718 5596 2797 5648 eis
2817 5566 2906 5663 qui
2933 5566 3183 5665 originali
3201 5604 3407 5666 peccato
3433 5594 3581 5646 multa
3604 5584 3764 5639 addunt
3780 5566 3881 5624 πιλία)

2511 5709 2526 5739 ι
2565 5715 2691 5757 Unus
2715 5715 2815 5757 vat.
2848 5708 3004 5758 codex
3028 5723 3042 5769 ;
3070 5707 3157 5769 Qui
3180 5710 3229 5759 in
3260 5710 3422 5760 eadem
3442 5716 3579 5769 ηιαεςα
3604 5679 3879 5769 ρατςεξ

2566 5740 2691 5757 ιυιω
2725 5740 2815 5757 να..
2848 5740 3004 5758 mea
3030 5746 3042 5757 .
3070 5740 3155 5769 γι..
3180 5740 3229 5759 υ.
3260 5740 3422 5760 (απ...
3442 5740 3579 5755 ...η-ν..
3604 5740 3715 5769 ,τ-η-
3832 5744 3838 5748 .

2449 5768 2575 5818 Alter
2600 5778 2718 5829 \‘at.,
2743 5781 2864 5833 quas.
2877 5806 2905 5818 ..
2927 5768 3122 5833 pariter,
3147 5771 3375 5833 etc.E.dd._,
3393 5765 3517 5831 qui...
3532 5740 3882 5833 papa-Selii“chus

2449 5838 2552 5879 Mss.
2575 5823 2900 5892 quaniplurcs,
2926 5823 3068 5891 ἔμιξε..
3094 5823 3257 5895 paria;
3281 5823 3468 5885 scilicct,
3488 5823 3649 5874 mm.
