3990 6440
173 464 263 521 αι

170 577 443 633 voluntatis
471 571 727 632 arbitrio,
764 584 946 624 Verum
986 570 1143 623 etiam
1192 570 1240 622 itt
1274 579 1376 621 lam
1409 571 1584 622 multis
1616 588 1732 639 ptr-

162 674 297 726 wits
319 668 402 737 qtti
448 662 811 718 tantummodo
837 662 1048 714 vinculo
1092 662 1285 729 peccati
1328 660 1595 729 originalis
1639 661 1733 713 ob-

166 760 361 823 stricti,
390 758 507 811 sine
530 757 697 826 gratia
725 753 1027 807 Mediatoris
1052 770 1115 807 ex
1144 753 1241 807 hac
1284 752 1398 805 luce
1436 755 1728 823 rapiuntur.

170 854 296 910 .‘l'ola
320 851 522 920 tqnippe
551 851 646 902 ista
679 861 847 900 massa
878 846 1041 914 .jttstac
1085 844 1435 899 damnationis
1473 845 1733 912 reciperet

164 945 407 1005 debitum,
426 941 523 994 nisi
550 956 616 994 ex
635 954 693 993 ea
726 939 922 993 faceret
941 953 1042 989 non
1062 938 1229 989 solum
1244 936 1435 1005 justus,
1455 936 1547 988 Sed
1569 938 1727 989 etiam

163 1037 460 1092 misericors
504 1033 695 1100 figulus
737 1030 837 1083 alia
884 1045 1005 1083 vasa
1050 1029 1099 1083 in
1142 1029 1396 1083 honorem
1436 1031 1726 1083 secundum

158 1126 404 1198 gratiam,
450 1140 554 1176 non
596 1122 885 1175 secundum
924 1122 1189 1183 debitum;
1234 1122 1356 1173 dttm
1404 1134 1453 1175 et
1499 1121 1728 1189 parvulis

166 1216 422 1279 subtenit,
452 1228 675 1282 quorum
709 1213 844 1264 nulla
888 1215 1072 1264 merita
1113 1212 1215 1264 dici
1246 1220 1503 1282 possunt,
1528 1222 1581 1265 et
1611 1227 1722 1264 ma-

152 1310 295 1381 ,jores
332 1307 618 1376 pmvmit,
658 1314 714 1357 ut
756 1303 949 1357 habere
988 1304 1159 1370 aliqua
1202 1305 1384 1356 nti-rita
1418 1304 1634 1372 possint.

226 1397 440 1455 CAPUT
470 1394 560 1449 ιν.
590 1424 659 1434 -
706 1396 789 1449 15.
821 1394 949 1459 Quae
978 1409 1095 1447 cum
1148 1394 1214 1445 ita
1260 1395 1393 1456 sint,
1427 1396 1468 1446 si
1502 1394 1723 1447 assertio

164 1503 249 1548 tua
278 1507 371 1543 non
392 1506 457 1542 eo
482 1488 682 1542 tendit.
720 1496 771 1539 ut
815 1502 974 1539 novas
1007 1486 1209 1539 animas
1235 1487 1379 1539 dicas
1408 1496 1617 1554 propter
1639 1487 1719 1539 in-

168 1583 446 1641 nocentiam
475 1580 719 1632 novitatis
746 1594 855 1632 sum
874 1620 889 1643 ,
922 1589 1201 1647 antequam
1225 1579 1288 1631 ad
1315 1581 1633 1647 peccandum
1661 1579 1724 1631 li-

152 1678 283 1732 bero
314 1683 527 1729 utantur
558 1672 809 1735 arbitrio,
840 1670 1164 1725 damnationi
1193 1670 1432 1733 originali
1463 1670 1721 1724 ohnmias

166 1782 271 1823 esse
312 1780 409 1818 non
458 1778 645 1834 posse;
693 1762 784 1817 sed
831 1777 921 1814 cas
967 1761 1067 1813 lide
1114 1761 1370 1815 catholica
1413 1761 1715 1825 conﬁteris,

166 1857 353 1913 etiamsi
394 1855 445 1908 in
477 1854 563 1907 illa
598 1863 773 1907 tenera
807 1860 961 1905 aetate
991 1852 1056 1904 de
1092 1866 1321 1918 corpore
1365 1852 1621 1917 exierint,
1668 1852 1716 1904 in

154 1949 534 2005 damnationem
565 1944 873 2015 perditionis
896 1945 1061 1997 ituras
1080 1984 1096 2009 ,
1126 1943 1224 1997 nisi
1256 1943 1718 1997 SacratnentoMc-

154 2042 384 2106 diatoris,
428 2041 519 2111 qui
562 2039 707 2093 venit
747 2053 987 2108 quaerere
1028 2048 1081 2090 et
1126 2038 1327 2091 salvum
1375 2035 1548 2091 facere
1574 2038 1717 2105 quod

160 2136 368 2205 perimat
393 2132 543 2202 (Luc.
572 2147 689 2197 ιιι,
739 2131 825 2201 l0)
849 2172 863 2196 ,
897 2130 1186 2184 liberentur
1214 2146 1226 2181 :
1256 2146 1433 2198 quaere
1461 2130 1585 2193 ubi,
1631 2131 1716 2185 vel

154 2227 313 2293 unde,
346 2226 430 2281 vel
452 2225 664 2293 quando
693 2223 1321 2292 cmperintdamnationis
1348 2223 1589 2277 meritum
1619 2224 1715 2279 ha-

150 2316 556 2381 bere,si‘nov:e
585 2326 746 2380 sunt,
793 2316 861 2367 ita
901 2330 1028 2369 sane
1066 2322 1129 2367 «ut
1175 2315 1334 2367 Deum
1367 2330 1471 2367 non
1519 2314 1711 2381 facias,

156 2416 242 2462 nec
276 2408 502 2474 aliquam
540 2418 779 2459 naturam
818 2421 975 2474 quam
1016 2420 1119 2457 non
1148 2405 1380 2458 condidit
1423 2406 1587 2469 Deus,
1631 2408 1714 2461 vel

152 2499 337 2566 peccati
366 2512 547 2552 eorum
568 2498 652 2551 vel
675 2497 1010 2549 innocentum
1032 2496 1388 2549 damnationis
1420 2505 1709 2551 auctorem.

144 2586 219 2641 Et
234 2587 563 2641 si‘inrencris
588 2586 730 2655 quod
759 2598 809 2639 te
830 2602 1072 2655 quaerere
1101 2586 1346 2639 admonui
1372 2626 1389 2653 ,
1424 2588 1562 2655 quod
1603 2590 1714 2655 ipse

152 2681 340 2743 adhuc,
374 2681 569 2746 fateor,
600 2695 705 2733 non
749 2680 921 2733 inveni
943 2721 957 2744 ,
988 2680 1211 2734 defende
1239 2691 1493 2747 quantum
1525 2690 1709 2751 potes,

140 2780 293 2839 atque
357 2786 537 2826 assere
600 2772 889 2824 animarum
956 2770 1227 2824 infantium
1279 2773 1536 2840 ejusmodi
1592 2789 1713 2830 esse

152 2864 454 2927 novitatem,
500 2871 559 2916 ut
594 2863 1141 2931 nulla.prnpagatione
1168 2864 1461 2929 ducantur;
1502 2877 1565 2920 et
1609 2884 1709 2919 no-

154 2949 338 3007 biscum
376 2952 517 3023 quod
564 2953 828 3007 inveneris
880 2952 1110 3007 fraterna
1149 2955 1430 3010 dilectione
1470 2972 1710 3013 commu-

210 3137 299 3190 ιη.
338 3135 392 3191 Si
440 3146 764 3189 antemvuon
814 3136 1079 3190 inveneris
1120 3152 1283 3205 quare
1321 3139 1404 3193 vel
1442 3141 1711 3207 quomodo

140 3224 479 3279 ‘tlantantma‘
507 3226 781 3280 infantium
804 3228 1159 3295 peccatrices,
1190 3240 1246 3282 et
1279 3230 1410 3282 nihil
1441 3231 1490 3283 in
1521 3232 1709 3301 seipsis

144 3314 390 3372 {habentes
418 3318 662 3383 malitiae,
702 3334 733 3371 a
774 3335 880 3387 quo
903 3330 1158 3388 cogantur
1190 3335 1259 3375 ex
1302 3321 1467 3375 Adam
1500 3322 1709 3378 trahere

158 3408 277 3463 unde
321 3410 656 3473 damnentur,
685 3425 803 3463 cum
843 3426 934 3463 eas
977 3411 1163 3465 credas
1201 3427 1302 3464 non
1333 3413 1513 3467 cxilla
1540 3414 1709 3482 prima

155 3500 429 3564 peccatrice
476 3509 819 3568 promtgatas,
852 3499 947 3554 sed
976 3503 1584 3571 novasvatqueinsontes
1624 3505 1706 3559 in-

153 3588 275 3641 cludi
301 3605 456 3643 carne
487 3591 721 3660 peccati;
752 3605 851 3643 nec
874 3590 948 3644 sic
966 3590 1075 3660 jam
1108 3600 1307 3647 temere
1334 3592 1387 3646 in
1409 3595 1709 3650 aliamsen-

152 3680 461 3733 tentiant'tua
501 3680 812 3734 deﬂectatur
841 3683 1108 3747 assensio,
1149 3691 1324 3737 ut~eas
1363 3700 1426 3738 ex
1472 3686 1558 3739 illa
1604 3702 1707 3741 una

152 3770 319 3825 credas
366 3771 701 3840 propagando
732 3772 967 3837 traduci;
1018 3789 1083 3828 ne
1130 3774 1261 3827 forte
1308 3776 1440 3830 alius
1471 3777 1708 3832 invenire

144 3862 296 3926 possit
317 3862 457 3931 quod
503 3862 614 3930 ipse
657 3878 759 3914 non
806 3864 1009 3931 possis,
1050 3873 1140 3917 aut
1166 3864 1445 3934 aliquando
1473 3868 1706 3923 invenias

147 3949 271 4015 quod
302 3966 439 4005 nunc
468 3967 571 4004 non
598 3951 851 4020 potueris.
876 3934 1014 4005 'Nam
1058 3960 1109 4006 et
1154 3954 1228 4005 illi
1267 3955 1357 4022 qui
1402 3957 1602 4009 animas
1639 3974 1707 4012 ex

144 4043 554 4113 unatpropagari
588 4054 875 4111 asserunt,
921 4059 1077 4113 quam
1124 4045 1260 4098 Deus
1304 4047 1475 4114 primo
1506 4048 1704 4103 homini

143 4130 311 4198 dedit,
338 4143 498 4204 atque
541 4134 610 4188 ita
638 4150 731 4189 eas
756 4150 824 4190 ex
872 4135 1175 4204 parentibus
1224 4136 1357 4190 trahi
1405 4138 1618 4205 dicunt,
1646 4140 1705 4193 si

140 4222 440 4280 Tertulliani
490 4227 788 4294 Opinionem
826 4236 1145 4295 sequuntur.
1190 4227 1426 4298 profecto
1462 4244 1554 4284 eas
1596 4245 1701 4285 non

142 4318 343 4383 spiritus
363 4359 377 4381 ,
407 4318 501 4372 Sed
526 4332 747 4386 corpora
778 4332 899 4371 esse
914 4318 1240 4372 contendunt
1258 4358 1273 4382 ,
1303 4327 1356 4372 et
1376 4320 1703 4388 corpulentis

130 4410 431 4464 senrinilnts:
447 4410 638 4463 exoriri
675 4423 825 4478 :rqno
870 4410 1317 4480 perversiusquid
1347 4410 1449 4463 dici
1494 4412 1702 4479 potest?

142 4494 452 4568 Neque-hoc
480 4499 868 4553 Tertullianttm
910 4501 1205 4553 somniasse
1251 4500 1543 4555 mirandum
1576 4512 1698 4569 est,

138 4590 218 4655 qui
244 4592 399 4643 etiam
426 4591 598 4659 ipsum
619 4600 914 4645 creatorem
938 4592 1100 4646 Deum
1128 4606 1230 4646 non
1242 4607 1371 4647 esse
1384 4593 1489 4647 nisi
1504 4607 1702 4662 corpus

142 4680 373 4746 apiuatttt'
400 4680 500 4750 (α).

203 4773 283 4827 l5.
311 4776 435 4840 Qua
453 4773 715 4827 dementia
747 4773 953 4843 repulsa
978 4788 1023 4825 .a
1063 4773 1419 4842 oordeatqne
1439 4776 1701 4831 orechrio

143 4866 330 4932 stimo,
348 4866 849 4938 quisquis-animam
869 4908 882 4930 ,
910 4867 1063 4921 sicuti
1091 4876 1335 4930 est,;n0n
1366 4882 1489 4922 esse
1509 4884 1700 4937 corpus

144 4958 225 5012 sed
244 4959 919 5027 *spirituntvconfioeonrpet
942 4965 1135 5012 tamen
1160 4959 1220 5010 aia
1254 4959 1391 5013 [ilics
1414 4975 1491 5015 ext
1506 4973 1700 5028 parum

148 5049 274 5103 tibus
309 5051 467 5115 duci;
496 5052 648 5107 ineo
662 5050 1060 5121 quidom'nullis
1087 5050 1662 5117 ccarctatur‘angustiis
1680 5092 1695 5116 ,

152 5142 276 5208 quod
299 5159 487 5196 omnes
516 5144 740 5207 animas,
764 5143 919 5195 etiam
953 5142 1290 5211 parvulorum
1310 5183 1325 5207 ,
1355 5157 1488 5211 quos
1518 5142 1701 5198 Eccle-

153 5234 216 5283 sia
258 5250 357 5289 non
397 5237 575 5304 utique
618 5236 669 5289 in
711 5237 889 5289 falsam
911 5276 923 5299 ,
956 5234 1049 5289 sed
1080 5237 1129 5288 in
1160 5252 1335 5290 verant
1367 5247 1696 5305 peccatorum

154 5325 495 5381 remissionem
547 5329 805 5395 baptiaat,
852 5343 971 5381 vera
1017 5328 1439 5395 ﬁdesipraudicat
1488 5329 1699 5384 trahere

153 5416 386 5484 originale
416 5428 684 5487 peccatum
731 5420 937 5486 pr0pria
984 5419 1135 5486 primi
1180 5419 1407 5474 hominis
1436 5420 1700 5477 voluntate

157 5510 468 5562 commissum
491 5552 503 5571 ,
526 5518 581 5563 et
605 5510 656 5563 in
684 5524 867 5563 omnes
898 5518 1140 5577 posteros
1164 5512 1501 5579 generatione
1528 5520 1701 5566 trans-

157 5600 345 5655 missum
371 5644 385 5663 ,
431 5602 542 5656 sola
589 5600 985 5671 rcgeneratione
1031 5602 1398 5671 purgandum:
1445 5602 1535 5657 sed
1578 5619 1699 5658 cutn

161 5693 457 5747 considerari
488 5703 542 5747 et
571 5692 874 5762 pertractari
914 5694 1133 5760 ceperit
1169 5693 1291 5762 quid
1330 5693 1555 5758 dicatur,
1598 5695 1699 5748 mi-

205 5829 267 5892 (α)
293 5826 500 5892 Tertull,
526 5826 612 5877 lib.
636 5835 764 5892 cont.
810 5836 1058 5887 παιδίω,
1079 5840 1123 5877 c.
1148 5829 1194 5877 7.
1221 5827 1334 5875 vide
1380 5837 1494 5887 Aug.
1532 5824 1614 5875 lib.
1644 5826 1702 5876 10

157 5888 381 5943 deseces!
406 5889 465 5940 ad
489 5890 600 5950 litt.,
623 5903 665 5939 c.
691 5888 767 5939 25.

1328 456 1604 510 EPISTOL
1625 456 1796 512 \ilU“
1839 458 1917 510 (il.
1942 464 1945 469 ⁴

1980 466 2101 501 σςκ
2165 459 2200 511 u

1845 589 1955 625 runt
1986 574 2026 623 ~i
2060 580 2159 626 ulla

3304 473 3413 530 832

2258 598 2284 626 ι·
2330 596 2413 627 -ιικ
2457 596 2651 645 rntttpr-
2679 584 2719 630 h.
2746 599 2774 629 n
2801 583 2849 633 lit
2900 583 2929 634 lt
2973 599 3156 638 Ill:tll“5
3188 604 3285 645 νῖυιιν
3310 604 3409 639 ratu

1844 665 1999 715 modo
2032 675 2273 734 tanquam
2308 668 2515 721 lucerna
2546 671 2611 724 ιιυ
2641 673 2849 724 ltntcrna
2871 681 3186 728 accendatur
3217 687 3266 728 t'l
3298 679 3411 731 sine

1837 754 2158 810 detrimento
2187 758 2403 811 alterius
2427 762 2560 813 alter
2591 762 2867 830 inde-ignis
2887 764 3069 816 existat
3090 805 3104 827 ,
3133 766 3207 819 sic
3234 770 3409 821 anima

1836 844 1905 900 de
1935 845 2105 899 anima
2141 850 2371 916 parentis
2397 850 2480 903 ﬁat
2510 851 2560 905 in
2592 854 2756 918 prole,
2780 854 2858 906 vel
2894 854 3266 911 traducatttrrin
3294 873 3410 924 pro.

1838 935 1975 999 lem;
2008 948 2182 991 utrum
2231 941 2596 1007 incorporeum
2644 959 2825 997 semen
2872 948 3096 1010 animm,
3146 960 3237 999 sua
3272 964 3411 1017 qua-

1834 1026 1953 1080 dam
1984 1028 1998 1058 ¹
2031 1032 2233 1083 oet-ulta
2264 1039 2316 1083 et
2345 1033 2585 1085 invisibili
2618 1034 2695 1086 via
2724 1049 2962 1089 seorsum
2993 1053 3055 1089 ex
3097 1048 3244 1105 patre
3284 1055 3407 1093 cur-

1835 1129 1913 1170 rat
1939 1120 1987 1171 in
2022 1130 2239 1173 matrem
2268 1139 2387 1175 cutn
2414 1127 2469 1176 tit
2496 1134 2781 1194 concvptus
2807 1128 2856 1180 in
2886 1130 3075 1181 femina
3096 1145 3203 1185 :au
3221 1170 3237 1195 ,
3262 1133 3405 1200 quod

1832 1219 1909 1261 est
1938 1209 2327 1276 incredibilius,
2360 1214 2410 1267 in
2440 1218 2645 1270 semine
2666 1218 2904 1285 corporis
2928 1218 3100 1273 lateat.
3142 1217 3272 1274 Cum
3306 1236 3404 1275 au-

1831 1305 1936 1352 tem
1967 1300 2132 1355 ﬂnunt
2160 1304 2300 1356 irrita
2325 1306 2438 1359 sine
2460 1307 2943 1378 ullisconceptihus
2972 1313 3171 1367 semina
3191 1353 3206 1374 ,
3231 1323 3403 1369 utrum

1830 1404 2008 1444 semen
2036 1398 2226 1445 aninnr
2255 1410 2357 1447 non
2398 1396 2553 1450 simul
2574 1408 2753 1452 exeat
2774 1441 2789 1465 ,
2816 1415 2880 1452 an
2906 1416 3109 1455 summa
3136 1404 3405 1459 celeritate

1828 1490 1985 1549 atque
2014 1492 2192 1535 atomo
2218 1486 2469 1551 temporis
2495 1487 2630 1539 unde
2668 1490 2867 1543 exierat
2908 1503 3171 1559 recurrat,
3215 1509 3281 1548 an
3315 1511 3403 1564 pe-

1829 1580 1940 1623 reat
1970 1590 1983 1625 :
2016 1581 2068 1625 et
2102 1574 2144 1626 si
2177 1575 2345 1644 perit,
2371 1579 2636 1645 quomodo
2664 1579 2774 1648 ipsa
2801 1581 2952 1648 cujus
2979 1584 3198 1637 mortale
3222 1601 3403 1640 semen

1826 1670 1938 1726 est,
1974 1664 2285 1719 immortalis
2320 1680 2399 1721 est
2435 1670 2638 1736 anima;
2671 1687 2738 1724 an
2782 1673 3230 1730 immortalitatem
3278 1686 3401 1733 tunc

1826 1754 2048 1822 accipit,
2097 1760 2308 1825 quando
2354 1757 2612 1814 formatur
2659 1770 2713 1815 ut
2751 1764 2926 1831 vivat,
2972 1765 3108 1819 sicut
3145 1766 3401 1835 justitiam

1824 1844 2035 1911 quando
2076 1845 2329 1902 formatur
2357 1861 2415 1904 ut
2456 1854 2641 1919 Silplal.
2692 1855 2752 1907 Et
2795 1870 2901 1923 quo
2933 1866 3085 1925 pacto
3114 1874 3230 1911 eam
3265 1860 3401 1916 Deus

1826 1934 1985 1999 ﬁngat
2025 1937 2074 1990 in
2108 1938 2349 2005 homine,
2381 1944 2584 1997 etiamsi
2613 1946 2783 1997 anima
2808 1948 3134 2004 seminaliter
3163 1951 3401 2008 trahatur

1822 2039 1885 2079 ex
1913 2026 2084 2079 anima
2107 2069 2122 2093 ,
2167 2031 2301 2084 sient
2333 2031 2477 2101 ﬁngit
2515 2035 2563 2085 in
2597 2035 2808 2089 homine
2836 2041 3079 2106 corporis
3122 2042 3357 2097 metnbra
3379 2086 3396 2112 ,

1822 2120 2061 2185 quamvis
2100 2134 2289 2187 corpus
2329 2125 2656 2180 semiualiter
2678 2129 2918 2182 trahatur
2944 2146 3007 2184 ex
3051 2147 3294 2201 corpore.
3340 2137 3396 2192 Si

1821 2209 1959 2262 enim
1992 2224 2095 2265 non
2121 2210 2276 2266 etiam
2306 2216 2591 2284 spiritualis
2615 2231 2856 2275 creatura
2886 2223 3167 2290 fingeretur
3192 2241 3218 2277 a
3253 2227 3392 2295 Deo,

1822 2316 1925 2355 non
1950 2304 2200 2373 scriptum
2227 2318 2399 2374 esset,
2428 2308 2526 2375 Qui
2548 2311 2693 2380 ﬁngit
2712 2314 2944 2381 spiritum
2966 2315 3179 2371 hominis
3206 2319 3257 2372 in
3286 2319 3395 2390 ipso

1825 2392 2003 2463 (Zach.
2036 2412 2139 2462 xu,
2174 2398 2227 2468 1)
2259 2417 2272 2453 :
2310 2411 2364 2454 et
2405 2401 2455 2454 in
2494 2418 2558 2455 eo
2583 2403 2721 2471 quod
2755 2403 2965 2473 legitur,
3000 2406 3097 2470 Qui
3126 2408 3269 2477 ﬁngit
3292 2411 3398 2464 siu-

1819 2485 2031 2553 gitlatim
2055 2487 2206 2540 corda
2228 2490 2482 2542 hominum
2514 2488 2683 2559 (Ρδαι.
2707 2509 2852 2548 xxxu
2868 2536 2880 2555 ,
2907 2490 2993 2566 15)
3018 2511 3031 2559 ;
3056 2497 3098 2549 si
3125 2512 3217 2564 per
3234 2499 3393 2554 corda

1820 2576 2127 2644 signiﬁcata:
2150 2589 2271 2633 sunt
2300 2582 2520 2648 animm,
2555 2583 2675 2651 ﬁngi
2700 2598 2791 2637 eas
2831 2600 2982 2652 posse
3011 2588 3128 2656 quis
3154 2588 3394 2645 dubitet?

1819 2667 1910 2719 scd
1939 2670 2190 2735 qumritur
2216 2680 2389 2725 utrum
2410 2688 2473 2725 ex
2496 2689 2596 2726 una
2615 2676 2788 2728 anima
2822 2677 3046 2730 hominis
3076 2679 3262 2746 primi;
3286 2681 3393 2735 εἰει

1821 2766 1880 2810 ttt
1909 2758 2053 2828 ﬁngit
2095 2762 2396 2829 singillatim
2432 2763 2588 2819 facies
2618 2766 2919 2833 hominum,
2963 2784 3030 2822 ex
3074 2784 3177 2823 uno
3217 2780 3391 2825 tamen

1817 2864 2037 2919 corpore
2070 2851 2297 2907 hominis
2328 2856 2499 2923 pritni.

1887 2939 2113 2995 CAPUT
2146 2941 2204 2995 V.
2232 2944 2413 2997 -16.
2453 2943 2586 2998 Cum
2632 2944 2745 2999 hzec
2786 2955 2941 3016 atque
2986 2948 3281 3018 hnjusmodi
3325 2952 3391 3007 de

1818 3027 1915 3084 hac
1967 3047 2025 3085 re
2056 3033 2236 3087 ~multa
2280 3047 2601 3103 qureruntur,
2653 3053 2769 3107 quae
2815 3040 2959 3093 nullo
3009 3056 3165 3095 sensu
3214 3045 3389 3099 carnis

1818 3122 2085 3190 explorari
2143 3134 2390 3192 possunt,
2449 3135 2573 3181 eta
2628 3138 2802 3182 nostra
2857 3132 3181 3199 experientia
3233 3132 3387 3202 longe

1817 3226 2021 3271 remota
2071 3226 2220 3279 sunt,
2271 3228 2425 3288 atque
2488 3220 2538 3273 in
2606 3221 2945 3275 abditissitnis
2995 3232 3194 3277 natura:
3258 3224 3390 3278 siui-

1817 3307 1915 3361 bus
1962 3309 2147 3371 latent;
2200 3326 2304 3364 non
2360 3312 2778 3367 erubescendum
2835 3322 2917 3368 est
2963 3313 3165 3369 homini
3219 3316 3388 3371 conﬁ-

1815 3398 1912 3452 teri
1967 3414 2025 3455 sc
2062 3401 2289 3455 .nescire
2363 3403 2500 3472 quod
2550 3404 2751 3470 nescit,
2818 3420 2887 3459 ne
2948 3404 3071 3459 dttm
3128 3421 3187 3461 se
3252 3407 3389 3463 scire

1814 3492 2089 3559 mentitur,
2113 3498 2557 3563 nunquamscire
2598 3506 2880 3550 mereatur.
2918 3497 3048 3565 Quis
3084 3509 3258 3553 autem
3291 3516 3386 3554 ne-

1794 3594 1901 3654 .gat
1930 3600 2034 3639 non
2077 3585 2231 3639 unius
2259 3594 2461 3641 tantum
2480 3629 2494 3653 ,
2523 3586 2617 3641 sed
2648 3589 2817 3641 omnis
2854 3589 3050 3642 anima:
3093 3602 3385 3645 creatorem

1792 3678 1977 3733 Deum
2007 3688 2163 3749 atque
2193 3680 2441 3735 factorem
2462 3722 2478 3746 ,
2510 3680 2612 3734 nisi
2639 3681 2731 3750 qui
2757 3680 2873 3749 ejus
2912 3681 3135 3751 eloquiis
3158 3682 3383 3753 apertis-

1792 3772 1945 3828 .sime
1984 3773 2307 3844 refragatur?
2358 3775 2486 3830 Sine
2535 3776 2633 3829 ulla
2683 3775 2874 3844 quippe
2915 3775 3255 3844 ambiguitate
3292 3791 3386 3845 per

1811 3865 2121 3934 prophetam
2158 3865 2313 3931 dicit,
2350 3865 2558 3919 Omnem
2585 3866 2763 3935 ﬂatum
2791 3882 2880 3937 ego
2918 3867 3014 3937 feci
3053 3865 3199 3935 (lsm'.
3246 3883 3381 3933 Lvtt,

1796 3954 1898 4024 .16)
1920 3972 1931 4017 ;
1951 3956 2154 4009 animas
2167 3955 2406 4009 videlicet
2419 3956 2633 4023 intelligi
2652 3956 2856 4020 volens,
2870 3957 3006 4024 quod
3026 3957 3179 4010 verba
3198 3972 3385 4012 conse-

1810 4044 2020 4112 quentia
2049 4043 2399 4097 mauifestant.
2442 4043 2554 4097 Non
2583 4044 2757 4113 itaque
2787 4060 2945 4097 ttnttm
2974 4060 3127 4112 quem
3158 4045 3291 4098 facto
3316 4061 3383 4100 ex

1810 4142 1949 4190 terra
1990 4134 2187 4186 homini
2236 4134 2405 4202 primo
2449 4133 2750 4201 inspiravit,
2800 4133 2893 4186 sed
2939 4149 3151 4188 omnem
3199 4133 3380 4188 ﬂatum

1808 4226 1926 4295 ipse
1955 4224 2109 4291 fecit,
2142 4225 2254 4295 ipse
2297 4225 2473 4279 adhuc
2516 4222 2659 4278 facit.
2696 4224 2960 4290 Quaeritur
2991 4234 3163 4278 tamen
3204 4232 3381 4279 utrttm

1810 4331 2021 4371 omnem
2054 4314 2233 4369 ﬂatum
2264 4332 2325 4369 ex
2357 4316 2445 4370 illo
2472 4330 2575 4369 uno
2614 4314 2736 4368 ﬂatu
2760 4357 2774 4380 ,
2816 4315 2953 4368 sicut
2994 4330 3151 4369 omne
3188 4330 3382 4384 corpus

1808 4405 2037 4461 hominis
2062 4422 2128 4460 ex
2154 4421 2263 4460 uno
2293 4406 2381 4458 illo
2406 4419 2659 4475 corpore,
2710 4405 2863 4459 faciat
2914 4422 2928 4459 :
2976 4421 3041 4458 an
3078 4421 3206 4461 vero
3248 4422 3380 4462 nova

1806 4498 2018 4567 quidem
2063 4512 2285 4566 corpora
2320 4498 2472 4552 faciat
2511 4513 2573 4551 ex
2604 4513 2739 4563 uno,
2766 4498 2972 4553 animas
3000 4507 3175 4553 autem
3220 4514 3382 4553 novas

1804 4604 1874 4645 ex
1904 4589 2086 4644 nihilo.
2118 4589 2247 4656 .Quis
2272 4591 2411 4645 enim
2439 4604 2670 4660 congrua
2718 4589 2829 4645 suis
2871 4590 3380 4660 originibusgcncra

1809 4695 1986 4735 rerum
2019 4682 2177 4735 etiam
2203 4680 2268 4735 de
2288 4681 2579 4735 seminibus
2614 4680 2768 4745 facit,
2798 4682 2893 4734 nisi
2925 4681 3014 4749 qui
3046 4683 3151 4747 ipsa
3179 4682 3379 4735 semina

1788 4773 1921 4827 ssine
1947 4773 2238 4826 seminibus
2278 4771 2433 4824 fecit?
2462 4770 2564 4825 Sed
2584 4772 2693 4825 .ubi.
2711 4787 2795 4826 res
2824 4772 3128 4824 naturaliter
3156 4771 3377 4825 obscura

1806 4874 2044 4919 nostrum
2087 4864 2355 4921 modulum
2398 4864 2595 4928 vincit;
2616 4876 2666 4921 et
2696 4873 2874 4935 aperta
2902 4864 3075 4919 divina
3107 4864 3376 4933 Scriptura

1784 4974 1910 5014 ..που
1946 4958 2224 5022 subvenit,
2254 4968 2453 5013 temere
2494 4958 2614 5012 hinc
2644 4958 2849 5028 aliquid
2893 4956 3113 5012 deﬁnire
3148 4956 3373 5015 humana

1804 5048 2106 5118 conjectura
2157 5049 2444 5115 pra‘suntit.
2494 5048 2791 5103 Secundum
2845 5047 2979 5099 vitas
3027 5057 3200 5101 autem
3244 5065 3376 5115 quas

1803 5137 2046 5208 proprias
2094 5136 2288 5193 habere
2327 5138 2611 5205 incipiunt,
2661 5151 2824 5190 novos
2860 5136 3111 5191 homines
3151 5138 3375 5193 dicimus

1805 5229 1977 5292 nasci,
2000 5228 2128 5282 sive
2171 5229 2373 5294 anima,
2404 5229 2516 5284 sive
2549 5243 2790 5295 corpore.
2819 5227 2887 5281 At
2919 5243 3046 5282 vero
3085 5230 3373 5283 secundum

1804 5320 2060 5389 originale
2105 5329 2371 5389 peccatum
2416 5330 2619 5374 veteres
2665 5328 2983 5383 nascuntur;
3036 5319 3152 5373 ideo
3204 5318 3374 5386 Bapti-

1805 5422 1973 5467 smato
1993 5425 2329 5467 renovantur.

1878 5504 1963 5558 l7.
1984 5504 2193 5573 Aliquid
2216 5518 2339 5573 ergo
2380 5512 2581 5557 certum
2608 5503 2677 5557 de
2701 5505 2891 5557 anima-
2915 5503 3115 5570 origine
3143 5500 3372 5554 nondum

1806 5595 1861 5650 in
1879 5593 2171 5666 Scripturis
2188 5594 2455 5649 canonicis
2474 5596 2728 5664 comperi.
2752 5595 2879 5649 Nam
2908 5597 2938 5648 ii
2966 5595 3053 5662 qui
3078 5607 3237 5647 novas
3258 5592 3373 5645 sine

1798 5689 1913 5743 ulla
1939 5688 2229 5759 propagine
2248 5696 2497 5743 asserunt
2518 5688 2724 5743 animas
2749 5687 2882 5754 ﬁeri,
2912 5687 3048 5742 inter
3076 5683 3373 5741 testimonia

1869 5870 1889 5900 ²
1921 5874 2025 5918 uss.
2040 5874 2260 5930 septem,
2280 5864 2459 5917 animo
2473 5876 2589 5920 sum.
2608 5865 2816 5917 auadmn
2838 5871 2945 5915 ‘etc.
