3990 6380
721 410 829 468 863
1943 418 2001 474 S.
2041 417 2406 474 AUGUSTINI
2441 420 2741 480 EPISCOP‘
3817 456 3887 516 δα

723 524 916 598 quibus
955 523 1007 578 id
1037 523 1274 579 nituntur
1299 524 1608 592 ostendere,
1648 538 1850 598 ponunt
1884 531 2043 585 etiam
2086 533 2170 586 illa
2197 531 2302 586 duo
2411 537 2641 637 animam
2689 550 2950 598 mortuam
3002 544 3185 617 (Num.
3209 565 3286 614 ix,
3313 551 3422 624 I0),
3452 553 3548 625 hoc
3581 568 3652 615 est
3683 570 3888 637 super“

723 633 844 688 qum
870 617 1027 687 paulo
1055 627 1176 672 ante
1201 621 1631 681 counncmoravi.
1658 621 1758 686 Qui
1783 625 1928 696 ﬁngit
1952 626 2185 696 spiritum
2212 626 2302 680 Ito-
2411 624 2575 683 functi
2621 631 2868 698 cadaver,
2898 645 2953 690 ut
2979 641 3192 694 nomine
3216 617 3405 698 animae
3431 622 3666 716 moﬂuar,
3691 617 3886 718 manu;

725 710 874 764 minis
899 710 950 763 in
979 709 1119 780 ip”;
1138 719 1210 776 e"
1233 711 1332 776 Qui
1355 712 1503 780 lima"
1532 713 1826 785 δίηςῖιιαιίυι
1846 719 2000 769 ίόηία
2021 718 2300 783 ’θονηίηωηῖ
2409 733 2601 789 corlius
2630 723 2971 795 intelligatur.
2995 730 3135 798 Quod
3160 732 3388 787 animam
3416 709 3720 808 continebat;
3743 709 3887 817 quia—:1

726 801 795 857 de
823 800 1013 871 quibus
1036 801 1184 857 vides
1206 804 1649 873 quemadmodum
1679 809 1844 876 possit
1872 825 1902 863 a
1935 810 2302 867 resistentibus
2407 810 2628 868 absente
2659 818 2871 887 populo,
2897 821 2946 874 id
2965 831 3068 889 est,
3094 823 3347 891 Ecclesia,
3372 828 3512 884 locus
3530 800 3885 901 tamen

725 891 1034 960 responderi
1064 908 1077 943 :
1104 901 1280 946 utrum
1320 895 1463 949 enim
1500 911 1621 950 cum
1660 896 1840 967 ﬁngit,
1869 916 1931 954 ex
1963 900 2068 953 alio
2107 899 2296 970 ﬁngat,
2411 902 2635 959 lomiuus
2662 909 2884 964 ecclesia
2919 918 3408 985 llllllCllp.'lllll'.H;t.‘C
3427 927 3885 1001 respoiidereuttir.si,

725 998 790 1036 an
817 999 879 1037 ex
907 982 1102 1049 nihilo,
1127 984 1382 1039 incertum
1412 998 1511 1042 est.
1551 987 1681 1043 Illud
1716 998 1892 1045 tamen
1933 992 2069 1047 inter
2108 1005 2299 1049 cmtera
2407 998 2607 1061 utdisi,
2627 1000 2880 1057 feminino
2895 1021 3092 1075 genere
3113 1012 3337 1078 positum
3360 1025 3518 1077 ess:~t,
3539 982 3888 1087 quaexiemidi

726 1075 1083 1130 testimonium
1114 1077 1322 1132 videtur
1358 1095 1478 1135 esse
1511 1083 1833 1152 praieipuum
1854 1127 1866 1146 ,
1900 1087 2037 1155 quod
2082 1088 2131 1141 in
2164 1088 2300 1143 libro
2405 1091 2673 1160 femoribus
2697 1093 2856 1150 Jacob
2875 1139 2890 1162 ,
2922 1099 2972 1152 id
3003 1075 3124 1165 est,
3145 1118 3264 1172 quae
3293 1075 3662 1164 animauihluue
3685 1075 3885 1175 vei-den

723 1163 1024 1222 Salomonis
1050 1168 1383 1225 Ecclesiasta:
1410 1173 1598 1242 legitur
1626 1191 1639 1228 :
1668 1174 1734 1228 Et
1762 1188 2028 1231 revertetur
2059 1179 2219 1249 pulei:
2245 1181 2298 1234 in
2405 1184 2748 1238 masculinum
2775 1203 2943 1257 genus
2964 1163 3315 1262 sitpositum,
3343 1197 3392 1250 id
3421 1209 3527 1264 est,
3549 1204 3625 1270 qui
3648 1207 3826 1261 exierunt
3845 1212 3886 1264 de

721 1269 934 1328 terram,
961 1262 1090 1316 sicut
1126 1273 1270 1327 erat;
1294 1275 1340 1318 et
1365 1267 1574 1336 spiritus
1613 1278 1880 1323 revertetur
1903 1270 1970 1324 ad
1995 1271 2189 1338 Deum,
2213 1275 2298 1343 qui
2403 1275 2674 1342 feruoribus
2698 1276 2858 1333 Jacob
2877 1295 2894 1343 ;
2915 1283 3032 1351 quis
3053 1299 3156 1339 non
3185 1286 3252 1339 ita
3278 1262 3570 1360 intelligere
3591 1294 3886 1357 lllalil,0mnes

720 1353 858 1407 dedit
894 1371 1006 1410 eum
1045 1354 1235 1428 (Eccle.
1268 1375 1364 1425 xu,
1393 1359 1465 1429 7).
1491 1359 1595 1415 Sed
1636 1361 1884 1418 facillime
1923 1366 2291 1432 respondetur,
2401 1366 2590 1420 anima:
2610 1384 2792 1425 eorum
2816 1374 2903 1443 qui
2927 1353 3564 1444 exieruntdefemorihus.
3588 1385 3632 1438 id
3650 1392 3884 1454 est,anima

716 1443 924 1513 Corpus
950 1445 1002 1500 in
1030 1454 1224 1502 terram
1246 1449 1312 1503 de
1338 1465 1439 1519 qua
1469 1450 1662 1506 factum
1688 1461 1770 1507 est
1805 1454 2030 1519 primum
2069 1456 2296 1512 hominis
2403 1453 2672 1512 hominum
2709 1478 2721 1513 :
2757 1470 2812 1515 ut
2859 1465 3016 1518 etiam
3060 1468 3138 1522 sic
3183 1471 3386 1537 possint
3429 1473 3634 1544 intelligi
3673 1443 3885 1537 stensi];

717 1548 932 1604 corpus.
962 1545 1014 1591 et
1045 1539 1261 1607 Spiritus
1285 1539 1351 1593 ad
1383 1540 1544 1593 Deum
1571 1557 1728 1610 aquo
1759 1544 1890 1597 facta
1911 1555 1994 1598 est
2014 1546 2177 1614 prima
2203 1547 2298 1600 ho-
2399 1559 2592 1616 corpus
2615 1555 2980 1608 tantummodo
2999 1558 3192 1614 exiisse
3225 1560 3469 1616 homines
3487 1564 3552 1618 de
3574 1539 3887 1639 fi‘llitlribllspl'

718 1626 878 1680 minis
903 1626 1078 1681 anima
1109 1645 1122 1680 :
1150 1629 1286 1684 sicut
1327 1630 1468 1684 enim
1500 1641 1736 1687 nostrum
1772 1649 1999 1705 corpus,
2032 1638 2291 1706 inquiunt,
2402 1636 2516 1701 Iris,
2538 1655 2762 1707 quorum
2777 1640 2935 1699 traut
2960 1646 3064 1700 ilhc
3084 1650 3295 1716 animm,
3327 1667 3422 1721 per
3446 1669 3653 1724 quarum
3681 1675 3882 1717 ttlttttcl‘llltl

719 1720 958 1788 quamvis
985 1736 1048 1774 ex
1077 1723 1246 1790 primo
1276 1724 1364 1778 illo
1384 1739 1606 1794 corpore
1633 1738 1973 1798 propagatum
2002 1729 2089 1794 sit,
2119 1745 2182 1784 eo
2211 1740 2293 1785 ta-
2398 1727 2757 1799 intelliguntur
2783 1744 2864 1790 tat
2889 1737 3164 1794 homines?

718 1825 840 1866 men
870 1811 1007 1866 redit
1035 1813 1170 1868 unde
1201 1815 1368 1884 ipsum
1401 1816 1626 1885 primum
1657 1833 1850 1887 corpus
1889 1819 2131 1874 eﬁ'ectum
2172 1829 2290 1887 est;
2468 1821 2690 1877 CAPUT
2719 1825 2804 1879 VI.
2837 1857 2908 1868 —
2931 1828 3019 1884 20.
3059 1830 3256 1887 Vellem
3307 1845 3484 1890 autem
3523 1838 3683 1908 legere
3719 1841 3883 1897 libellum

718 1902 799 1958 sic
825 1903 998 1957 anima
1030 1912 1230 1972 nostra,
1261 1907 1499 1976 quamvis
1529 1922 1592 1963 ex
1634 1908 1720 1964 illa
1765 1909 1937 1964 anima
1987 1920 2289 1979 propagata,
2398 1917 2544 1963 tuum
2572 1913 2722 1982 cujus
2753 1919 3074 1974 mentionem
3103 1922 3269 1977 fecisti
3306 1925 3358 1979 in
3386 1925 3568 1982 litteris
3589 1932 3698 1996 tuis,
3721 1947 3772 1984 ne
3795 1933 3885 1987 forte

716 2009 823 2049 non
852 1994 915 2049 ad
949 1995 1188 2063 nihilum,
1213 1999 1334 2068 quia
1359 2001 1673 2055 immortalis
1697 2010 1797 2066 est,
1827 2001 1919 2056 sed
1949 2001 2014 2056 ad
2038 2003 2180 2056 illum
2207 2019 2294 2058 rc-
2394 2001 2568 2070 aliqua
2601 2003 2670 2056 ibi
2711 2007 3006 2062 testimonia
3033 2027 3136 2064 non
3162 2013 3410 2084 ambigua
3433 2018 3656 2083 posziisti.
3681 2024 3712 2072 Α
3738 2036 3804 2074 me
3819 2039 3882 2073 au-

714 2084 841 2140 dita
866 2101 973 2157 quo
995 2088 1102 2157 ipsa
1131 2090 1294 2158 prima
1324 2091 1498 2144 anima
1528 2091 1662 2146 facta
1688 2099 1789 2145 est.
1816 2095 1891 2147 Ac
1916 2109 2012 2164 per
2037 2094 2137 2148 hoc
2165 2095 2290 2151 illud
2396 2099 2501 2144 tom
2533 2107 2651 2147 cmn
2677 2098 2972 2164 quarsiisset
3007 2103 3210 2156 amicus
3237 2105 3365 2159 mihi
3394 2107 3712 2163 charissimus
3727 2119 3770 2163 et
3790 2112 3880 2164 divi-

712 2175 856 2245 quod
891 2178 1144 2247 scriptum
1183 2189 1266 2233 est
1299 2179 1367 2236 de
1395 2181 1581 2250 Spiritu
1609 2182 1863 2252 cujusque
1897 2182 2126 2237 hominis
2149 2185 2291 2254 quod
2394 2197 2579 2238 narum
2607 2187 3025 2245 studiosissimus
3065 2193 3362 2248 litterarum
3383 2237 3399 2262 ,
3439 2197 3559 2266 quid
3595 2199 3655 2252 de
3679 2199 3760 2254 hac
3780 2215 3880 2269 qua:-

712 2266 898 2322 redeat
925 2267 991 2322 ad
1024 2269 1190 2323 Deum
1220 2271 1308 2339 qui
1335 2271 1481 2326 dedit
1505 2287 1648 2337 eum,
1673 2289 1776 2326 non
1813 2273 1974 2328 Solvit
2008 2275 2158 2329 istam
2190 2277 2288 2331 ob-
2393 2274 2569 2328 Stioue
2596 2278 2869 2346 sentirem,
2897 2281 3053 2352 eique
3079 2294 3281 2339 remota
3313 2287 3636 2350 verecundia,
3659 2289 3759 2344 hinc
3772 2301 3880 2345 astu

713 2359 1075 2414 scurissimam
1108 2363 1489 2432 quaestionem;
1519 2366 1638 2434 quia
1669 2365 1781 2420 sive
1810 2382 1875 2420 ex
1901 2367 1987 2420 illo
2022 2383 2144 2434 uno,
2176 2369 2289 2424 sive
2391 2380 2542 2420 meos
2583 2378 2636 2422 et
2685 2371 3031 2438 ignorantiam
3078 2373 3250 2430 fassus
3293 2393 3464 2433 essem
3491 2378 3581 2451 (α).
3604 2381 3778 2448 scripsit
3801 2382 3879 2435 inde

712 2464 778 2504 ex
810 2451 956 2507 nullo
976 2453 1100 2514 alio.
1128 2455 1264 2509 Deus
1287 2455 1464 2526 utique
1483 2455 1622 2511 dedit
1649 2473 1792 2514 eum.
2391 2454 2547 2525 longe
2597 2466 2739 2513 trans
2791 2477 2936 2517 mare
2983 2463 3050 2516 ad
3097 2465 3468 2522 doctissimum
3514 2468 3795 2523 virum:eni
3826 2486 3880 2524 ic-

788 2541 852 2564 ιο
919 2542 1143 2564 I.___-____
1177 2545 1248 2564 Sil!
1281 2561 1302 2564 μ
1347 2547 1358 2558 ο
1458 2563 1502 2564 ,,
1583 2549 1594 2560 ι
1815 2550 1825 2562 ο
2064 2551 2075 2563 ο
2252 2553 2264 2564 .
2393 2561 2437 2564 ,κ
2483 2549 2492 2558 ο
2543 2549 2600 2564 7.,
2633 2549 2681 2564 ..ι
2779 2559 2789 2564 ,
2896 2553 2925 2564 κ.
3301 2557 3314 2564 -
3464 2557 3518 2564 .-.
3680 2561 3689 2564 -
3868 2559 3876 2564 .

786 2541 872 2597 18.
917 2542 1148 2613 Itemque
1176 2545 1249 2600 illi
1272 2547 1358 2616 qui
1384 2549 1720 2618 propaginem
1741 2550 2035 2604 animarum
2063 2551 2287 2609 inconsi.
2388 2549 2606 2616 scripsit
2631 2549 2718 2604 ille
2741 2559 2796 2604 ut
2823 2553 2995 2620 potius
3018 2569 3104 2609 me
3126 2557 3434 2612 consuleret
3455 2557 3877 2628 (b),uesciensqed
3932 2541 3933 2612 ξ

713 2633 896 2690 derata
946 2638 1242 2693 temeritate
1291 2638 1614 2708 defendunt,
1655 2641 1794 2696 inter
1835 2643 1935 2696 alia
1987 2645 2284 2699 testimonia
2384 2636 2496 2706 iam
2535 2637 2769 2704 fecerat.
2803 2657 2902 2696 nec
2938 2644 3134 2714 aliquid
3163 2661 3192 2700 a
3223 2663 3312 2702 me
3353 2659 3552 2705 certum
3581 2665 3639 2705 ac
3676 2651 3875 2707 delinilll
3932 2697 3933 2704 χ

710 2739 829 2794 qua:
869 2740 980 2780 suae
1013 2742 1188 2782 causa:
1215 2729 1494 2800 sull‘ragari
1521 2731 1862 2797 arbitrantur,
1894 2733 2095 2787 nullum
2135 2735 2282 2802 quasi
2387 2728 2570 2783 audire
2611 2739 2872 2798 potuerat.
2902 2733 3226 2804 Signiliczivit
3269 2748 3452 2794 tamen
3494 2741 3544 2796 in
3587 2742 3746 2798 eadem
3779 2742 3874 2796 laeti
3932 2805 3933 2810 η

705 2815 1038 2872 manifestius
1057 2826 1112 2873 et
1135 2822 1437 2888 expressius
1459 2836 1556 2891 pro
1576 2837 1634 2876 se
1664 2832 1882 2891 possunt
1911 2834 2092 2892 putare
2113 2825 2281 2894 profe-

2385 2820 2608 2888 epistola
2638 2837 2732 2875 sua
2753 2863 2766 2884 ,
2795 2837 2853 2877 se
2879 2826 3055 2894 potius
3091 2826 3203 2882 ﬁeri
3245 2845 3407 2898 quam
3447 2833 3700 2902 propagari
3733 2835 3871 2887 animas

705 2905 951 2972 tendum,
975 2923 1134 2977 quam
1157 2909 1206 2963 id
1227 2911 1368 2979 quod
1395 2912 1444 2964 in
1467 2911 1658 2967 Genesi
1683 2915 1937 2984 scriptum
1959 2925 2072 2970 est:
2097 2918 2282 2972 Omnes
2385 2909 2604 2964 credere
2629 2929 2641 2964 ε
2668 2912 2828 2968 Simili
2867 2917 3026 2970 etiam
3069 2917 3369 2976 admonens
3406 2922 3678 2976 animarum
3703 2924 3872 2991 propagi-

700 3001 867 3049 autem
896 2998 1082 3051 animo:
1108 3015 1221 3068 quae
1246 3001 1541 3056 introierunt
1565 3019 1680 3056 cum
1704 3003 1863 3058 Jacob
1888 3007 1940 3058 in
1962 3005 2276 3078 zEgyptum,

2385 3015 2504 3053 nem
2531 3002 2671 3071 (quia
2699 3003 2813 3072 ipse
2838 3005 2888 3058 in
2910 3007 3124 3062 Oriente
3148 3015 3250 3080 est)
3267 3011 3639 3067 occidentalem
3657 3013 3872 3067 Emtesiam

701 3086 788 3155 qui
829 3088 1057 3142 exierunt
1091 3091 1154 3144 de
1186 3092 1454 3162 fortioribus
1498 3094 1608 3164 ejus
1648 3093 1816 3162 (Gen,
1847 3111 1993 3163 χινι,
2015 3097 2082 3151 26
2102 3101 2142 3169 ),
2171 3099 2280 3153 Hoc
2382 3092 2560 3147 solere
2593 3095 2810 3150 sentire.
2838 3096 2949 3152 Hac
2981 3114 3081 3169 ego
3113 3100 3320 3171 majore
3358 3104 3625 3160 occasione
3656 3113 3869 3173 comperta.
3932 3119 3933 3172 ξ

699 3177 842 3232 enim
888 3180 1031 3234 velut
1079 3181 1476 3239 evidentissima
1520 3187 1822 3242 testimonio
1868 3201 2088 3258 possunt
2130 3190 2276 3246 credi
2382 3184 2660 3252 δοτίρείαιί
2687 3201 2806 3240 eum
2833 3202 2937 3242 ιιοη
2965 3188 3698 3258 brevemlibrum.consulens
3716 3204 3871 3260 ευιιιυα
3932 3189 3933 3202 “

698 3269 892 3324 animae
919 3271 970 3325 in
995 3273 1127 3328 filios
1150 3291 1215 3328 ex
1245 3278 1550 3344 parentibus
1579 3282 1886 3350 propagari;
1909 3285 2156 3352 quoniam
2185 3300 2273 3340 sa-

2381 3283 2564 3342 petens
2593 3285 2646 3328 ut
2670 3277 2813 3346 prius
2841 3294 2926 3334 me
2945 3279 3168 3349 doceat,
3195 3292 3248 3338 et
3275 3291 3406 3339 tunc
3422 3285 3488 3340 ad
3515 3301 3594 3341 me
3618 3287 3762 3340 mittat
3781 3299 3871 3355 quis

701 3359 771 3414 tis
795 3370 978 3431 aperte
1001 3363 1202 3418 dictum
1231 3367 1455 3431 videtur,
1482 3369 1687 3424 animas
1711 3373 1868 3425 etiam
1895 3374 1961 3427 de
1990 3373 2276 3431 femoribus
2378 3363 2595 3418 doceam
2631 3366 2724 3438 (⁸)-
3932 3373 3933 3382 ἲ

696 3447 882 3511 Jacob,
909 3469 1012 3508 non
1039 3455 1148 3509 sola
1179 3457 1372 3512 exiisse
1396 3473 1618 3528 corpora
1650 3459 1896 3515 ﬁliorum.
1929 3462 1996 3520 Ut
2023 3480 2086 3518 eo
2115 3466 2272 3521 modo

2447 3455 2536 3509 2t.
2577 3457 2674 3525 Qui
2705 3458 2841 3514 liber
2861 3476 3010 3517 meus
3030 3472 3088 3518 ut
3107 3479 3210 3519 non
3234 3464 3474 3522 doctoris
3491 3467 3580 3522 sed
3603 3465 3865 3538 inquisitorit,

699 3541 858 3596 etiam
903 3543 1028 3599 illud
1068 3547 1283 3617 intelligi
1311 3548 1472 3604 velint
1499 3565 1529 3604 a
1563 3560 1711 3620 parte
1753 3562 1948 3619 totum,
1977 3557 2116 3625 quod
2142 3557 2273 3614 dixit

2376 3555 2431 3600 et
2454 3549 2626 3616 potius
2651 3549 2858 3606 discere
2883 3554 3164 3622 cupientis,
3187 3558 3329 3626 apud
3358 3574 3442 3612 me
3461 3559 3560 3638 legi
3582 3568 3755 3628 potest:
3773 3555 3864 3609 mitti

701 3631 894 3700 Adam,
918 3649 1035 3690 eum
1067 3637 1138 3689 illi
1169 3638 1361 3693 mulier
1383 3641 1499 3708 ejus
1527 3641 1913 3706 ostenderetur,
1936 3645 2049 3699 Hoc
2069 3665 2198 3702 nunc
2216 3665 2272 3704 os

2375 3654 2502 3692 vero
2529 3642 2731 3710 uSpiam
2757 3660 2862 3698 non
2893 3646 3089 3713 debet,
3116 3650 3195 3704 vel
3232 3635 3638 3721 cuiquam—foras
3659 3649 3778 3712 dari.
3798 3648 3864 3702 nisi

700 3741 765 3778 ea:
787 3727 977 3781 ossibus
1004 3729 1145 3790 meis.
1175 3740 1222 3784 et
1251 3748 1367 3785 caro
1396 3732 1459 3785 de
1483 3750 1632 3786 carne
1659 3751 1769 3788 mea
1795 3735 1900 3808 (Id.
1927 3753 1981 3802 ll,
2005 3739 2095 3810 ‘25)
2125 3758 2136 3793 :
2164 3757 2269 3795 non
2373 3744 2493 3785 cum
2524 3732 2777 3803 reS‘Cl'iptzl
2815 3737 3038 3792 Domino
3067 3739 3354 3809 adjuvante
3383 3758 3678 3812 percepero;
3703 3743 3743 3796 id
3767 3737 3864 3809 ιιυυά

695 3818 839 3870 enim
863 3817 1014 3880 dixit,
1047 3819 1110 3872 Et
1134 3821 1306 3875 anima
1335 3822 1402 3876 de
1429 3823 1601 3876 anima
1634 3839 1782 3886 mea;
1810 3826 1900 3879 sed
1931 3828 1999 3880 ita
2031 3831 2139 3882 ﬁeri
2169 3845 2267 3900 po-

2374 3819 2464 3876 ille
2491 3825 2684 3888 sentit,
2722 3829 3114 3896 promptissime
3137 3845 3199 3883 ac
3235 3831 3582 3888 libentissime
3606 3831 3861 3892 defensum.

692 3918 798 3966 ιεει
838 3921 896 3966 ut
932 3928 1090 3968 carne
1132 3915 1398 3969 nominata
1436 3926 1719 3986 utrumque
1762 3919 2103 3991 intelligatur,
2133 3924 2268 3978 sicut

2372 3912 2416 3966 si
2447 3929 2532 3968 me
2561 3914 2754 3971 docere
2785 3920 3012 3987 potuerit
3041 3922 3310 3991 quomodo
3335 3925 3522 3979 anima:
3547 3940 3641 3979 non
3668 3939 3720 3978 ex
3744 3919 3861 3976 Adam

691 3999 778 4056 hic
800 4001 1002 4057 animas
1026 4006 1332 4071 nominavit,
1359 4016 1412 4061 et
1435 4016 1610 4062 tamen
1631 4009 1788 4064 etiam
1819 4025 2039 4081 corpora
2071 4014 2121 4067 in
2147 4016 2265 4070 liliis

2370 4006 2614 4068 veniant,
2643 4017 2696 4062 ct
2725 4020 2896 4064 tamen
2932 4027 2998 4066 ex
3037 4013 3126 4066 illo
3144 4013 3347 4083 justam
3377 4026 3569 4072 sortem
3589 4013 3860 4072 damnationis

687 4090 904 4163 intelligi
929 4094 1110 4150 voluit.
2370 4097 2661 4166 inveniant,
2679 4102 2778 4156 nisi
2795 4101 2860 4156 ad
2880 4103 3244 4159 remissionem
3262 4118 3593 4176 peccatorum
3612 4101 3860 4162 reuasomdo

762 4182 847 4239 l9.
887 4185 990 4240 Sed
1020 4184 1122 4240 hoc
1160 4187 1517 4242 testimonium
1555 4200 1701 4244 certe
1729 4193 1875 4262 quasi
1919 4201 2022 4246 tam
2060 4196 2259 4250 clarum
2370 4195 2697 4261 perveniant.
2729 4196 2883 4250 Absit
2911 4199 3051 4252 enim
3083 4209 3138 4253 ut
3165 4200 3447 4256 ert-damus
3475 4202 3552 4257 vel
3587 4201 3860 4268 aniuiaspzr-

687 4284 847 4344 atque
873 4276 1205 4332 manifestum
1227 4280 1519 4334 euodanda:
1546 4280 1666 4336 huic
1686 4285 1963 4352 quaestioni
1986 4302 2089 4340 non
2112 4286 2262 4342 sufﬁ-
2369 4283 2614 4338 Vlliorltln
2661 4285 2714 4340 in
2763 4287 2971 4342 iavﬂcro
3012 4293 3429 4360 regenerationis
3478 4292 3648 4348 falsam
3683 4288 3858 4356 θοοίνεη

689 4375 856 4424 ceret.
889 4383 986 4424 nec
1015 4370 1058 4424 si
1089 4370 1156 4424 ita
1183 4372 1448 4440 legeretur
1471 4389 1668 4443 genere
1696 4374 1964 4442 feminino,
1985 4394 2097 4446 qua:
2123 4380 2259 4432 caie-

2366 4383 2700 4442 peccatorum
2727 4377 3143 4446 mundationem,
3165 4382 3247 4436 vel
3265 4382 3430 4436 Deum
3451 4396 3582 4449 esse,
3601 4378 3854 4446 autaliqttatl

688 4468 806 4512 runt
831 4458 894 4512 de
915 4461 1184 4528 femoribus
1214 4463 1348 4526 eius,
1381 4471 1442 4517 ut
1465 4465 1668 4518 animas
1709 4466 2119 4535 intelligeremus
2141 4484 2260 4538 quaa
2366 4473 2605 4520 naturam
2628 4483 2784 4535 quam
2812 4484 2917 4523 non
2947 4470 3180 4526 condidit
3201 4472 3365 4541 Deus,
3394 4474 3532 4529 illius
3553 4489 3611 4528 ex
3637 4487 3722 4541 qua
3745 4481 3853 4523 Inun-

685 4549 996 4606 exierunt‘.
1025 4552 1147 4606 Ideo
1190 4563 1364 4610 autem
1414 4570 1516 4608 non
1567 4556 1865 4620 sufﬁceret,
1912 4559 2159 4626 quoniam
2205 4571 2260 4615 et

2363 4553 2556 4610 dantur
2591 4557 2967 4627 iuquiuatiouis
3004 4570 3298 4618 auctorem.
3328 4564 3504 4619 Donec
3542 4578 3657 4634 ergo
3691 4569 3760 4614 aut
3793 4556 3851 4612 ille

687 4641 879 4696 anian
908 4644 1122 4698 nomine
1146 4659 1338 4714 corpus
1366 4647 1535 4700 solum
1561 4661 1720 4719 posse
1758 4648 2038 4718 siguilieari
2055 4691 2070 4715 ,
2099 4651 2256 4706 modo
2363 4647 2641 4709 rescribat.
2669 4658 2761 4703 aut
2787 4665 2907 4721 ego,
2935 4651 2980 4706 si
3011 4653 3146 4708 Dens
3171 4654 3397 4712 voluerit
3414 4697 3429 4721 ι
3457 4655 3625 4725 ³1⁵11⁸⁸0
3648 4650 3774 4707 ωυάθ
3792 4646 3850 4702 δί’

683 4734 911 4801 «prodam
956 4735 1238 4791 locutionis
1274 4737 1569 4792 ostenditur
1602 4753 1706 4808 quo
1732 4737 2056 4808 signiﬁcatur
2081 4756 2176 4811 per
2203 4742 2255 4797 id
2359 4753 2540 4805 scatit,
2580 4740 2625 4794 si
2669 4741 2864 4796 nullam
2904 4743 2971 4798 de
3012 4743 3098 4798 illa
3141 4748 3431 4814 peccatrice
3456 4747 3688 4816 originem
3719 4739 3848 4800 ducit.

678 4828 822 4892 quod
842 4828 1143 4883 continetur
1165 4828 1289 4882 illud
1316 4828 1455 4898 quod
1476 4829 1744 4895 continet;
1767 4831 1993 4885 sicutait
2017 4832 2250 4900 quidam,
2360 4845 2478 4901 quae
2516 4846 2675 4886 causa
2713 4833 2782 4887 sit
2817 4835 3007 4889 animae
3049 4835 3309 4893 subeundi
3346 4837 3590 4908 originale
3623 4840 3845 4905 ιιοωπιιιιυο

691 4915 819 4970 Vina
845 4930 1088 4973 coronant
1120 4921 1140 4992 (
1170 4918 1310 4991 Virg.
1340 4918 1553 4975 .Eneid.
1588 4923 1617 4974 7
1649 4922 1688 4990 ),
1719 4937 1837 4977 eum
1876 4935 2255 4980 coronarentur

2358 4920 2498 4989 quod
2541 4935 2760 4977 necesse
2803 4933 2882 4978 est
2923 4939 3043 4980 esse
3085 4918 3153 4981 in
3180 4930 3426 4984 omnibus
3461 4926 3844 5000 parvulistﬂll'm

678 5021 799 5060 vasa
832 5010 1027 5063 vinaria
1054 5027 1067 5064 :
1090 5012 1269 5065 vinum
1298 5013 1438 5065 enim
1464 5013 1781 5074 continetur.
1806 5025 1858 5067 et
1879 5030 1970 5070 vas
1993 5018 2248 5074 continet.
2357 5027 2477 5067 eam
2503 5029 2602 5068 nec
2629 5014 2767 5070 Deus
2801 5017 2941 5088 cogit
2979 5018 3240 5076 insontem
3261 5061 3274 5083 ,
3305 5021 3426 5093 quia
3455 5019 3682 5092 peccandi
3711 5024 3842 5070 alia“

678 5094 828 5150 Sicut
852 5113 978 5168 ergo
1007 5101 1334 5169 appellamus
1359 5102 1634 5156 ecclesiznu
1669 5103 1963 5169 basilicam,
1995 5123 2094 5175 qua
2119 5123 2250 5162 cun—
2357 5117 2462 5156 non
2487 5113 2588 5170 est,
2613 5121 2712 5161 nec
2741 5107 2842 5160 ulla
2873 5110 2993 5164 ntali
3021 5119 3227 5178 natura,
3250 5115 3369 5182 quia
3395 5120 3619 5176 nonest;
3642 5106 3747 5186 nihil
3769 5100 3839 5157 1³³⁸

677 5185 875 5241 tinuetur
915 5189 1140 5258 populus
1178 5190 1266 5258 qui
1295 5206 1418 5244 vere
1447 5191 1743 5258 appellatur
1775 5193 2036 5256 Ecclesia;
2064 5203 2123 5250 ut
2149 5211 2246 5250 uo-
2353 5194 2524 5250 audeo
2559 5198 2863 5266 praedicare.

671 5277 819 5334 mine
844 5277 1106 5343 ecclesias,
1134 5279 1184 5333 id
1205 5289 1305 5343 est,
1325 5281 1503 5350 populi
1524 5281 1613 5350 qui
1639 5283 1956 5347 continetur,
1984 5287 2248 5355 signilice-
2424 5288 2513 5342 29..
2555 5289 2628 5344 Te
2656 5300 2832 5347 autem
2851 5334 2867 5359 ,
2907 5293 2951 5348 si
2991 5294 3220 5352 libenter
3251 5297 3332 5352 vel
3369 5299 3612 5367 patienter
3642 5285 3833 5349 admittis.

674 5383 793 5423 mus
821 5368 992 5423 locum
1018 5369 1108 5439 qui
1135 5370 1368 5425 continet
1399 5389 1412 5425 :
1446 5371 1514 5423 ita
1553 5371 1692 5440 quod
1723 5373 1910 5427 animae
1939 5379 2248 5446 Corporibus
2353 5382 2666 5438 charissime
2686 5384 2871 5455 frater,
2893 5389 3156 5446 admoneo
3179 5408 3245 5447 ne
3270 5392 3506 5448 limresim
3526 5406 3688 5446 novam
3707 5385 3833 5440 tnittS

669 5458 1028 5520 continentur,
1063 5458 1279 5528 intelligi
1310 5475 1530 5528 corpora
1565 5462 1787 5516 ﬁliorum
1825 5479 1916 5532 per
1953 5468 2247 5524 nominatas
2353 5486 2538 5529 cautus
2564 5476 2823 5546 iueurras,
2850 5496 2968 5550 qua:
2994 5483 3371 5555 antiquissima:
3397 5485 3508 5541 lidei
3534 5481 3727 5539 stabilita
3749 5486 3829 5530 ωο-

671 5549 878 5603 animas
905 5560 1144 5618 possunt.
1168 5549 1257 5604 Sic
1280 5551 1421 5604 enim
1449 5551 1636 5605 melius
1662 5553 1916 5622 aetripitur
1934 5555 2090 5609 etiam
2119 5559 2244 5613 illud
2353 5567 2478 5622 litur
2505 5567 2840 5625 fundamenta
2867 5549 3167 5631 convellere
3184 5577 3430 5632 adversus
3446 5578 3527 5633 Dei
3550 5565 3818 5646 gratiamdif

672 5640 813 5708 quod
849 5641 957 5695 Lex
1001 5643 1261 5713 inquinari
1301 5643 1427 5697 dicit
1468 5660 1588 5698 eum
1628 5646 1717 5715 qui
1769 5647 2041 5703 intraverit
2085 5666 2245 5720 super

733 5777 750 5805 ι
786 5773 859 5820 sic
880 5773 987 5823 Bad.
1015 5782 1111 5846 Am.
1137 5781 1212 5826 Er.
1239 5783 1292 5826 et
1316 5773 1481 5839 plures
1495 5783 1600 5828 uss.
1626 5785 1697 5829 At.
1723 5784 1852 5839 non,
1878 5777 2244 5846 ituelligeremua

2438 5783 2486 5852 ὁ)
2519 5783 2899 5852 Ηὶεέιυει-κεμρινά,
2925 5791 2972 5840 in
2997 5791 3141 5852 epist.
3166 5793 3272 5843 165.

672 5842 1006 5896 usquequaque
1016 5835 1184 5893 ctrina,

2436 5724 2487 5785 α)
2519 5730 2568 5772 tn
2590 5724 2701 5785 pist.
2731 5724 2888 5785 H3e.,
2913 5726 2970 5776 ad
2993 5727 3325 5779 Marcellinum.

2413 5721 2487 5908 ξίὲξ
2519 5730 2711 5835 ἷὲἑίξῗξιζ
2731 5724 2790 5836 ἒξ

2435 5859 2460 5895 c
2515 5848 2790 5906 Epist.16t3.
