  <div class='ocr_page' id='page_1' title='image "/cluster/home/n/w/nwhite01/storage/ocr_20150623/33/uva.x000669810/448.png"; bbox 0 0 3990 6382; ppageno 0'>
   <div class='ocr_carea' id='block_1_1' title="bbox 114 353 2149 434">
    <p class='ocr_par' dir='ltr' id='par_1_1' title="bbox 114 353 2149 434">
     <span class='ocr_line' id='line_1_1' title="bbox 114 353 2149 434; baseline -0.001 -14"><span class='ocrx_word' id='word_1_1' title='bbox 114 366 195 434; x_wconf 67' lang='grc' dir='ltr'>ωε</span> <span class='ocrx_word' id='word_1_2' title='bbox 1238 353 1711 417; x_wconf 75' lang='lat' dir='ltr'><strong>EPISTOLABUM</strong></span> <span class='ocrx_word' id='word_1_3' title='bbox 1749 356 2027 413; x_wconf 64' lang='lat' dir='ltr'><strong>ceassrs</strong></span> <span class='ocrx_word' id='word_1_4' title='bbox 2065 354 2149 417; x_wconf 86' lang='lat' dir='ltr'><strong>ut.</strong></span> 
     </span>
    </p>
   </div>
   <div class='ocr_carea' id='block_1_2' title="bbox 119 468 1646 555">
    <p class='ocr_par' dir='ltr' id='par_1_2' title="bbox 119 468 1646 555">
     <span class='ocr_line' id='line_1_2' title="bbox 119 468 1646 555; baseline -0.009 -19"><span class='ocrx_word' id='word_1_5' title='bbox 119 476 306 555; x_wconf 81' lang='lat' dir='ltr'><strong>putando</strong></span> <span class='ocrx_word' id='word_1_6' title='bbox 327 517 341 540; x_wconf 93' lang='lat'><strong>,</strong></span> <span class='ocrx_word' id='word_1_7' title='bbox 377 486 536 547; x_wconf 88' lang='lat' dir='ltr'><strong>quam</strong></span> <span class='ocrx_word' id='word_1_8' title='bbox 568 468 819 530; x_wconf 87' lang='lat' dir='ltr'><strong>Dominus</strong></span> <span class='ocrx_word' id='word_1_9' title='bbox 841 473 1081 529; x_wconf 74' lang='lat' dir='ltr'><strong>Christus</strong></span> <span class='ocrx_word' id='word_1_10' title='bbox 1110 473 1311 543; x_wconf 88' lang='lat' dir='ltr'><strong>pusillis</strong></span> <span class='ocrx_word' id='word_1_11' title='bbox 1350 482 1402 527; x_wconf 90' lang='lat' dir='ltr'><strong>et</strong></span> <span class='ocrx_word' id='word_1_12' title='bbox 1442 471 1646 541; x_wconf 80' lang='lat' dir='ltr'><strong>magnis</strong></span> 
     </span>
    </p>
   </div>
   <div class='ocr_carea' id='block_1_3' title="bbox 122 560 1644 634">
    <p class='ocr_par' dir='ltr' id='par_1_3' title="bbox 122 560 1644 634">
     <span class='ocr_line' id='line_1_3' title="bbox 122 560 1644 634; baseline -0.008 -8"><span class='ocrx_word' id='word_1_13' title='bbox 122 567 328 629; x_wconf 77' lang='lat' dir='ltr'><strong>inetlahili</strong></span> <span class='ocrx_word' id='word_1_14' title='bbox 374 566 611 620; x_wconf 75' lang='lat' dir='ltr'><strong>bonitate</strong></span> <span class='ocrx_word' id='word_1_15' title='bbox 656 564 875 634; x_wconf 91' lang='lat' dir='ltr'><strong>largitur</strong></span> <span class='ocrx_word' id='word_1_16' title='bbox 906 581 919 617; x_wconf 87' lang='lat'><strong>:</strong></span> <span class='ocrx_word' id='word_1_17' title='bbox 950 562 1099 632; x_wconf 90' lang='lat' dir='ltr'><strong>cujus</strong></span> <span class='ocrx_word' id='word_1_18' title='bbox 1138 562 1219 617; x_wconf 89' lang='lat' dir='ltr'><strong>vel</strong></span> <span class='ocrx_word' id='word_1_19' title='bbox 1257 573 1498 616; x_wconf 83' lang='lat' dir='ltr'><strong>auctores</strong></span> <span class='ocrx_word' id='word_1_20' title='bbox 1519 602 1532 623; x_wconf 88' lang='lat'><strong>,</strong></span> <span class='ocrx_word' id='word_1_21' title='bbox 1565 560 1644 615; x_wconf 88' lang='lat' dir='ltr'><strong>vel</strong></span> 
     </span>
    </p>
   </div>
   <div class='ocr_carea' id='block_1_4' title="bbox 117 654 1648 724">
    <p class='ocr_par' dir='ltr' id='par_1_4' title="bbox 117 654 1648 724">
     <span class='ocr_line' id='line_1_4' title="bbox 117 654 1648 724; baseline -0.005 -10"><span class='ocrx_word' id='word_1_22' title='bbox 117 672 222 719; x_wconf 63' lang='lat' dir='ltr'><strong>mue</strong></span> <span class='ocrx_word' id='word_1_23' title='bbox 245 657 484 712; x_wconf 74' lang='lat' dir='ltr'><strong>acerrimi</strong></span> <span class='ocrx_word' id='word_1_24' title='bbox 516 656 882 724; x_wconf 86' lang='lat' dir='ltr'><strong>notissimique</strong></span> <span class='ocrx_word' id='word_1_25' title='bbox 908 669 1155 709; x_wconf 84' lang='lat' dir='ltr'><strong>suasores</strong></span> <span class='ocrx_word' id='word_1_26' title='bbox 1175 670 1294 707; x_wconf 87' lang='lat' dir='ltr'><strong>cum</strong></span> <span class='ocrx_word' id='word_1_27' title='bbox 1319 654 1561 723; x_wconf 79' lang='lat' dir='ltr'><strong>Pelagius</strong></span> <span class='ocrx_word' id='word_1_28' title='bbox 1592 662 1648 706; x_wconf 89' lang='lat' dir='ltr'><strong>et</strong></span> 
     </span>
    </p>
   </div>
   <div class='ocr_carea' id='block_1_5' title="bbox 119 744 1648 815">
    <p class='ocr_par' dir='ltr' id='par_1_5' title="bbox 119 744 1648 815">
     <span class='ocr_line' id='line_1_5' title="bbox 119 744 1648 815; baseline -0.003 -13"><span class='ocrx_word' id='word_1_29' title='bbox 119 750 331 807; x_wconf 69' lang='lat' dir='ltr'><strong>Celestius</strong></span> <span class='ocrx_word' id='word_1_30' title='bbox 356 747 714 811; x_wconf 67' lang='lat' dir='ltr'><strong>castitissent,</strong></span> <span class='ocrx_word' id='word_1_31' title='bbox 746 746 1087 800; x_wconf 87' lang='lat' dir='ltr'><strong>conciliorum</strong></span> <span class='ocrx_word' id='word_1_32' title='bbox 1118 746 1489 815; x_wconf 87' lang='lat' dir='ltr'><strong>episcopalium</strong></span> <span class='ocrx_word' id='word_1_33' title='bbox 1516 744 1648 815; x_wconf 79' lang='lat' dir='ltr'><strong>vigi-</strong></span> 
     </span>
    </p>
   </div>
   <div class='ocr_carea' id='block_1_6' title="bbox 124 838 1647 908">
    <p class='ocr_par' dir='ltr' id='par_1_6' title="bbox 124 838 1647 908">
     <span class='ocr_line' id='line_1_6' title="bbox 124 838 1647 908; baseline -0.005 -10"><span class='ocrx_word' id='word_1_34' title='bbox 124 844 239 898; x_wconf 80' lang='lat' dir='ltr'><strong>lantia</strong></span> <span class='ocrx_word' id='word_1_35' title='bbox 269 842 317 893; x_wconf 92' lang='lat' dir='ltr'><strong>in</strong></span> <span class='ocrx_word' id='word_1_36' title='bbox 348 839 611 908; x_wconf 84' lang='lat' dir='ltr'><strong>adjutorio</strong></span> <span class='ocrx_word' id='word_1_37' title='bbox 640 838 928 893; x_wconf 87' lang='lat' dir='ltr'><strong>Salvatoris</strong></span> <span class='ocrx_word' id='word_1_38' title='bbox 956 839 1043 908; x_wconf 92' lang='lat' dir='ltr'><strong>qui</strong></span> <span class='ocrx_word' id='word_1_39' title='bbox 1080 853 1230 893; x_wconf 90' lang='lat' dir='ltr'><strong>suam</strong></span> <span class='ocrx_word' id='word_1_40' title='bbox 1262 846 1432 892; x_wconf 85' lang='lat' dir='ltr'><strong>tuetur</strong></span> <span class='ocrx_word' id='word_1_41' title='bbox 1465 838 1647 891; x_wconf 85' lang='lat' dir='ltr'><strong>Eccle-</strong></span> 
     </span>
    </p>
   </div>
   <div class='ocr_carea' id='block_1_7' title="bbox 121 928 1649 997">
    <p class='ocr_par' dir='ltr' id='par_1_7' title="bbox 121 928 1649 997">
     <span class='ocr_line' id='line_1_7' title="bbox 121 928 1649 997; baseline -0.003 -10"><span class='ocrx_word' id='word_1_42' title='bbox 121 938 247 997; x_wconf 74' lang='lat' dir='ltr'><strong>siam,</strong></span> <span class='ocrx_word' id='word_1_43' title='bbox 276 932 432 985; x_wconf 87' lang='lat' dir='ltr'><strong>etiam</strong></span> <span class='ocrx_word' id='word_1_44' title='bbox 459 945 487 983; x_wconf 89' lang='lat' dir='ltr'><strong>a</strong></span> <span class='ocrx_word' id='word_1_45' title='bbox 518 929 726 984; x_wconf 89' lang='lat' dir='ltr'><strong>duobus</strong></span> <span class='ocrx_word' id='word_1_46' title='bbox 753 928 1138 984; x_wconf 89' lang='lat' dir='ltr'><strong>venerabilibus</strong></span> <span class='ocrx_word' id='word_1_47' title='bbox 1164 928 1485 982; x_wconf 88' lang='lat' dir='ltr'><strong>antistitibus</strong></span> <span class='ocrx_word' id='word_1_48' title='bbox 1514 941 1649 996; x_wconf 84' lang='lat' dir='ltr'><strong>apo-</strong></span> 
     </span>
    </p>
   </div>
   <div class='ocr_carea' id='block_1_8' title="bbox 120 1016 1650 1090">
    <p class='ocr_par' dir='ltr' id='par_1_8' title="bbox 120 1016 1650 1090">
     <span class='ocr_line' id='line_1_8' title="bbox 120 1016 1650 1090; baseline -0.005 -12"><span class='ocrx_word' id='word_1_49' title='bbox 120 1024 278 1078; x_wconf 61' lang='grc' dir='ltr'><strong>ειυΙιαυ</strong></span> <span class='ocrx_word' id='word_1_50' title='bbox 306 1021 459 1075; x_wconf 83' lang='lat' dir='ltr'><strong>Sedis</strong></span> <span class='ocrx_word' id='word_1_51' title='bbox 480 1062 495 1083; x_wconf 88' lang='lat'><strong>,</strong></span> <span class='ocrx_word' id='word_1_52' title='bbox 528 1035 662 1090; x_wconf 85' lang='lat' dir='ltr'><strong>papa</strong></span> <span class='ocrx_word' id='word_1_53' title='bbox 698 1019 1005 1074; x_wconf 73' lang='lat' dir='ltr'><strong>Innocentio</strong></span> <span class='ocrx_word' id='word_1_54' title='bbox 1033 1030 1084 1073; x_wconf 92' lang='lat' dir='ltr'><strong>et</strong></span> <span class='ocrx_word' id='word_1_55' title='bbox 1114 1034 1245 1088; x_wconf 88' lang='lat' dir='ltr'><strong>papa</strong></span> <span class='ocrx_word' id='word_1_56' title='bbox 1269 1018 1483 1071; x_wconf 87' lang='lat' dir='ltr'><strong>Zosimo</strong></span> <span class='ocrx_word' id='word_1_57' title='bbox 1501 1058 1517 1083; x_wconf 92' lang='lat'><strong>,</strong></span> <span class='ocrx_word' id='word_1_58' title='bbox 1552 1016 1650 1072; x_wconf 90' lang='lat' dir='ltr'><strong>nisi</strong></span> 
     </span>
    </p>
   </div>
   <div class='ocr_carea' id='block_1_9' title="bbox 121 1110 1652 1183">
    <p class='ocr_par' dir='ltr' id='par_1_9' title="bbox 121 1110 1652 1183">
     <span class='ocr_line' id='line_1_9' title="bbox 121 1110 1652 1183; baseline -0.003 -13"><span class='ocrx_word' id='word_1_59' title='bbox 121 1114 298 1170; x_wconf 81' lang='lat' dir='ltr'><strong>correcti</strong></span> <span class='ocrx_word' id='word_1_60' title='bbox 341 1113 503 1168; x_wconf 86' lang='lat' dir='ltr'><strong>etiam</strong></span> <span class='ocrx_word' id='word_1_61' title='bbox 550 1112 755 1182; x_wconf 87' lang='lat' dir='ltr'><strong>egerint</strong></span> <span class='ocrx_word' id='word_1_62' title='bbox 793 1111 1181 1183; x_wconf 72' lang='lat' dir='ltr'><strong>paenitentiam,</strong></span> <span class='ocrx_word' id='word_1_63' title='bbox 1223 1122 1331 1165; x_wconf 89' lang='lat' dir='ltr'><strong>toto</strong></span> <span class='ocrx_word' id='word_1_64' title='bbox 1364 1110 1652 1165; x_wconf 84' lang='lat' dir='ltr'><strong>christiano</strong></span> 
     </span>
    </p>
   </div>
   <div class='ocr_carea' id='block_1_10' title="bbox 123 1202 1651 1273">
    <p class='ocr_par' dir='ltr' id='par_1_10' title="bbox 123 1202 1651 1273">
     <span class='ocr_line' id='line_1_10' title="bbox 123 1202 1651 1273; baseline -0.003 -13"><span class='ocrx_word' id='word_1_65' title='bbox 123 1208 220 1260; x_wconf 78' lang='lat' dir='ltr'><strong>orbe</strong></span> <span class='ocrx_word' id='word_1_66' title='bbox 242 1203 465 1256; x_wconf 82' lang='lat' dir='ltr'><strong>damnati</strong></span> <span class='ocrx_word' id='word_1_67' title='bbox 495 1213 637 1257; x_wconf 91' lang='lat' dir='ltr'><strong>sunt.</strong></span> <span class='ocrx_word' id='word_1_68' title='bbox 667 1202 742 1257; x_wconf 87' lang='lat' dir='ltr'><strong>De</strong></span> <span class='ocrx_word' id='word_1_69' title='bbox 768 1203 958 1273; x_wconf 85' lang='lat' dir='ltr'><strong>quibus</strong></span> <span class='ocrx_word' id='word_1_70' title='bbox 984 1202 1222 1271; x_wconf 78' lang='lat' dir='ltr'><strong>exempla</strong></span> <span class='ocrx_word' id='word_1_71' title='bbox 1250 1203 1535 1256; x_wconf 89' lang='lat' dir='ltr'><strong>recentium</strong></span> <span class='ocrx_word' id='word_1_72' title='bbox 1564 1202 1651 1255; x_wconf 86' lang='lat' dir='ltr'><strong>lit-</strong></span> 
     </span>
    </p>
   </div>
   <div class='ocr_carea' id='block_1_11' title="bbox 124 1293 1652 1365">
    <p class='ocr_par' dir='ltr' id='par_1_11' title="bbox 124 1293 1652 1365">
     <span class='ocr_line' id='line_1_11' title="bbox 124 1293 1652 1365; baseline -0.003 -14"><span class='ocrx_word' id='word_1_73' title='bbox 124 1304 333 1360; x_wconf 79' lang='lat' dir='ltr'><strong>terarum,</strong></span> <span class='ocrx_word' id='word_1_74' title='bbox 355 1296 469 1351; x_wconf 83' lang='lat' dir='ltr'><strong>sive</strong></span> <span class='ocrx_word' id='word_1_75' title='bbox 492 1310 610 1364; x_wconf 71' lang='lat' dir='ltr'><strong>qua:</strong></span> <span class='ocrx_word' id='word_1_76' title='bbox 636 1295 934 1365; x_wconf 80' lang='lat' dir='ltr'><strong>specialiter</strong></span> <span class='ocrx_word' id='word_1_77' title='bbox 957 1294 1022 1347; x_wconf 91' lang='lat' dir='ltr'><strong>ad</strong></span> <span class='ocrx_word' id='word_1_78' title='bbox 1049 1294 1225 1359; x_wconf 82' lang='lat' dir='ltr'><strong>Afros,</strong></span> <span class='ocrx_word' id='word_1_79' title='bbox 1254 1295 1366 1349; x_wconf 91' lang='lat' dir='ltr'><strong>sive</strong></span> <span class='ocrx_word' id='word_1_80' title='bbox 1394 1310 1511 1364; x_wconf 77' lang='lat' dir='ltr'><strong>qua:</strong></span> <span class='ocrx_word' id='word_1_81' title='bbox 1537 1293 1652 1347; x_wconf 87' lang='lat' dir='ltr'><strong>uni-</strong></span> 
     </span>
    </p>
   </div>
   <div class='ocr_carea' id='block_1_12' title="bbox 124 1384 1653 1456">
    <p class='ocr_par' dir='ltr' id='par_1_12' title="bbox 124 1384 1653 1456">
     <span class='ocr_line' id='line_1_12' title="bbox 124 1384 1653 1456; baseline 0.001 -17"><span class='ocrx_word' id='word_1_82' title='bbox 124 1386 361 1442; x_wconf 81' lang='lat' dir='ltr'><strong>versaliter</strong></span> <span class='ocrx_word' id='word_1_83' title='bbox 403 1386 469 1439; x_wconf 93' lang='lat' dir='ltr'><strong>ad</strong></span> <span class='ocrx_word' id='word_1_84' title='bbox 519 1400 705 1440; x_wconf 91' lang='lat' dir='ltr'><strong>omnes</strong></span> <span class='ocrx_word' id='word_1_85' title='bbox 746 1385 1024 1456; x_wconf 90' lang='lat' dir='ltr'><strong>episcopos</strong></span> <span class='ocrx_word' id='word_1_86' title='bbox 1069 1384 1135 1439; x_wconf 90' lang='lat' dir='ltr'><strong>de</strong></span> <span class='ocrx_word' id='word_1_87' title='bbox 1181 1396 1468 1440; x_wconf 89' lang='lat' dir='ltr'><strong>memorata</strong></span> <span class='ocrx_word' id='word_1_88' title='bbox 1513 1385 1653 1441; x_wconf 83' lang='lat' dir='ltr'><strong>Sede</strong></span> 
     </span>
    </p>
   </div>
   <div class='ocr_carea' id='block_1_13' title="bbox 122 1476 1651 1543">
    <p class='ocr_par' dir='ltr' id='par_1_13' title="bbox 122 1476 1651 1543">
     <span class='ocr_line' id='line_1_13' title="bbox 122 1476 1651 1543; baseline 0.001 -12"><span class='ocrx_word' id='word_1_89' title='bbox 122 1486 388 1543; x_wconf 78' lang='lat' dir='ltr'><strong>manarunt,</strong></span> <span class='ocrx_word' id='word_1_90' title='bbox 421 1492 489 1532; x_wconf 91' lang='lat' dir='ltr'><strong>ne</strong></span> <span class='ocrx_word' id='word_1_91' title='bbox 518 1476 654 1532; x_wconf 89' lang='lat' dir='ltr'><strong>forte</strong></span> <span class='ocrx_word' id='word_1_92' title='bbox 687 1476 754 1531; x_wconf 87' lang='lat' dir='ltr'><strong>ad</strong></span> <span class='ocrx_word' id='word_1_93' title='bbox 788 1486 1015 1532; x_wconf 80' lang='lat' dir='ltr'><strong>vestram</strong></span> <span class='ocrx_word' id='word_1_94' title='bbox 1046 1477 1387 1532; x_wconf 88' lang='lat' dir='ltr'><strong>Sanctitatem</strong></span> <span class='ocrx_word' id='word_1_95' title='bbox 1421 1479 1651 1532; x_wconf 87' lang='lat' dir='ltr'><strong>nondum</strong></span> 
     </span>
    </p>
   </div>
   <div class='ocr_carea' id='block_1_14' title="bbox 121 1569 1653 1640">
    <p class='ocr_par' dir='ltr' id='par_1_14' title="bbox 121 1569 1653 1640">
     <span class='ocr_line' id='line_1_14' title="bbox 121 1569 1653 1640; baseline 0.001 -16"><span class='ocrx_word' id='word_1_96' title='bbox 121 1570 450 1640; x_wconf 67' lang='lat' dir='ltr'><strong>pervenerint,</strong></span> <span class='ocrx_word' id='word_1_97' title='bbox 491 1569 642 1623; x_wconf 84' lang='lat' dir='ltr'><strong>vobis</strong></span> <span class='ocrx_word' id='word_1_98' title='bbox 682 1570 981 1623; x_wconf 85' lang='lat' dir='ltr'><strong>curavimus</strong></span> <span class='ocrx_word' id='word_1_99' title='bbox 1027 1569 1159 1622; x_wconf 87' lang='lat' dir='ltr'><strong>mitti</strong></span> <span class='ocrx_word' id='word_1_100' title='bbox 1197 1570 1264 1624; x_wconf 88' lang='lat' dir='ltr'><strong>ab</strong></span> <span class='ocrx_word' id='word_1_101' title='bbox 1301 1570 1378 1623; x_wconf 88' lang='lat' dir='ltr'><strong>eis</strong></span> <span class='ocrx_word' id='word_1_102' title='bbox 1410 1570 1653 1625; x_wconf 83' lang='lat' dir='ltr'><strong>fratribus</strong></span> 
     </span>
    </p>
   </div>
   <div class='ocr_carea' id='block_1_15' title="bbox 116 1660 1649 1733">
    <p class='ocr_par' dir='ltr' id='par_1_15' title="bbox 116 1660 1649 1733">
     <span class='ocr_line' id='line_1_15' title="bbox 116 1660 1649 1733; baseline 0.003 -21"><span class='ocrx_word' id='word_1_103' title='bbox 116 1665 270 1733; x_wconf 81' lang='lat' dir='ltr'><strong>quibus</strong></span> <span class='ocrx_word' id='word_1_104' title='bbox 291 1672 345 1717; x_wconf 86' lang='lat' dir='ltr'><strong>et</strong></span> <span class='ocrx_word' id='word_1_105' title='bbox 370 1662 464 1716; x_wconf 88' lang='lat' dir='ltr'><strong>has</strong></span> <span class='ocrx_word' id='word_1_106' title='bbox 501 1660 736 1727; x_wconf 79' lang='lat' dir='ltr'><strong>litteras,</strong></span> <span class='ocrx_word' id='word_1_107' title='bbox 764 1670 819 1716; x_wconf 91' lang='lat' dir='ltr'><strong>ut</strong></span> <span class='ocrx_word' id='word_1_108' title='bbox 850 1672 953 1715; x_wconf 69' lang='lat' dir='ltr'><strong>tua:</strong></span> <span class='ocrx_word' id='word_1_109' title='bbox 977 1661 1311 1715; x_wconf 85' lang='lat' dir='ltr'><strong>Venerationi</strong></span> <span class='ocrx_word' id='word_1_110' title='bbox 1335 1661 1649 1730; x_wconf 73' lang='lat' dir='ltr'><strong>dirigerent,</strong></span> 
     </span>
    </p>
   </div>
   <div class='ocr_carea' id='block_1_16' title="bbox 118 1752 1654 1821">
    <p class='ocr_par' dir='ltr' id='par_1_16' title="bbox 118 1752 1654 1821">
     <span class='ocr_line' id='line_1_16' title="bbox 118 1752 1654 1821; baseline -0.001 -13"><span class='ocrx_word' id='word_1_111' title='bbox 118 1753 341 1808; x_wconf 74' lang='lat' dir='ltr'><strong>dedimus.</strong></span> <span class='ocrx_word' id='word_1_112' title='bbox 362 1752 423 1807; x_wconf 80' lang='lat' dir='ltr'><strong>Hi</strong></span> <span class='ocrx_word' id='word_1_113' title='bbox 444 1761 622 1807; x_wconf 89' lang='lat' dir='ltr'><strong>autem</strong></span> <span class='ocrx_word' id='word_1_114' title='bbox 647 1768 750 1806; x_wconf 92' lang='lat' dir='ltr'><strong>non</strong></span> <span class='ocrx_word' id='word_1_115' title='bbox 776 1752 894 1807; x_wconf 91' lang='lat' dir='ltr'><strong>ideo</strong></span> <span class='ocrx_word' id='word_1_116' title='bbox 914 1762 1033 1805; x_wconf 86' lang='lat' dir='ltr'><strong>sunt</strong></span> <span class='ocrx_word' id='word_1_117' title='bbox 1059 1752 1308 1817; x_wconf 82' lang='lat' dir='ltr'><strong>haeretici,</strong></span> <span class='ocrx_word' id='word_1_118' title='bbox 1333 1753 1454 1821; x_wconf 86' lang='lat' dir='ltr'><strong>quia</strong></span> <span class='ocrx_word' id='word_1_119' title='bbox 1475 1753 1654 1807; x_wconf 88' lang='lat' dir='ltr'><strong>dicunt</strong></span> 
     </span>
    </p>
   </div>
   <div class='ocr_carea' id='block_1_17' title="bbox 116 1842 1649 1914">
    <p class='ocr_par' dir='ltr' id='par_1_17' title="bbox 116 1842 1649 1914">
     <span class='ocr_line' id='line_1_17' title="bbox 116 1842 1649 1914; baseline 0 -18"><span class='ocrx_word' id='word_1_120' title='bbox 116 1845 284 1898; x_wconf 82' lang='lat' dir='ltr'><strong>animas</strong></span> <span class='ocrx_word' id='word_1_121' title='bbox 306 1843 562 1914; x_wconf 84' lang='lat' dir='ltr'><strong>originem</strong></span> <span class='ocrx_word' id='word_1_122' title='bbox 584 1842 651 1896; x_wconf 84' lang='lat' dir='ltr'><strong>de</strong></span> <span class='ocrx_word' id='word_1_123' title='bbox 679 1842 767 1896; x_wconf 87' lang='lat' dir='ltr'><strong>illa</strong></span> <span class='ocrx_word' id='word_1_124' title='bbox 795 1843 960 1911; x_wconf 90' lang='lat' dir='ltr'><strong>prima</strong></span> <span class='ocrx_word' id='word_1_125' title='bbox 986 1842 1281 1912; x_wconf 89' lang='lat' dir='ltr'><strong>peccatrice</strong></span> <span class='ocrx_word' id='word_1_126' title='bbox 1306 1858 1409 1895; x_wconf 87' lang='lat' dir='ltr'><strong>non</strong></span> <span class='ocrx_word' id='word_1_127' title='bbox 1436 1842 1649 1906; x_wconf 85' lang='lat' dir='ltr'><strong>docere,</strong></span> 
     </span>
    </p>
   </div>
   <div class='ocr_carea' id='block_1_18' title="bbox 115 1931 1652 2005">
    <p class='ocr_par' dir='ltr' id='par_1_18' title="bbox 115 1931 1652 2005">
     <span class='ocr_line' id='line_1_18' title="bbox 115 1931 1652 2005; baseline -0.001 -18"><span class='ocrx_word' id='word_1_128' title='bbox 115 1932 225 2005; x_wconf 79' lang='lat' dir='ltr'><strong>quod</strong></span> <span class='ocrx_word' id='word_1_129' title='bbox 250 1934 326 1987; x_wconf 86' lang='lat' dir='ltr'><strong>vel</strong></span> <span class='ocrx_word' id='word_1_130' title='bbox 355 1934 530 2002; x_wconf 89' lang='lat' dir='ltr'><strong>aliqua</strong></span> <span class='ocrx_word' id='word_1_131' title='bbox 559 1933 784 1987; x_wconf 77' lang='lat' dir='ltr'><strong>fortasse</strong></span> <span class='ocrx_word' id='word_1_132' title='bbox 814 1933 1017 1986; x_wconf 90' lang='lat' dir='ltr'><strong>ratione</strong></span> <span class='ocrx_word' id='word_1_133' title='bbox 1053 1947 1172 1985; x_wconf 80' lang='lat' dir='ltr'><strong>vera</strong></span> <span class='ocrx_word' id='word_1_134' title='bbox 1204 1931 1304 1985; x_wconf 90' lang='lat' dir='ltr'><strong>dici</strong></span> <span class='ocrx_word' id='word_1_135' title='bbox 1343 1941 1543 2000; x_wconf 67' lang='lat' dir='ltr'><strong>potest,</strong></span> <span class='ocrx_word' id='word_1_136' title='bbox 1572 1932 1652 1986; x_wconf 89' lang='lat' dir='ltr'><strong>vel</strong></span> 
     </span>
    </p>
   </div>
   <div class='ocr_carea' id='block_1_19' title="bbox 116 2020 1654 2078">
    <p class='ocr_par' dir='ltr' id='par_1_19' title="bbox 116 2020 1654 2078">
     <span class='ocr_line' id='line_1_19' title="bbox 116 2020 1654 2078; baseline -0.001 -1"><span class='ocrx_word' id='word_1_137' title='bbox 116 2026 206 2078; x_wconf 78' lang='lat' dir='ltr'><strong>sine</strong></span> <span class='ocrx_word' id='word_1_138' title='bbox 245 2022 358 2077; x_wconf 87' lang='lat' dir='ltr'><strong>tldei</strong></span> <span class='ocrx_word' id='word_1_139' title='bbox 404 2022 522 2077; x_wconf 89' lang='lat' dir='ltr'><strong>lahe</strong></span> <span class='ocrx_word' id='word_1_140' title='bbox 565 2022 755 2076; x_wconf 89' lang='lat' dir='ltr'><strong>nesciri</strong></span> <span class='ocrx_word' id='word_1_141' title='bbox 786 2040 799 2075; x_wconf 89' lang='lat'><strong>:</strong></span> <span class='ocrx_word' id='word_1_142' title='bbox 830 2022 923 2077; x_wconf 90' lang='lat' dir='ltr'><strong>sed</strong></span> <span class='ocrx_word' id='word_1_143' title='bbox 976 2021 1096 2076; x_wconf 92' lang='lat' dir='ltr'><strong>hinc</strong></span> <span class='ocrx_word' id='word_1_144' title='bbox 1146 2032 1402 2076; x_wconf 90' lang='lat' dir='ltr'><strong>conantur</strong></span> <span class='ocrx_word' id='word_1_145' title='bbox 1443 2020 1654 2077; x_wconf 77' lang='lat' dir='ltr'><strong>enicere</strong></span> 
     </span>
    </p>
   </div>
   <div class='ocr_carea' id='block_1_20' title="bbox 117 2113 1654 2186">
    <p class='ocr_par' dir='ltr' id='par_1_20' title="bbox 117 2113 1654 2186">
     <span class='ocr_line' id='line_1_20' title="bbox 117 2113 1654 2186; baseline 0.001 -20"><span class='ocrx_word' id='word_1_146' title='bbox 117 2114 247 2186; x_wconf 74' lang='lat' dir='ltr'><strong>(unde</strong></span> <span class='ocrx_word' id='word_1_147' title='bbox 268 2119 483 2167; x_wconf 86' lang='lat' dir='ltr'><strong>omnino</strong></span> <span class='ocrx_word' id='word_1_148' title='bbox 507 2113 824 2183; x_wconf 68' lang='lat' dir='ltr'><strong>apertissimi</strong></span> <span class='ocrx_word' id='word_1_149' title='bbox 854 2114 1084 2166; x_wconf 69' lang='lat' dir='ltr'><strong>hmretici</strong></span> <span class='ocrx_word' id='word_1_150' title='bbox 1104 2113 1423 2185; x_wconf 83' lang='lat' dir='ltr'><strong>judicantur)</strong></span> <span class='ocrx_word' id='word_1_151' title='bbox 1453 2114 1654 2167; x_wconf 89' lang='lat' dir='ltr'><strong>animas</strong></span> 
     </span>
    </p>
   </div>
   <div class='ocr_carea' id='block_1_21' title="bbox 118 2203 1652 2274">
    <p class='ocr_par' dir='ltr' id='par_1_21' title="bbox 118 2203 1652 2274">
     <span class='ocr_line' id='line_1_21' title="bbox 118 2203 1652 2274; baseline -0.001 -15"><span class='ocrx_word' id='word_1_152' title='bbox 118 2206 419 2274; x_wconf 81' lang='lat' dir='ltr'><strong>parvulorum</strong></span> <span class='ocrx_word' id='word_1_153' title='bbox 452 2203 582 2258; x_wconf 87' lang='lat' dir='ltr'><strong>nihil</strong></span> <span class='ocrx_word' id='word_1_154' title='bbox 614 2204 735 2257; x_wconf 88' lang='lat' dir='ltr'><strong>mali</strong></span> <span class='ocrx_word' id='word_1_155' title='bbox 763 2218 826 2257; x_wconf 79' lang='lat' dir='ltr'><strong>ex</strong></span> <span class='ocrx_word' id='word_1_156' title='bbox 855 2205 1022 2257; x_wconf 86' lang='lat' dir='ltr'><strong>Adam</strong></span> <span class='ocrx_word' id='word_1_157' title='bbox 1056 2203 1282 2269; x_wconf 80' lang='lat' dir='ltr'><strong>trahere,</strong></span> <span class='ocrx_word' id='word_1_158' title='bbox 1312 2205 1448 2273; x_wconf 84' lang='lat' dir='ltr'><strong>quod</strong></span> <span class='ocrx_word' id='word_1_159' title='bbox 1478 2206 1545 2257; x_wconf 85' lang='lat' dir='ltr'><strong>sit</strong></span> <span class='ocrx_word' id='word_1_160' title='bbox 1576 2205 1652 2257; x_wconf 87' lang='lat' dir='ltr'><strong>Ia-</strong></span> 
     </span>
    </p>
   </div>
   <div class='ocr_carea' id='block_1_22' title="bbox 115 2296 1655 2367">
    <p class='ocr_par' dir='ltr' id='par_1_22' title="bbox 115 2296 1655 2367">
     <span class='ocr_line' id='line_1_22' title="bbox 115 2296 1655 2367; baseline 0 -16"><span class='ocrx_word' id='word_1_161' title='bbox 115 2312 246 2352; x_wconf 80' lang='lat' dir='ltr'><strong>vacro</strong></span> <span class='ocrx_word' id='word_1_162' title='bbox 279 2296 694 2367; x_wconf 88' lang='lat' dir='ltr'><strong>regenerationis</strong></span> <span class='ocrx_word' id='word_1_163' title='bbox 719 2297 1057 2366; x_wconf 75' lang='lat' dir='ltr'><strong>expiandum.</strong></span> <span class='ocrx_word' id='word_1_164' title='bbox 1084 2297 1211 2350; x_wconf 86' lang='lat' dir='ltr'><strong>Nam</strong></span> <span class='ocrx_word' id='word_1_165' title='bbox 1238 2297 1429 2365; x_wconf 82' lang='lat' dir='ltr'><strong>Pelagii</strong></span> <span class='ocrx_word' id='word_1_166' title='bbox 1461 2297 1525 2349; x_wconf 92' lang='lat' dir='ltr'><strong>de</strong></span> <span class='ocrx_word' id='word_1_167' title='bbox 1556 2296 1655 2351; x_wconf 90' lang='lat' dir='ltr'><strong>hac</strong></span> 
     </span>
    </p>
   </div>
   <div class='ocr_carea' id='block_1_23' title="bbox 117 2386 1651 2456">
    <p class='ocr_par' dir='ltr' id='par_1_23' title="bbox 117 2386 1651 2456">
     <span class='ocr_line' id='line_1_23' title="bbox 117 2386 1651 2456; baseline -0.001 -15"><span class='ocrx_word' id='word_1_168' title='bbox 117 2403 162 2441; x_wconf 86' lang='lat' dir='ltr'><strong>re</strong></span> <span class='ocrx_word' id='word_1_169' title='bbox 185 2386 574 2455; x_wconf 80' lang='lat' dir='ltr'><strong>argumentatio,</strong></span> <span class='ocrx_word' id='word_1_170' title='bbox 599 2403 716 2456; x_wconf 77' lang='lat' dir='ltr'><strong>qua:</strong></span> <span class='ocrx_word' id='word_1_171' title='bbox 746 2388 883 2441; x_wconf 88' lang='lat' dir='ltr'><strong>inter</strong></span> <span class='ocrx_word' id='word_1_172' title='bbox 906 2387 1004 2440; x_wconf 85' lang='lat' dir='ltr'><strong>alia</strong></span> <span class='ocrx_word' id='word_1_173' title='bbox 1028 2387 1139 2456; x_wconf 87' lang='lat' dir='ltr'><strong>ejus</strong></span> <span class='ocrx_word' id='word_1_174' title='bbox 1160 2387 1474 2442; x_wconf 88' lang='lat' dir='ltr'><strong>damnabilia</strong></span> <span class='ocrx_word' id='word_1_175' title='bbox 1496 2388 1651 2440; x_wconf 85' lang='lat' dir='ltr'><strong>etiam</strong></span> 
     </span>
    </p>
   </div>
   <div class='ocr_carea' id='block_1_24' title="bbox 114 2475 1649 2547">
    <p class='ocr_par' dir='ltr' id='par_1_24' title="bbox 114 2475 1649 2547">
     <span class='ocr_line' id='line_1_24' title="bbox 114 2475 1649 2547; baseline 0.001 -18"><span class='ocrx_word' id='word_1_176' title='bbox 114 2476 269 2531; x_wconf 83' lang='lat' dir='ltr'><strong>litteris</strong></span> <span class='ocrx_word' id='word_1_177' title='bbox 296 2478 597 2547; x_wconf 73' lang='lat' dir='ltr'><strong>apostolica:</strong></span> <span class='ocrx_word' id='word_1_178' title='bbox 625 2476 775 2531; x_wconf 88' lang='lat' dir='ltr'><strong>Sedis</strong></span> <span class='ocrx_word' id='word_1_179' title='bbox 813 2475 1057 2541; x_wconf 85' lang='lat' dir='ltr'><strong>adjuncta</strong></span> <span class='ocrx_word' id='word_1_180' title='bbox 1102 2487 1215 2541; x_wconf 89' lang='lat' dir='ltr'><strong>est,</strong></span> <span class='ocrx_word' id='word_1_181' title='bbox 1248 2478 1316 2530; x_wconf 85' lang='lat' dir='ltr'><strong>ita</strong></span> <span class='ocrx_word' id='word_1_182' title='bbox 1355 2493 1413 2531; x_wconf 89' lang='lat' dir='ltr'><strong>se</strong></span> <span class='ocrx_word' id='word_1_183' title='bbox 1458 2478 1649 2530; x_wconf 81' lang='lat' dir='ltr'><strong>habet:</strong></span> 
     </span>
    </p>
   </div>
   <div class='ocr_carea' id='block_1_25' title="bbox 114 2568 1653 2637">
    <p class='ocr_par' dir='ltr' id='par_1_25' title="bbox 114 2568 1653 2637">
     <span class='ocr_line' id='line_1_25' title="bbox 114 2568 1653 2637; baseline -0.001 -14"><span class='ocrx_word' id='word_1_184' title='bbox 114 2568 161 2623; x_wconf 81' lang='lat' dir='ltr'><strong>Si</strong></span> <span class='ocrx_word' id='word_1_185' title='bbox 182 2570 355 2630; x_wconf 77' lang='lat' dir='ltr'><strong>anima,</strong></span> <span class='ocrx_word' id='word_1_186' title='bbox 382 2568 569 2637; x_wconf 83' lang='lat' dir='ltr'><strong>inquit,</strong></span> <span class='ocrx_word' id='word_1_187' title='bbox 594 2585 655 2623; x_wconf 78' lang='lat' dir='ltr'><strong>ea:</strong></span> <span class='ocrx_word' id='word_1_188' title='bbox 678 2569 884 2623; x_wconf 93' lang='lat' dir='ltr'><strong>traduce</strong></span> <span class='ocrx_word' id='word_1_189' title='bbox 914 2586 1011 2621; x_wconf 86' lang='lat' dir='ltr'><strong>non</strong></span> <span class='ocrx_word' id='word_1_190' title='bbox 1039 2580 1128 2630; x_wconf 76' lang='lat' dir='ltr'><strong>est,</strong></span> <span class='ocrx_word' id='word_1_191' title='bbox 1154 2570 1240 2621; x_wconf 77' lang='lat' dir='ltr'><strong>sed</strong></span> <span class='ocrx_word' id='word_1_192' title='bbox 1266 2570 1373 2622; x_wconf 85' lang='lat' dir='ltr'><strong>sola</strong></span> <span class='ocrx_word' id='word_1_193' title='bbox 1392 2587 1509 2622; x_wconf 89' lang='lat' dir='ltr'><strong>caro</strong></span> <span class='ocrx_word' id='word_1_194' title='bbox 1537 2580 1653 2623; x_wconf 79' lang='lat' dir='ltr'><strong>tan-</strong></span> 
     </span>
    </p>
   </div>
   <div class='ocr_carea' id='block_1_26' title="bbox 117 2660 1650 2732">
    <p class='ocr_par' dir='ltr' id='par_1_26' title="bbox 117 2660 1650 2732">
     <span class='ocr_line' id='line_1_26' title="bbox 117 2660 1650 2732; baseline 0 -18"><span class='ocrx_word' id='word_1_195' title='bbox 117 2670 205 2714; x_wconf 76' lang='lat' dir='ltr'><strong>tum</strong></span> <span class='ocrx_word' id='word_1_196' title='bbox 224 2661 359 2715; x_wconf 80' lang='lat' dir='ltr'><strong>habet</strong></span> <span class='ocrx_word' id='word_1_197' title='bbox 380 2662 634 2714; x_wconf 82' lang='lat' dir='ltr'><strong>traducem</strong></span> <span class='ocrx_word' id='word_1_198' title='bbox 663 2663 889 2731; x_wconf 76' lang='lat' dir='ltr'><strong>peccati;</strong></span> <span class='ocrx_word' id='word_1_199' title='bbox 914 2660 1024 2715; x_wconf 87' lang='lat' dir='ltr'><strong>sala</strong></span> <span class='ocrx_word' id='word_1_200' title='bbox 1052 2678 1167 2732; x_wconf 88' lang='lat' dir='ltr'><strong>ergo</strong></span> <span class='ocrx_word' id='word_1_201' title='bbox 1198 2679 1393 2730; x_wconf 75' lang='lat' dir='ltr'><strong>poenam</strong></span> <span class='ocrx_word' id='word_1_202' title='bbox 1419 2672 1650 2715; x_wconf 83' lang='lat' dir='ltr'><strong>uteretur.</strong></span> 
     </span>
    </p>
   </div>
   <div class='ocr_carea' id='block_1_27' title="bbox 109 2749 1653 2822">
    <p class='ocr_par' dir='ltr' id='par_1_27' title="bbox 109 2749 1653 2822">
     <span class='ocr_line' id='line_1_27' title="bbox 109 2749 1653 2822; baseline 0.002 -17"><span class='ocrx_word' id='word_1_203' title='bbox 109 2749 335 2822; x_wconf 76' lang='lat' dir='ltr'><strong>lnjustum</strong></span> <span class='ocrx_word' id='word_1_204' title='bbox 377 2763 446 2806; x_wconf 77' lang='lat' dir='ltr'><strong>est</strong></span> <span class='ocrx_word' id='word_1_205' title='bbox 485 2752 614 2806; x_wconf 86' lang='lat' dir='ltr'><strong>enim</strong></span> <span class='ocrx_word' id='word_1_206' title='bbox 654 2762 706 2805; x_wconf 91' lang='lat' dir='ltr'><strong>ut</strong></span> <span class='ocrx_word' id='word_1_207' title='bbox 746 2753 893 2805; x_wconf 84' lang='lat' dir='ltr'><strong>hodie</strong></span> <span class='ocrx_word' id='word_1_208' title='bbox 920 2766 1037 2805; x_wconf 88' lang='lat' dir='ltr'><strong>nata</strong></span> <span class='ocrx_word' id='word_1_209' title='bbox 1066 2753 1235 2806; x_wconf 84' lang='lat' dir='ltr'><strong>animo</strong></span> <span class='ocrx_word' id='word_1_210' title='bbox 1268 2770 1366 2807; x_wconf 86' lang='lat' dir='ltr'><strong>non</strong></span> <span class='ocrx_word' id='word_1_211' title='bbox 1400 2770 1461 2808; x_wconf 78' lang='lat' dir='ltr'><strong>ea:</strong></span> <span class='ocrx_word' id='word_1_212' title='bbox 1489 2771 1653 2808; x_wconf 83' lang='lat' dir='ltr'><strong>massa</strong></span> 
     </span>
    </p>
   </div>
   <div class='ocr_carea' id='block_1_28' title="bbox 18 2844 1653 2914">
    <p class='ocr_par' dir='ltr' id='par_1_28' title="bbox 18 2844 1653 2914">
     <span class='ocr_line' id='line_1_28' title="bbox 18 2844 1653 2914; baseline 0.002 -21"><span class='ocrx_word' id='word_1_213' title='bbox 18 2846 25 2893; x_wconf 76' lang='grc' dir='ltr'>έ</span> <span class='ocrx_word' id='word_1_214' title='bbox 109 2844 231 2909; x_wconf 67' lang='lat' dir='ltr'><strong>Adit,</strong></span> <span class='ocrx_word' id='word_1_215' title='bbox 248 2855 344 2897; x_wconf 89' lang='lat' dir='ltr'><strong>tam</strong></span> <span class='ocrx_word' id='word_1_216' title='bbox 364 2844 623 2913; x_wconf 85' lang='lat' dir='ltr'><strong>antiquum</strong></span> <span class='ocrx_word' id='word_1_217' title='bbox 646 2853 901 2910; x_wconf 88' lang='lat' dir='ltr'><strong>peccatum</strong></span> <span class='ocrx_word' id='word_1_218' title='bbox 923 2854 1083 2914; x_wconf 85' lang='lat' dir='ltr'><strong>portet</strong></span> <span class='ocrx_word' id='word_1_219' title='bbox 1106 2844 1354 2907; x_wconf 87' lang='lat' dir='ltr'><strong>alienum;</strong></span> <span class='ocrx_word' id='word_1_220' title='bbox 1373 2846 1489 2913; x_wconf 86' lang='lat' dir='ltr'><strong>quia</strong></span> <span class='ocrx_word' id='word_1_221' title='bbox 1510 2844 1653 2898; x_wconf 84' lang='lat' dir='ltr'><strong>nulla</strong></span> 
     </span>
    </p>
   </div>
   <div class='ocr_carea' id='block_1_29' title="bbox 20 2931 1648 3005">
    <p class='ocr_par' dir='ltr' id='par_1_29' title="bbox 20 2931 1648 3005">
     <span class='ocr_line' id='line_1_29' title="bbox 20 2931 1648 3005; baseline 0.002 -22"><span class='ocrx_word' id='word_1_222' title='bbox 20 2948 21 2953; x_wconf 67' lang='lat'>‘</span> <span class='ocrx_word' id='word_1_223' title='bbox 106 2934 272 2987; x_wconf 76' lang='lat' dir='ltr'><strong>ratione</strong></span> <span class='ocrx_word' id='word_1_224' title='bbox 298 2936 583 2987; x_wconf 82' lang='lat' dir='ltr'><strong>conceditur</strong></span> <span class='ocrx_word' id='word_1_225' title='bbox 608 2944 659 2986; x_wconf 87' lang='lat' dir='ltr'><strong>ttt</strong></span> <span class='ocrx_word' id='word_1_226' title='bbox 685 2931 823 2987; x_wconf 89' lang='lat' dir='ltr'><strong>Deus</strong></span> <span class='ocrx_word' id='word_1_227' title='bbox 850 2934 935 3000; x_wconf 88' lang='lat' dir='ltr'><strong>qui</strong></span> <span class='ocrx_word' id='word_1_228' title='bbox 964 2935 1169 3003; x_wconf 88' lang='lat' dir='ltr'><strong>propria</strong></span> <span class='ocrx_word' id='word_1_229' title='bbox 1196 2945 1398 3005; x_wconf 86' lang='lat' dir='ltr'><strong>peccata</strong></span> <span class='ocrx_word' id='word_1_230' title='bbox 1426 2936 1648 2999; x_wconf 86' lang='lat' dir='ltr'><strong>dimittit,</strong></span> 
     </span>
    </p>
   </div>
   <div class='ocr_carea' id='block_1_30' title="bbox 106 3024 736 3092">
    <p class='ocr_par' dir='ltr' id='par_1_30' title="bbox 106 3024 736 3092">
     <span class='ocr_line' id='line_1_30' title="bbox 106 3024 736 3092; baseline 0.003 -17"><span class='ocrx_word' id='word_1_231' title='bbox 106 3040 236 3076; x_wconf 71' lang='lat' dir='ltr'><strong>suum</strong></span> <span class='ocrx_word' id='word_1_232' title='bbox 262 3024 471 3092; x_wconf 82' lang='lat' dir='ltr'><strong>imputet</strong></span> <span class='ocrx_word' id='word_1_233' title='bbox 496 3024 736 3077; x_wconf 87' lang='lat' dir='ltr'><strong>alienum.</strong></span> 
     </span>
    </p>
   </div>
   <div class='ocr_carea' id='block_1_31' title="bbox 162 3115 1650 3185">
    <p class='ocr_par' dir='ltr' id='par_1_31' title="bbox 162 3115 1650 3185">
     <span class='ocr_line' id='line_1_31' title="bbox 162 3115 1650 3185; baseline 0.002 -14"><span class='ocrx_word' id='word_1_234' title='bbox 162 3116 242 3171; x_wconf 72' lang='lat'><strong>23.</strong></span> <span class='ocrx_word' id='word_1_235' title='bbox 280 3115 332 3171; x_wconf 82' lang='lat' dir='ltr'><strong>Si</strong></span> <span class='ocrx_word' id='word_1_236' title='bbox 361 3132 489 3184; x_wconf 83' lang='lat' dir='ltr'><strong>ergo</strong></span> <span class='ocrx_word' id='word_1_237' title='bbox 530 3116 599 3170; x_wconf 91' lang='lat' dir='ltr'><strong>ita</strong></span> <span class='ocrx_word' id='word_1_238' title='bbox 635 3126 785 3185; x_wconf 89' lang='lat' dir='ltr'><strong>potes</strong></span> <span class='ocrx_word' id='word_1_239' title='bbox 822 3116 1117 3169; x_wconf 87' lang='lat' dir='ltr'><strong>animarum</strong></span> <span class='ocrx_word' id='word_1_240' title='bbox 1146 3132 1383 3172; x_wconf 86' lang='lat' dir='ltr'><strong>asserere</strong></span> <span class='ocrx_word' id='word_1_241' title='bbox 1408 3119 1521 3173; x_wconf 90' lang='lat' dir='ltr'><strong>sine</strong></span> <span class='ocrx_word' id='word_1_242' title='bbox 1549 3120 1650 3175; x_wconf 90' lang='lat' dir='ltr'><strong>ulla</strong></span> 
     </span>
    </p>
   </div>
   <div class='ocr_carea' id='block_1_32' title="bbox 106 3206 1650 3276">
    <p class='ocr_par' dir='ltr' id='par_1_32' title="bbox 106 3206 1650 3276">
     <span class='ocr_line' id='line_1_32' title="bbox 106 3206 1650 3276; baseline 0.003 -18"><span class='ocrx_word' id='word_1_243' title='bbox 106 3207 366 3276; x_wconf 56' lang='lat' dir='ltr'><strong>propgine</strong></span> <span class='ocrx_word' id='word_1_244' title='bbox 393 3208 699 3271; x_wconf 86' lang='lat' dir='ltr'><strong>novitatem,</strong></span> <span class='ocrx_word' id='word_1_245' title='bbox 725 3218 780 3259; x_wconf 90' lang='lat' dir='ltr'><strong>ut</strong></span> <span class='ocrx_word' id='word_1_246' title='bbox 806 3207 1008 3261; x_wconf 90' lang='lat' dir='ltr'><strong>ratione</strong></span> <span class='ocrx_word' id='word_1_247' title='bbox 1030 3206 1171 3275; x_wconf 86' lang='lat' dir='ltr'><strong>jnsta</strong></span> <span class='ocrx_word' id='word_1_248' title='bbox 1199 3217 1254 3261; x_wconf 90' lang='lat' dir='ltr'><strong>et</strong></span> <span class='ocrx_word' id='word_1_249' title='bbox 1280 3223 1307 3260; x_wconf 90' lang='lat' dir='ltr'><strong>a</strong></span> <span class='ocrx_word' id='word_1_250' title='bbox 1338 3208 1440 3263; x_wconf 89' lang='lat' dir='ltr'><strong>tide</strong></span> <span class='ocrx_word' id='word_1_251' title='bbox 1463 3212 1650 3263; x_wconf 86' lang='lat' dir='ltr'><strong>catho-</strong></span> 
     </span>
    </p>
   </div>
   <div class='ocr_carea' id='block_1_33' title="bbox 107 3295 1650 3367">
    <p class='ocr_par' dir='ltr' id='par_1_33' title="bbox 107 3295 1650 3367">
     <span class='ocr_line' id='line_1_33' title="bbox 107 3295 1650 3367; baseline 0.005 -19"><span class='ocrx_word' id='word_1_252' title='bbox 107 3295 186 3349; x_wconf 83' lang='lat' dir='ltr'><strong>lica</strong></span> <span class='ocrx_word' id='word_1_253' title='bbox 205 3313 300 3351; x_wconf 88' lang='lat' dir='ltr'><strong>non</strong></span> <span class='ocrx_word' id='word_1_254' title='bbox 322 3298 512 3361; x_wconf 82' lang='lat' dir='ltr'><strong>aliena,</strong></span> <span class='ocrx_word' id='word_1_255' title='bbox 534 3298 691 3351; x_wconf 81' lang='lat' dir='ltr'><strong>etiam</strong></span> <span class='ocrx_word' id='word_1_256' title='bbox 715 3298 793 3352; x_wconf 91' lang='lat' dir='ltr'><strong>sic</strong></span> <span class='ocrx_word' id='word_1_257' title='bbox 814 3307 1029 3367; x_wconf 87' lang='lat' dir='ltr'><strong>peccato</strong></span> <span class='ocrx_word' id='word_1_258' title='bbox 1052 3299 1203 3367; x_wconf 89' lang='lat' dir='ltr'><strong>primi</strong></span> <span class='ocrx_word' id='word_1_259' title='bbox 1227 3299 1455 3355; x_wconf 84' lang='lat' dir='ltr'><strong>hominis</strong></span> <span class='ocrx_word' id='word_1_260' title='bbox 1475 3312 1650 3355; x_wconf 86' lang='lat' dir='ltr'><strong>osten-</strong></span> 
     </span>
    </p>
   </div>
   <div class='ocr_carea' id='block_1_34' title="bbox 105 3389 1647 3461">
    <p class='ocr_par' dir='ltr' id='par_1_34' title="bbox 105 3389 1647 3461">
     <span class='ocr_line' id='line_1_34' title="bbox 105 3389 1647 3461; baseline 0.003 -17"><span class='ocrx_word' id='word_1_261' title='bbox 105 3389 269 3445; x_wconf 78' lang='lat' dir='ltr'><strong>dantur</strong></span> <span class='ocrx_word' id='word_1_262' title='bbox 295 3392 536 3446; x_wconf 76' lang='lat' dir='ltr'><strong>obnoxia:</strong></span> <span class='ocrx_word' id='word_1_263' title='bbox 557 3407 571 3456; x_wconf 90' lang='lat'><strong>;</strong></span> <span class='ocrx_word' id='word_1_264' title='bbox 594 3406 772 3446; x_wconf 88' lang='lat' dir='ltr'><strong>assere</strong></span> <span class='ocrx_word' id='word_1_265' title='bbox 800 3390 938 3461; x_wconf 89' lang='lat' dir='ltr'><strong>quod</strong></span> <span class='ocrx_word' id='word_1_266' title='bbox 966 3393 1159 3455; x_wconf 88' lang='lat' dir='ltr'><strong>sentis,</strong></span> <span class='ocrx_word' id='word_1_267' title='bbox 1187 3402 1237 3445; x_wconf 91' lang='lat' dir='ltr'><strong>ut</strong></span> <span class='ocrx_word' id='word_1_268' title='bbox 1272 3402 1438 3461; x_wconf 83' lang='lat' dir='ltr'><strong>poles.</strong></span> <span class='ocrx_word' id='word_1_269' title='bbox 1467 3392 1520 3448; x_wconf 92' lang='lat' dir='ltr'><strong>Si</strong></span> <span class='ocrx_word' id='word_1_270' title='bbox 1552 3411 1647 3448; x_wconf 91' lang='lat' dir='ltr'><strong>au-</strong></span> 
     </span>
    </p>
   </div>
   <div class='ocr_carea' id='block_1_35' title="bbox 12 3485 1645 3554">
    <p class='ocr_par' dir='ltr' id='par_1_35' title="bbox 12 3485 1645 3554">
     <span class='ocr_line' id='line_1_35' title="bbox 12 3485 1645 3554; baseline 0.002 -17"><span class='ocrx_word' id='word_1_271' title='bbox 12 3492 17 3515; x_wconf 58' lang='lat'>&quot;</span> <span class='ocrx_word' id='word_1_272' title='bbox 107 3493 195 3537; x_wconf 86' lang='lat' dir='ltr'><strong>tem</strong></span> <span class='ocrx_word' id='word_1_273' title='bbox 214 3500 311 3538; x_wconf 89' lang='lat' dir='ltr'><strong>non</strong></span> <span class='ocrx_word' id='word_1_274' title='bbox 333 3502 423 3539; x_wconf 86' lang='lat' dir='ltr'><strong>eas</strong></span> <span class='ocrx_word' id='word_1_275' title='bbox 448 3485 599 3540; x_wconf 77' lang='lat' dir='ltr'><strong>aliter</strong></span> <span class='ocrx_word' id='word_1_276' title='bbox 615 3493 766 3554; x_wconf 90' lang='lat' dir='ltr'><strong>potes</strong></span> <span class='ocrx_word' id='word_1_277' title='bbox 785 3499 813 3537; x_wconf 90' lang='lat' dir='ltr'><strong>a</strong></span> <span class='ocrx_word' id='word_1_278' title='bbox 838 3485 1211 3554; x_wconf 81' lang='lat' dir='ltr'><strong>propagatione</strong></span> <span class='ocrx_word' id='word_1_279' title='bbox 1238 3486 1406 3540; x_wconf 83' lang='lat' dir='ltr'><strong>facere</strong></span> <span class='ocrx_word' id='word_1_280' title='bbox 1426 3489 1645 3553; x_wconf 85' lang='lat' dir='ltr'><strong>alienas,</strong></span> 
     </span>
    </p>
   </div>
   <div class='ocr_carea' id='block_1_36' title="bbox 105 3574 1643 3645">
    <p class='ocr_par' dir='ltr' id='par_1_36' title="bbox 105 3574 1643 3645">
     <span class='ocr_line' id='line_1_36' title="bbox 105 3574 1643 3645; baseline 0.003 -17"><span class='ocrx_word' id='word_1_281' title='bbox 105 3574 264 3629; x_wconf 80' lang='lat' dir='ltr'><strong>nisiut</strong></span> <span class='ocrx_word' id='word_1_282' title='bbox 292 3577 446 3630; x_wconf 87' lang='lat' dir='ltr'><strong>simul</strong></span> <span class='ocrx_word' id='word_1_283' title='bbox 477 3577 633 3630; x_wconf 87' lang='lat' dir='ltr'><strong>facias</strong></span> <span class='ocrx_word' id='word_1_284' title='bbox 662 3576 728 3631; x_wconf 88' lang='lat' dir='ltr'><strong>ab</strong></span> <span class='ocrx_word' id='word_1_285' title='bbox 752 3577 893 3629; x_wconf 90' lang='lat' dir='ltr'><strong>omni</strong></span> <span class='ocrx_word' id='word_1_286' title='bbox 927 3577 1125 3645; x_wconf 82' lang='lat' dir='ltr'><strong>peccati</strong></span> <span class='ocrx_word' id='word_1_287' title='bbox 1162 3577 1371 3630; x_wconf 81' lang='lat' dir='ltr'><strong>vinculo</strong></span> <span class='ocrx_word' id='word_1_288' title='bbox 1418 3580 1643 3644; x_wconf 87' lang='lat' dir='ltr'><strong>liberas;</strong></span> 
     </span>
    </p>
   </div>
   <div class='ocr_carea' id='block_1_37' title="bbox 103 3668 1645 3737">
    <p class='ocr_par' dir='ltr' id='par_1_37' title="bbox 103 3668 1645 3737">
     <span class='ocr_line' id='line_1_37' title="bbox 103 3668 1645 3737; baseline 0.003 -17"><span class='ocrx_word' id='word_1_289' title='bbox 103 3669 265 3723; x_wconf 83' lang='lat' dir='ltr'><strong>cohibe</strong></span> <span class='ocrx_word' id='word_1_290' title='bbox 292 3678 343 3723; x_wconf 86' lang='lat' dir='ltr'><strong>te</strong></span> <span class='ocrx_word' id='word_1_291' title='bbox 367 3670 434 3723; x_wconf 86' lang='lat' dir='ltr'><strong>ab</strong></span> <span class='ocrx_word' id='word_1_292' title='bbox 463 3668 761 3737; x_wconf 83' lang='lat' dir='ltr'><strong>hujusmodi</strong></span> <span class='ocrx_word' id='word_1_293' title='bbox 792 3669 1145 3737; x_wconf 80' lang='lat' dir='ltr'><strong>disputatione</strong></span> <span class='ocrx_word' id='word_1_294' title='bbox 1173 3670 1498 3723; x_wconf 85' lang='lat' dir='ltr'><strong>omnimodo.</strong></span> <span class='ocrx_word' id='word_1_295' title='bbox 1531 3670 1645 3725; x_wconf 87' lang='lat' dir='ltr'><strong>Non</strong></span> 
     </span>
    </p>
   </div>
   <div class='ocr_carea' id='block_1_38' title="bbox 103 3758 1647 3829">
    <p class='ocr_par' dir='ltr' id='par_1_38' title="bbox 103 3758 1647 3829">
     <span class='ocr_line' id='line_1_38' title="bbox 103 3758 1647 3829; baseline 0.003 -18"><span class='ocrx_word' id='word_1_296' title='bbox 103 3769 171 3811; x_wconf 83' lang='lat' dir='ltr'><strong>est</strong></span> <span class='ocrx_word' id='word_1_297' title='bbox 189 3760 318 3812; x_wconf 88' lang='lat' dir='ltr'><strong>enim</strong></span> <span class='ocrx_word' id='word_1_298' title='bbox 348 3758 475 3813; x_wconf 86' lang='lat' dir='ltr'><strong>falsa</strong></span> <span class='ocrx_word' id='word_1_299' title='bbox 497 3760 654 3814; x_wconf 90' lang='lat' dir='ltr'><strong>etiam</strong></span> <span class='ocrx_word' id='word_1_300' title='bbox 683 3761 732 3812; x_wconf 92' lang='lat' dir='ltr'><strong>in</strong></span> <span class='ocrx_word' id='word_1_301' title='bbox 757 3759 1091 3828; x_wconf 80' lang='lat' dir='ltr'><strong>parvulorum</strong></span> <span class='ocrx_word' id='word_1_302' title='bbox 1120 3760 1432 3829; x_wconf 83' lang='lat' dir='ltr'><strong>baptismate</strong></span> <span class='ocrx_word' id='word_1_303' title='bbox 1462 3764 1647 3815; x_wconf 79' lang='lat' dir='ltr'><strong>remis-</strong></span> 
     </span>
    </p>
   </div>
   <div class='ocr_carea' id='block_1_39' title="bbox 102 3849 1647 3920">
    <p class='ocr_par' dir='ltr' id='par_1_39' title="bbox 102 3849 1647 3920">
     <span class='ocr_line' id='line_1_39' title="bbox 102 3849 1647 3920; baseline 0.005 -19"><span class='ocrx_word' id='word_1_304' title='bbox 102 3849 170 3903; x_wconf 80' lang='lat' dir='ltr'><strong>sio</strong></span> <span class='ocrx_word' id='word_1_305' title='bbox 190 3861 536 3920; x_wconf 75' lang='lat' dir='ltr'><strong>peccatorum,</strong></span> <span class='ocrx_word' id='word_1_306' title='bbox 561 3866 657 3906; x_wconf 91' lang='lat' dir='ltr'><strong>nec</strong></span> <span class='ocrx_word' id='word_1_307' title='bbox 678 3853 839 3907; x_wconf 86' lang='lat' dir='ltr'><strong>verbo</strong></span> <span class='ocrx_word' id='word_1_308' title='bbox 863 3861 1017 3906; x_wconf 91' lang='lat' dir='ltr'><strong>tenus</strong></span> <span class='ocrx_word' id='word_1_309' title='bbox 1038 3852 1248 3915; x_wconf 90' lang='lat' dir='ltr'><strong>dicitur,</strong></span> <span class='ocrx_word' id='word_1_310' title='bbox 1272 3853 1364 3908; x_wconf 87' lang='lat' dir='ltr'><strong>sed</strong></span> <span class='ocrx_word' id='word_1_311' title='bbox 1388 3855 1647 3909; x_wconf 81' lang='lat' dir='ltr'><strong>veraciter</strong></span> 
     </span>
    </p>
   </div>
   <div class='ocr_carea' id='block_1_40' title="bbox 102 3942 1643 4015">
    <p class='ocr_par' dir='ltr' id='par_1_40' title="bbox 102 3942 1643 4015">
     <span class='ocr_line' id='line_1_40' title="bbox 102 3942 1643 4015; baseline 0.005 -21"><span class='ocrx_word' id='word_1_312' title='bbox 102 3942 271 4010; x_wconf 77' lang='lat' dir='ltr'><strong>agitor.</strong></span> <span class='ocrx_word' id='word_1_313' title='bbox 307 3942 435 3997; x_wconf 77' lang='lat' dir='ltr'><strong>Nam</strong></span> <span class='ocrx_word' id='word_1_314' title='bbox 466 3951 525 3997; x_wconf 90' lang='lat' dir='ltr'><strong>ut</strong></span> <span class='ocrx_word' id='word_1_315' title='bbox 557 3943 664 4012; x_wconf 90' lang='lat' dir='ltr'><strong>jam</strong></span> <span class='ocrx_word' id='word_1_316' title='bbox 692 3943 867 3999; x_wconf 83' lang='lat' dir='ltr'><strong>verbis</strong></span> <span class='ocrx_word' id='word_1_317' title='bbox 895 3952 1030 4006; x_wconf 89' lang='lat' dir='ltr'><strong>utar,</strong></span> <span class='ocrx_word' id='word_1_318' title='bbox 1059 3960 1175 4013; x_wconf 74' lang='lat' dir='ltr'><strong>qua:</strong></span> <span class='ocrx_word' id='word_1_319' title='bbox 1205 3945 1255 3998; x_wconf 90' lang='lat' dir='ltr'><strong>in</strong></span> <span class='ocrx_word' id='word_1_320' title='bbox 1288 3945 1396 4013; x_wconf 88' lang='lat' dir='ltr'><strong>ipsa</strong></span> <span class='ocrx_word' id='word_1_321' title='bbox 1425 3947 1643 4015; x_wconf 77' lang='lat' dir='ltr'><strong>epistola</strong></span> 
     </span>
    </p>
   </div>
   <div class='ocr_carea' id='block_1_41' title="bbox 101 4028 1645 4103">
    <p class='ocr_par' dir='ltr' id='par_1_41' title="bbox 101 4028 1645 4103">
     <span class='ocr_line' id='line_1_41' title="bbox 101 4028 1645 4103; baseline 0.006 -19"><span class='ocrx_word' id='word_1_322' title='bbox 101 4028 365 4087; x_wconf 69' lang='lat' dir='ltr'><strong>lmtissimi</strong></span> <span class='ocrx_word' id='word_1_323' title='bbox 393 4034 644 4089; x_wconf 85' lang='lat' dir='ltr'><strong>antistitis</strong></span> <span class='ocrx_word' id='word_1_324' title='bbox 664 4032 858 4088; x_wconf 83' lang='lat' dir='ltr'><strong>Zosimi</strong></span> <span class='ocrx_word' id='word_1_325' title='bbox 892 4037 1131 4103; x_wconf 80' lang='lat' dir='ltr'><strong>leguntur</strong></span> <span class='ocrx_word' id='word_1_326' title='bbox 1154 4052 1167 4088; x_wconf 89' lang='lat'><strong>:</strong></span> <span class='ocrx_word' id='word_1_327' title='bbox 1194 4034 1386 4089; x_wconf 65' lang='lat' dir='ltr'><strong>Fidelis</strong></span> <span class='ocrx_word' id='word_1_328' title='bbox 1405 4038 1645 4093; x_wconf 78' lang='lat' dir='ltr'><strong>Dominus</strong></span> 
     </span>
    </p>
   </div>
   <div class='ocr_carea' id='block_1_42' title="bbox 99 4121 1640 4195">
    <p class='ocr_par' dir='ltr' id='par_1_42' title="bbox 99 4121 1640 4195">
     <span class='ocr_line' id='line_1_42' title="bbox 99 4121 1640 4195; baseline 0.005 -20"><span class='ocrx_word' id='word_1_329' title='bbox 99 4121 142 4175; x_wconf 83' lang='lat' dir='ltr'><strong>in</strong></span> <span class='ocrx_word' id='word_1_330' title='bbox 164 4126 309 4179; x_wconf 72' lang='lat' dir='ltr'><strong>verbis</strong></span> <span class='ocrx_word' id='word_1_331' title='bbox 354 4126 457 4180; x_wconf 84' lang='lat' dir='ltr'><strong>suis</strong></span> <span class='ocrx_word' id='word_1_332' title='bbox 476 4166 491 4188; x_wconf 91' lang='lat'><strong>,</strong></span> <span class='ocrx_word' id='word_1_333' title='bbox 531 4128 732 4195; x_wconf 57' lang='lat' dir='ltr'><strong>ejusque</strong></span> <span class='ocrx_word' id='word_1_334' title='bbox 762 4124 1040 4193; x_wconf 85' lang='lat' dir='ltr'><strong>baptismus</strong></span> <span class='ocrx_word' id='word_1_335' title='bbox 1078 4143 1131 4179; x_wconf 87' lang='lat' dir='ltr'><strong>re</strong></span> <span class='ocrx_word' id='word_1_336' title='bbox 1164 4144 1223 4180; x_wconf 85' lang='lat' dir='ltr'><strong>ac</strong></span> <span class='ocrx_word' id='word_1_337' title='bbox 1262 4128 1439 4193; x_wconf 83' lang='lat' dir='ltr'><strong>verbis,</strong></span> <span class='ocrx_word' id='word_1_338' title='bbox 1468 4129 1520 4181; x_wconf 89' lang='lat' dir='ltr'><strong>id</strong></span> <span class='ocrx_word' id='word_1_339' title='bbox 1548 4140 1640 4194; x_wconf 86' lang='lat' dir='ltr'><strong>est,</strong></span> 
     </span>
    </p>
   </div>
   <div class='ocr_carea' id='block_1_43' title="bbox 98 4216 1644 4285">
    <p class='ocr_par' dir='ltr' id='par_1_43' title="bbox 98 4216 1644 4285">
     <span class='ocr_line' id='line_1_43' title="bbox 98 4216 1644 4285; baseline 0.005 -20"><span class='ocrx_word' id='word_1_340' title='bbox 98 4229 250 4281; x_wconf 79' lang='lat' dir='ltr'><strong>opere,</strong></span> <span class='ocrx_word' id='word_1_341' title='bbox 288 4216 598 4285; x_wconf 80' lang='lat' dir='ltr'><strong>confessione</strong></span> <span class='ocrx_word' id='word_1_342' title='bbox 633 4225 680 4269; x_wconf 87' lang='lat' dir='ltr'><strong>et</strong></span> <span class='ocrx_word' id='word_1_343' title='bbox 723 4216 1012 4270; x_wconf 82' lang='lat' dir='ltr'><strong>remissione</strong></span> <span class='ocrx_word' id='word_1_344' title='bbox 1052 4232 1166 4271; x_wconf 82' lang='lat' dir='ltr'><strong>vera</strong></span> <span class='ocrx_word' id='word_1_345' title='bbox 1211 4228 1550 4285; x_wconf 84' lang='lat' dir='ltr'><strong>peccatorum,</strong></span> <span class='ocrx_word' id='word_1_346' title='bbox 1591 4220 1644 4273; x_wconf 90' lang='lat' dir='ltr'><strong>in</strong></span> 
     </span>
    </p>
   </div>
   <div class='ocr_carea' id='block_1_44' title="bbox 96 4306 1644 4376">
    <p class='ocr_par' dir='ltr' id='par_1_44' title="bbox 96 4306 1644 4376">
     <span class='ocr_line' id='line_1_44' title="bbox 96 4306 1644 4376; baseline 0.005 -20"><span class='ocrx_word' id='word_1_347' title='bbox 96 4307 214 4357; x_wconf 67' lang='lat' dir='ltr'><strong>omni</strong></span> <span class='ocrx_word' id='word_1_348' title='bbox 240 4322 358 4360; x_wconf 66' lang='lat' dir='ltr'><strong>sexu</strong></span> <span class='ocrx_word' id='word_1_349' title='bbox 378 4348 391 4368; x_wconf 87' lang='lat'><strong>,</strong></span> <span class='ocrx_word' id='word_1_350' title='bbox 419 4316 591 4373; x_wconf 68' lang='lat' dir='ltr'><strong>atate,</strong></span> <span class='ocrx_word' id='word_1_351' title='bbox 621 4306 906 4360; x_wconf 86' lang='lat' dir='ltr'><strong>conditione</strong></span> <span class='ocrx_word' id='word_1_352' title='bbox 946 4307 1137 4376; x_wconf 83' lang='lat' dir='ltr'><strong>generis</strong></span> <span class='ocrx_word' id='word_1_353' title='bbox 1175 4308 1381 4361; x_wconf 87' lang='lat' dir='ltr'><strong>humani</strong></span> <span class='ocrx_word' id='word_1_354' title='bbox 1420 4310 1644 4363; x_wconf 79' lang='lat' dir='ltr'><strong>eamdem</strong></span> 
     </span>
    </p>
   </div>
   <div class='ocr_carea' id='block_1_45' title="bbox 95 4394 1644 4469">
    <p class='ocr_par' dir='ltr' id='par_1_45' title="bbox 95 4394 1644 4469">
     <span class='ocr_line' id='line_1_45' title="bbox 95 4394 1644 4469; baseline 0.005 -21"><span class='ocrx_word' id='word_1_355' title='bbox 95 4394 433 4463; x_wconf 77' lang='lat' dir='ltr'><strong>plenitudinem</strong></span> <span class='ocrx_word' id='word_1_356' title='bbox 461 4407 608 4452; x_wconf 86' lang='lat' dir='ltr'><strong>tenet.</strong></span> <span class='ocrx_word' id='word_1_357' title='bbox 635 4396 825 4453; x_wconf 87' lang='lat' dir='ltr'><strong>Nullus</strong></span> <span class='ocrx_word' id='word_1_358' title='bbox 854 4399 983 4452; x_wconf 88' lang='lat' dir='ltr'><strong>enim</strong></span> <span class='ocrx_word' id='word_1_359' title='bbox 1017 4400 1114 4452; x_wconf 85' lang='lat' dir='ltr'><strong>nisi</strong></span> <span class='ocrx_word' id='word_1_360' title='bbox 1144 4400 1231 4465; x_wconf 85' lang='lat' dir='ltr'><strong>qui</strong></span> <span class='ocrx_word' id='word_1_361' title='bbox 1260 4402 1449 4469; x_wconf 86' lang='lat' dir='ltr'><strong>peccati</strong></span> <span class='ocrx_word' id='word_1_362' title='bbox 1476 4418 1644 4456; x_wconf 82' lang='lat' dir='ltr'><strong>servus</strong></span> 
     </span>
    </p>
   </div>
   <div class='ocr_carea' id='block_1_46' title="bbox 95 4487 1645 4561">
    <p class='ocr_par' dir='ltr' id='par_1_46' title="bbox 95 4487 1645 4561">
     <span class='ocr_line' id='line_1_46' title="bbox 95 4487 1645 4561; baseline 0.005 -24"><span class='ocrx_word' id='word_1_363' title='bbox 95 4494 185 4548; x_wconf 83' lang='lat' dir='ltr'><strong>est,</strong></span> <span class='ocrx_word' id='word_1_364' title='bbox 211 4487 330 4541; x_wconf 85' lang='lat' dir='ltr'><strong>liber</strong></span> <span class='ocrx_word' id='word_1_365' title='bbox 357 4487 584 4557; x_wconf 73' lang='lat' dir='ltr'><strong>eﬂiritur,</strong></span> <span class='ocrx_word' id='word_1_366' title='bbox 615 4505 704 4542; x_wconf 88' lang='lat' dir='ltr'><strong>nec</strong></span> <span class='ocrx_word' id='word_1_367' title='bbox 732 4488 1015 4557; x_wconf 85' lang='lat' dir='ltr'><strong>redemptus</strong></span> <span class='ocrx_word' id='word_1_368' title='bbox 1044 4490 1144 4543; x_wconf 84' lang='lat' dir='ltr'><strong>dici</strong></span> <span class='ocrx_word' id='word_1_369' title='bbox 1187 4500 1380 4559; x_wconf 86' lang='lat' dir='ltr'><strong>potest,</strong></span> <span class='ocrx_word' id='word_1_370' title='bbox 1424 4492 1519 4544; x_wconf 85' lang='lat' dir='ltr'><strong>nisi</strong></span> <span class='ocrx_word' id='word_1_371' title='bbox 1559 4493 1645 4561; x_wconf 86' lang='lat' dir='ltr'><strong>qui</strong></span> 
     </span>
    </p>
   </div>
   <div class='ocr_carea' id='block_1_47' title="bbox 94 4582 1643 4652">
    <p class='ocr_par' dir='ltr' id='par_1_47' title="bbox 94 4582 1643 4652">
     <span class='ocr_line' id='line_1_47' title="bbox 94 4582 1643 4652; baseline 0.004 -22"><span class='ocrx_word' id='word_1_372' title='bbox 94 4590 193 4632; x_wconf 73' lang='lat' dir='ltr'><strong>me</strong></span> <span class='ocrx_word' id='word_1_373' title='bbox 216 4596 302 4649; x_wconf 78' lang='lat' dir='ltr'><strong>per</strong></span> <span class='ocrx_word' id='word_1_374' title='bbox 330 4590 588 4650; x_wconf 86' lang='lat' dir='ltr'><strong>peccatum</strong></span> <span class='ocrx_word' id='word_1_375' title='bbox 625 4582 777 4652; x_wconf 77' lang='lat' dir='ltr'><strong>fuerit</strong></span> <span class='ocrx_word' id='word_1_376' title='bbox 814 4590 929 4633; x_wconf 86' lang='lat' dir='ltr'><strong>ante</strong></span> <span class='ocrx_word' id='word_1_377' title='bbox 964 4583 1189 4649; x_wconf 86' lang='lat' dir='ltr'><strong>captivus</strong></span> <span class='ocrx_word' id='word_1_378' title='bbox 1209 4622 1222 4646; x_wconf 91' lang='lat'><strong>,</strong></span> <span class='ocrx_word' id='word_1_379' title='bbox 1250 4583 1375 4635; x_wconf 83' lang='lat' dir='ltr'><strong>sicut</strong></span> <span class='ocrx_word' id='word_1_380' title='bbox 1405 4584 1643 4652; x_wconf 90' lang='lat' dir='ltr'><strong>scriptum</strong></span> 
     </span>
    </p>
   </div>
   <div class='ocr_carea' id='block_1_48' title="bbox 92 4670 1639 4743">
    <p class='ocr_par' dir='ltr' id='par_1_48' title="bbox 92 4670 1639 4743">
     <span class='ocr_line' id='line_1_48' title="bbox 92 4670 1639 4743; baseline 0.005 -22"><span class='ocrx_word' id='word_1_381' title='bbox 92 4678 158 4721; x_wconf 79' lang='lat' dir='ltr'><strong>est</strong></span> <span class='ocrx_word' id='word_1_382' title='bbox 174 4684 193 4723; x_wconf 91' lang='lat'><strong><em>:</em></strong></span> <span class='ocrx_word' id='word_1_383' title='bbox 219 4690 236 4722; x_wconf 73' lang='grc' dir='ltr'>ι</span> <span class='ocrx_word' id='word_1_384' title='bbox 266 4670 327 4727; x_wconf 88' lang='lat' dir='ltr'><strong>Si</strong></span> <span class='ocrx_word' id='word_1_385' title='bbox 348 4689 434 4727; x_wconf 76' lang='lat' dir='ltr'><strong>vos</strong></span> <span class='ocrx_word' id='word_1_386' title='bbox 456 4671 620 4726; x_wconf 84' lang='lat' dir='ltr'><strong>Filius</strong></span> <span class='ocrx_word' id='word_1_387' title='bbox 644 4672 941 4736; x_wconf 78' lang='lat' dir='ltr'><strong>liberaverit,</strong></span> <span class='ocrx_word' id='word_1_388' title='bbox 962 4688 1072 4725; x_wconf 81' lang='lat' dir='ltr'><strong>vere</strong></span> <span class='ocrx_word' id='word_1_389' title='bbox 1095 4673 1235 4726; x_wconf 81' lang='lat' dir='ltr'><strong>liberi</strong></span> <span class='ocrx_word' id='word_1_390' title='bbox 1261 4675 1397 4728; x_wconf 82' lang='lat' dir='ltr'><strong>eritis</strong></span> <span class='ocrx_word' id='word_1_391' title='bbox 1419 4694 1435 4725; x_wconf 73' lang='grc' dir='ltr'><strong><em>ι</em></strong></span> <span class='ocrx_word' id='word_1_392' title='bbox 1464 4674 1639 4743; x_wconf 83' lang='lat' dir='ltr'><strong>(Joan.</strong></span> 
     </span>
    </p>
   </div>
   <div class='ocr_carea' id='block_1_49' title="bbox 92 4761 1644 4837">
    <p class='ocr_par' dir='ltr' id='par_1_49' title="bbox 92 4761 1644 4837">
     <span class='ocr_line' id='line_1_49' title="bbox 92 4761 1644 4837; baseline 0.006 -26"><span class='ocrx_word' id='word_1_393' title='bbox 92 4774 201 4827; x_wconf 84' lang='lat' dir='ltr'><strong>vut,</strong></span> <span class='ocrx_word' id='word_1_394' title='bbox 229 4762 336 4833; x_wconf 73' lang='lat'><strong>36).</strong></span> <span class='ocrx_word' id='word_1_395' title='bbox 369 4761 472 4817; x_wconf 84' lang='lat' dir='ltr'><strong>Per</strong></span> <span class='ocrx_word' id='word_1_396' title='bbox 496 4764 659 4831; x_wconf 88' lang='lat' dir='ltr'><strong>ipsum</strong></span> <span class='ocrx_word' id='word_1_397' title='bbox 685 4764 817 4818; x_wconf 85' lang='lat' dir='ltr'><strong>enim</strong></span> <span class='ocrx_word' id='word_1_398' title='bbox 842 4764 1151 4817; x_wconf 87' lang='lat' dir='ltr'><strong>renascimur</strong></span> <span class='ocrx_word' id='word_1_399' title='bbox 1178 4766 1523 4833; x_wconf 76' lang='lat' dir='ltr'><strong>spiritualitcr,</strong></span> <span class='ocrx_word' id='word_1_400' title='bbox 1555 4784 1644 4837; x_wconf 87' lang='lat' dir='ltr'><strong>per</strong></span> 
     </span>
    </p>
   </div>
   <div class='ocr_carea' id='block_1_50' title="bbox 91 4849 1643 4923">
    <p class='ocr_par' dir='ltr' id='par_1_50' title="bbox 91 4849 1643 4923">
     <span class='ocr_line' id='line_1_50' title="bbox 91 4849 1643 4923; baseline 0.008 -24"><span class='ocrx_word' id='word_1_401' title='bbox 91 4849 239 4917; x_wconf 72' lang='lat' dir='ltr'><strong>ipsum</strong></span> <span class='ocrx_word' id='word_1_402' title='bbox 282 4852 625 4923; x_wconf 82' lang='lat' dir='ltr'><strong>crnciﬁgintur</strong></span> <span class='ocrx_word' id='word_1_403' title='bbox 666 4852 871 4906; x_wconf 84' lang='lat' dir='ltr'><strong>mundo.</strong></span> <span class='ocrx_word' id='word_1_404' title='bbox 919 4851 1090 4921; x_wconf 80' lang='lat' dir='ltr'><strong>Ipsius</strong></span> <span class='ocrx_word' id='word_1_405' title='bbox 1136 4864 1320 4917; x_wconf 87' lang='lat' dir='ltr'><strong>morte,</strong></span> <span class='ocrx_word' id='word_1_406' title='bbox 1364 4856 1537 4910; x_wconf 87' lang='lat' dir='ltr'><strong>mortis</strong></span> <span class='ocrx_word' id='word_1_407' title='bbox 1580 4858 1643 4912; x_wconf 86' lang='lat' dir='ltr'><strong>ab</strong></span> 
     </span>
    </p>
   </div>
   <div class='ocr_carea' id='block_1_51' title="bbox 90 4937 1640 5010">
    <p class='ocr_par' dir='ltr' id='par_1_51' title="bbox 90 4937 1640 5010">
     <span class='ocr_line' id='line_1_51' title="bbox 90 4937 1640 5010; baseline 0.006 -19"><span class='ocrx_word' id='word_1_408' title='bbox 90 4937 237 4994; x_wconf 81' lang='lat' dir='ltr'><strong>Adam</strong></span> <span class='ocrx_word' id='word_1_409' title='bbox 260 4942 490 4995; x_wconf 87' lang='lat' dir='ltr'><strong>omnibus</strong></span> <span class='ocrx_word' id='word_1_410' title='bbox 516 4942 655 4995; x_wconf 86' lang='lat' dir='ltr'><strong>nobis</strong></span> <span class='ocrx_word' id='word_1_411' title='bbox 692 4942 990 4996; x_wconf 79' lang='lat' dir='ltr'><strong>introducta:</strong></span> <span class='ocrx_word' id='word_1_412' title='bbox 1024 4952 1169 5010; x_wconf 83' lang='lat' dir='ltr'><strong>atque</strong></span> <span class='ocrx_word' id='word_1_413' title='bbox 1192 4944 1497 4997; x_wconf 75' lang='lat' dir='ltr'><strong>transmissa:</strong></span> <span class='ocrx_word' id='word_1_414' title='bbox 1523 4948 1640 5000; x_wconf 86' lang='lat' dir='ltr'><strong>uni-</strong></span> 
     </span>
    </p>
   </div>
   <div class='ocr_carea' id='block_1_52' title="bbox 91 5034 1643 5106">
    <p class='ocr_par' dir='ltr' id='par_1_52' title="bbox 91 5034 1643 5106">
     <span class='ocr_line' id='line_1_52' title="bbox 91 5034 1643 5106; baseline 0.004 -20"><span class='ocrx_word' id='word_1_415' title='bbox 91 5045 229 5087; x_wconf 68' lang='lat' dir='ltr'><strong>verse</strong></span> <span class='ocrx_word' id='word_1_416' title='bbox 256 5035 438 5087; x_wconf 66' lang='lat' dir='ltr'><strong>animi:</strong></span> <span class='ocrx_word' id='word_1_417' title='bbox 463 5034 593 5088; x_wconf 85' lang='lat' dir='ltr'><strong>illud</strong></span> <span class='ocrx_word' id='word_1_418' title='bbox 622 5035 896 5105; x_wconf 83' lang='lat' dir='ltr'><strong>propagine</strong></span> <span class='ocrx_word' id='word_1_419' title='bbox 919 5044 1227 5087; x_wconf 86' lang='lat' dir='ltr'><strong>contractum</strong></span> <span class='ocrx_word' id='word_1_420' title='bbox 1252 5035 1643 5106; x_wconf 81' lang='lat' dir='ltr'><strong>chirographum</strong></span> 
     </span>
    </p>
   </div>
   <div class='ocr_carea' id='block_1_53' title="bbox 91 5125 1643 5198">
    <p class='ocr_par' dir='ltr' id='par_1_53' title="bbox 91 5125 1643 5198">
     <span class='ocr_line' id='line_1_53' title="bbox 91 5125 1643 5198; baseline 0.005 -22"><span class='ocrx_word' id='word_1_421' title='bbox 91 5127 342 5197; x_wconf 70' lang='lat' dir='ltr'><strong>rumpitur,</strong></span> <span class='ocrx_word' id='word_1_422' title='bbox 368 5127 421 5179; x_wconf 89' lang='lat' dir='ltr'><strong>in</strong></span> <span class='ocrx_word' id='word_1_423' title='bbox 441 5142 541 5195; x_wconf 88' lang='lat' dir='ltr'><strong>quo</strong></span> <span class='ocrx_word' id='word_1_424' title='bbox 559 5126 730 5179; x_wconf 84' lang='lat' dir='ltr'><strong>nullus</strong></span> <span class='ocrx_word' id='word_1_425' title='bbox 757 5125 958 5180; x_wconf 88' lang='lat' dir='ltr'><strong>omnino</strong></span> <span class='ocrx_word' id='word_1_426' title='bbox 981 5136 1209 5179; x_wconf 89' lang='lat' dir='ltr'><strong>natorum</strong></span> <span class='ocrx_word' id='word_1_427' title='bbox 1227 5165 1241 5190; x_wconf 92' lang='lat'><strong>,</strong></span> <span class='ocrx_word' id='word_1_428' title='bbox 1267 5135 1531 5197; x_wconf 85' lang='lat' dir='ltr'><strong>antequam</strong></span> <span class='ocrx_word' id='word_1_429' title='bbox 1554 5146 1643 5198; x_wconf 86' lang='lat' dir='ltr'><strong>per</strong></span> 
     </span>
    </p>
   </div>
   <div class='ocr_carea' id='block_1_54' title="bbox 92 5211 1641 5287">
    <p class='ocr_par' dir='ltr' id='par_1_54' title="bbox 92 5211 1641 5287">
     <span class='ocr_line' id='line_1_54' title="bbox 92 5211 1641 5287; baseline 0.006 -22"><span class='ocrx_word' id='word_1_430' title='bbox 92 5211 385 5286; x_wconf 81' lang='lat' dir='ltr'><strong>Baptismnm</strong></span> <span class='ocrx_word' id='word_1_431' title='bbox 424 5217 677 5281; x_wconf 87' lang='lat' dir='ltr'><strong>liberetur,</strong></span> <span class='ocrx_word' id='word_1_432' title='bbox 716 5233 815 5270; x_wconf 89' lang='lat' dir='ltr'><strong>non</strong></span> <span class='ocrx_word' id='word_1_433' title='bbox 857 5226 1048 5270; x_wconf 84' lang='lat' dir='ltr'><strong>tenetur</strong></span> <span class='ocrx_word' id='word_1_434' title='bbox 1085 5216 1326 5270; x_wconf 73' lang='lat' dir='ltr'><strong>obnoxius</strong></span> <span class='ocrx_word' id='word_1_435' title='bbox 1353 5217 1444 5287; x_wconf 71' lang='grc' dir='ltr'><strong>(τι),</strong></span> <span class='ocrx_word' id='word_1_436' title='bbox 1479 5217 1532 5271; x_wconf 91' lang='lat' dir='ltr'><strong>In</strong></span> <span class='ocrx_word' id='word_1_437' title='bbox 1560 5219 1641 5275; x_wconf 88' lang='lat' dir='ltr'><strong>his</strong></span> 
     </span>
    </p>
   </div>
   <div class='ocr_carea' id='block_1_55' title="bbox 143 5324 1641 5389">
    <p class='ocr_par' dir='ltr' id='par_1_55' title="bbox 143 5324 1641 5389">
     <span class='ocr_line' id='line_1_55' title="bbox 143 5324 1641 5389; baseline 0.003 -15"><span class='ocrx_word' id='word_1_438' title='bbox 143 5324 210 5389; x_wconf 89' lang='lat' dir='ltr'><strong>(a)</strong></span> <span class='ocrx_word' id='word_1_439' title='bbox 229 5328 439 5389; x_wconf 72' lang='lat' dir='ltr'><strong>lusimus</strong></span> <span class='ocrx_word' id='word_1_440' title='bbox 458 5328 733 5389; x_wconf 85' lang='lat' dir='ltr'><strong>Innocentio</strong></span> <span class='ocrx_word' id='word_1_441' title='bbox 753 5325 959 5376; x_wconf 77' lang='lat' dir='ltr'><strong>Pontiﬁci</strong></span> <span class='ocrx_word' id='word_1_442' title='bbox 982 5338 1059 5375; x_wconf 87' lang='lat' dir='ltr'><strong>an.</strong></span> <span class='ocrx_word' id='word_1_443' title='bbox 1084 5326 1174 5375; x_wconf 74' lang='grc'><strong>417</strong></span> <span class='ocrx_word' id='word_1_444' title='bbox 1196 5327 1480 5385; x_wconf 86' lang='lat' dir='ltr'><strong>succedens,</strong></span> <span class='ocrx_word' id='word_1_445' title='bbox 1503 5328 1641 5379; x_wconf 84' lang='lat' dir='ltr'><strong>delu—</strong></span> 
     </span>
    </p>
   </div>
   <div class='ocr_carea' id='block_1_56' title="bbox 93 5384 1640 5451">
    <p class='ocr_par' dir='ltr' id='par_1_56' title="bbox 93 5384 1640 5451">
     <span class='ocr_line' id='line_1_56' title="bbox 93 5384 1640 5451; baseline 0.002 -13"><span class='ocrx_word' id='word_1_446' title='bbox 93 5384 200 5438; x_wconf 69' lang='lat' dir='ltr'><strong>ditur</strong></span> <span class='ocrx_word' id='word_1_447' title='bbox 220 5388 874 5451; x_wconf 12' lang='lat' dir='ltr'><strong>aliquandiuiat’elagianis;</strong></span> <span class='ocrx_word' id='word_1_448' title='bbox 923 5401 1091 5436; x_wconf 83' lang='lat' dir='ltr'><strong>verum</strong></span> <span class='ocrx_word' id='word_1_449' title='bbox 1134 5389 1299 5451; x_wconf 69' lang='lat' dir='ltr'><strong>rescrij</strong></span> <span class='ocrx_word' id='word_1_450' title='bbox 1320 5390 1381 5437; x_wconf 90' lang='lat' dir='ltr'><strong>tis</strong></span> <span class='ocrx_word' id='word_1_451' title='bbox 1402 5384 1640 5441; x_wconf 71' lang='lat' dir='ltr'><strong>Alricano-</strong></span> 
     </span>
    </p>
   </div>
   <div class='ocr_carea' id='block_1_57' title="bbox 94 5450 1640 5521">
    <p class='ocr_par' dir='ltr' id='par_1_57' title="bbox 94 5450 1640 5521">
     <span class='ocr_line' id='line_1_57' title="bbox 94 5450 1640 5521; baseline 0.003 -24"><span class='ocrx_word' id='word_1_452' title='bbox 94 5458 185 5521; x_wconf 64' lang='lat' dir='ltr'><strong>tum</strong></span> <span class='ocrx_word' id='word_1_453' title='bbox 203 5450 407 5521; x_wconf 68' lang='lat' dir='ltr'><strong>Patrum,</strong></span> <span class='ocrx_word' id='word_1_454' title='bbox 432 5458 485 5499; x_wconf 89' lang='lat' dir='ltr'><strong>et</strong></span> <span class='ocrx_word' id='word_1_455' title='bbox 506 5450 668 5521; x_wconf 76' lang='lat' dir='ltr'><strong>habito</strong></span> <span class='ocrx_word' id='word_1_456' title='bbox 688 5450 883 5521; x_wconf 80' lang='lat' dir='ltr'><strong>demum</strong></span> <span class='ocrx_word' id='word_1_457' title='bbox 913 5450 1146 5521; x_wconf 67' lang='lat' dir='ltr'><strong>sever-iuri</strong></span> <span class='ocrx_word' id='word_1_458' title='bbox 1172 5452 1422 5521; x_wconf 70' lang='lat' dir='ltr'><strong>examine,</strong></span> <span class='ocrx_word' id='word_1_459' title='bbox 1449 5453 1640 5521; x_wconf 68' lang='lat' dir='ltr'><strong>certior</strong></span> 
     </span>
    </p>
   </div>
   <div class='ocr_carea' id='block_1_58' title="bbox 95 5510 1638 5574">
    <p class='ocr_par' dir='ltr' id='par_1_58' title="bbox 95 5510 1638 5574">
     <span class='ocr_line' id='line_1_58' title="bbox 95 5510 1638 5574; baseline 0.004 -16"><span class='ocrx_word' id='word_1_460' title='bbox 95 5510 223 5574; x_wconf 69' lang='lat' dir='ltr'><strong>lautis</strong></span> <span class='ocrx_word' id='word_1_461' title='bbox 242 5513 304 5561; x_wconf 85' lang='lat' dir='ltr'><strong>de</strong></span> <span class='ocrx_word' id='word_1_462' title='bbox 350 5512 564 5574; x_wconf 56' lang='lat' dir='ltr'><strong>ipsorum</strong></span> <span class='ocrx_word' id='word_1_463' title='bbox 607 5511 781 5574; x_wconf 63' lang='lat' dir='ltr'><strong>haeresi</strong></span> <span class='ocrx_word' id='word_1_464' title='bbox 799 5546 813 5570; x_wconf 94' lang='lat'><strong>,</strong></span> <span class='ocrx_word' id='word_1_465' title='bbox 837 5512 1127 5560; x_wconf 79' lang='lat' dir='ltr'><strong>sententiain</strong></span> <span class='ocrx_word' id='word_1_466' title='bbox 1172 5510 1239 5574; x_wconf 82' lang='lat' dir='ltr'><strong>in_</strong></span> <span class='ocrx_word' id='word_1_467' title='bbox 1265 5524 1349 5574; x_wconf 83' lang='lat' dir='ltr'><strong>eos</strong></span> <span class='ocrx_word' id='word_1_468' title='bbox 1370 5510 1484 5560; x_wconf 90' lang='lat' dir='ltr'><strong>dicit</strong></span> <span class='ocrx_word' id='word_1_469' title='bbox 1526 5523 1638 5564; x_wconf 88' lang='lat' dir='ltr'><strong>ante</strong></span> 
     </span>
    </p>
   </div>
   <div class='ocr_carea' id='block_1_59' title="bbox 93 5571 1639 5635">
    <p class='ocr_par' dir='ltr' id='par_1_59' title="bbox 93 5571 1639 5635">
     <span class='ocr_line' id='line_1_59' title="bbox 93 5571 1639 5635; baseline 0.001 -14"><span class='ocrx_word' id='word_1_470' title='bbox 93 5572 279 5635; x_wconf 76' lang='lat' dir='ltr'><strong>medium</strong></span> <span class='ocrx_word' id='word_1_471' title='bbox 301 5571 383 5623; x_wconf 70' lang='lat' dir='ltr'><strong>an.</strong></span> <span class='ocrx_word' id='word_1_472' title='bbox 406 5572 515 5630; x_wconf 67' lang='lat'><strong>418,</strong></span> <span class='ocrx_word' id='word_1_473' title='bbox 541 5573 713 5622; x_wconf 86' lang='lat' dir='ltr'><strong>emissa</strong></span> <span class='ocrx_word' id='word_1_474' title='bbox 736 5586 823 5635; x_wconf 88' lang='lat' dir='ltr'><strong>per</strong></span> <span class='ocrx_word' id='word_1_475' title='bbox 844 5576 1120 5623; x_wconf 86' lang='lat' dir='ltr'><strong>universum</strong></span> <span class='ocrx_word' id='word_1_476' title='bbox 1138 5571 1447 5635; x_wconf 13' lang='lat' dir='ltr'><strong>rchristjanum</strong></span> <span class='ocrx_word' id='word_1_477' title='bbox 1469 5576 1639 5626; x_wconf 83' lang='lat' dir='ltr'><strong>orbem</strong></span> 
     </span>
    </p>
   </div>
   <div class='ocr_carea' id='block_1_60' title="bbox 96 5633 1639 5695">
    <p class='ocr_par' dir='ltr' id='par_1_60' title="bbox 96 5633 1639 5695">
     <span class='ocr_line' id='line_1_60' title="bbox 96 5633 1639 5695; baseline 0.002 -12"><span class='ocrx_word' id='word_1_478' title='bbox 96 5634 333 5695; x_wconf 73' lang='lat' dir='ltr'><strong>Tractoria,</strong></span> <span class='ocrx_word' id='word_1_479' title='bbox 356 5640 412 5684; x_wconf 89' lang='lat' dir='ltr'><strong>ut</strong></span> <span class='ocrx_word' id='word_1_480' title='bbox 433 5642 572 5685; x_wconf 80' lang='lat' dir='ltr'><strong>vocat</strong></span> <span class='ocrx_word' id='word_1_481' title='bbox 592 5633 820 5685; x_wconf 72' lang='lat' dir='ltr'><strong>Mercator</strong></span> <span class='ocrx_word' id='word_1_482' title='bbox 844 5636 891 5684; x_wconf 87' lang='lat' dir='ltr'><strong>in</strong></span> <span class='ocrx_word' id='word_1_483' title='bbox 913 5634 1186 5695; x_wconf 80' lang='lat' dir='ltr'><strong>tounnonit.</strong></span> <span class='ocrx_word' id='word_1_484' title='bbox 1211 5645 1254 5680; x_wconf 89' lang='lat' dir='ltr'><strong>c.</strong></span> <span class='ocrx_word' id='word_1_485' title='bbox 1278 5633 1310 5681; x_wconf 80' lang='lat'><strong>3</strong></span> <span class='ocrx_word' id='word_1_486' title='bbox 1333 5647 1344 5681; x_wconf 92' lang='lat'><strong>:</strong></span> <span class='ocrx_word' id='word_1_487' title='bbox 1373 5634 1509 5695; x_wconf 88' lang='lat' dir='ltr'><strong>cujus</strong></span> <span class='ocrx_word' id='word_1_488' title='bbox 1530 5642 1639 5686; x_wconf 76' lang='lat' dir='ltr'><strong>‘t‘ra-</strong></span> 
     </span>
    </p>
   </div>
   <div class='ocr_carea' id='block_1_61' title="bbox 93 5694 1638 5759">
    <p class='ocr_par' dir='ltr' id='par_1_61' title="bbox 93 5694 1638 5759">
     <span class='ocr_line' id='line_1_61' title="bbox 93 5694 1638 5759; baseline 0.001 -14"><span class='ocrx_word' id='word_1_489' title='bbox 93 5696 228 5759; x_wconf 59' lang='lat' dir='ltr'><strong>gloria:</strong></span> <span class='ocrx_word' id='word_1_490' title='bbox 244 5694 570 5759; x_wconf 55' lang='lat' dir='ltr'><strong>fragmentum</strong></span> <span class='ocrx_word' id='word_1_491' title='bbox 592 5694 668 5744; x_wconf 83' lang='lat' dir='ltr'><strong>hic</strong></span> <span class='ocrx_word' id='word_1_492' title='bbox 688 5695 856 5759; x_wconf 80' lang='lat' dir='ltr'><strong>babes,</strong></span> <span class='ocrx_word' id='word_1_493' title='bbox 873 5704 1047 5759; x_wconf 70' lang='lat' dir='ltr'><strong>praeter</strong></span> <span class='ocrx_word' id='word_1_494' title='bbox 1068 5694 1273 5759; x_wconf 78' lang='lat' dir='ltr'><strong>alterum</strong></span> <span class='ocrx_word' id='word_1_495' title='bbox 1292 5694 1533 5759; x_wconf 78' lang='lat' dir='ltr'><strong>perbreve</strong></span> <span class='ocrx_word' id='word_1_496' title='bbox 1554 5710 1638 5748; x_wconf 85' lang='lat' dir='ltr'><strong>re-</strong></span> 
     </span>
    </p>
   </div>
   <div class='ocr_carea' id='block_1_62' title="bbox 94 5748 1639 5827">
    <p class='ocr_par' dir='ltr' id='par_1_62' title="bbox 94 5748 1639 5827">
     <span class='ocr_line' id='line_1_62' title="bbox 94 5748 1639 5827; baseline 0.001 -21"><span class='ocrx_word' id='word_1_497' title='bbox 94 5748 213 5827; x_wconf 67' lang='lat' dir='ltr'><strong>latum</strong></span> <span class='ocrx_word' id='word_1_498' title='bbox 234 5772 263 5807; x_wconf 91' lang='lat' dir='ltr'><strong>a</strong></span> <span class='ocrx_word' id='word_1_499' title='bbox 288 5748 518 5827; x_wconf 56' lang='lat' dir='ltr'><strong>Ifgspcro</strong></span> <span class='ocrx_word' id='word_1_500' title='bbox 540 5758 591 5827; x_wconf 85' lang='lat' dir='ltr'><strong>in</strong></span> <span class='ocrx_word' id='word_1_501' title='bbox 612 5748 886 5819; x_wconf 60' lang='lat' dir='ltr'><strong>appendic&#39;e&#39;</strong></span> <span class='ocrx_word' id='word_1_502' title='bbox 919 5756 1134 5827; x_wconf 58' lang='lat' dir='ltr'><strong>epistolae</strong></span> <span class='ocrx_word' id='word_1_503' title='bbox 1173 5748 1415 5807; x_wconf 63' lang='grc' dir='ltr'><strong>(λαξιὲξῆιή</strong></span> <span class='ocrx_word' id='word_1_504' title='bbox 1436 5756 1494 5807; x_wconf 86' lang='lat' dir='ltr'><strong>ad</strong></span> <span class='ocrx_word' id='word_1_505' title='bbox 1538 5761 1639 5827; x_wconf 67' lang='lat' dir='ltr'><strong>cpio</strong></span> 
     </span>
    </p>
   </div>
   <div class='ocr_carea' id='block_1_63' title="bbox 93 5820 993 5879">
    <p class='ocr_par' dir='ltr' id='par_1_63' title="bbox 93 5820 993 5879">
     <span class='ocr_line' id='line_1_63' title="bbox 93 5820 993 5879; baseline -0.004 -6"><span class='ocrx_word' id='word_1_506' title='bbox 93 5826 234 5879; x_wconf 69' lang='grc' dir='ltr'><strong>ωονος</strong></span> <span class='ocrx_word' id='word_1_507' title='bbox 254 5820 445 5873; x_wconf 64' lang='lat' dir='ltr'><strong>Galliae;</strong></span> <span class='ocrx_word' id='word_1_508' title='bbox 469 5826 646 5871; x_wconf 77' lang='lat' dir='ltr'><strong>caetera</strong></span> <span class='ocrx_word' id='word_1_509' title='bbox 668 5831 761 5870; x_wconf 85' lang='lat' dir='ltr'><strong>non</strong></span> <span class='ocrx_word' id='word_1_510' title='bbox 786 5824 993 5872; x_wconf 78' lang='lat' dir='ltr'><strong>exstant.</strong></span> 
     </span>
    </p>
   </div>
   <div class='ocr_carea' id='block_1_64' title="bbox 3220 361 3327 420">
    <p class='ocr_par' dir='ltr' id='par_1_64' title="bbox 3220 361 3327 420">
     <span class='ocr_line' id='line_1_64' title="bbox 3220 361 3327 420; baseline 0 0"><span class='ocrx_word' id='word_1_511' title='bbox 3220 361 3327 420; x_wconf 74' lang='grc' dir='ltr'><strong>υσο</strong></span> 
     </span>
    </p>
   </div>
   <div class='ocr_carea' id='block_1_65' title="bbox 1752 468 3324 544">
    <p class='ocr_par' dir='ltr' id='par_1_65' title="bbox 1752 468 3324 544">
     <span class='ocr_line' id='line_1_65' title="bbox 1752 468 3324 544; baseline 0.006 -23"><span class='ocrx_word' id='word_1_512' title='bbox 1752 468 1925 523; x_wconf 82' lang='lat' dir='ltr'><strong>verbis</strong></span> <span class='ocrx_word' id='word_1_513' title='bbox 1965 469 2272 538; x_wconf 72' lang='lat' dir='ltr'><strong>apostolicae</strong></span> <span class='ocrx_word' id='word_1_514' title='bbox 2298 469 2457 525; x_wconf 91' lang='lat' dir='ltr'><strong>Sedis</strong></span> <span class='ocrx_word' id='word_1_515' title='bbox 2501 480 2606 525; x_wconf 93' lang='lat' dir='ltr'><strong>tam</strong></span> <span class='ocrx_word' id='word_1_516' title='bbox 2650 473 2864 542; x_wconf 89' lang='lat' dir='ltr'><strong>antiqua</strong></span> <span class='ocrx_word' id='word_1_517' title='bbox 2893 482 3049 543; x_wconf 84' lang='lat' dir='ltr'><strong>atque</strong></span> <span class='ocrx_word' id='word_1_518' title='bbox 3085 473 3324 544; x_wconf 87' lang='lat' dir='ltr'><strong>fundata,</strong></span> 
     </span>
    </p>
   </div>
   <div class='ocr_carea' id='block_1_66' title="bbox 1754 559 3326 630">
    <p class='ocr_par' dir='ltr' id='par_1_66' title="bbox 1754 559 3326 630">
     <span class='ocr_line' id='line_1_66' title="bbox 1754 559 3326 630; baseline 0.006 -19"><span class='ocrx_word' id='word_1_519' title='bbox 1754 569 1897 612; x_wconf 86' lang='lat' dir='ltr'><strong>certa</strong></span> <span class='ocrx_word' id='word_1_520' title='bbox 1925 569 1978 614; x_wconf 90' lang='lat' dir='ltr'><strong>et</strong></span> <span class='ocrx_word' id='word_1_521' title='bbox 2004 559 2145 613; x_wconf 88' lang='lat' dir='ltr'><strong>clara</strong></span> <span class='ocrx_word' id='word_1_522' title='bbox 2177 569 2258 613; x_wconf 84' lang='lat' dir='ltr'><strong>est</strong></span> <span class='ocrx_word' id='word_1_523' title='bbox 2292 562 2544 615; x_wconf 88' lang='lat' dir='ltr'><strong>catholica</strong></span> <span class='ocrx_word' id='word_1_524' title='bbox 2575 561 2739 630; x_wconf 88' lang='lat' dir='ltr'><strong>tides,</strong></span> <span class='ocrx_word' id='word_1_525' title='bbox 2773 574 2827 617; x_wconf 91' lang='lat' dir='ltr'><strong>nt</strong></span> <span class='ocrx_word' id='word_1_526' title='bbox 2864 563 3014 619; x_wconf 82' lang='lat' dir='ltr'><strong>nefas</strong></span> <span class='ocrx_word' id='word_1_527' title='bbox 3049 564 3117 619; x_wconf 88' lang='lat' dir='ltr'><strong>sit</strong></span> <span class='ocrx_word' id='word_1_528' title='bbox 3145 564 3211 620; x_wconf 90' lang='lat' dir='ltr'><strong>de</strong></span> <span class='ocrx_word' id='word_1_529' title='bbox 3239 565 3326 621; x_wconf 87' lang='lat' dir='ltr'><strong>illa</strong></span> 
     </span>
    </p>
   </div>
   <div class='ocr_carea' id='block_1_67' title="bbox 1752 648 2322 706">
    <p class='ocr_par' dir='ltr' id='par_1_67' title="bbox 1752 648 2322 706">
     <span class='ocr_line' id='line_1_67' title="bbox 1752 648 2322 706; baseline 0.005 -4"><span class='ocrx_word' id='word_1_530' title='bbox 1752 648 1991 705; x_wconf 85' lang='lat' dir='ltr'><strong>dubitare</strong></span> <span class='ocrx_word' id='word_1_531' title='bbox 2016 651 2322 706; x_wconf 87' lang='lat' dir='ltr'><strong>christiano.</strong></span> 
     </span>
    </p>
   </div>
   <div class='ocr_carea' id='block_1_68' title="bbox 1820 738 3332 813">
    <p class='ocr_par' dir='ltr' id='par_1_68' title="bbox 1820 738 3332 813">
     <span class='ocr_line' id='line_1_68' title="bbox 1820 738 3332 813; baseline 0.009 -22"><span class='ocrx_word' id='word_1_532' title='bbox 1820 738 1908 792; x_wconf 60' lang='lat' dir='ltr'><strong>is.</strong></span> <span class='ocrx_word' id='word_1_533' title='bbox 1941 740 2201 808; x_wconf 84' lang='lat' dir='ltr'><strong>Quoniam</strong></span> <span class='ocrx_word' id='word_1_534' title='bbox 2240 758 2367 813; x_wconf 78' lang='lat' dir='ltr'><strong>ergo</strong></span> <span class='ocrx_word' id='word_1_535' title='bbox 2414 753 2587 800; x_wconf 89' lang='lat' dir='ltr'><strong>morte</strong></span> <span class='ocrx_word' id='word_1_536' title='bbox 2624 745 2853 806; x_wconf 89' lang='lat' dir='ltr'><strong>Christi.</strong></span> <span class='ocrx_word' id='word_1_537' title='bbox 2899 764 3003 803; x_wconf 92' lang='lat' dir='ltr'><strong>non</strong></span> <span class='ocrx_word' id='word_1_538' title='bbox 3046 748 3197 804; x_wconf 91' lang='lat' dir='ltr'><strong>unius</strong></span> <span class='ocrx_word' id='word_1_539' title='bbox 3237 757 3332 805; x_wconf 85' lang='lat' dir='ltr'><strong>aut</strong></span> 
     </span>
    </p>
   </div>
   <div class='ocr_carea' id='block_1_69' title="bbox 1753 832 3328 911">
    <p class='ocr_par' dir='ltr' id='par_1_69' title="bbox 1753 832 3328 911">
     <span class='ocr_line' id='line_1_69' title="bbox 1753 832 3328 911; baseline 0.008 -26"><span class='ocrx_word' id='word_1_540' title='bbox 1753 832 2070 901; x_wconf 90' lang='lat' dir='ltr'><strong>aliquarum,</strong></span> <span class='ocrx_word' id='word_1_541' title='bbox 2090 835 2183 889; x_wconf 91' lang='lat' dir='ltr'><strong>sed</strong></span> <span class='ocrx_word' id='word_1_542' title='bbox 2209 838 2471 891; x_wconf 76' lang='lat' dir='ltr'><strong>universa:</strong></span> <span class='ocrx_word' id='word_1_543' title='bbox 2494 837 2687 892; x_wconf 80' lang='lat' dir='ltr'><strong>anima:</strong></span> <span class='ocrx_word' id='word_1_544' title='bbox 2704 841 2989 911; x_wconf 79' lang='lat' dir='ltr'><strong>propagine</strong></span> <span class='ocrx_word' id='word_1_545' title='bbox 3002 851 3328 897; x_wconf 88' lang='lat' dir='ltr'><strong>contractum</strong></span> 
     </span>
    </p>
   </div>
   <div class='ocr_carea' id='block_1_70' title="bbox 1753 925 3331 1001">
    <p class='ocr_par' dir='ltr' id='par_1_70' title="bbox 1753 925 3331 1001">
     <span class='ocr_line' id='line_1_70' title="bbox 1753 925 3331 1001; baseline 0.008 -23"><span class='ocrx_word' id='word_1_546' title='bbox 1753 927 1939 979; x_wconf 89' lang='lat' dir='ltr'><strong>mortis</strong></span> <span class='ocrx_word' id='word_1_547' title='bbox 1974 925 2382 997; x_wconf 77' lang='lat' dir='ltr'><strong>chirographum</strong></span> <span class='ocrx_word' id='word_1_548' title='bbox 2420 931 2713 999; x_wconf 85' lang='lat' dir='ltr'><strong>rumpitur:</strong></span> <span class='ocrx_word' id='word_1_549' title='bbox 2753 934 2797 989; x_wconf 94' lang='lat' dir='ltr'><strong>si</strong></span> <span class='ocrx_word' id='word_1_550' title='bbox 2828 942 2976 1001; x_wconf 88' lang='lat' dir='ltr'><strong>potes</strong></span> <span class='ocrx_word' id='word_1_551' title='bbox 3008 934 3213 989; x_wconf 91' lang='lat' dir='ltr'><strong>animas</strong></span> <span class='ocrx_word' id='word_1_552' title='bbox 3252 936 3331 991; x_wconf 89' lang='lat' dir='ltr'><strong>sic</strong></span> 
     </span>
    </p>
   </div>
   <div class='ocr_carea' id='block_1_71' title="bbox 1756 1016 3334 1088">
    <p class='ocr_par' dir='ltr' id='par_1_71' title="bbox 1756 1016 3334 1088">
     <span class='ocr_line' id='line_1_71' title="bbox 1756 1016 3334 1088; baseline 0.003 -18"><span class='ocrx_word' id='word_1_553' title='bbox 1756 1016 1955 1071; x_wconf 87' lang='lat' dir='ltr'><strong>alienas</strong></span> <span class='ocrx_word' id='word_1_554' title='bbox 1979 1032 2007 1070; x_wconf 92' lang='lat' dir='ltr'><strong>a</strong></span> <span class='ocrx_word' id='word_1_555' title='bbox 2035 1020 2322 1088; x_wconf 84' lang='lat' dir='ltr'><strong>propagine</strong></span> <span class='ocrx_word' id='word_1_556' title='bbox 2351 1018 2672 1087; x_wconf 80' lang='lat' dir='ltr'><strong>defendere,</strong></span> <span class='ocrx_word' id='word_1_557' title='bbox 2710 1032 2766 1076; x_wconf 90' lang='lat' dir='ltr'><strong>ut</strong></span> <span class='ocrx_word' id='word_1_558' title='bbox 2805 1032 2979 1078; x_wconf 86' lang='lat' dir='ltr'><strong>tamen</strong></span> <span class='ocrx_word' id='word_1_559' title='bbox 3016 1025 3116 1078; x_wconf 90' lang='lat' dir='ltr'><strong>hoc</strong></span> <span class='ocrx_word' id='word_1_560' title='bbox 3157 1025 3334 1080; x_wconf 85' lang='lat' dir='ltr'><strong>chiro-</strong></span> 
     </span>
    </p>
   </div>
   <div class='ocr_carea' id='block_1_72' title="bbox 1757 1100 3328 1185">
    <p class='ocr_par' dir='ltr' id='par_1_72' title="bbox 1757 1100 3328 1185">
     <span class='ocr_line' id='line_1_72' title="bbox 1757 1100 3328 1185; baseline 0.007 -24"><span class='ocrx_word' id='word_1_561' title='bbox 1757 1108 1978 1176; x_wconf 90' lang='lat' dir='ltr'><strong>grapho,</strong></span> <span class='ocrx_word' id='word_1_562' title='bbox 2013 1111 2150 1177; x_wconf 86' lang='lat' dir='ltr'><strong>quod</strong></span> <span class='ocrx_word' id='word_1_563' title='bbox 2197 1110 2306 1163; x_wconf 83' lang='lat' dir='ltr'><strong>sola</strong></span> <span class='ocrx_word' id='word_1_564' title='bbox 2351 1110 2545 1165; x_wconf 83' lang='lat' dir='ltr'><strong>Christi</strong></span> <span class='ocrx_word' id='word_1_565' title='bbox 2589 1100 2759 1167; x_wconf 71' lang='lat' dir='ltr'><strong>morte</strong></span> <span class='ocrx_word' id='word_1_566' title='bbox 2808 1117 3160 1183; x_wconf 79' lang='lat' dir='ltr'><strong>rumpentium</strong></span> <span class='ocrx_word' id='word_1_567' title='bbox 3211 1126 3328 1185; x_wconf 66' lang='lat' dir='ltr'><strong>est,</strong></span> 
     </span>
    </p>
   </div>
   <div class='ocr_carea' id='block_1_73' title="bbox 1757 1198 3332 1273">
    <p class='ocr_par' dir='ltr' id='par_1_73' title="bbox 1757 1198 3332 1273">
     <span class='ocr_line' id='line_1_73' title="bbox 1757 1198 3332 1273; baseline 0.008 -23"><span class='ocrx_word' id='word_1_568' title='bbox 1757 1198 2048 1251; x_wconf 88' lang='lat' dir='ltr'><strong>rectissima</strong></span> <span class='ocrx_word' id='word_1_569' title='bbox 2086 1200 2292 1255; x_wconf 88' lang='lat' dir='ltr'><strong>ratione</strong></span> <span class='ocrx_word' id='word_1_570' title='bbox 2319 1201 2751 1258; x_wconf 86' lang='lat' dir='ltr'><strong>demonstrentur</strong></span> <span class='ocrx_word' id='word_1_571' title='bbox 2782 1205 3081 1273; x_wconf 71' lang='lat' dir='ltr'><strong>obstrictae,</strong></span> <span class='ocrx_word' id='word_1_572' title='bbox 3114 1223 3212 1263; x_wconf 89' lang='lat' dir='ltr'><strong>nec</strong></span> <span class='ocrx_word' id='word_1_573' title='bbox 3238 1224 3332 1263; x_wconf 90' lang='lat' dir='ltr'><strong>sua</strong></span> 
     </span>
    </p>
   </div>
   <div class='ocr_carea' id='block_1_74' title="bbox 1759 1287 3333 1367">
    <p class='ocr_par' dir='ltr' id='par_1_74' title="bbox 1759 1287 3333 1367">
     <span class='ocr_line' id='line_1_74' title="bbox 1759 1287 3333 1367; baseline 0.012 -30"><span class='ocrx_word' id='word_1_574' title='bbox 1759 1287 2062 1355; x_wconf 86' lang='lat' dir='ltr'><strong>propagine,</strong></span> <span class='ocrx_word' id='word_1_575' title='bbox 2092 1289 2185 1344; x_wconf 75' lang='lat' dir='ltr'><strong>sed</strong></span> <span class='ocrx_word' id='word_1_576' title='bbox 2210 1292 2387 1346; x_wconf 84' lang='lat' dir='ltr'><strong>carnis</strong></span> <span class='ocrx_word' id='word_1_577' title='bbox 2408 1292 2505 1347; x_wconf 87' lang='lat' dir='ltr'><strong>hoc</strong></span> <span class='ocrx_word' id='word_1_578' title='bbox 2524 1293 2705 1348; x_wconf 82' lang='lat' dir='ltr'><strong>debito</strong></span> <span class='ocrx_word' id='word_1_579' title='bbox 2726 1297 2866 1364; x_wconf 88' lang='lat' dir='ltr'><strong>juste</strong></span> <span class='ocrx_word' id='word_1_580' title='bbox 2885 1308 3171 1367; x_wconf 83' lang='lat' dir='ltr'><strong>appareant</strong></span> <span class='ocrx_word' id='word_1_581' title='bbox 3195 1300 3333 1355; x_wconf 83' lang='lat' dir='ltr'><strong>obli-</strong></span> 
     </span>
    </p>
   </div>
   <div class='ocr_carea' id='block_1_75' title="bbox 1754 1379 3331 1454">
    <p class='ocr_par' dir='ltr' id='par_1_75' title="bbox 1754 1379 3331 1454">
     <span class='ocr_line' id='line_1_75' title="bbox 1754 1379 3331 1454; baseline 0.011 -28"><span class='ocrx_word' id='word_1_582' title='bbox 1754 1385 1889 1444; x_wconf 79' lang='lat' dir='ltr'><strong>gata:</strong></span> <span class='ocrx_word' id='word_1_583' title='bbox 1919 1393 1933 1427; x_wconf 89' lang='lat'><strong>:</strong></span> <span class='ocrx_word' id='word_1_584' title='bbox 1968 1391 2070 1429; x_wconf 90' lang='lat' dir='ltr'><strong>non</strong></span> <span class='ocrx_word' id='word_1_585' title='bbox 2095 1379 2265 1432; x_wconf 88' lang='lat' dir='ltr'><strong>solum</strong></span> <span class='ocrx_word' id='word_1_586' title='bbox 2298 1382 2506 1436; x_wconf 88' lang='lat' dir='ltr'><strong>nemine</strong></span> <span class='ocrx_word' id='word_1_587' title='bbox 2534 1383 2846 1452; x_wconf 88' lang='lat' dir='ltr'><strong>prohibente</strong></span> <span class='ocrx_word' id='word_1_588' title='bbox 2871 1386 3116 1454; x_wconf 85' lang='lat' dir='ltr'><strong>defende,</strong></span> <span class='ocrx_word' id='word_1_589' title='bbox 3150 1404 3331 1444; x_wconf 89' lang='lat' dir='ltr'><strong>verum</strong></span> 
     </span>
    </p>
   </div>
   <div class='ocr_carea' id='block_1_76' title="bbox 1756 1464 3334 1548">
    <p class='ocr_par' dir='ltr' id='par_1_76' title="bbox 1756 1464 3334 1548">
     <span class='ocr_line' id='line_1_76' title="bbox 1756 1464 3334 1548; baseline 0.011 -31"><span class='ocrx_word' id='word_1_590' title='bbox 1756 1464 1916 1519; x_wconf 87' lang='lat' dir='ltr'><strong>etiam</strong></span> <span class='ocrx_word' id='word_1_591' title='bbox 1956 1466 2004 1519; x_wconf 91' lang='lat' dir='ltr'><strong>id</strong></span> <span class='ocrx_word' id='word_1_592' title='bbox 2036 1467 2187 1521; x_wconf 87' lang='lat' dir='ltr'><strong>nobis</strong></span> <span class='ocrx_word' id='word_1_593' title='bbox 2225 1471 2492 1538; x_wconf 88' lang='lat' dir='ltr'><strong>quomodo</strong></span> <span class='ocrx_word' id='word_1_594' title='bbox 2536 1484 2707 1527; x_wconf 88' lang='lat' dir='ltr'><strong>tecum</strong></span> <span class='ocrx_word' id='word_1_595' title='bbox 2746 1474 3029 1531; x_wconf 84' lang='lat' dir='ltr'><strong>defendere</strong></span> <span class='ocrx_word' id='word_1_596' title='bbox 3073 1480 3334 1548; x_wconf 87' lang='lat' dir='ltr'><strong>possimus</strong></span> 
     </span>
    </p>
   </div>
   <div class='ocr_carea' id='block_1_77' title="bbox 1759 1555 3332 1636">
    <p class='ocr_par' dir='ltr' id='par_1_77' title="bbox 1759 1555 3332 1636">
     <span class='ocr_line' id='line_1_77' title="bbox 1759 1555 3332 1636; baseline 0.013 -29"><span class='ocrx_word' id='word_1_597' title='bbox 1759 1555 2000 1609; x_wconf 85' lang='lat' dir='ltr'><strong>ostende.</strong></span> <span class='ocrx_word' id='word_1_598' title='bbox 2031 1557 2083 1611; x_wconf 84' lang='lat' dir='ltr'><strong>Si</strong></span> <span class='ocrx_word' id='word_1_599' title='bbox 2114 1567 2290 1612; x_wconf 89' lang='lat' dir='ltr'><strong>autem</strong></span> <span class='ocrx_word' id='word_1_600' title='bbox 2328 1560 2486 1615; x_wconf 87' lang='lat' dir='ltr'><strong>aliter</strong></span> <span class='ocrx_word' id='word_1_601' title='bbox 2510 1578 2612 1615; x_wconf 90' lang='lat' dir='ltr'><strong>non</strong></span> <span class='ocrx_word' id='word_1_602' title='bbox 2652 1573 2825 1633; x_wconf 89' lang='lat' dir='ltr'><strong>potest</strong></span> <span class='ocrx_word' id='word_1_603' title='bbox 2857 1568 2996 1636; x_wconf 90' lang='lat' dir='ltr'><strong>quod</strong></span> <span class='ocrx_word' id='word_1_604' title='bbox 3034 1567 3102 1623; x_wconf 91' lang='lat' dir='ltr'><strong>de</strong></span> <span class='ocrx_word' id='word_1_605' title='bbox 3126 1571 3332 1626; x_wconf 81' lang='lat' dir='ltr'><strong>anima-</strong></span> 
     </span>
    </p>
   </div>
   <div class='ocr_carea' id='block_1_78' title="bbox 1761 1649 3335 1732">
    <p class='ocr_par' dir='ltr' id='par_1_78' title="bbox 1761 1649 3335 1732">
     <span class='ocr_line' id='line_1_78' title="bbox 1761 1649 3335 1732; baseline 0.012 -33"><span class='ocrx_word' id='word_1_606' title='bbox 1761 1662 1876 1699; x_wconf 91' lang='lat' dir='ltr'><strong>rum</strong></span> <span class='ocrx_word' id='word_1_607' title='bbox 1927 1649 2161 1705; x_wconf 84' lang='lat' dir='ltr'><strong>novitate</strong></span> <span class='ocrx_word' id='word_1_608' title='bbox 2200 1652 2387 1715; x_wconf 91' lang='lat' dir='ltr'><strong>sentis,</strong></span> <span class='ocrx_word' id='word_1_609' title='bbox 2419 1668 2677 1721; x_wconf 66' lang='lat' dir='ltr'><strong>asserere,</strong></span> <span class='ocrx_word' id='word_1_610' title='bbox 2710 1656 2807 1710; x_wconf 89' lang='lat' dir='ltr'><strong>nisi</strong></span> <span class='ocrx_word' id='word_1_611' title='bbox 2838 1666 2895 1711; x_wconf 85' lang='lat' dir='ltr'><strong>ut</strong></span> <span class='ocrx_word' id='word_1_612' title='bbox 2920 1673 3010 1714; x_wconf 87' lang='lat' dir='ltr'><strong>eas</strong></span> <span class='ocrx_word' id='word_1_613' title='bbox 3036 1660 3183 1716; x_wconf 87' lang='lat' dir='ltr'><strong>dicas</strong></span> <span class='ocrx_word' id='word_1_614' title='bbox 3210 1677 3335 1732; x_wconf 85' lang='lat' dir='ltr'><strong>pec-</strong></span> 
     </span>
    </p>
   </div>
   <div class='ocr_carea' id='block_1_79' title="bbox 1756 1737 3333 1822">
    <p class='ocr_par' dir='ltr' id='par_1_79' title="bbox 1756 1737 3333 1822">
     <span class='ocr_line' id='line_1_79' title="bbox 1756 1737 3333 1822; baseline 0.012 -32"><span class='ocrx_word' id='word_1_615' title='bbox 1756 1745 1874 1790; x_wconf 90' lang='lat' dir='ltr'><strong>cato</strong></span> <span class='ocrx_word' id='word_1_616' title='bbox 1923 1737 2076 1807; x_wconf 87' lang='lat' dir='ltr'><strong>primi</strong></span> <span class='ocrx_word' id='word_1_617' title='bbox 2124 1739 2352 1795; x_wconf 86' lang='lat' dir='ltr'><strong>hominis</strong></span> <span class='ocrx_word' id='word_1_618' title='bbox 2382 1758 2485 1797; x_wconf 91' lang='lat' dir='ltr'><strong>non</strong></span> <span class='ocrx_word' id='word_1_619' title='bbox 2520 1746 2718 1809; x_wconf 89' lang='lat' dir='ltr'><strong>teneri;</strong></span> <span class='ocrx_word' id='word_1_620' title='bbox 2750 1756 2839 1802; x_wconf 88' lang='lat' dir='ltr'><strong>aut</strong></span> <span class='ocrx_word' id='word_1_621' title='bbox 2872 1763 2966 1816; x_wconf 87' lang='lat' dir='ltr'><strong>per</strong></span> <span class='ocrx_word' id='word_1_622' title='bbox 2997 1752 3333 1822; x_wconf 84' lang='lat' dir='ltr'><strong>propaginem</strong></span> 
     </span>
    </p>
   </div>
   <div class='ocr_carea' id='block_1_80' title="bbox 1758 1832 3334 1914">
    <p class='ocr_par' dir='ltr' id='par_1_80' title="bbox 1758 1832 3334 1914">
     <span class='ocr_line' id='line_1_80' title="bbox 1758 1832 3334 1914; baseline 0.011 -32"><span class='ocrx_word' id='word_1_623' title='bbox 1758 1845 1860 1883; x_wconf 92' lang='lat' dir='ltr'><strong>non</strong></span> <span class='ocrx_word' id='word_1_624' title='bbox 1903 1846 2074 1896; x_wconf 88' lang='lat' dir='ltr'><strong>suam,</strong></span> <span class='ocrx_word' id='word_1_625' title='bbox 2121 1832 2214 1887; x_wconf 90' lang='lat' dir='ltr'><strong>sed</strong></span> <span class='ocrx_word' id='word_1_626' title='bbox 2243 1836 2439 1901; x_wconf 88' lang='lat' dir='ltr'><strong>carnis,</strong></span> <span class='ocrx_word' id='word_1_627' title='bbox 2469 1844 2685 1892; x_wconf 88' lang='lat' dir='ltr'><strong>auctore</strong></span> <span class='ocrx_word' id='word_1_628' title='bbox 2712 1838 2851 1903; x_wconf 88' lang='lat' dir='ltr'><strong>Deo,</strong></span> <span class='ocrx_word' id='word_1_629' title='bbox 2892 1842 2973 1895; x_wconf 85' lang='lat' dir='ltr'><strong>vel</strong></span> <span class='ocrx_word' id='word_1_630' title='bbox 3018 1844 3197 1899; x_wconf 89' lang='lat' dir='ltr'><strong>nescio</strong></span> <span class='ocrx_word' id='word_1_631' title='bbox 3231 1859 3334 1914; x_wconf 85' lang='lat' dir='ltr'><strong>qua</strong></span> 
     </span>
    </p>
   </div>
   <div class='ocr_carea' id='block_1_81' title="bbox 1757 1927 3335 2004">
    <p class='ocr_par' dir='ltr' id='par_1_81' title="bbox 1757 1927 3335 2004">
     <span class='ocr_line' id='line_1_81' title="bbox 1757 1927 3335 2004; baseline 0.01 -25"><span class='ocrx_word' id='word_1_632' title='bbox 1757 1927 1881 1981; x_wconf 89' lang='lat' dir='ltr'><strong>mali</strong></span> <span class='ocrx_word' id='word_1_633' title='bbox 1909 1938 2117 1993; x_wconf 77' lang='lat' dir='ltr'><strong>natura,</strong></span> <span class='ocrx_word' id='word_1_634' title='bbox 2148 1932 2606 1987; x_wconf 75' lang='lat' dir='ltr'><strong>innocentissimus</strong></span> <span class='ocrx_word' id='word_1_635' title='bbox 2628 1934 2739 1988; x_wconf 82' lang='lat' dir='ltr'><strong>ﬁeri</strong></span> <span class='ocrx_word' id='word_1_636' title='bbox 2764 1937 3083 2004; x_wconf 89' lang='lat' dir='ltr'><strong>peccatrices</strong></span> <span class='ocrx_word' id='word_1_637' title='bbox 3106 1955 3119 1991; x_wconf 92' lang='lat'><strong>:</strong></span> <span class='ocrx_word' id='word_1_638' title='bbox 3146 1939 3335 1994; x_wconf 90' lang='lat' dir='ltr'><strong>melius</strong></span> 
     </span>
    </p>
   </div>
   <div class='ocr_carea' id='block_1_82' title="bbox 1756 2018 3335 2087">
    <p class='ocr_par' dir='ltr' id='par_1_82' title="bbox 1756 2018 3335 2087">
     <span class='ocr_line' id='line_1_82' title="bbox 1756 2018 3335 2087; baseline 0.009 -18"><span class='ocrx_word' id='word_1_639' title='bbox 1756 2018 1905 2087; x_wconf 83' lang='lat' dir='ltr'><strong>origo</strong></span> <span class='ocrx_word' id='word_1_640' title='bbox 1950 2020 2138 2072; x_wconf 66' lang='lat' dir='ltr'><strong>animae</strong></span> <span class='ocrx_word' id='word_1_641' title='bbox 2181 2021 2333 2083; x_wconf 88' lang='lat' dir='ltr'><strong>latet,</strong></span> <span class='ocrx_word' id='word_1_642' title='bbox 2375 2020 2501 2076; x_wconf 90' lang='lat' dir='ltr'><strong>dum</strong></span> <span class='ocrx_word' id='word_1_643' title='bbox 2542 2030 2715 2078; x_wconf 88' lang='lat' dir='ltr'><strong>tamen</strong></span> <span class='ocrx_word' id='word_1_644' title='bbox 2748 2039 2863 2078; x_wconf 88' lang='lat' dir='ltr'><strong>eam</strong></span> <span class='ocrx_word' id='word_1_645' title='bbox 2893 2041 2996 2080; x_wconf 88' lang='lat' dir='ltr'><strong>non</strong></span> <span class='ocrx_word' id='word_1_646' title='bbox 3034 2026 3335 2083; x_wconf 82' lang='lat' dir='ltr'><strong>dubitemus</strong></span> 
     </span>
    </p>
   </div>
   <div class='ocr_carea' id='block_1_83' title="bbox 1760 2110 3334 2186">
    <p class='ocr_par' dir='ltr' id='par_1_83' title="bbox 1760 2110 3334 2186">
     <span class='ocr_line' id='line_1_83' title="bbox 1760 2110 3334 2186; baseline 0.006 -23"><span class='ocrx_word' id='word_1_647' title='bbox 1760 2110 1849 2164; x_wconf 92' lang='lat' dir='ltr'><strong>Dei</strong></span> <span class='ocrx_word' id='word_1_648' title='bbox 1880 2127 1998 2165; x_wconf 89' lang='lat' dir='ltr'><strong>esse</strong></span> <span class='ocrx_word' id='word_1_649' title='bbox 2027 2124 2360 2179; x_wconf 87' lang='lat' dir='ltr'><strong>creaturam,</strong></span> <span class='ocrx_word' id='word_1_650' title='bbox 2400 2130 2557 2182; x_wconf 86' lang='lat' dir='ltr'><strong>quam</strong></span> <span class='ocrx_word' id='word_1_651' title='bbox 2599 2115 2681 2168; x_wconf 91' lang='lat' dir='ltr'><strong>vel</strong></span> <span class='ocrx_word' id='word_1_652' title='bbox 2724 2116 2861 2170; x_wconf 85' lang='lat' dir='ltr'><strong>Deus</strong></span> <span class='ocrx_word' id='word_1_653' title='bbox 2900 2117 3099 2186; x_wconf 88' lang='lat' dir='ltr'><strong>peccati</strong></span> <span class='ocrx_word' id='word_1_654' title='bbox 3148 2126 3334 2174; x_wconf 86' lang='lat' dir='ltr'><strong>auctor</strong></span> 
     </span>
    </p>
   </div>
   <div class='ocr_carea' id='block_1_84' title="bbox 1757 2202 3329 2268">
    <p class='ocr_par' dir='ltr' id='par_1_84' title="bbox 1757 2202 3329 2268">
     <span class='ocr_line' id='line_1_84' title="bbox 1757 2202 3329 2268; baseline 0.006 -12"><span class='ocrx_word' id='word_1_655' title='bbox 1757 2202 1983 2268; x_wconf 88' lang='lat' dir='ltr'><strong>dicatur,</strong></span> <span class='ocrx_word' id='word_1_656' title='bbox 2016 2204 2097 2257; x_wconf 83' lang='lat' dir='ltr'><strong>vel</strong></span> <span class='ocrx_word' id='word_1_657' title='bbox 2127 2214 2308 2259; x_wconf 81' lang='lat' dir='ltr'><strong>contra</strong></span> <span class='ocrx_word' id='word_1_658' title='bbox 2345 2207 2506 2260; x_wconf 81' lang='lat' dir='ltr'><strong>[leum</strong></span> <span class='ocrx_word' id='word_1_659' title='bbox 2534 2207 2704 2261; x_wconf 86' lang='lat' dir='ltr'><strong>aliena</strong></span> <span class='ocrx_word' id='word_1_660' title='bbox 2729 2208 2853 2261; x_wconf 89' lang='lat' dir='ltr'><strong>mali</strong></span> <span class='ocrx_word' id='word_1_661' title='bbox 2882 2218 3069 2264; x_wconf 85' lang='lat' dir='ltr'><strong>natura</strong></span> <span class='ocrx_word' id='word_1_662' title='bbox 3094 2210 3329 2265; x_wconf 89' lang='lat' dir='ltr'><strong>introdu-</strong></span> 
     </span>
    </p>
   </div>
   <div class='ocr_carea' id='block_1_85' title="bbox 1756 2294 3189 2365">
    <p class='ocr_par' dir='ltr' id='par_1_85' title="bbox 1756 2294 3189 2365">
     <span class='ocr_line' id='line_1_85' title="bbox 1756 2294 3189 2365; baseline 0.005 -19"><span class='ocrx_word' id='word_1_663' title='bbox 1756 2304 1927 2358; x_wconf 89' lang='lat' dir='ltr'><strong>catur,</strong></span> <span class='ocrx_word' id='word_1_664' title='bbox 1958 2295 2039 2349; x_wconf 86' lang='lat' dir='ltr'><strong>vel</strong></span> <span class='ocrx_word' id='word_1_665' title='bbox 2070 2294 2327 2364; x_wconf 89' lang='lat' dir='ltr'><strong>baptisma</strong></span> <span class='ocrx_word' id='word_1_666' title='bbox 2354 2298 2691 2365; x_wconf 86' lang='lat' dir='ltr'><strong>parvulorum</strong></span> <span class='ocrx_word' id='word_1_667' title='bbox 2720 2298 2923 2353; x_wconf 91' lang='lat' dir='ltr'><strong>irritum</strong></span> <span class='ocrx_word' id='word_1_668' title='bbox 2948 2300 3189 2355; x_wconf 85' lang='lat' dir='ltr'><strong>ducatur.</strong></span> 
     </span>
    </p>
   </div>
   <div class='ocr_carea' id='block_1_86' title="bbox 1827 2383 3336 2462">
    <p class='ocr_par' dir='ltr' id='par_1_86' title="bbox 1827 2383 3336 2462">
     <span class='ocr_line' id='line_1_86' title="bbox 1827 2383 3336 2462; baseline 0.008 -26"><span class='ocrx_word' id='word_1_669' title='bbox 1827 2383 1916 2437; x_wconf 74' lang='grc'><strong>25.</strong></span> <span class='ocrx_word' id='word_1_670' title='bbox 1942 2385 2198 2439; x_wconf 88' lang='lat' dir='ltr'><strong>Utantem</strong></span> <span class='ocrx_word' id='word_1_671' title='bbox 2227 2396 2281 2440; x_wconf 91' lang='lat' dir='ltr'><strong>et</strong></span> <span class='ocrx_word' id='word_1_672' title='bbox 2302 2402 2333 2440; x_wconf 94' lang='lat' dir='ltr'><strong>a</strong></span> <span class='ocrx_word' id='word_1_673' title='bbox 2364 2402 2448 2442; x_wconf 93' lang='lat' dir='ltr'><strong>me</strong></span> <span class='ocrx_word' id='word_1_674' title='bbox 2474 2396 2557 2442; x_wconf 90' lang='lat' dir='ltr'><strong>tua</strong></span> <span class='ocrx_word' id='word_1_675' title='bbox 2591 2389 2809 2444; x_wconf 89' lang='lat' dir='ltr'><strong>Dilectio</strong></span> <span class='ocrx_word' id='word_1_676' title='bbox 2833 2390 2900 2445; x_wconf 89' lang='lat' dir='ltr'><strong>de</strong></span> <span class='ocrx_word' id='word_1_677' title='bbox 2925 2390 3021 2445; x_wconf 90' lang='lat' dir='ltr'><strong>hac</strong></span> <span class='ocrx_word' id='word_1_678' title='bbox 3044 2392 3336 2462; x_wconf 72' lang='lat' dir='ltr'><strong>quaestione</strong></span> 
     </span>
    </p>
   </div>
   <div class='ocr_carea' id='block_1_87' title="bbox 1756 2474 3332 2551">
    <p class='ocr_par' dir='ltr' id='par_1_87' title="bbox 1756 2474 3332 2551">
     <span class='ocr_line' id='line_1_87' title="bbox 1756 2474 3332 2551; baseline 0.008 -26"><span class='ocrx_word' id='word_1_679' title='bbox 1756 2474 1952 2543; x_wconf 90' lang='lat' dir='ltr'><strong>aliquid</strong></span> <span class='ocrx_word' id='word_1_680' title='bbox 2000 2476 2177 2530; x_wconf 86' lang='lat' dir='ltr'><strong>audiat</strong></span> <span class='ocrx_word' id='word_1_681' title='bbox 2220 2477 2533 2545; x_wconf 80' lang='lat' dir='ltr'><strong>definitum,</strong></span> <span class='ocrx_word' id='word_1_682' title='bbox 2584 2494 2689 2534; x_wconf 92' lang='lat' dir='ltr'><strong>non</strong></span> <span class='ocrx_word' id='word_1_683' title='bbox 2734 2482 2877 2549; x_wconf 87' lang='lat' dir='ltr'><strong>parvi</strong></span> <span class='ocrx_word' id='word_1_684' title='bbox 2931 2483 3332 2551; x_wconf 69' lang='lat' dir='ltr'><strong>trstitnandum,</strong></span> 
     </span>
    </p>
   </div>
   <div class='ocr_carea' id='block_1_88' title="bbox 1756 2562 3336 2644">
    <p class='ocr_par' dir='ltr' id='par_1_88' title="bbox 1756 2562 3336 2644">
     <span class='ocr_line' id='line_1_88' title="bbox 1756 2562 3336 2644; baseline 0.009 -29"><span class='ocrx_word' id='word_1_685' title='bbox 1756 2562 1864 2617; x_wconf 88' lang='lat' dir='ltr'><strong>imo</strong></span> <span class='ocrx_word' id='word_1_686' title='bbox 1913 2565 2173 2634; x_wconf 67' lang='lat' dir='ltr'><strong>priecipue</strong></span> <span class='ocrx_word' id='word_1_687' title='bbox 2219 2569 2572 2623; x_wconf 86' lang='lat' dir='ltr'><strong>necessarium</strong></span> <span class='ocrx_word' id='word_1_688' title='bbox 2612 2579 2770 2640; x_wconf 88' lang='lat' dir='ltr'><strong>atque</strong></span> <span class='ocrx_word' id='word_1_689' title='bbox 2810 2573 3162 2639; x_wconf 90' lang='lat' dir='ltr'><strong>retinendum,</strong></span> <span class='ocrx_word' id='word_1_690' title='bbox 3200 2590 3336 2644; x_wconf 84' lang='lat' dir='ltr'><strong>quo-</strong></span> 
     </span>
    </p>
   </div>
   <div class='ocr_carea' id='block_1_89' title="bbox 1761 2655 3331 2733">
    <p class='ocr_par' dir='ltr' id='par_1_89' title="bbox 1761 2655 3331 2733">
     <span class='ocr_line' id='line_1_89' title="bbox 1761 2655 3331 2733; baseline 0.01 -27"><span class='ocrx_word' id='word_1_691' title='bbox 1761 2655 2048 2709; x_wconf 83' lang='lat' dir='ltr'><strong>modohbet</strong></span> <span class='ocrx_word' id='word_1_692' title='bbox 2076 2672 2135 2711; x_wconf 90' lang='lat' dir='ltr'><strong>se</strong></span> <span class='ocrx_word' id='word_1_693' title='bbox 2164 2661 2310 2727; x_wconf 79' lang='lat' dir='ltr'><strong>origo</strong></span> <span class='ocrx_word' id='word_1_694' title='bbox 2342 2659 2531 2715; x_wconf 90' lang='lat' dir='ltr'><strong>habeat</strong></span> <span class='ocrx_word' id='word_1_695' title='bbox 2549 2664 2861 2726; x_wconf 90' lang='lat' dir='ltr'><strong>animarum,</strong></span> <span class='ocrx_word' id='word_1_696' title='bbox 2885 2664 2997 2719; x_wconf 85' lang='lat' dir='ltr'><strong>sive</strong></span> <span class='ocrx_word' id='word_1_697' title='bbox 3016 2680 3081 2719; x_wconf 75' lang='lat' dir='ltr'><strong>ex</strong></span> <span class='ocrx_word' id='word_1_698' title='bbox 3105 2665 3189 2719; x_wconf 88' lang='lat' dir='ltr'><strong>illa</strong></span> <span class='ocrx_word' id='word_1_699' title='bbox 3208 2681 3331 2733; x_wconf 86' lang='lat' dir='ltr'><strong>una,</strong></span> 
     </span>
    </p>
   </div>
   <div class='ocr_carea' id='block_1_90' title="bbox 1756 2747 3335 2821">
    <p class='ocr_par' dir='ltr' id='par_1_90' title="bbox 1756 2747 3335 2821">
     <span class='ocr_line' id='line_1_90' title="bbox 1756 2747 3335 2821; baseline 0.008 -22"><span class='ocrx_word' id='word_1_700' title='bbox 1756 2747 1865 2801; x_wconf 89' lang='lat' dir='ltr'><strong>sive</strong></span> <span class='ocrx_word' id='word_1_701' title='bbox 1895 2764 1957 2802; x_wconf 79' lang='lat' dir='ltr'><strong>ex</strong></span> <span class='ocrx_word' id='word_1_702' title='bbox 1987 2749 2125 2802; x_wconf 91' lang='lat' dir='ltr'><strong>nulla</strong></span> <span class='ocrx_word' id='word_1_703' title='bbox 2153 2751 2251 2803; x_wconf 89' lang='lat' dir='ltr'><strong>alia</strong></span> <span class='ocrx_word' id='word_1_704' title='bbox 2282 2761 2661 2821; x_wconf 85' lang='lat' dir='ltr'><strong>propagentur;</strong></span> <span class='ocrx_word' id='word_1_705' title='bbox 2689 2755 2986 2810; x_wconf 81' lang='lat' dir='ltr'><strong>Mediatoris</strong></span> <span class='ocrx_word' id='word_1_706' title='bbox 3016 2765 3189 2812; x_wconf 90' lang='lat' dir='ltr'><strong>tamen</strong></span> <span class='ocrx_word' id='word_1_707' title='bbox 3218 2758 3335 2812; x_wconf 85' lang='lat' dir='ltr'><strong>ani-</strong></span> 
     </span>
    </p>
   </div>
   <div class='ocr_carea' id='block_1_91' title="bbox 1756 2840 3333 2913">
    <p class='ocr_par' dir='ltr' id='par_1_91' title="bbox 1756 2840 3333 2913">
     <span class='ocr_line' id='line_1_91' title="bbox 1756 2840 3333 2913; baseline 0.008 -22"><span class='ocrx_word' id='word_1_708' title='bbox 1756 2853 1895 2891; x_wconf 82' lang='lat' dir='ltr'><strong>mam</strong></span> <span class='ocrx_word' id='word_1_709' title='bbox 1922 2840 2119 2893; x_wconf 89' lang='lat' dir='ltr'><strong>nullum</strong></span> <span class='ocrx_word' id='word_1_710' title='bbox 2149 2855 2214 2895; x_wconf 81' lang='lat' dir='ltr'><strong>ex</strong></span> <span class='ocrx_word' id='word_1_711' title='bbox 2245 2841 2411 2895; x_wconf 86' lang='lat' dir='ltr'><strong>Adam</strong></span> <span class='ocrx_word' id='word_1_712' title='bbox 2443 2843 2667 2898; x_wconf 74' lang='lat' dir='ltr'><strong>traxisse</strong></span> <span class='ocrx_word' id='word_1_713' title='bbox 2693 2855 2965 2913; x_wconf 88' lang='lat' dir='ltr'><strong>peccatum</strong></span> <span class='ocrx_word' id='word_1_714' title='bbox 2986 2846 3228 2902; x_wconf 90' lang='lat' dir='ltr'><strong>dubitare</strong></span> <span class='ocrx_word' id='word_1_715' title='bbox 3253 2846 3333 2903; x_wconf 82' lang='lat' dir='ltr'><strong>fas</strong></span> 
     </span>
    </p>
   </div>
   <div class='ocr_carea' id='block_1_92' title="bbox 1756 2933 3332 3005">
    <p class='ocr_par' dir='ltr' id='par_1_92' title="bbox 1756 2933 3332 3005">
     <span class='ocr_line' id='line_1_92' title="bbox 1756 2933 3332 3005; baseline 0.009 -23"><span class='ocrx_word' id='word_1_716' title='bbox 1756 2945 1860 2982; x_wconf 93' lang='lat' dir='ltr'><strong>non</strong></span> <span class='ocrx_word' id='word_1_717' title='bbox 1889 2939 1987 2985; x_wconf 90' lang='lat' dir='ltr'><strong>est.</strong></span> <span class='ocrx_word' id='word_1_718' title='bbox 2013 2933 2066 2987; x_wconf 92' lang='lat' dir='ltr'><strong>Si</strong></span> <span class='ocrx_word' id='word_1_719' title='bbox 2085 2934 2226 2987; x_wconf 90' lang='lat' dir='ltr'><strong>enim</strong></span> <span class='ocrx_word' id='word_1_720' title='bbox 2250 2935 2388 2986; x_wconf 88' lang='lat' dir='ltr'><strong>nulla</strong></span> <span class='ocrx_word' id='word_1_721' title='bbox 2414 2948 2729 3005; x_wconf 83' lang='lat' dir='ltr'><strong>propagatur</strong></span> <span class='ocrx_word' id='word_1_722' title='bbox 2748 2954 2813 2991; x_wconf 76' lang='lat' dir='ltr'><strong>ex</strong></span> <span class='ocrx_word' id='word_1_723' title='bbox 2829 2939 3014 3001; x_wconf 88' lang='lat' dir='ltr'><strong>altera,</strong></span> <span class='ocrx_word' id='word_1_724' title='bbox 3039 2939 3125 2995; x_wconf 91' lang='lat' dir='ltr'><strong>ubi</strong></span> <span class='ocrx_word' id='word_1_725' title='bbox 3146 2955 3332 2995; x_wconf 85' lang='lat' dir='ltr'><strong>omnes</strong></span> 
     </span>
    </p>
   </div>
   <div class='ocr_carea' id='block_1_93' title="bbox 1758 3026 3333 3098">
    <p class='ocr_par' dir='ltr' id='par_1_93' title="bbox 1758 3026 3333 3098">
     <span class='ocr_line' id='line_1_93' title="bbox 1758 3026 3333 3098; baseline 0.009 -26"><span class='ocrx_word' id='word_1_726' title='bbox 1758 3028 2005 3075; x_wconf 82' lang='lat' dir='ltr'><strong>tenentur</strong></span> <span class='ocrx_word' id='word_1_727' title='bbox 2058 3033 2339 3093; x_wconf 75' lang='lat' dir='ltr'><strong>propagata</strong></span> <span class='ocrx_word' id='word_1_728' title='bbox 2376 3038 2537 3079; x_wconf 87' lang='lat' dir='ltr'><strong>carne</strong></span> <span class='ocrx_word' id='word_1_729' title='bbox 2578 3026 2777 3094; x_wconf 88' lang='lat' dir='ltr'><strong>peccati</strong></span> <span class='ocrx_word' id='word_1_730' title='bbox 2819 3028 2833 3057; x_wconf 85' lang='grc'>¹</span> <span class='ocrx_word' id='word_1_731' title='bbox 2880 3044 2893 3080; x_wconf 90' lang='lat'>:</span> <span class='ocrx_word' id='word_1_732' title='bbox 2927 3037 3123 3098; x_wconf 89' lang='lat' dir='ltr'><strong>quanto</strong></span> <span class='ocrx_word' id='word_1_733' title='bbox 3159 3030 3333 3086; x_wconf 85' lang='lat' dir='ltr'><strong>minus</strong></span> 
     </span>
    </p>
   </div>
   <div class='ocr_carea' id='block_1_94' title="bbox 1753 3112 3333 3186">
    <p class='ocr_par' dir='ltr' id='par_1_94' title="bbox 1753 3112 3333 3186">
     <span class='ocr_line' id='line_1_94' title="bbox 1753 3112 3333 3186; baseline 0.007 -22"><span class='ocrx_word' id='word_1_734' title='bbox 1753 3112 2073 3167; x_wconf 88' lang='lat' dir='ltr'><strong>credendum</strong></span> <span class='ocrx_word' id='word_1_735' title='bbox 2117 3124 2199 3168; x_wconf 87' lang='lat' dir='ltr'><strong>est</strong></span> <span class='ocrx_word' id='word_1_736' title='bbox 2232 3130 2295 3169; x_wconf 77' lang='lat' dir='ltr'><strong>ex</strong></span> <span class='ocrx_word' id='word_1_737' title='bbox 2335 3118 2624 3186; x_wconf 75' lang='lat' dir='ltr'><strong>propagine</strong></span> <span class='ocrx_word' id='word_1_738' title='bbox 2654 3117 2961 3186; x_wconf 78' lang='lat' dir='ltr'><strong>peccatricis</strong></span> <span class='ocrx_word' id='word_1_739' title='bbox 2984 3119 3213 3174; x_wconf 89' lang='lat' dir='ltr'><strong>animam</strong></span> <span class='ocrx_word' id='word_1_740' title='bbox 3244 3136 3333 3175; x_wconf 78' lang='lat' dir='ltr'><strong>vc-</strong></span> 
     </span>
    </p>
   </div>
   <div class='ocr_carea' id='block_1_95' title="bbox 1755 3202 3331 3279">
    <p class='ocr_par' dir='ltr' id='par_1_95' title="bbox 1755 3202 3331 3279">
     <span class='ocr_line' id='line_1_95' title="bbox 1755 3202 3331 3279; baseline 0.009 -26"><span class='ocrx_word' id='word_1_741' title='bbox 1755 3202 1869 3257; x_wconf 87' lang='lat' dir='ltr'><strong>nire</strong></span> <span class='ocrx_word' id='word_1_742' title='bbox 1893 3205 2145 3271; x_wconf 86' lang='lat' dir='ltr'><strong>potuisse,</strong></span> <span class='ocrx_word' id='word_1_743' title='bbox 2174 3205 2324 3275; x_wconf 88' lang='lat' dir='ltr'><strong>cujus</strong></span> <span class='ocrx_word' id='word_1_744' title='bbox 2349 3220 2474 3260; x_wconf 87' lang='lat' dir='ltr'><strong>caro</strong></span> <span class='ocrx_word' id='word_1_745' title='bbox 2493 3208 2710 3262; x_wconf 83' lang='lat' dir='ltr'><strong>venitex</strong></span> <span class='ocrx_word' id='word_1_746' title='bbox 2733 3210 2954 3279; x_wconf 75' lang='lat' dir='ltr'><strong>virgine,</strong></span> <span class='ocrx_word' id='word_1_747' title='bbox 2980 3227 3083 3264; x_wconf 91' lang='lat' dir='ltr'><strong>non</strong></span> <span class='ocrx_word' id='word_1_748' title='bbox 3115 3211 3331 3267; x_wconf 88' lang='lat' dir='ltr'><strong>libidine</strong></span> 
     </span>
    </p>
   </div>
   <div class='ocr_carea' id='block_1_96' title="bbox 1753 3295 3334 3374">
    <p class='ocr_par' dir='ltr' id='par_1_96' title="bbox 1753 3295 3334 3374">
     <span class='ocr_line' id='line_1_96' title="bbox 1753 3295 3334 3374; baseline 0.009 -29"><span class='ocrx_word' id='word_1_749' title='bbox 1753 3304 2026 3362; x_wconf 86' lang='lat' dir='ltr'><strong>concepta,</strong></span> <span class='ocrx_word' id='word_1_750' title='bbox 2056 3295 2148 3349; x_wconf 81' lang='lat' dir='ltr'><strong>sed</strong></span> <span class='ocrx_word' id='word_1_751' title='bbox 2178 3297 2295 3359; x_wconf 88' lang='lat' dir='ltr'><strong>tide,</strong></span> <span class='ocrx_word' id='word_1_752' title='bbox 2327 3307 2382 3351; x_wconf 91' lang='lat' dir='ltr'><strong>ut</strong></span> <span class='ocrx_word' id='word_1_753' title='bbox 2401 3308 2542 3352; x_wconf 89' lang='lat' dir='ltr'><strong>esset</strong></span> <span class='ocrx_word' id='word_1_754' title='bbox 2570 3299 2619 3352; x_wconf 92' lang='lat' dir='ltr'><strong>in</strong></span> <span class='ocrx_word' id='word_1_755' title='bbox 2644 3300 2983 3355; x_wconf 89' lang='lat' dir='ltr'><strong>similitudine</strong></span> <span class='ocrx_word' id='word_1_756' title='bbox 3009 3303 3184 3357; x_wconf 87' lang='lat' dir='ltr'><strong>carnis</strong></span> <span class='ocrx_word' id='word_1_757' title='bbox 3209 3318 3334 3374; x_wconf 86' lang='lat' dir='ltr'><strong>pec-</strong></span> 
     </span>
    </p>
   </div>
   <div class='ocr_carea' id='block_1_97' title="bbox 1752 3386 3327 3461">
    <p class='ocr_par' dir='ltr' id='par_1_97' title="bbox 1752 3386 3327 3461">
     <span class='ocr_line' id='line_1_97' title="bbox 1752 3386 3327 3461; baseline 0.008 -22"><span class='ocrx_word' id='word_1_758' title='bbox 1752 3386 1855 3439; x_wconf 91' lang='lat' dir='ltr'><strong>cati</strong></span> <span class='ocrx_word' id='word_1_759' title='bbox 1886 3387 2058 3458; x_wconf 83' lang='lat' dir='ltr'><strong>(Rom.</strong></span> <span class='ocrx_word' id='word_1_760' title='bbox 2088 3404 2212 3454; x_wconf 85' lang='lat' dir='ltr'><strong>vnt,</strong></span> <span class='ocrx_word' id='word_1_761' title='bbox 2254 3389 2343 3458; x_wconf 79' lang='lat'><strong>3),</strong></span> <span class='ocrx_word' id='word_1_762' title='bbox 2385 3405 2486 3443; x_wconf 92' lang='lat' dir='ltr'><strong>non</strong></span> <span class='ocrx_word' id='word_1_763' title='bbox 2519 3395 2572 3445; x_wconf 91' lang='lat' dir='ltr'><strong>in</strong></span> <span class='ocrx_word' id='word_1_764' title='bbox 2609 3406 2769 3445; x_wconf 90' lang='lat' dir='ltr'><strong>carne</strong></span> <span class='ocrx_word' id='word_1_765' title='bbox 2806 3394 3042 3461; x_wconf 72' lang='lat' dir='ltr'><strong>peccati!</strong></span> <span class='ocrx_word' id='word_1_766' title='bbox 3075 3396 3128 3450; x_wconf 84' lang='lat' dir='ltr'><strong>Si</strong></span> <span class='ocrx_word' id='word_1_767' title='bbox 3153 3407 3327 3451; x_wconf 89' lang='lat' dir='ltr'><strong>autem</strong></span> 
     </span>
    </p>
   </div>
   <div class='ocr_carea' id='block_1_98' title="bbox 1754 3479 3331 3553">
    <p class='ocr_par' dir='ltr' id='par_1_98' title="bbox 1754 3479 3331 3553">
     <span class='ocr_line' id='line_1_98' title="bbox 1754 3479 3331 3553; baseline 0.008 -23"><span class='ocrx_word' id='word_1_768' title='bbox 1754 3487 1968 3545; x_wconf 86' lang='lat' dir='ltr'><strong>peccato</strong></span> <span class='ocrx_word' id='word_1_769' title='bbox 2000 3479 2180 3547; x_wconf 72' lang='lat' dir='ltr'><strong>primm</strong></span> <span class='ocrx_word' id='word_1_770' title='bbox 2207 3482 2399 3535; x_wconf 70' lang='lat' dir='ltr'><strong>animce</strong></span> <span class='ocrx_word' id='word_1_771' title='bbox 2420 3486 2729 3553; x_wconf 85' lang='lat' dir='ltr'><strong>peccatricis</strong></span> <span class='ocrx_word' id='word_1_772' title='bbox 2762 3484 2881 3539; x_wconf 60' lang='lat' dir='ltr'><strong>ideo</strong></span> <span class='ocrx_word' id='word_1_773' title='bbox 2911 3496 3120 3541; x_wconf 72' lang='lat' dir='ltr'><strong>cetera:</strong></span> <span class='ocrx_word' id='word_1_774' title='bbox 3144 3498 3331 3543; x_wconf 83' lang='lat' dir='ltr'><strong>tenen-</strong></span> 
     </span>
    </p>
   </div>
   <div class='ocr_carea' id='block_1_99' title="bbox 1755 3568 3333 3646">
    <p class='ocr_par' dir='ltr' id='par_1_99' title="bbox 1755 3568 3333 3646">
     <span class='ocr_line' id='line_1_99' title="bbox 1755 3568 3333 3646; baseline 0.009 -27"><span class='ocrx_word' id='word_1_775' title='bbox 1755 3576 1839 3620; x_wconf 91' lang='lat' dir='ltr'><strong>tur</strong></span> <span class='ocrx_word' id='word_1_776' title='bbox 1881 3568 2158 3631; x_wconf 68' lang='lat' dir='ltr'><strong>ohnoxim,</strong></span> <span class='ocrx_word' id='word_1_777' title='bbox 2207 3571 2326 3640; x_wconf 88' lang='lat' dir='ltr'><strong>quia</strong></span> <span class='ocrx_word' id='word_1_778' title='bbox 2368 3586 2431 3625; x_wconf 79' lang='lat' dir='ltr'><strong>ex</strong></span> <span class='ocrx_word' id='word_1_779' title='bbox 2478 3572 2563 3625; x_wconf 88' lang='lat' dir='ltr'><strong>illa</strong></span> <span class='ocrx_word' id='word_1_780' title='bbox 2589 3584 2709 3626; x_wconf 86' lang='lat' dir='ltr'><strong>sunt</strong></span> <span class='ocrx_word' id='word_1_781' title='bbox 2738 3583 3072 3645; x_wconf 60' lang='lat' dir='ltr'><strong>pro,agatxe;</strong></span> <span class='ocrx_word' id='word_1_782' title='bbox 3098 3577 3333 3646; x_wconf 86' lang='lat' dir='ltr'><strong>profecto</strong></span> 
     </span>
    </p>
   </div>
   <div class='ocr_carea' id='block_1_100' title="bbox 1752 3659 3331 3736">
    <p class='ocr_par' dir='ltr' id='par_1_100' title="bbox 1752 3659 3331 3736">
     <span class='ocr_line' id='line_1_100' title="bbox 1752 3659 3331 3736; baseline 0.008 -25"><span class='ocrx_word' id='word_1_783' title='bbox 1752 3659 1837 3712; x_wconf 85' lang='lat' dir='ltr'><strong>illa</strong></span> <span class='ocrx_word' id='word_1_784' title='bbox 1861 3676 2017 3728; x_wconf 88' lang='lat' dir='ltr'><strong>quam</strong></span> <span class='ocrx_word' id='word_1_785' title='bbox 2038 3662 2134 3715; x_wconf 91' lang='lat' dir='ltr'><strong>sibi</strong></span> <span class='ocrx_word' id='word_1_786' title='bbox 2156 3661 2465 3731; x_wconf 87' lang='lat' dir='ltr'><strong>Unigeuitus</strong></span> <span class='ocrx_word' id='word_1_787' title='bbox 2484 3674 2775 3734; x_wconf 82' lang='lat' dir='ltr'><strong>coaptavt,</strong></span> <span class='ocrx_word' id='word_1_788' title='bbox 2801 3679 2887 3720; x_wconf 89' lang='lat' dir='ltr'><strong>aut</strong></span> <span class='ocrx_word' id='word_1_789' title='bbox 2913 3677 3181 3736; x_wconf 90' lang='lat' dir='ltr'><strong>peccatum</strong></span> <span class='ocrx_word' id='word_1_790' title='bbox 3209 3668 3331 3724; x_wconf 86' lang='lat' dir='ltr'><strong>inde</strong></span> 
     </span>
    </p>
   </div>
   <div class='ocr_carea' id='block_1_101' title="bbox 1750 3754 3330 3835">
    <p class='ocr_par' dir='ltr' id='par_1_101' title="bbox 1750 3754 3330 3835">
     <span class='ocr_line' id='line_1_101' title="bbox 1750 3754 3330 3835; baseline 0.006 -30"><span class='ocrx_word' id='word_1_791' title='bbox 1750 3768 1853 3805; x_wconf 87' lang='lat' dir='ltr'><strong>non</strong></span> <span class='ocrx_word' id='word_1_792' title='bbox 1877 3754 2055 3817; x_wconf 80' lang='lat' dir='ltr'><strong>traxit,</strong></span> <span class='ocrx_word' id='word_1_793' title='bbox 2076 3766 2162 3807; x_wconf 90' lang='lat' dir='ltr'><strong>aut</strong></span> <span class='ocrx_word' id='word_1_794' title='bbox 2186 3757 2399 3809; x_wconf 61' lang='lat' dir='ltr'><strong>numina</strong></span> <span class='ocrx_word' id='word_1_795' title='bbox 2421 3755 2539 3810; x_wconf 86' lang='lat' dir='ltr'><strong>inde</strong></span> <span class='ocrx_word' id='word_1_796' title='bbox 2558 3773 2660 3811; x_wconf 88' lang='lat' dir='ltr'><strong>non</strong></span> <span class='ocrx_word' id='word_1_797' title='bbox 2686 3768 2846 3812; x_wconf 88' lang='lat' dir='ltr'><strong>tracta</strong></span> <span class='ocrx_word' id='word_1_798' title='bbox 2870 3768 2968 3813; x_wconf 73' lang='lat' dir='ltr'><strong>est.</strong></span> <span class='ocrx_word' id='word_1_799' title='bbox 2992 3759 3171 3830; x_wconf 89' lang='lat' dir='ltr'><strong>Neque</strong></span> <span class='ocrx_word' id='word_1_800' title='bbox 3190 3760 3330 3835; x_wconf 55' lang='lat' dir='ltr'><strong>enin;</strong></span> 
     </span>
    </p>
   </div>
   <div class='ocr_carea' id='block_1_102' title="bbox 1750 3847 3326 3923">
    <p class='ocr_par' dir='ltr' id='par_1_102' title="bbox 1750 3847 3326 3923">
     <span class='ocr_line' id='line_1_102' title="bbox 1750 3847 3326 3923; baseline 0.008 -28"><span class='ocrx_word' id='word_1_801' title='bbox 1750 3858 1854 3895; x_wconf 88' lang='lat' dir='ltr'><strong>non</strong></span> <span class='ocrx_word' id='word_1_802' title='bbox 1888 3847 2053 3912; x_wconf 90' lang='lat' dir='ltr'><strong>potuit</strong></span> <span class='ocrx_word' id='word_1_803' title='bbox 2082 3849 2311 3899; x_wconf 84' lang='lat' dir='ltr'><strong>animam</strong></span> <span class='ocrx_word' id='word_1_804' title='bbox 2333 3848 2429 3900; x_wconf 82' lang='lat' dir='ltr'><strong>sihi</strong></span> <span class='ocrx_word' id='word_1_805' title='bbox 2460 3848 2671 3903; x_wconf 82' lang='lat' dir='ltr'><strong>trahere</strong></span> <span class='ocrx_word' id='word_1_806' title='bbox 2692 3850 2808 3904; x_wconf 87' lang='lat' dir='ltr'><strong>sine</strong></span> <span class='ocrx_word' id='word_1_807' title='bbox 2837 3863 3081 3919; x_wconf 88' lang='lat' dir='ltr'><strong>peccato,</strong></span> <span class='ocrx_word' id='word_1_808' title='bbox 3105 3853 3194 3923; x_wconf 88' lang='lat' dir='ltr'><strong>qui</strong></span> <span class='ocrx_word' id='word_1_809' title='bbox 3220 3854 3326 3907; x_wconf 80' lang='lat' dir='ltr'><strong>sol-</strong></span> 
     </span>
    </p>
   </div>
   <div class='ocr_carea' id='block_1_103' title="bbox 1752 3932 3329 4007">
    <p class='ocr_par' dir='ltr' id='par_1_103' title="bbox 1752 3932 3329 4007">
     <span class='ocr_line' id='line_1_103' title="bbox 1752 3932 3329 4007; baseline 0.01 -24"><span class='ocrx_word' id='word_1_810' title='bbox 1752 3932 1824 3984; x_wconf 94' lang='lat' dir='ltr'><strong>vit</strong></span> <span class='ocrx_word' id='word_1_811' title='bbox 1869 3945 2043 3986; x_wconf 87' lang='lat' dir='ltr'><strong>nostra</strong></span> <span class='ocrx_word' id='word_1_812' title='bbox 2092 3946 2340 4003; x_wconf 82' lang='lat' dir='ltr'><strong>peccata;</strong></span> <span class='ocrx_word' id='word_1_813' title='bbox 2386 3947 2476 4007; x_wconf 74' lang='lat' dir='ltr'><strong>aut</strong></span> <span class='ocrx_word' id='word_1_814' title='bbox 2514 3938 2603 4005; x_wconf 83' lang='lat' dir='ltr'><strong>qui</strong></span> <span class='ocrx_word' id='word_1_815' title='bbox 2650 3954 2838 3993; x_wconf 89' lang='lat' dir='ltr'><strong>novam</strong></span> <span class='ocrx_word' id='word_1_816' title='bbox 2879 3943 3149 3996; x_wconf 86' lang='lat' dir='ltr'><strong>crcavitei</strong></span> <span class='ocrx_word' id='word_1_817' title='bbox 3180 3946 3329 3999; x_wconf 86' lang='lat' dir='ltr'><strong>carni</strong></span> 
     </span>
    </p>
   </div>
   <div class='ocr_carea' id='block_1_104' title="bbox 1749 4024 3325 4100">
    <p class='ocr_par' dir='ltr' id='par_1_104' title="bbox 1749 4024 3325 4100">
     <span class='ocr_line' id='line_1_104' title="bbox 1749 4024 3325 4100; baseline 0.01 -27"><span class='ocrx_word' id='word_1_818' title='bbox 1749 4037 1905 4091; x_wconf 88' lang='lat' dir='ltr'><strong>quam</strong></span> <span class='ocrx_word' id='word_1_819' title='bbox 1943 4024 2059 4077; x_wconf 88' lang='lat' dir='ltr'><strong>sine</strong></span> <span class='ocrx_word' id='word_1_820' title='bbox 2098 4034 2314 4093; x_wconf 75' lang='lat' dir='ltr'><strong>parente</strong></span> <span class='ocrx_word' id='word_1_821' title='bbox 2349 4026 2467 4079; x_wconf 85' lang='lat' dir='ltr'><strong>fecit</strong></span> <span class='ocrx_word' id='word_1_822' title='bbox 2510 4041 2572 4081; x_wconf 86' lang='lat' dir='ltr'><strong>e\</strong></span> <span class='ocrx_word' id='word_1_823' title='bbox 2609 4036 2778 4090; x_wconf 90' lang='lat' dir='ltr'><strong>terra,</strong></span> <span class='ocrx_word' id='word_1_824' title='bbox 2804 4044 2909 4084; x_wconf 90' lang='lat' dir='ltr'><strong>non</strong></span> <span class='ocrx_word' id='word_1_825' title='bbox 2939 4033 3107 4100; x_wconf 88' lang='lat' dir='ltr'><strong>potuit</strong></span> <span class='ocrx_word' id='word_1_826' title='bbox 3136 4047 3325 4090; x_wconf 74' lang='lat' dir='ltr'><strong>nthIm</strong></span> 
     </span>
    </p>
   </div>
   <div class='ocr_carea' id='block_1_105' title="bbox 1749 4115 3135 4186">
    <p class='ocr_par' dir='ltr' id='par_1_105' title="bbox 1749 4115 3135 4186">
     <span class='ocr_line' id='line_1_105' title="bbox 1749 4115 3135 4186; baseline 0.006 -21"><span class='ocrx_word' id='word_1_827' title='bbox 1749 4128 1932 4168; x_wconf 87' lang='lat' dir='ltr'><strong>creare</strong></span> <span class='ocrx_word' id='word_1_828' title='bbox 1961 4115 2106 4167; x_wconf 88' lang='lat' dir='ltr'><strong>carni</strong></span> <span class='ocrx_word' id='word_1_829' title='bbox 2131 4131 2287 4183; x_wconf 84' lang='lat' dir='ltr'><strong>quam</strong></span> <span class='ocrx_word' id='word_1_830' title='bbox 2315 4116 2429 4169; x_wconf 89' lang='lat' dir='ltr'><strong>sine</strong></span> <span class='ocrx_word' id='word_1_831' title='bbox 2453 4116 2565 4169; x_wconf 86' lang='lat' dir='ltr'><strong>viro</strong></span> <span class='ocrx_word' id='word_1_832' title='bbox 2585 4118 2809 4186; x_wconf 88' lang='lat' dir='ltr'><strong>sumpsit</strong></span> <span class='ocrx_word' id='word_1_833' title='bbox 2828 4134 2893 4173; x_wconf 78' lang='lat' dir='ltr'><strong>cx</strong></span> <span class='ocrx_word' id='word_1_834' title='bbox 2921 4119 3135 4174; x_wconf 87' lang='lat' dir='ltr'><strong>femina.</strong></span> 
     </span>
    </p>
   </div>
   <div class='ocr_carea' id='block_1_106' title="bbox 1818 4204 3325 4279">
    <p class='ocr_par' dir='ltr' id='par_1_106' title="bbox 1818 4204 3325 4279">
     <span class='ocr_line' id='line_1_106' title="bbox 1818 4204 3325 4279; baseline 0.011 -22"><span class='ocrx_word' id='word_1_835' title='bbox 1818 4204 1907 4258; x_wconf 74' lang='lat'><strong>26.</strong></span> <span class='ocrx_word' id='word_1_836' title='bbox 1945 4204 2068 4259; x_wconf 67' lang='lat' dir='ltr'><strong>llaec</strong></span> <span class='ocrx_word' id='word_1_837' title='bbox 2097 4207 2233 4260; x_wconf 86' lang='lat' dir='ltr'><strong>sicut</strong></span> <span class='ocrx_word' id='word_1_838' title='bbox 2260 4208 2437 4276; x_wconf 90' lang='lat' dir='ltr'><strong>potui,</strong></span> <span class='ocrx_word' id='word_1_839' title='bbox 2466 4222 2570 4262; x_wconf 94' lang='lat' dir='ltr'><strong>non</strong></span> <span class='ocrx_word' id='word_1_840' title='bbox 2598 4208 2808 4278; x_wconf 88' lang='lat' dir='ltr'><strong>quidem</strong></span> <span class='ocrx_word' id='word_1_841' title='bbox 2836 4210 2899 4264; x_wconf 87' lang='lat' dir='ltr'><strong>ad</strong></span> <span class='ocrx_word' id='word_1_842' title='bbox 2931 4228 3015 4267; x_wconf 89' lang='lat' dir='ltr'><strong>me</strong></span> <span class='ocrx_word' id='word_1_843' title='bbox 3038 4211 3206 4279; x_wconf 89' lang='lat' dir='ltr'><strong>datis,</strong></span> <span class='ocrx_word' id='word_1_844' title='bbox 3231 4215 3325 4273; x_wconf 82' lang='lat' dir='ltr'><strong>sed</strong></span> 
     </span>
    </p>
   </div>
   <div class='ocr_carea' id='block_1_107' title="bbox 1750 4295 3323 4374">
    <p class='ocr_par' dir='ltr' id='par_1_107' title="bbox 1750 4295 3323 4374">
     <span class='ocr_line' id='line_1_107' title="bbox 1750 4295 3323 4374; baseline 0.01 -28"><span class='ocrx_word' id='word_1_845' title='bbox 1750 4300 1924 4348; x_wconf 86' lang='lat' dir='ltr'><strong>tamen</strong></span> <span class='ocrx_word' id='word_1_846' title='bbox 1954 4296 2017 4347; x_wconf 91' lang='lat' dir='ltr'><strong>ad</strong></span> <span class='ocrx_word' id='word_1_847' title='bbox 2046 4295 2389 4351; x_wconf 87' lang='lat' dir='ltr'><strong>charissimos</strong></span> <span class='ocrx_word' id='word_1_848' title='bbox 2415 4308 2622 4351; x_wconf 88' lang='lat' dir='ltr'><strong>nostros</strong></span> <span class='ocrx_word' id='word_1_849' title='bbox 2644 4300 2947 4355; x_wconf 84' lang='lat' dir='ltr'><strong>Sauctitatis</strong></span> <span class='ocrx_word' id='word_1_850' title='bbox 2972 4312 3073 4356; x_wconf 68' lang='lat' dir='ltr'><strong>tua‘.</strong></span> <span class='ocrx_word' id='word_1_851' title='bbox 3099 4303 3287 4361; x_wconf 86' lang='lat' dir='ltr'><strong>litteris</strong></span> <span class='ocrx_word' id='word_1_852' title='bbox 3306 4349 3323 4374; x_wconf 93' lang='lat'><strong>,</strong></span> 
     </span>
    </p>
   </div>
   <div class='ocr_carea' id='block_1_108' title="bbox 1751 4386 3325 4457">
    <p class='ocr_par' dir='ltr' id='par_1_108' title="bbox 1751 4386 3325 4457">
     <span class='ocr_line' id='line_1_108' title="bbox 1751 4386 3325 4457; baseline 0.01 -18"><span class='ocrx_word' id='word_1_853' title='bbox 1751 4400 1854 4439; x_wconf 88' lang='lat' dir='ltr'><strong>non</strong></span> <span class='ocrx_word' id='word_1_854' title='bbox 1897 4386 2077 4455; x_wconf 79' lang='lat' dir='ltr'><strong>peritia</strong></span> <span class='ocrx_word' id='word_1_855' title='bbox 2117 4403 2273 4457; x_wconf 86' lang='lat' dir='ltr'><strong>quam</strong></span> <span class='ocrx_word' id='word_1_856' title='bbox 2309 4388 2637 4452; x_wconf 84' lang='lat' dir='ltr'><strong>desidera-ti,</strong></span> <span class='ocrx_word' id='word_1_857' title='bbox 2674 4390 2766 4444; x_wconf 89' lang='lat' dir='ltr'><strong>sed</strong></span> <span class='ocrx_word' id='word_1_858' title='bbox 2794 4392 3018 4448; x_wconf 85' lang='lat' dir='ltr'><strong>sollicita</strong></span> <span class='ocrx_word' id='word_1_859' title='bbox 3043 4393 3325 4455; x_wconf 78' lang='lat' dir='ltr'><strong>dilectione</strong></span> 
     </span>
    </p>
   </div>
   <div class='ocr_carea' id='block_1_109' title="bbox 1751 4475 3323 4547">
    <p class='ocr_par' dir='ltr' id='par_1_109' title="bbox 1751 4475 3323 4547">
     <span class='ocr_line' id='line_1_109' title="bbox 1751 4475 3323 4547; baseline 0.01 -20"><span class='ocrx_word' id='word_1_860' title='bbox 1751 4476 2016 4543; x_wconf 87' lang='lat' dir='ltr'><strong>respondi.</strong></span> <span class='ocrx_word' id='word_1_861' title='bbox 2045 4475 2100 4530; x_wconf 89' lang='lat' dir='ltr'><strong>Si</strong></span> <span class='ocrx_word' id='word_1_862' title='bbox 2126 4487 2272 4547; x_wconf 80' lang='lat' dir='ltr'><strong>grate</strong></span> <span class='ocrx_word' id='word_1_863' title='bbox 2295 4478 2509 4547; x_wconf 87' lang='lat' dir='ltr'><strong>accipis,</strong></span> <span class='ocrx_word' id='word_1_864' title='bbox 2534 4490 2586 4533; x_wconf 91' lang='lat' dir='ltr'><strong>et</strong></span> <span class='ocrx_word' id='word_1_865' title='bbox 2604 4479 3015 4538; x_wconf 90' lang='lat' dir='ltr'><strong>admonitionem</strong></span> <span class='ocrx_word' id='word_1_866' title='bbox 3035 4482 3323 4543; x_wconf 79' lang='lat' dir='ltr'><strong>fraternam</strong></span> 
     </span>
    </p>
   </div>
   <div class='ocr_carea' id='block_1_110' title="bbox 1748 4568 3324 4642">
    <p class='ocr_par' dir='ltr' id='par_1_110' title="bbox 1748 4568 3324 4642">
     <span class='ocr_line' id='line_1_110' title="bbox 1748 4568 3324 4642; baseline 0.01 -23"><span class='ocrx_word' id='word_1_867' title='bbox 1748 4576 1800 4620; x_wconf 93' lang='lat' dir='ltr'><strong>et</strong></span> <span class='ocrx_word' id='word_1_868' title='bbox 1830 4568 2010 4622; x_wconf 87' lang='lat' dir='ltr'><strong>utilem</strong></span> <span class='ocrx_word' id='word_1_869' title='bbox 2038 4610 2052 4635; x_wconf 98' lang='lat'><strong>,</strong></span> <span class='ocrx_word' id='word_1_870' title='bbox 2086 4585 2189 4623; x_wconf 92' lang='lat' dir='ltr'><strong>non</strong></span> <span class='ocrx_word' id='word_1_871' title='bbox 2218 4571 2477 4635; x_wconf 87' lang='lat' dir='ltr'><strong>errando,</strong></span> <span class='ocrx_word' id='word_1_872' title='bbox 2508 4572 2598 4626; x_wconf 90' lang='lat' dir='ltr'><strong>sed</strong></span> <span class='ocrx_word' id='word_1_873' title='bbox 2630 4574 2917 4642; x_wconf 83' lang='lat' dir='ltr'><strong>prudenter</strong></span> <span class='ocrx_word' id='word_1_874' title='bbox 2941 4578 3324 4635; x_wconf 83' lang='lat' dir='ltr'><strong>considerando</strong></span> 
     </span>
    </p>
   </div>
   <div class='ocr_carea' id='block_1_111' title="bbox 1748 4659 3320 4736">
    <p class='ocr_par' dir='ltr' id='par_1_111' title="bbox 1748 4659 3320 4736">
     <span class='ocr_line' id='line_1_111' title="bbox 1748 4659 3320 4736; baseline 0.011 -26"><span class='ocrx_word' id='word_1_875' title='bbox 1748 4670 1866 4710; x_wconf 91' lang='lat' dir='ltr'><strong>cum</strong></span> <span class='ocrx_word' id='word_1_876' title='bbox 1912 4659 2164 4713; x_wconf 79' lang='lat' dir='ltr'><strong>ECclesia:</strong></span> <span class='ocrx_word' id='word_1_877' title='bbox 2191 4675 2321 4730; x_wconf 89' lang='lat' dir='ltr'><strong>pace</strong></span> <span class='ocrx_word' id='word_1_878' title='bbox 2345 4677 2655 4727; x_wconf 85' lang='lat' dir='ltr'><strong>conservas,</strong></span> <span class='ocrx_word' id='word_1_879' title='bbox 2691 4665 2797 4719; x_wconf 90' lang='lat' dir='ltr'><strong>Deo</strong></span> <span class='ocrx_word' id='word_1_880' title='bbox 2822 4668 3034 4736; x_wconf 87' lang='lat' dir='ltr'><strong>gratias.</strong></span> <span class='ocrx_word' id='word_1_881' title='bbox 3063 4668 3120 4723; x_wconf 88' lang='lat' dir='ltr'><strong>Si</strong></span> <span class='ocrx_word' id='word_1_882' title='bbox 3142 4678 3320 4727; x_wconf 87' lang='lat' dir='ltr'><strong>autem</strong></span> 
     </span>
    </p>
   </div>
   <div class='ocr_carea' id='block_1_112' title="bbox 1749 4750 3317 4829">
    <p class='ocr_par' dir='ltr' id='par_1_112' title="bbox 1749 4750 3317 4829">
     <span class='ocr_line' id='line_1_112' title="bbox 1749 4750 3317 4829; baseline 0.01 -28"><span class='ocrx_word' id='word_1_883' title='bbox 1749 4764 1833 4801; x_wconf 86' lang='lat' dir='ltr'><strong>tne</strong></span> <span class='ocrx_word' id='word_1_884' title='bbox 1860 4750 1953 4802; x_wconf 88' lang='lat' dir='ltr'><strong>ista</strong></span> <span class='ocrx_word' id='word_1_885' title='bbox 1985 4752 2218 4803; x_wconf 85' lang='lat' dir='ltr'><strong>nonduin</strong></span> <span class='ocrx_word' id='word_1_886' title='bbox 2247 4767 2402 4806; x_wconf 91' lang='lat' dir='ltr'><strong>nosse</strong></span> <span class='ocrx_word' id='word_1_887' title='bbox 2424 4754 2632 4807; x_wconf 89' lang='lat' dir='ltr'><strong>miraris</strong></span> <span class='ocrx_word' id='word_1_888' title='bbox 2654 4795 2668 4819; x_wconf 92' lang='lat'><strong>,</strong></span> <span class='ocrx_word' id='word_1_889' title='bbox 2692 4755 2772 4809; x_wconf 86' lang='lat' dir='ltr'><strong>vel</strong></span> <span class='ocrx_word' id='word_1_890' title='bbox 2794 4757 2948 4810; x_wconf 83' lang='lat' dir='ltr'><strong>etiam</strong></span> <span class='ocrx_word' id='word_1_891' title='bbox 2972 4773 3068 4811; x_wconf 92' lang='lat' dir='ltr'><strong>nec</strong></span> <span class='ocrx_word' id='word_1_892' title='bbox 3087 4760 3317 4829; x_wconf 70' lang='lat' dir='ltr'><strong>mirari-‘,</strong></span> 
     </span>
    </p>
   </div>
   <div class='ocr_carea' id='block_1_113' title="bbox 1749 4841 3319 4911">
    <p class='ocr_par' dir='ltr' id='par_1_113' title="bbox 1749 4841 3319 4911">
     <span class='ocr_line' id='line_1_113' title="bbox 1749 4841 3319 4911; baseline 0.011 -20"><span class='ocrx_word' id='word_1_893' title='bbox 1749 4848 1802 4892; x_wconf 91' lang='lat' dir='ltr'><strong>ct</strong></span> <span class='ocrx_word' id='word_1_894' title='bbox 1843 4855 1927 4893; x_wconf 89' lang='lat' dir='ltr'><strong>me</strong></span> <span class='ocrx_word' id='word_1_895' title='bbox 1953 4841 2147 4910; x_wconf 87' lang='lat' dir='ltr'><strong>aliquid</strong></span> <span class='ocrx_word' id='word_1_896' title='bbox 2175 4853 2377 4896; x_wconf 89' lang='lat' dir='ltr'><strong>certum</strong></span> <span class='ocrx_word' id='word_1_897' title='bbox 2405 4842 2473 4897; x_wconf 88' lang='lat' dir='ltr'><strong>de</strong></span> <span class='ocrx_word' id='word_1_898' title='bbox 2500 4844 2703 4911; x_wconf 72' lang='lat' dir='ltr'><strong>origine</strong></span> <span class='ocrx_word' id='word_1_899' title='bbox 2726 4848 3017 4902; x_wconf 89' lang='lat' dir='ltr'><strong>animarum</strong></span> <span class='ocrx_word' id='word_1_900' title='bbox 3046 4851 3189 4905; x_wconf 79' lang='lat' dir='ltr'><strong>salva</strong></span> <span class='ocrx_word' id='word_1_901' title='bbox 3220 4853 3319 4909; x_wconf 87' lang='lat' dir='ltr'><strong>ista</strong></span> 
     </span>
    </p>
   </div>
   <div class='ocr_carea' id='block_1_114' title="bbox 1750 4928 3320 5004">
    <p class='ocr_par' dir='ltr' id='par_1_114' title="bbox 1750 4928 3320 5004">
     <span class='ocr_line' id='line_1_114' title="bbox 1750 4928 3320 5004; baseline 0.011 -23"><span class='ocrx_word' id='word_1_902' title='bbox 1750 4928 1851 4983; x_wconf 80' lang='lat' dir='ltr'><strong>fide</strong></span> <span class='ocrx_word' id='word_1_903' title='bbox 1886 4946 2004 4999; x_wconf 72' lang='lat' dir='ltr'><strong>qua:</strong></span> <span class='ocrx_word' id='word_1_904' title='bbox 2037 4934 2330 4986; x_wconf 89' lang='lat' dir='ltr'><strong>cert.ssima</strong></span> <span class='ocrx_word' id='word_1_905' title='bbox 2358 4944 2515 5004; x_wconf 82' lang='lat' dir='ltr'><strong>atque</strong></span> <span class='ocrx_word' id='word_1_906' title='bbox 2540 4936 2826 4991; x_wconf 74' lang='lat' dir='ltr'><strong>clarissima</strong></span> <span class='ocrx_word' id='word_1_907' title='bbox 2852 4948 2931 4993; x_wconf 88' lang='lat' dir='ltr'><strong>est</strong></span> <span class='ocrx_word' id='word_1_908' title='bbox 2948 4980 2962 5003; x_wconf 94' lang='lat'><strong>,</strong></span> <span class='ocrx_word' id='word_1_909' title='bbox 2986 4948 3171 4995; x_wconf 84' lang='lat' dir='ltr'><strong>mutua</strong></span> <span class='ocrx_word' id='word_1_910' title='bbox 3192 4942 3320 4997; x_wconf 72' lang='lat' dir='ltr'><strong>cha-</strong></span> 
     </span>
    </p>
   </div>
   <div class='ocr_carea' id='block_1_115' title="bbox 1749 5019 3313 5102">
    <p class='ocr_par' dir='ltr' id='par_1_115' title="bbox 1749 5019 3313 5102">
     <span class='ocr_line' id='line_1_115' title="bbox 1749 5019 3313 5102; baseline 0.01 -31"><span class='ocrx_word' id='word_1_911' title='bbox 1749 5019 1902 5073; x_wconf 86' lang='lat' dir='ltr'><strong>ritate</strong></span> <span class='ocrx_word' id='word_1_912' title='bbox 1922 5019 2114 5075; x_wconf 86' lang='lat' dir='ltr'><strong>ducere</strong></span> <span class='ocrx_word' id='word_1_913' title='bbox 2143 5038 2247 5076; x_wconf 75' lang='lat' dir='ltr'><strong>non</strong></span> <span class='ocrx_word' id='word_1_914' title='bbox 2274 5025 2450 5078; x_wconf 89' lang='lat' dir='ltr'><strong>renuis</strong></span> <span class='ocrx_word' id='word_1_915' title='bbox 2470 5066 2485 5089; x_wconf 93' lang='lat'><strong>,</strong></span> <span class='ocrx_word' id='word_1_916' title='bbox 2513 5026 2679 5079; x_wconf 85' lang='lat' dir='ltr'><strong>multo</strong></span> <span class='ocrx_word' id='word_1_917' title='bbox 2702 5028 2911 5083; x_wconf 89' lang='lat' dir='ltr'><strong>uberius</strong></span> <span class='ocrx_word' id='word_1_918' title='bbox 2927 5069 2942 5089; x_wconf 89' lang='lat'><strong>.</strong></span> <span class='ocrx_word' id='word_1_919' title='bbox 2976 5029 3084 5085; x_wconf 87' lang='lat' dir='ltr'><strong>Deo</strong></span> <span class='ocrx_word' id='word_1_920' title='bbox 3099 5035 3313 5102; x_wconf 87' lang='lat' dir='ltr'><strong>gratias.</strong></span> 
     </span>
    </p>
   </div>
   <div class='ocr_carea' id='block_1_116' title="bbox 1746 5109 3319 5186">
    <p class='ocr_par' dir='ltr' id='par_1_116' title="bbox 1746 5109 3319 5186">
     <span class='ocr_line' id='line_1_116' title="bbox 1746 5109 3319 5186; baseline 0.014 -23"><span class='ocrx_word' id='word_1_921' title='bbox 1746 5109 1946 5163; x_wconf 86' lang='lat' dir='ltr'><strong>Memor</strong></span> <span class='ocrx_word' id='word_1_922' title='bbox 1973 5113 2134 5165; x_wconf 80' lang='lat' dir='ltr'><strong>nostri</strong></span> <span class='ocrx_word' id='word_1_923' title='bbox 2158 5154 2171 5176; x_wconf 94' lang='lat'><strong>,</strong></span> <span class='ocrx_word' id='word_1_924' title='bbox 2206 5114 2427 5169; x_wconf 85' lang='lat' dir='ltr'><strong>Domino</strong></span> <span class='ocrx_word' id='word_1_925' title='bbox 2452 5132 2663 5186; x_wconf 69' lang='lat' dir='ltr'><strong>semper</strong></span> <span class='ocrx_word' id='word_1_926' title='bbox 2682 5118 2859 5185; x_wconf 82' lang='lat' dir='ltr'><strong>vivas,</strong></span> <span class='ocrx_word' id='word_1_927' title='bbox 2887 5120 3103 5180; x_wconf 85' lang='lat' dir='ltr'><strong>domine</strong></span> <span class='ocrx_word' id='word_1_928' title='bbox 3124 5125 3319 5184; x_wconf 62' lang='lat' dir='ltr'><strong>battis-</strong></span> 
     </span>
    </p>
   </div>
   <div class='ocr_carea' id='block_1_117' title="bbox 1746 5202 3093 5275">
    <p class='ocr_par' dir='ltr' id='par_1_117' title="bbox 1746 5202 3093 5275">
     <span class='ocr_line' id='line_1_117' title="bbox 1746 5202 3093 5275; baseline 0.013 -19"><span class='ocrx_word' id='word_1_929' title='bbox 1746 5202 1899 5267; x_wconf 90' lang='lat' dir='ltr'><strong>sime,</strong></span> <span class='ocrx_word' id='word_1_930' title='bbox 1929 5211 1982 5257; x_wconf 90' lang='lat' dir='ltr'><strong>ct</strong></span> <span class='ocrx_word' id='word_1_931' title='bbox 2010 5204 2213 5260; x_wconf 81' lang='lat' dir='ltr'><strong>sincera</strong></span> <span class='ocrx_word' id='word_1_932' title='bbox 2242 5206 2519 5263; x_wconf 81' lang='lat' dir='ltr'><strong>dilectione</strong></span> <span class='ocrx_word' id='word_1_933' title='bbox 2542 5207 2902 5267; x_wconf 87' lang='lat' dir='ltr'><strong>desiderabilis</strong></span> <span class='ocrx_word' id='word_1_934' title='bbox 2926 5213 3093 5275; x_wconf 85' lang='lat' dir='ltr'><strong>frater.</strong></span> 
     </span>
    </p>
   </div>
   <div class='ocr_carea' id='block_1_118' title="bbox 1812 5442 3311 5551">
    <p class='ocr_par' dir='ltr' id='par_1_118' title="bbox 1812 5442 3311 5551">
     <span class='ocr_line' id='line_1_118' title="bbox 1812 5442 3311 5551; baseline 0.014 -66"><span class='ocrx_word' id='word_1_935' title='bbox 1812 5442 1827 5471; x_wconf 75' lang='grc' dir='ltr'><strong><em>ι</em></strong></span> <span class='ocrx_word' id='word_1_936' title='bbox 1862 5445 1968 5511; x_wconf 74' lang='lat' dir='ltr'><strong>Mss.</strong></span> <span class='ocrx_word' id='word_1_937' title='bbox 2010 5448 2217 5502; x_wconf 88' lang='lat' dir='ltr'><strong>septem,</strong></span> <span class='ocrx_word' id='word_1_938' title='bbox 2256 5446 2528 5551; x_wconf 65' lang='lat' dir='ltr'><strong>propqgata&#39;</strong></span> <span class='ocrx_word' id='word_1_939' title='bbox 2549 5455 2693 5515; x_wconf 70' lang='lat' dir='ltr'><strong>carne</strong></span> <span class='ocrx_word' id='word_1_940' title='bbox 2719 5448 2903 5510; x_wconf 85' lang='lat' dir='ltr'><strong>peccati</strong></span> <span class='ocrx_word' id='word_1_941' title='bbox 2928 5462 2946 5499; x_wconf 89' lang='lat'><strong><em>:</em></strong></span> <span class='ocrx_word' id='word_1_942' title='bbox 2978 5452 3134 5503; x_wconf 85' lang='lat' dir='ltr'><strong>minus</strong></span> <span class='ocrx_word' id='word_1_943' title='bbox 3160 5454 3311 5518; x_wconf 85' lang='lat' dir='ltr'><strong>bene,</strong></span> 
     </span>
     <span class='ocr_line' id='line_1_119' title="bbox 1812 5502 3309 5551; baseline 0.003 -5"><span class='ocrx_word' id='word_1_944' title='bbox 1812 5508 1937 5550; x_wconf 80' lang='lat' dir='ltr'><strong>llelSl</strong></span> <span class='ocrx_word' id='word_1_945' title='bbox 1966 5502 2153 5551; x_wconf 34' lang='lat' dir='ltr'><strong>vulgata</strong></span> <span class='ocrx_word' id='word_1_946' title='bbox 2179 5502 2322 5551; x_wconf 82' lang='lat' dir='ltr'><strong>lecuo</strong></span> <span class='ocrx_word' id='word_1_947' title='bbox 2378 5506 2465 5550; x_wconf 79' lang='lat' dir='ltr'><strong>&#39;ud</strong></span> <span class='ocrx_word' id='word_1_948' title='bbox 2492 5512 2608 5551; x_wconf 76' lang='lat' dir='ltr'><strong>satis</strong></span> <span class='ocrx_word' id='word_1_949' title='bbox 2647 5516 2831 5551; x_wconf 63' lang='lat' dir='ltr'><strong>Integra</strong></span> <span class='ocrx_word' id='word_1_950' title='bbox 2859 5512 3089 5551; x_wconf 69' lang='grc' dir='ltr'><strong>ιιίιιμςωιιι-</strong></span> <span class='ocrx_word' id='word_1_951' title='bbox 3114 5520 3309 5551; x_wconf 64' lang='grc' dir='ltr'><strong>ραι-ιρι..</strong></span> 
     </span>
    </p>
   </div>
   <div class='ocr_carea' id='block_1_119' title="bbox 1747 5502 3313 5573">
    <p class='ocr_par' dir='ltr' id='par_1_119' title="bbox 1747 5502 3313 5573">
     <span class='ocr_line' id='line_1_120' title="bbox 1747 5502 3313 5573; baseline 0.012 -25"><span class='ocrx_word' id='word_1_952' title='bbox 1747 5503 1937 5573; x_wconf 75' lang='lat' dir='ltr'><strong>tametsi</strong></span> <span class='ocrx_word' id='word_1_953' title='bbox 1966 5502 2153 5573; x_wconf 50' lang='lat' dir='ltr'><strong>vulgata</strong></span> <span class='ocrx_word' id='word_1_954' title='bbox 2179 5502 2322 5573; x_wconf 63' lang='lat' dir='ltr'><strong>lectio</strong></span> <span class='ocrx_word' id='word_1_955' title='bbox 2343 5502 2465 5573; x_wconf 71' lang='lat' dir='ltr'><strong>haud</strong></span> <span class='ocrx_word' id='word_1_956' title='bbox 2492 5507 2608 5553; x_wconf 83' lang='lat' dir='ltr'><strong>satis</strong></span> <span class='ocrx_word' id='word_1_957' title='bbox 2647 5502 2833 5572; x_wconf 71' lang='lat' dir='ltr'><strong>integra</strong></span> <span class='ocrx_word' id='word_1_958' title='bbox 2859 5512 3091 5565; x_wconf 77' lang='lat' dir='ltr'><strong>rideatur.</strong></span> <span class='ocrx_word' id='word_1_959' title='bbox 3114 5502 3313 5573; x_wconf 52' lang='grc' dir='ltr'><strong>ἑνότιὲἶᾶ</strong></span> 
     </span>
    </p>
   </div>
   <div class='ocr_carea' id='block_1_120' title="bbox 1746 5564 2701 5626">
    <p class='ocr_par' dir='ltr' id='par_1_120' title="bbox 1746 5564 2701 5626">
     <span class='ocr_line' id='line_1_121' title="bbox 1746 5564 2701 5626; baseline 0.009 -17"><span class='ocrx_word' id='word_1_960' title='bbox 1746 5570 1853 5624; x_wconf 85' lang='lat' dir='ltr'><strong>post</strong></span> <span class='ocrx_word' id='word_1_961' title='bbox 1877 5570 2110 5623; x_wconf 82' lang='lat' dir='ltr'><strong>tenentur,</strong></span> <span class='ocrx_word' id='word_1_962' title='bbox 2134 5564 2450 5626; x_wconf 69' lang='lat' dir='ltr'><strong>supplendum</strong></span> <span class='ocrx_word' id='word_1_963' title='bbox 2471 5576 2561 5624; x_wconf 77' lang='lat' dir='ltr'><strong>est,</strong></span> <span class='ocrx_word' id='word_1_964' title='bbox 2589 5581 2701 5618; x_wconf 63' lang='grc' dir='ltr'><strong>γεω.</strong></span> 
     </span>
    </p>
   </div>
  </div>
