3990 6380
690 357 790 416 871

696 477 770 531 Ira
799 475 987 544 legitur
1007 475 1166 530 etiam
1191 475 1240 529 in
1268 475 1401 529 libro
1423 473 1523 528 Job
1555 491 1568 526 :
1602 468 1768 526 Homo
1789 484 1936 526 natus
1952 489 2013 526 ex
2036 473 2265 538 muliere,

692 567 851 622 brevis
893 567 1007 621 vitae
1043 577 1089 621 et
1118 567 1295 637 plenus
1322 565 1613 619 iracundiae.
1662 565 1812 621 Unde
1853 566 2009 636 igitur
2055 567 2127 620 ira
2175 567 2266 622 Dei

695 673 861 726 super
904 659 1256 712 innocentiam
1308 659 1549 725 parvuli,
1594 657 1691 711 nisi
1741 658 2014 729 originalis
2041 670 2185 714 sorte
2205 675 2267 714 ac

693 751 851 806 sorde
876 751 1071 818 peculi
1093 750 1116 802 ?
1141 749 1208 803 de
1236 766 1335 818 qua
1361 749 1412 804 iu
1444 749 1630 805 eodem
1658 751 1790 806 libro
1817 753 1996 807 itidem
2014 754 2266 820 scriptum

694 855 797 905 ρει,
826 857 930 894 non
957 855 1073 893 esse
1099 841 1166 892 ab
1195 839 1292 893 hac
1320 841 1571 895 mumlum
1602 860 1695 894 nec
1736 843 1984 896 infantem
2009 843 2160 910 cujus
2186 852 2270 897 est

691 933 850 987 unius
873 932 974 986 dici
1001 932 1101 985 vita
1127 945 1285 1000 super
1313 940 1505 984 terram
1525 931 1646 1000 (Job
1671 947 1785 994 xiv,
1816 934 1866 994 l,
1887 933 1940 997 5,
1961 949 2057 987 sec.
2077 931 2263 1002 LXX).

757 1023 814 1077 4.
846 1020 959 1075 Non
1005 1036 1131 1091 ergo
1171 1024 1222 1075 ill
1259 1021 1372 1075 istis
1408 1021 1532 1074 n.bil
1579 1023 1680 1091 egit
1719 1022 1857 1091 quod
1889 1022 2148 1076 :ItlvchIts
2173 1038 2266 1078 eos

691 1114 1070 1169 instantissime
1097 1111 1415 1180 disputatur.
1455 1123 1502 1166 et
1532 1129 1715 1166 eurmu
1747 1113 1966 1166 auribus
1992 1114 2266 1167 catholica:

625 1203 630 1210 ”
681 1218 843 1258 Voces
880 1204 1002 1257 hinc
1026 1212 1183 1272 atque
1214 1201 1334 1256 inde
1357 1203 1792 1267 circumsonant,
1838 1202 2263 1272 quandoquidem

684 1293 927 1348 volentes
977 1293 1330 1364 argumentari
1377 1302 1559 1347 contra
1602 1293 1941 1348 Sacramenta
1990 1292 2262 1360 Ecclesim,

680 1383 911 1440 confessi
949 1394 1070 1439 sunt
1104 1393 1277 1439 tamen
1307 1385 1550 1453 parvulos
1590 1383 1828 1438 credere.
1875 1383 1989 1437 Non
2029 1384 2106 1437 eis
2136 1398 2264 1454 ergo

688 1477 997 1547 promittant
1026 1477 1184 1530 vitam
1207 1517 1222 1540 ,
1265 1475 1470 1530 etiamsi
1501 1493 1602 1528 nun
1634 1476 1828 1530 fuerint
1869 1475 2114 1545 baptizati
2147 1495 2160 1528 .
2194 1476 2263 1531 dc

681 1584 782 1639 qua
811 1569 953 1624 enim
981 1567 1081 1622 alia
1108 1567 1210 1622 vita
1233 1567 1444 1632 dicitur,
1473 1567 1571 1633 Qui
1587 1567 1875 1621 incredulus
1891 1578 1960 1621 est
1986 1567 2143 1632 Filio,
2163 1586 2264 1625 non

684 1658 868 1712 uidebit
897 1659 1083 1712 vitam?
1125 1657 1234 1712 Nec
1263 1671 1358 1712 eos
1388 1673 1415 1710 a
1449 1673 1615 1727 regno
1657 1657 1911 1713 cmlurum
1949 1659 2026 1712 sic
2063 1659 2265 1714 fatean-

687 1758 773 1804 tur
800 1749 1028 1814 alienos,
1062 1757 1118 1802 ut
1149 1758 1321 1802 tamen
1350 1764 1377 1800 a
1409 1748 1749 1802 damnatione
1774 1749 2062 1803 defendant
2092 1769 2104 1805 :
2139 1765 2260 1806 nam

685 1839 813 1910 quid
854 1840 954 1895 uisi
982 1839 1250 1894 damnatio
1274 1839 1599 1908 signiﬁcatur
1639 1855 1731 1908 per
1769 1841 1933 1906 iram,
1965 1858 2122 1909 quam
2160 1843 2264 1896 Do-

687 1933 862 1986 minus
885 1945 1043 1999 super
1087 1947 1190 1984 nou
1221 1930 1521 1984 credentem
1555 1945 1769 1984 manere
1816 1931 2078 1986 testatur?
2125 1932 2261 1986 Mul-

687 2031 796 2075 ttuu
843 2035 1060 2091 prorsus
1087 2035 1356 2074 accessum
1383 2031 1465 2073 est
1489 2062 1503 2085 ,
1547 2030 1598 2074 et
1639 2022 1754 2075 sine
1794 2023 2102 2090 scrupulosa
2127 2037 2258 2077 con-

687 2111 970 2167 ﬂictatione
990 2126 1147 2166 causa
1173 2112 1312 2164 linita
1337 2122 1431 2164 est.
1459 2109 1512 2165 Si
1536 2110 1675 2165 enim
1698 2114 1993 2166 roaeedunt
2016 2115 2260 2181 parvulos

684 2202 902 2258 credere
928 2243 943 2268 ,
982 2201 1164 2271 procul
1193 2201 1353 2255 dubio
1378 2202 1514 2255 sicut
1540 2217 1633 2256 eos
1675 2212 1818 2256 tenet
1861 2204 1946 2256 illa
1977 2202 2257 2268 sententia,

687 2293 787 2359 Qui
816 2309 916 2346 non
947 2303 1146 2345 renotus
1171 2292 1318 2364 fuerit
1343 2308 1407 2346 ea:
1444 2309 1574 2363 aqua
1599 2303 1648 2347 et
1689 2295 1886 2362 Spiritu
1910 2335 1925 2356 ,
1971 2313 2069 2348 non
2100 2296 2260 2349 intra-

679 2384 749 2438 bit
775 2385 828 2438 in
853 2400 1061 2456 regnum
1078 2382 1314 2437 (telorum
1337 2384 1511 2454 (Joan.
1533 2401 1608 2440 Ill.
1637 2383 1722 2457 5);
1746 2387 1823 2441 sic
1842 2387 1999 2441 etiam
2027 2389 2120 2441 ista
2142 2403 2260 2458 qute

677 2477 916 2548 ejusdem
939 2477 1139 2532 Domini
1166 2486 1267 2543 est,
1304 2477 1401 2540 Qui
1425 2478 1689 2532 crediderit
1713 2490 1760 2532 et
1783 2480 2064 2550 baptizatus
2085 2482 2256 2549 fuerit,

674 2567 845 2624 salvus
875 2570 966 2622 erit
1000 2584 1018 2622 :
1048 2569 1134 2639 qui
1167 2579 1332 2622 autent
1367 2586 1466 2622 non
1511 2570 1773 2623 crediderit
1797 2614 1810 2637 ,
1845 2572 2261 2627 condemnabitur

675 2660 864 2731 (Marc.
901 2676 1013 2724 ιγι,
1047 2662 1158 2730 16).
1203 2660 1334 2728 Quia
1362 2677 1488 2731 ergo
1518 2677 1637 2716 eum
1685 2664 1884 2731 parvuli
1927 2665 2260 2734 baptizantur

678 2752 912 2808 fatentur
940 2753 1021 2806 isti
1039 2767 1133 2807 eos
1153 2767 1270 2807 esse
1291 2755 1596 2818 credentes,
1626 2754 1863 2809 damnari
1890 2773 1994 2810 non
2019 2759 2260 2813 dubitent

678 2860 784 2900 non
813 2845 1091 2900 credentes
1115 2863 1128 2899 :
1158 2855 1210 2900 et
1239 2846 1467 2900 audeant
1491 2846 1602 2917 jam
1627 2847 1805 2903 dicere
1828 2890 1843 2915 ,
1876 2849 1920 2903 si
1955 2862 2194 2919 pinsunt,
2226 2867 2256 2906 ιι

671 2937 816 3008 justo
847 2937 955 2991 Deo
978 2937 1218 2991 damnari
1247 2937 1377 2991 nihil
1408 2938 1532 2991 mali
1562 2954 1628 2992 ex
1651 2939 1856 3010 origine
1886 2943 2176 3008 trahentes,
2204 2951 2259 2997 et

677 3030 876 3100 peccati
906 3029 1206 3100 contagium
1237 3045 1341 3083 non
1373 3028 1647 3085 habentes.

744 3131 968 3188 CAPUT
1011 3129 1095 3185 Ill.
1119 3159 1191 3170 —
1231 3131 1283 3185 5.
1335 3131 1463 3184 lIlud
1495 3146 1620 3186 vero
1657 3133 1794 3202 quod
1826 3134 1877 3188 iu
1924 3136 2112 3190 litteris
2155 3137 2257 3191 tuis

677 3222 1104 3276 commemoraui
1124 3262 1139 3286 ,
1189 3221 1419 3288 objicere
1451 3222 1602 3277 nobis
1637 3224 1811 3279 Enoch
1837 3237 1890 3280 et
1920 3228 2084 3280 lilium
2114 3228 2254 3296 quod

677 3311 870 3368 mortui
901 3327 1005 3366 non
1037 3312 1253 3377 fuerint,
1286 3315 1377 3367 sed
1406 3329 1528 3367 cum
1564 3315 1673 3368 suis
1709 3320 2021 3384 corporibus
2062 3335 2124 3373 ex
2156 3320 2252 3375 ista

675 3403 946 3458 hominum
993 3404 1398 3458 com'ersatione
1442 3404 1722 3470 translati;
1768 3407 1892 3472 quid
1938 3423 2030 3462 eos
2058 3410 2122 3462 ad
2156 3409 2256 3466 hoc

675 3494 816 3549 unde
843 3494 1017 3563 agitur
1046 3493 1280 3560 adjuvet.
1312 3510 1412 3548 non
1444 3495 1696 3562 intelligo.
1750 3497 1816 3552 Ut
1844 3499 1984 3552 enim
2013 3501 2252 3556 omittam

672 3587 813 3656 quod
841 3585 940 3654 ipsi
970 3602 1179 3656 quoque
1207 3586 1443 3641 morituri
1491 3598 1668 3657 postea
1697 3590 2046 3660 perhibentur
2064 3634 2078 3658 ,
2119 3594 2258 3648 sicut

677 3679 912 3747 plerique
950 3687 1223 3746 eXpOttunt
1270 3681 1640 3751 Aptualypsim
1682 3681 1900 3736 Joannis
1939 3685 2006 3736 de
2048 3684 2255 3740 duobus

680 3767 782 3821 illis
813 3767 1081 3836 prOphetis
1104 3809 1118 3830 ,
1161 3768 1228 3822 de
1254 3770 1476 3837 quibus.
1511 3771 1683 3825 tacitis
1714 3789 1897 3827 eorum
1930 3776 2251 3844 nominibus,

673 3857 932 3928 lquitur,
975 3859 1115 3928 quod
1141 3859 1225 3913 isti
1251 3861 1356 3913 duo
1381 3863 1546 3914 sancti
1573 3876 1690 3916 cum
1723 3866 1830 3918 suis
1859 3875 1980 3921 tunc
2018 3871 2256 3936 corpori-

676 3948 774 4005 bus
793 3952 1141 4020 apparebunt,
1182 3952 1443 4022 inquibus
1478 3970 1617 4008 nunc
1647 3957 1846 4020 vivunt,
1876 3971 1930 4012 ut
1955 3962 2112 4015 etiam
2155 3963 2250 4033 ipsi

673 4042 1121 4114 quemadmodum
1153 4045 1328 4098 eu'teri
1375 4055 1634 4116 martyres
1675 4063 1768 4116 pro
1808 4051 1998 4104 Christi
2033 4055 2253 4109 writate

673 4134 969 4190 moriantur
990 4132 1170 4203 (Apoc.
1204 4149 1283 4197 ιι,
1313 4134 1432 4203 5-7)
1465 4152 1478 4187 :
1508 4137 1564 4189 ut
1589 4153 1716 4206 ergo
1738 4138 1835 4193 hoc
1857 4143 2120 4208 omittam,
2151 4144 2250 4199 ista

670 4225 963 4295 qua’stione
979 4223 1162 4288 dilata,
1186 4227 1582 4293 quomodolibet
1608 4243 1726 4283 Sese
1749 4232 1956 4295 habeat,
1979 4235 2103 4302 quid
2122 4237 2251 4292 istos

675 4314 910 4385 adjuvat,
953 4331 1133 4384 quarso
1161 4316 1250 4370 te?
1301 4316 1483 4384 Neque
1507 4321 1648 4375 enim
1680 4320 1803 4375 hinc
1829 4326 2116 4380 ostendunt
2144 4344 2248 4382 unn

672 4415 890 4478 propter
933 4418 1206 4476 peccatum
1253 4410 1493 4465 homines
1537 4416 1826 4468 secundum
1864 4431 2058 4485 corpus
2091 4420 2246 4473 mori.

670 4496 800 4552 Nam
822 4497 866 4552 si
897 4497 1055 4564 Deus,
1090 4499 1178 4570 qui
1211 4508 1315 4553 tam
1345 4503 1524 4556 multis
1553 4503 1795 4558 iidelibns
1818 4510 1926 4557 suis
1950 4507 2109 4562 donat
2137 4509 2248 4577 ipsa

669 4598 904 4662 peccata.
939 4591 1102 4645 voluit
1129 4592 1439 4661 quibusdam
1465 4595 1622 4649 etiam
1647 4595 1798 4649 istam
1821 4616 1832 4663 ι
1853 4613 2026 4652 mnam
2050 4599 2250 4657 doliare

669 4679 870 4750 peccati
895 4695 912 4747 ;
963 4683 1054 4752 qui
1085 4697 1182 4736 nos
1205 4699 1391 4737 sumus
1414 4688 1501 4754 qui
1537 4701 1658 4757 resp
1697 4689 1954 4742 ndeumus
1980 4689 2127 4758 Deo,
2155 4707 2250 4748 cur

637 4762 802 4829 ’Ilius
822 4773 900 4829 sic
923 4814 936 4832 .
961 4776 1095 4831 alius
1121 4785 1294 4830 autem
1323 4777 1439 4831 sic?

746 4867 800 4924 6.
846 4867 1078 4924 Dicimus
1123 4882 1252 4936 ergo
1279 4868 1417 4938 quod
1457 4871 1792 4938 apertissime
1825 4876 2110 4942 Αρςιδιοιιιε
2151 4878 2244 4941 ait.

666 4963 862 5033 Corpus
886 4962 1085 5034 quidem
1120 4973 1372 5015 mortuum
1401 4970 1470 5014 est
1495 4975 1698 5032 propter
1732 4977 2018 5032 peceatum;
2045 4971 2249 5038 spiritus

666 5065 834 5110 autem
864 5055 963 5109 vita
993 5065 1063 5108 est
1091 5063 1292 5125 propter
1311 5053 1584 5125 justitiam.
1615 5054 1674 5108 Si
1703 5069 1867 5110 autem
1896 5061 2120 5126 Spiritus
2140 5063 2248 5133 eius

664 5153 750 5218 qui
776 5145 1030 5200 suscitauit
1061 5144 1316 5200 Christum
1355 5163 1385 5196 (ι
1415 5147 1642 5204 mortuis.
1673 5147 1860 5202 habitat
1904 5153 1954 5205 in
1980 5156 2137 5218 vobis;
2161 5158 2247 5228 qui

665 5239 921 5295 suscitauit
961 5237 1215 5291 Christum
1258 5255 1288 5290 η
1338 5250 1500 5291 mortu
1521 5256 1566 5304 δ,
1615 5241 1881 5308 rini/icabit
1923 5256 1967 5298 et
2012 5252 2246 5304 mortalia

663 5345 880 5400 corpora
908 5338 1067 5383 vestra
1104 5345 1189 5394 per
1217 5329 1572 5382 inhobitantem
1610 5329 1857 5400 Spiritum
1897 5337 2004 5406 ejus
2031 5339 2080 5391 in
2113 5341 2246 5395 vobis

667 5423 845 5498 (Rom.
868 5436 980 5480 vui.
1009 5421 1119 5492 ll).
1149 5421 1254 5476 Nec
1277 5430 1449 5476 tamen
1484 5426 1580 5477 ista
1609 5424 1685 5478 sic
1711 5425 1956 5494 dicimus,
1990 5439 2040 5482 ut
2081 5449 2242 5505 iii-8.3-

665 5530 785 5570 mus
819 5514 980 5569 Deum
1016 5528 1169 5582 posse
1198 5512 1247 5566 in
1274 5513 1461 5580 quibus
1490 5515 1733 5581 voluerit,
1767 5533 1906 5572 nuru:
1935 5522 2108 5575 laci-re
2129 5527 2244 5581 sine

665 5616 836 5663 morte.
859 5606 998 5677 quod
1043 5610 1157 5662 sine
1185 5607 1510 5660 dubitatione
1548 5609 1811 5662 credimus
1851 5613 1900 5666 in
1931 5621 2034 5667 tam
2069 5619 2244 5673 multis

665 5696 926 5751 facturum
967 5712 1086 5752 esse
1131 5706 1248 5767 post
1294 5707 1517 5751 mortem
1549 5716 1561 5750 :
1593 5715 1691 5754 nec
1736 5702 1854 5756 ideo
1899 5713 2071 5762 tzuueu
2116 5711 2240 5767 illud

665 5787 858 5844 falsum
883 5788 1006 5853 erit,
1029 5789 1168 5859 quod
1195 5806 1282 5863 per
1307 5806 1462 5844 unum
1484 5793 1731 5848 hominem
1759 5808 2012 5866 percolunt
2038 5800 2090 5857 in
2110 5803 2242 5861 hunc

1922 347 1984 416 s.‘
2019 353 2388 415 AUGUSTlNl
2428 358 2727 421 EPISCOPl
3777 389 3852 450 επ

2374 476 2616 531 mundum
2642 479 2865 545 intravit,
2893 489 2943 535 et
2969 499 3059 552 per
3077 495 3326 556 peccatum
3351 505 3495 559 morr,
3521 502 3564 548 et
3583 495 3644 549 ita
3667 499 3709 554 in
3725 518 3849 563 omna

2374 567 2600 623 homines
2619 571 2921 641 pertransiit.
2953 573 3062 628 lloc
3089 576 3228 630 enim
3249 578 3436 632 dictum
3456 585 3670 655 est,quia
3695 592 3850 664 uisiper

2377 669 2646 728 peccatum
2687 677 2832 716 mors
2875 663 3141 730 intrasset,
3181 669 3318 723 nulla
3349 686 3486 727 mors
3514 687 3657 730 esset.
3695 663 3850 743 Name;

2375 764 2494 805 eum
2521 751 2768 816 dicimus.
2797 753 2994 810 Omnes
3018 765 3233 826 pr0ptt-r
3253 771 3454 828 peccata
3479 767 3720 824 mittuntur
3735 772 3774 826 in
3791 790 3851 845 ge.

2376 841 2633 907 bennam,
2677 847 2930 916 numquid
2981 848 3098 903 ideo
3138 849 3322 904 falsum
3371 852 3609 925 dicimus,
3649 863 3748 927 quia
3779 841 3851 923 non

2373 949 2561 990 omnes
2597 937 2840 993 homines
2865 942 3142 995 mittuntur
3165 941 3215 996 iu
3242 945 3560 1013 gehennam?
3585 949 3696 1006 Illud
3714 957 3853 1025 quippe

2375 1025 2495 1080 ideo
2525 1043 2706 1082 verum
2744 1039 2846 1094 est,
2880 1045 2983 1084 non
3011 1033 3130 1102 quia
3173 1037 3343 1088 omnis
3373 1037 3522 1091 homo
3559 1043 3769 1106 mittatur,
3791 1051 3852 1104 sed

2373 1119 2493 1185 quia
2521 1121 2694 1173 nullus
2716 1121 2814 1174 nisi
2840 1132 3170 1190 peccatorum
3200 1127 3400 1181 meritis
3423 1131 3643 1186 mittitur.
3668 1134 3781 1190 Talis
3799 1150 3854 1195 est

2372 1223 2403 1263 e
2432 1213 2699 1265 contrario
2723 1213 2880 1267 etiam
2907 1214 2992 1268 illa
3025 1218 3305 1281 seatentia,
3341 1218 3436 1273 Per
3457 1225 3852 1296 nniusjuuiﬁmtio-

2370 1315 2484 1352 nem
2507 1302 2557 1354 in
2574 1318 2744 1357 omnes
2761 1304 2986 1360 homines
3006 1307 3074 1360 ad
3085 1309 3489 1377 justi/icationem
3508 1316 3610 1368 vita
3630 1315 3718 1385 (Id.
3738 1335 3777 1383 γ,
3799 1321 3853 1388 12,

2373 1389 2461 1462 18)
2489 1410 2502 1445 :
2533 1409 2636 1448 non
2664 1395 2805 1449 enim
2832 1412 3020 1453 onlnes
3047 1399 3288 1456 homines
3313 1403 3567 1472 pertinent
3585 1406 3642 1462 ad
3663 1410 3852 1477 justilica-

2372 1483 2568 1540 tionem
2595 1485 2816 1550 Christi;
2850 1488 2944 1543 sed
2973 1491 3072 1545 hoc
3098 1490 3295 1548 dictum
3320 1503 3422 1561 est,
3448 1498 3566 1567 quia
3594 1515 3726 1556 tremo
3743 1502 3854 1571 justi-

2371 1575 2560 1631 lieatur
2589 1579 2689 1633 nisi
2720 1594 2816 1648 per
2841 1578 3136 1638 Christum.

2442 1668 2490 1720 7.
2537 1667 2696 1739 Magis
2719 1685 2845 1740 ergo
2867 1672 2953 1726 illa
2975 1675 3196 1744 quaestio
3219 1691 3325 1732 non
3353 1677 3604 1735 immerito
3621 1694 3778 1749 movet,
3794 1701 3857 1741 cur

2372 1774 2526 1828 pinna
2568 1761 2791 1828 peccati,
2820 1772 3038 1833 pi-ctato
3077 1781 3181 1820 non
3222 1779 3542 1833 remanente,
3579 1784 3796 1834 remanet;
3823 1777 3856 1829 id

2370 1859 2473 1915 est,
2510 1852 2551 1905 si
2578 1867 2720 1906 mors
2741 1854 2898 1908 etiam
2925 1857 3165 1926 corporis
3191 1873 3345 1927 paena
3374 1862 3562 1928 peccati
3585 1872 3671 1925 est,
3698 1863 3771 1916 ista
3796 1881 3858 1934 po-

2373 1939 2478 1994 tius
2505 1941 2680 2010 aliqua
2701 1947 2924 2012 quaestio
2951 1955 3053 2011 est,
3081 1963 3177 2002 cur
3204 1949 3456 2004 moriatur
3481 1951 3636 2006 infans
3660 1968 3755 2008 cum
3783 1955 3860 2011 irie-

2368 2033 2437 2085 rit
2466 2032 2778 2100 baptizatus,
2813 2051 2971 2106 quam
3015 2052 3112 2092 cur
3146 2051 3387 2095 mortuus
3415 2057 3514 2096 non
3551 2044 3608 2097 sit
3637 2045 3750 2098 Elias
3774 2061 3858 2100 cum

2367 2119 2526 2176 fuerit
2548 2125 2884 2190 justilicatus.
2915 2127 3056 2182 Illius
3075 2129 3213 2183 enim
3239 2131 3387 2185 linito
3413 2145 3614 2200 peccato
3637 2148 3777 2190 movet
3793 2152 3859 2191 cur

2367 2225 2544 2269 scenta
2595 2216 2661 2270 sit
2694 2233 2847 2285 poma
2875 2223 3110 2289 peccati;
3152 2221 3310 2292 hujus
3347 2226 3500 2279 etiam
3543 2226 3672 2280 ﬁnito
3702 2241 3858 2296 peccato
3926 2277 3927 2284 η

2368 2321 2582 2361 movere
2621 2323 2725 2362 non
2759 2308 2917 2364 debet
2955 2311 2998 2364 si
3040 2327 3144 2366 non
3174 2323 3429 2383 sequatur
3457 2331 3598 2384 paula
3627 2319 3858 2385 peceiti.Si
3926 2353 3927 2360 η

2366 2413 2492 2466 ergo
2535 2398 2676 2452 illam
2707 2401 3056 2467 qumstiouem
3082 2402 3149 2457 de
3177 2413 3355 2460 morte
3392 2406 3751 2476 luiptizatorum,
3777 2423 3855 2474 cur,

2367 2485 2498 2540 facta
2517 2489 2802 2544 abolitione
2822 2492 3044 2560 peccati,
3069 2503 3321 2564 sequatur
3343 2506 3508 2550 tamen
3528 2497 3735 2568 qutcdam
3751 2513 3858 2569 ptent
3926 2513 3927 2534 ι

2372 2581 2594 2646 ρθςιιιιί,
2628 2581 2678 2634 in
2709 2582 2856 2634 libris
2885 2583 2952 2636 de
2997 2583 3268 2653 Baptismo
3303 2587 3644 2654 Parvulorurn,
3670 2606 3775 2660 quos
3796 2590 3858 2643 ubi
3926 2605 3927 2618 ι

2366 2671 2476 2722 scio
2499 2687 2614 2724 esse
2639 2671 2965 2734 notissimus,
2988 2685 3242 2744 quantum
3269 2679 3530 2747 potuimus
3550 2681 3733 2734 domino
3755 2680 3858 2750 adju-

2369 2773 2524 2815 vante
2551 2761 2890 2817 dissolvimus
2914 2763 2989 2834 (ιι)
3020 2781 3033 2817 :
3061 2777 3259 2834 quanto
3291 2769 3461 2822 minus
3489 2769 3576 2823 ista
3601 2786 3775 2825 morere
3792 2785 3855 2824 nos

2364 2851 2519 2907 debet
2547 2854 2631 2907 ubi
2659 2853 2870 2920 dicitur,
2895 2856 3260 2924 Quarejustus
3287 2859 3427 2914 Elius
3452 2870 3666 2916 mortuus
3685 2876 3768 2915 non
3785 2871 3852 2925 eSt,

2364 2943 2408 2997 si
2437 2959 2579 2998 mors
2607 2959 2759 3013 poena
2785 2950 2986 3016 peccati
3015 2950 3133 3003 est?
3152 2955 3306 3020 quasi
3325 2951 3595 3015 diceretur,
3616 2952 3758 3020 Quare
3770 2966 3856 3020 pec-

2363 3043 2512 3087 cator
2559 3035 2706 3089 Elius
2753 3048 2993 3093 mortuus
3036 3054 3140 3094 non
3189 3052 3296 3110 est,
3343 3044 3386 3097 si
3426 3059 3565 3098 mors
3602 3057 3732 3114 poena
3769 3055 3857 3112 pec-

2362 3125 2463 3178 cati
2494 3138 2569 3179 est
2592 3125 2616 3179 ?

2432 3215 2485 3268 8.
2528 3215 2637 3271 Nisi
2685 3217 2822 3273 forte
2860 3219 3003 3274 aliud
3047 3236 3113 3276 ex
3147 3203 3256 3278 alio
3303 3233 3514 3280 movent
3547 3235 3596 3280 et
3625 3223 3856 3280 dicunt:Si

2361 3306 2544 3362 Euoclt
2575 3319 2630 3363 et
2661 3309 2802 3364 Elias
2830 3326 2996 3378 IlSqtle
3034 3314 3166 3368 adeo
3204 3331 3314 3370 non
3345 3317 3597 3373 habebant
3628 3325 3855 3387 penatum,
3926 3345 3927 3362 ι

2360 3410 2417 3453 ιιι
2456 3415 2555 3455 nec
2592 3412 2838 3468 mortem,
2871 3420 2989 3472 qum
3033 3407 3232 3475 peccati
3277 3419 3363 3464 est
3389 3424 3556 3478 pineta,
3592 3416 3854 3480 pzttcl'enlﬂfi

2360 3493 2626 3561 quomodo
2658 3511 2813 3550 nemo
2839 3496 2924 3550 hic
2955 3498 3077 3552 vivit
3099 3500 3219 3556 sine
3253 3504 3512 3571 peccato?
3537 3503 3678 3571 Quasi
3704 3517 3781 3556 non
3801 3499 3855 3554 eis

2364 3585 2692 3653 probabilius
2732 3591 3114 3656 restioutleatur
3138 3609 3149 3642 ε
3177 3591 3302 3647 Ideo
3343 3609 3474 3664 quos
3515 3593 3661 3648 ﬁnitis
3689 3591 3854 3662 peculis

2359 3675 2525 3730 Voluit
2565 3678 2815 3731 Dominus
2837 3681 3035 3746 vivere,
3071 3699 3173 3736 uou
3206 3684 3293 3738 hic.
3322 3688 3554 3754 permissi
3581 3695 3688 3741 sunt
3711 3684 3851 3744 \it'el'e.

2359 3770 2609 3838 quoniam
2634 3770 2716 3824 hic
2735 3773 3011 3842 quisquam
3034 3776 3148 3829 sine
3177 3788 3398 3843 peccato
3423 3795 3522 3833 non
3545 3786 3694 3848 potest
3709 3777 3851 3829 virere.

2360 3857 2464 3914 Sed
2505 3859 2616 3914 ha-c
2644 3870 2804 3931 atque
2843 3862 3144 3932 huiusmodi
3174 3867 3433 3922 adversus
3465 3869 3587 3924 istos
3609 3868 3696 3922 dici
3721 3878 3851 3934 ιιοιιιε·

2360 3962 2503 4014 ιιιιιι,
2535 3954 2577 4006 si
2613 3969 2708 4023 pro
2725 3964 2873 4008 certo
2893 3956 3106 4012 aliunde
3128 3963 3507 4022 convincerent
3530 3963 3634 4015 illos
3652 3969 3851 4028 antiquam

2358 4057 2479 4097 esse
2508 4045 2811 4101 ll'lul'iilll‘tts.
2837 4045 2968 4102 Cum
2994 4064 3117 4101 vero
3143 4049 3194 4104 id
3224 4051 3420 4107 ducere
3444 4069 3544 4106 non
3569 4053 3752 4121 possint,
3771 4060 3850 4101 me.

2361 4135 2564 4202 liusque
2589 4136 2705 4189 illos
2727 4146 2979 4192 venturos
3008 4152 3127 4194 esse
3157 4142 3408 4197 credatur
3432 4142 3496 4197 ad
3525 4152 3736 4203 mortem,
3761 4132 3850 4190 nillil

2359 4235 2444 4281 est
2476 4241 2573 4282 cur
2599 4242 2694 4283 eos
2718 4230 2876 4284 velint
2907 4229 3062 4284 nobis
3087 4231 3322 4302 objicere
3359 4248 3529 4288 causa:
3554 4249 3652 4287 suae
3678 4230 3787 4285 nulla
3805 4239 3850 4280 ex

2359 4329 2507 4390 parte
2527 4322 2722 4390 aliquid
2755 4323 3078 4393 profuturos.

2427 4412 2510 4466 CA
2524 4411 2654 4467 PUT
2683 4411 2770 4466 lV.
2801 4443 2868 4452 —-
2894 4414 2948 4468 9.
2993 4414 3068 4468 Illi
3113 4425 3289 4470 autem
3325 4418 3391 4471 de
3415 4418 3593 4486 quibus
3614 4414 3723 4470 dixit
3752 4413 3850 4480 Apo-

2358 4503 2543 4563 stolus.
2577 4519 2696 4558 cum
2739 4506 3042 4574 loqueretur
3067 4505 3134 4560 de
3162 4510 3547 4564 resurrectione
3575 4513 3846 4563 mortuom.

2360 4593 2424 4647 Et
2452 4613 2542 4648 nos
2570 4599 2784 4648 virentes
2806 4598 2888 4665 qui
2915 4598 3094 4667 reliqui
3117 4615 3310 4664 stultus,
3339 4602 3486 4654 sinaut
3507 4616 3610 4653 cum
3633 4597 3716 4652 illis
3731 4591 3849 4662 ιπρῢ

2357 4703 2470 4740 mur
2497 4687 2546 4740 in
2589 4687 2798 4740 nubibus
2828 4689 3021 4741 obviam
3054 4688 3250 4743 Christo
3286 4691 3338 4744 in
3367 4705 3514 4754 tera;
3548 4698 3588 4743 et
3624 4689 3682 4740 ita
3707 4692 3848 4749 σῶμα

2357 4797 2468 4832 eum
2497 4779 2713 4832 Domino
2739 4782 2924 4835 erinms
2959 4781 3000 4851 (l
3023 4780 3196 4836 Thess.
3226 4798 3300 4847 tv,
3334 4783 3441 4851 lli),
3469 4783 3666 4837 alienun
3689 4771 3846 4847 quidem

2353 4873 2549 4942 aliqqu
2569 4873 2907 4942 qumstionis;
2932 4875 3022 4928 sed
3054 4891 3146 4943 per
3169 4875 3392 4944 Scip-os,
3417 4894 3516 4929 non
3539 4868 3844 4943 pmpteristos-

2355 4962 2483 5016 Nam
2511 4963 2610 5016 etsi
2645 4978 2747 5017 nou
2775 4974 2898 5018 sunt
2923 4965 3081 5018 etiam
3113 4967 3208 5035 ipsi
3239 4967 3495 5030 morituri,
3517 4965 3629 5034 qutd
3655 4963 3756 5016 istos
3775 4953 3842 5009 δάν

2348 5056 2533 5125 jureut
2562 5058 2779 5112 onmino
2805 5073 2908 5111 non
2948 5058 3118 5121 video,
3151 5056 3420 5113 cum‘ialit
3456 5058 3520 5112 de
3545 5056 3618 5109 his
3640 5051 3726 5108 dici
3755 5058 3841 5116 [ια’

2353 5151 2478 5214 sint,
2515 5149 2689 5219 qualia
2727 5149 2796 5204 de
2831 5151 2933 5204 illis
2971 5150 3108 5205 dicta
3153 5161 3270 5206 sunt
3301 5151 3523 5205 duobus.
3558 5146 3650 5201 Sed
3691 5148 3840 5198 rem

2353 5253 2600 5310 quantum
2630 5242 2695 5294 ad
2721 5242 2879 5296 verba
2908 5242 3044 5296 beati
3065 5242 3302 5310 Apostoii
3334 5241 3566 5309 pertinet.
3595 5235 3763 5289 videtur
3781 5239 3839 5277 λδ·

2353 5350 2532 5387 serere
2567 5336 2823 5402 quosdam
2867 5336 2916 5386 in
2963 5337 3067 5388 tiue
3110 5335 3286 5388 surculi
3329 5333 3626 5386 adveniente
3657 5319 3838 5380 υυιιιίηοο

2350 5441 2468 5479 cum
2506 5426 2674 5479 futura
2706 5435 2785 5480 est
2815 5429 3132 5480 resurt‘eCIio
3157 5435 3496 5486 mortuorum,
3525 5437 3617 5475 unu
3635 5429 3732 5470 esse
3753 5421 3838 5463 ὥθ’

2353 5517 2568 5580 rituro~,
2612 5516 2703 5570 sed
2752 5516 2898 5569 vivos
2938 5527 3177 5584 repertos
3204 5519 3253 5571 in
3293 5516 3430 5569 illam
3467 5505 3835 5568 ιιιιιιιιοιιέιιὶιειῑθω

2349 5626 2468 5677 qua:
2507 5623 2614 5662 Satn
2637 5609 2702 5663 tis
2732 5611 2888 5664 etiam
2931 5613 3140 5666 carteris
3164 5614 3334 5671 datur.
3366 5620 3573 5678 repente
3599 5595 3834 5658 mutatth

2349 5708 2404 5755 et
2445 5701 2600 5754 simul
2631 5716 2743 5754 cum
2782 5700 2885 5755 illis
2913 5703 3201 5772 rapiendos,
3236 5703 3367 5756 sicut
3391 5699 3532 5765 dicit,
3566 5696 3613 5750 in
3643 5684 3836 5747 1W:

2364 5825 2371 5832 '
2411 5813 2484 5881 (α)
2513 5814 2613 5864 Lib.
2629 5812 2676 5876 Ξ,
2698 5827 2802 5881 mp.
2825 5814 2887 5866 50
2910 5821 2961 5865 et
2981 5828 3118 5884 seqq.
