3990 6380
164 354 251 412 373
1319 334 1795 394 EPISTULARUM
1831 334 2110 393 CLASSIS
2144 328 2233 391 lil.

159 484 241 525 nec
264 463 455 535 aliquid
480 460 616 517 aliud
646 460 775 516 mihi
806 459 976 513 visum
1002 466 1103 521 est,
1140 457 1351 525 quoties
1379 458 1446 508 de
1472 452 1556 505 his
1588 466 1705 504 ver.

159 559 227 615 bis
248 558 377 611 volui
397 555 646 625 cogitare.

218 652 293 706 l0.
330 647 430 704 Sed
457 646 640 701 vellem
669 644 792 698 hinc
820 642 998 714 potius
1021 640 1204 696 audire
1226 638 1514 697 doctiores.
1548 650 1616 689 ne
1646 633 1707 687 il-

158 744 211 799 lis
233 741 401 803 etiam.
426 737 516 809 qui
557 746 741 807 putant
776 734 985 804 aliquos
1027 741 1200 788 morte
1229 745 1334 784 nou
1372 725 1708 799 praecedente

159 837 415 888 vivilicatos
434 830 502 885 ad
528 831 685 883 vitam
715 835 1024 900 perpetuam
1057 824 1393 882 transituros.
1417 820 1598 874 dicere
1627 817 1708 871 in-

159 927 369 979 veniatur
396 920 679 992 Apostolus
707 937 719 971 :
746 918 933 982 Stulte,
972 926 1026 970 tu
1043 915 1178 987 quod
1199 914 1418 968 seminus
1446 927 1545 964 non
1576 909 1702 963 vivi-

159 1017 330 1088 ﬁnitur,
356 1012 452 1066 nisi
481 1011 621 1083 prius
645 1009 909 1065 moriatur.
942 1006 1072 1061 Nam
1105 1014 1160 1060 et
1186 1004 1314 1059 illud
1348 1001 1489 1073 quod
1518 1002 1570 1054 iu
1596 1001 1706 1069 ple-

158 1108 308 1178 risque
331 1104 601 1161 codicibus
625 1101 838 1175 legitur,
868 1115 1040 1154 omnes
1059 1111 1376 1167 resurgemus
1400 1093 1442 1165 (Ι
1466 1091 1582 1146 Cor.
1606 1106 1699 1157 sv,

159 1201 231 1267 56,
256 1197 360 1271 5i),
401 1195 543 1252 unde
585 1196 697 1251 tieri
746 1194 958 1265 poterit,
1005 1192 1106 1247 nisi
1146 1204 1335 1245 oumes
1375 1183 1707 1241 moriamur?

160 1289 461 1349 Baurrectio
485 1288 704 1359 quippe.
746 1286 844 1340 uisi
876 1297 1020 1339 mors
1048 1280 1400 1353 praecesserit.
1432 1277 1575 1331 nulla
1601 1284 1704 1331 est.

161 1387 209 1441 Et
229 1383 353 1455 quod
400 1378 871 1437 ιιυηιιιιέιίροάὶευς
914 1377 1129 1434 habent.
1166 1390 1339 1428 omnes
1376 1371 1702 1433 dormiemus,

159 1477 295 1530 multo
323 1472 523 1528 facilius
548 1480 604 1525 et
630 1472 867 1540 apertius
896 1468 947 1523 id
977 1464 1121 1537 cogit
1150 1463 1369 1533 intelligi
1391 1478 1407 1527 ;
1431 1470 1487 1517 et
1511 1461 1555 1513 si
1576 1457 1705 1529 quid

158 1567 270 1622 aliud
307 1566 405 1620 tale
438 1564 493 1618 iu
528 1562 726 1617 sanctis
753 1559 967 1616 Litteris
998 1557 1281 1619 invenitur,
1316 1554 1381 1609 ad
1415 1553 1465 1608 id
1496 1552 1703 1606 videtur

159 1660 391 1729 impellere
421 1668 477 1711 ut
516 1655 695 1710 nullus
720 1653 993 1709 hominum
1023 1650 1355 1705 existimetur
1385 1642 1702 1700 immortali—

159 1762 310 1816 tatem,
335 1750 430 1804 nisi
459 1764 609 1802 mors
636 1746 989 1816 praecesserit,
1020 1742 1322 1813 adepturus.
1361 1737 1589 1794 Proinde
1615 1737 1703 1791 ubi

157 1844 264 1898 dixit
289 1841 565 1912 Apostolus
585 1881 601 1905 ,
649 1838 713 1892 Et
742 1855 833 1892 nos
866 1838 1079 1891 viventes
1113 1836 1198 1905 qui
1241 1833 1421 1904 reliqui
1454 1848 1625 1886 sumus
1651 1830 1706 1884 in

159 1934 385 1988 adventum
419 1931 649 1996 Domini,
681 1948 779 1985 non
809 1930 1163 2001 prtermiemus
1196 1943 1280 1981 eos
1317 1926 1402 1997 qui
1430 1935 1546 1979 ante
1582 1924 1707 1978 dor-

160 2019 349 2071 mierunt.
394 2015 418 2069 1
426 2033 512 2086 pse
545 2017 680 2070 enim
715 2013 962 2068 Dominus
986 2014 1037 2066 in
1054 2013 1225 2083 jussu,
1257 2012 1310 2065 in
1346 2027 1464 2067 voce
1489 2009 1710 2063 archan-

159 2110 251 2179 geli,
269 2117 308 2162 et
330 2109 380 2161 in
400 2107 515 2161 tubu
537 2106 634 2159 Dei
658 2104 919 2160 descendet
939 2106 1003 2159 de
1022 2103 1179 2167 cwlo;
1210 2112 1255 2156 et
1275 2102 1457 2155 mortui
1484 2102 1535 2155 in
1555 2101 1708 2155 Citri-

158 2212 218 2255 sto
234 2212 469 2272 resurgant
492 2199 649 2269 primi
676 2214 696 2252 :
719 2197 901 2251 deinde
925 2213 1015 2251 nos
1036 2197 1268 2257 viventes.
1295 2196 1384 2264 qui
1410 2193 1590 2261 reliqui
1617 2210 1709 2246 su-

160 2308 262 2347 mus.
285 2291 424 2345 simul
443 2306 561 2343 cum
583 2288 687 2343 illis
704 2288 959 2358 rapientur
976 2287 1028 2340 in
1056 2286 1269 2339 nubibus
1291 2283 1485 2338 obviam
1505 2282 1709 2340 Christo

160 2383 198 2434 iu
229 2398 363 2445 aeni;
401 2392 447 2435 et
483 2382 559 2433 itu
604 2397 799 2449 semper
837 2395 952 2432 cum
982 2376 1203 2431 Domino
1231 2376 1458 2440 erimus;
1493 2375 1706 2439 vellem.

160 2473 268 2525 sicut
290 2473 410 2536 disi,
442 2472 509 2526 de
542 2473 629 2524 his
662 2469 847 2524 audire
874 2468 1160 2534 doctiores,
1190 2476 1245 2521 et
1271 2469 1315 2521 si
1353 2466 1512 2521 moth)
1535 2477 1710 2535 potueo

161 2564 366 2618 riutlta-c
403 2567 471 2617 ita
499 2562 725 2632 exponi,
766 2570 823 2615 ut
864 2560 916 2614 in
954 2561 1033 2614 eis
1059 2560 1227 2629 possit
1258 2559 1473 2628 intelligi
1520 2570 1710 2612 omnes

162 2654 363 2711 homines
400 2657 487 2727 qui
529 2655 735 2718 vivunt.
768 2655 849 2708 vel
893 2662 1012 2725 post
1049 2668 1145 2707 nos
1174 2653 1359 2707 victuri
1404 2659 1549 2715 stmt,
1591 2664 1711 2705 esse

162 2748 426 2812 morituros,
448 2747 725 2815 corrigere
748 2745 888 2816 quod
920 2745 1043 2799 hinc
1062 2743 1346 2813 aliquando
1368 2744 1524 2798 aliter
1542 2742 1706 2797 sensi.

161 2835 308 2907 Neque
324 2839 457 2893 enim
478 2837 744 2892 debemus
766 2835 1020 2890 indociles
1042 2849 1164 2890 esse
1184 2833 1431 2889 doctores
1451 2853 1464 2888 :
1489 2842 1543 2887 et
1566 2843 1712 2889 certe

162 2930 317 2984 melius
336 2932 488 2984 homo
506 2929 796 2999 corrig‘tnr
819 2943 1031 2998 parvus,
1055 2942 1212 2996 quant
1236 2927 1492 2997 frangitur
1512 2926 1709 2992 durus;

162 3034 256 3073 cum
283 3022 340 3075 iis
358 3038 471 3092 quae
500 3021 842 3091 scripsimus,
873 3021 942 3074 ita
981 3020 1165 3073 nostra
1193 3019 1276 3072 vel
1305 3019 1531 3073 aliorum
1557 3032 1712 3074 eser-

162 3122 310 3167 ceatur
340 3125 392 3169 et
414 3113 694 3169 erudiatur
734 3111 1035 3177 inﬁrmitas,
1066 3120 1121 3165 ut
1161 3121 1337 3166 tanien
1377 3110 1431 3164 in
1460 3112 1540 3164 eis
1568 3110 1713 3165 nulla

163 3205 277 3259 velut
292 3208 538 3262 canonica
571 3206 927 3260 constituatur
948 3203 1260 3259 auctoritas.

216 3318 290 3372 ll.
326 3319 380 3374 Si
403 3320 548 3374 enim
580 3318 632 3373 iu
658 3319 739 3372 Itis
762 3317 940 3373 verbis
962 3316 1198 3386 Apostoli
1225 3316 1402 3371 nullus
1426 3316 1562 3372 alius
1587 3330 1712 3370 scn-

162 3421 235 3462 sus
249 3411 457 3479 potucrit
477 3407 731 3481 reperiri,
762 3416 818 3464 et
837 3408 937 3462 hoc
958 3424 1080 3462 cum
1113 3408 1331 3477 intelligi
1354 3406 1585 3461 Voluisse
1610 3407 1717 3461 cla-

163 3500 455 3571 fueritquod
476 3501 731 3556 videntur
747 3501 905 3554 verba
934 3498 1045 3569 ipsa
1074 3499 1337 3561 clamare;
1371 3498 1422 3551 id
1444 3506 1549 3560 est,
1573 3496 1714 3567 quod

165 3590 293 3647 futuri
328 3592 431 3649 sint
469 3596 522 3649 in
572 3592 677 3648 line
712 3592 893 3647 seaculi
929 3603 983 3647 et
1025 3591 1077 3645 in
1109 3589 1339 3645 adventu
1369 3589 1596 3652 Domini,
1625 3589 1715 3660 qui

164 3696 247 3737 non
267 3688 625 3755 exspatientur
644 3699 888 3753 corpore,
911 3682 1005 3737 sed
1034 3682 1482 3753 superiudoautur
1501 3681 1715 3735 immor.

166 3775 353 3846 lalitate,
382 3791 435 3835 ut
461 3779 821 3836 absorbeatur
850 3778 1074 3832 mortale
1102 3793 1132 3830 a
1159 3776 1263 3830 vita
1294 3774 1364 3847 (ll
1389 3774 1507 3829 Cor.
1530 3791 1586 3842 v,
1612 3774 1670 3847 4)
1701 3793 1714 3828 :

165 3866 264 3925 huic
286 3875 559 3928 sententias:
590 3874 772 3944 procul
798 3870 959 3926 dubio
979 3870 1260 3925 conveniet
1288 3870 1430 3940 qttod
1460 3871 1513 3924 in
1539 3869 1719 3940 regula

165 3960 613 4028 ﬁdeiconlitemur,
643 3973 920 4019 venturum
943 3963 1223 4017 Dominum
1248 3961 1609 4031 judicaturum
1638 3961 1720 4015 vi-

165 4067 241 4110 vos
262 4066 311 4112 et
333 4069 608 4122 mortuos;
638 4067 694 4113 ut
722 4073 827 4113 nou
852 4056 939 4113 hic
966 4057 1323 4127 intelligamus
1351 4056 1498 4109 vivos
1522 4054 1716 4124 justos,

166 4158 370 4205 mortuos
395 4168 578 4207 autem
608 4151 852 4219 iujustos,
882 4149 1127 4221 quamvis
1146 4147 1416 4217 judicandi
1456 4146 1566 4203 sint
1588 4147 1720 4217 justi

166 4251 209 4295 et
230 4242 424 4313 injusti;
470 4244 573 4301 sed
606 4243 753 4299 vivos
775 4260 909 4314 quos
949 4243 1186 4297 nomium
1229 4241 1447 4306 emisse,
1480 4249 1719 4295 mortuos

166 4342 315 4389 autem
338 4353 466 4407 quos
497 4338 616 4409 jam
640 4337 835 4391 exiisse
863 4335 930 4390 de
957 4334 1273 4405 corporibus
1311 4333 1570 4388 adventus
1603 4332 1721 4403 ejus

169 4422 385 4484 inveniet.
415 4432 552 4499 Quae
574 4431 619 4485 si
647 4430 718 4484 ita
743 4444 863 4483 esse
886 4428 1204 4493 constiterit,
1247 4426 1335 4481 illa
1364 4426 1525 4481 verba
1561 4440 1721 4480 excu-

170 4514 315 4574 tiutda
336 4531 505 4583 erunt.
546 4521 813 4592 quomodo
841 4521 919 4574 sic
937 4520 1280 4589 accipiemus,
1313 4516 1390 4571 Tn
1410 4518 1545 4588 quod
1572 4519 1722 4571 semi-

171 4619 245 4662 nus
272 4626 361 4665 non
387 4613 690 4681 riviﬁcatur.
721 4611 817 4664 nisi
848 4612 988 4681 prius
1023 4610 1304 4673 moriatur;
1331 4618 1407 4675 et,
1438 4623 1610 4661 omnes
1642 4623 1723 4662 re-

171 4712 412 4770 urgemus,
445 4705 583 4769 sive,
610 4718 782 4755 omnes
803 4701 1126 4759 dormiemus.
1154 4710 1213 4753 ut
1242 4715 1346 4753 non
1375 4700 1724 4755 adversentur

174 4783 272 4843 huic
293 4795 585 4859 sentcntiae,
609 4808 714 4864 qua
738 4792 950 4863 quidam
976 4790 1266 4845 creduntur
1283 4794 1441 4844 etiam
1469 4806 1591 4844 cmn
1613 4791 1724 4846 suis

174 4884 450 4950 corporibus
468 4886 524 4941 in
545 4896 825 4951 aeternum,
854 4898 960 4937 non
984 4883 1258 4952 degustata
1284 4893 1477 4946 morte,
1508 4882 1718 4937 victuri.

233 4973 310 5029 t2.
346 4976 446 5032 Sed
476 4976 785 5033 utrumlibet
813 4978 1000 5030 horum
1023 4974 1262 5029 veracior
1283 4983 1339 5030 et
1368 4974 1724 5044 perspicacior

178 5060 440 5124 intellectus
468 5070 783 5129 inveniatur.
819 5067 944 5139 quid
983 5066 1049 5121 ad
1086 5080 1298 5122 causam
1328 5067 1556 5136 pertinet
1596 5067 1723 5122 isto-

179 5170 295 5220 rum.
336 5163 442 5217 sive
480 5177 667 5218 manes
690 5161 866 5217 debita
913 5169 1085 5215 morte
1114 5159 1431 5230 plectantur,
1476 5160 1590 5214 sive
1629 5160 1723 5213 ali-

178 5247 343 5312 quibus
366 5252 432 5307 ab
461 5253 562 5309 bac
586 5251 891 5308 conditione
920 5260 1196 5321 parcatur;
1238 5265 1359 5304 cum
1390 5261 1565 5303 tamen
1595 5264 1724 5304 con-

180 5345 264 5392 stet
290 5352 503 5398 mortem
534 5358 636 5399 nou
662 5342 831 5397 solum
861 5342 1071 5405 animai,
1094 5356 1275 5395 verum
1305 5339 1465 5395 etiam
1486 5340 1725 5409 corporis

182 5439 446 5489 secuturam
474 5450 578 5490 non
616 5435 798 5500 fuisse,
830 5434 873 5488 si
902 5442 1172 5502 peccatum
1201 5447 1307 5486 nou
1344 5433 1721 5501 praecessisset,

183 5529 230 5576 et
249 5527 415 5593 gratiae
439 5527 761 5583 mirabiliore
788 5527 982 5580 virtute
1002 5525 1174 5595 justos
1210 5540 1242 5579 a
1269 5533 1441 5577 morte
1476 5523 1542 5577 ad
1569 5533 1725 5579 aeter-

177 5623 281 5670 nam
307 5620 676 5678 ualitudinem
703 5617 1038 5679 reviviscere,
1060 5632 1217 5687 quam
1255 5616 1307 5670 iu
1348 5614 1535 5669 mortis
1560 5628 1726 5685 espe-

172 5706 386 5765 rieutiam
423 5727 539 5769 non
582 5710 798 5769 venire?
847 5710 969 5765 lliee
1010 5720 1226 5779 piopter
1270 5707 1389 5762 illos
1432 5705 1500 5762 de
1537 5707 1728 5770 quibus

180 5798 291 5856 mihi
311 5802 586 5874 scripsisti,
614 5804 745 5859 satis
771 5802 910 5858 dicta
938 5801 1078 5867 sint;
1099 5798 1337 5872 quamvis
1364 5812 1459 5854 eos
1480 5797 1593 5869 jam
1620 5814 1723 5857 non

397 5896 618 5959 Ssuc'r.
662 5898 938 5955 Accusr.
986 5892 1063 5951 Il.

3302 333 3406 394 8N

1818 452 2115 504 existimem
2142 450 2341 509 dicere.
2363 448 2571 504 etiamsi
2598 464 2699 503 non
2725 459 2996 518 peccasset
3016 451 3205 515 Adam,
3237 452 3405 506 fuisse

1819 540 1902 593 v.1
1928 555 2151 609 corpore
2179 541 2513 593 moriturum.

1891 630 1978 684 l5.
2017 629 2278 684 Crterum
2303 630 2442 701 quod
2476 632 2664 684 attinet
2687 628 2751 687 ad
2778 631 3126 701 qumslionem
3159 646 3404 688 resurre-

1818 722 2029 789 ctionis,
2054 733 2269 792 propter
2297 723 2414 776 illos
2433 724 2523 793 qui
2548 723 2843 778 creduntur
2866 741 2970 779 non
2992 739 3114 781 esse
3138 727 3399 789 morituri.

1794 814 1911 885 sed
1940 829 2007 869 ex
2035 814 2132 869 hac
2162 815 2484 870 mortalitate
2511 817 2575 871 ad
2608 818 3057 873 immortalitatem
3084 820 3200 875 sine
3228 820 3405 877 media

1819 914 1990 960 morte
2019 906 2308 970 transituri,
2335 904 2602 976 inquisitio
2628 908 2930 978 diligentior
2955 910 3254 965 adhibenda
3283 922 3405 978 est;

1817 1005 1871 1050 et
1908 996 1952 1050 si
1991 996 2118 1067 quid
2148 997 2269 1053 hinc
2307 998 2604 1053 absolutum
2646 1015 2709 1055 ac
2743 1000 3018 1055 deﬁnitum
3044 1002 3405 1073 disputatione

1816 1088 2116 1143 rationabili
2160 1099 2319 1159 atqoe
2350 1090 2577 1159 perlecta
2621 1091 2700 1146 vel
2730 1092 2944 1157 audisti,
2974 1093 3058 1146 vel
3088 1095 3279 1165 legisti,
3321 1096 3405 1151 vel

1816 1181 1973 1235 etiam
2004 1182 2117 1251 ipse
2155 1184 2388 1253 cogitare
2417 1183 2650 1252 potuisti,
2696 1186 2808 1239 sive
2850 1186 3024 1241 adhuc
3060 1186 3268 1253 audire,
3314 1172 3411 1244 aut.

1816 1271 2013 1343 legere,
2049 1283 2140 1328 aut
2172 1276 2407 1344 cogitare
2435 1277 2689 1345 potueris,
2731 1288 2852 1345 peto
2880 1276 3006 1331 tuihi
3046 1280 3256 1334 mittere
3295 1296 3404 1334 non

1813 1366 2070 1436 graveris.
2116 1365 2228 1433 Ego
2270 1368 2412 1420 enim
2444 1368 2607 1437 (quod
2635 1368 2994 1423 conlitendum
3024 1378 3107 1423 est
3134 1369 3399 1427 Charitati

1817 1456 1940 1527 tum)
1976 1458 2094 1526 plus
2118 1474 2238 1513 amo
2262 1459 2471 1515 discere
2498 1475 2657 1529 quam
2687 1459 2899 1515 docere.
2934 1461 3062 1516 Nam
3089 1464 3190 1519 hoc
3220 1463 3406 1519 admo-

1816 1563 2007 1601 nemur
2024 1550 2183 1602 etiam
2202 1550 2411 1604 dicente
2431 1551 2670 1620 apusmlo
2691 1551 2890 1606 laccho
2914 1570 2925 1605 :
2952 1552 3032 1608 Sit
3053 1564 3219 1608 autem
3240 1557 3408 1610 omnis

1815 1634 1966 1691 homo
2022 1639 2167 1692 velox
2219 1639 2286 1692 ad
2336 1641 2687 1709 audiendum,
2746 1643 2924 1696 tardus
2979 1644 3047 1697 ad
3099 1646 3403 1716 loquendum

1816 1727 2016 1800 (Jacobi
2041 1745 2078 1795 t,
2110 1731 2221 1801 l9).
2269 1730 2334 1787 Ut
2380 1749 2506 1804 ergo
2534 1732 2820 1799 discamus,
2857 1735 3079 1791 invitare
3121 1753 3219 1793 uos
3244 1737 3406 1795 debet

1815 1822 2047 1876 suavitas
2068 1824 2337 1891 veritatis;
2371 1834 2427 1879 ut
2451 1836 2629 1880 autem
2655 1825 2962 1892 doceamus.
2997 1844 3187 1899 cogere
3214 1844 3405 1887 neces-

1815 1912 1945 1967 sitas
1970 1913 2280 1968 charitatis:
2312 1916 2399 1969 tthi
2435 1916 2609 1985 potius
2638 1918 2927 1987 optandqu
2970 1928 3053 1975 est
3089 1929 3144 1974 ut
3172 1930 3408 1978 transeat

1816 2004 1913 2059 ista
1945 2006 2236 2062 necessitas
2262 2023 2367 2077 qua
2408 2007 2675 2064 hominem
2710 2010 2866 2066 docet
2908 2013 3104 2083 aliqttid
3134 2015 3316 2083 homo,
3349 2030 3409 2074 ut

1816 2097 1984 2152 simus
2012 2113 2199 2154 Otones
2233 2100 2492 2156 docibiles
2521 2100 2642 2165 Dei;
2674 2105 2914 2173 quamvis
2942 2106 3042 2159 hoc
3068 2107 3257 2173 simus,
3282 2123 3408 2165 cum

1816 2206 1878 2245 ea
1907 2209 2025 2263 qua:
2045 2192 2111 2246 ad
2140 2209 2317 2247 veram
2349 2193 2598 2263 pietatem
2630 2196 2912 2265 pertinent,
2934 2197 3208 2262 discimus.
3241 2200 3405 2257 etiam

1816 2283 2028 2352 quando
2076 2285 2163 2339 illa
2210 2285 2403 2341 docere
2454 2286 2664 2342 videtur
2712 2291 2888 2341 homo.
2931 2290 3061 2357 Quia
3108 2308 3281 2363 neque
3315 2296 3409 2365 qui

1818 2377 2018 2446 plantat
2055 2388 2137 2433 est
2162 2379 2382 2447 aliquid.
2423 2395 2593 2450 neque
2622 2382 2708 2450 qui
2754 2383 2921 2452 rigat;
2974 2384 3067 2437 sed
3107 2386 3194 2455 qui
3232 2385 3408 2445 incre-

1817 2479 2053 2521 mentum
2079 2467 2171 2521 dat
2202 2470 2338 2523 Deus
2375 2469 2416 2541 (Ι
2444 2470 2560 2523 Cor.
2592 2487 2668 2535 ιιι,
2697 2472 2774 2542 7).
2808 2470 2940 2526 Cum
2981 2473 3158 2544 itaque
3189 2475 3235 2530 si
3268 2476 3407 2533 Deus

1818 2558 2203 2613 incrementum
2235 2577 2341 2615 tton
2366 2560 2539 2627 daret,
2574 2563 2701 2617 nihil
2727 2573 2908 2619 essent
2937 2567 3170 2634 ApOsloli
3195 2568 3412 2635 plauta-

1818 2662 1963 2708 tores
1986 2665 2040 2709 et
2069 2656 2362 2724 rigatores;
2400 2666 2597 2726 quanto
2631 2661 2799 2728 magis
2828 2673 2927 2726 ego
2958 2658 3038 2713 Vel
3070 2668 3147 2720 tu.
3175 2660 3256 2714 vel
3284 2662 3408 2730 qui.

1819 2743 1948 2798 libet
1982 2744 2135 2814 hujus
2164 2748 2417 2817 lctltpot‘is
2456 2748 2717 2814 homines,
2745 2748 2959 2818 quando
2987 2750 3140 2807 nobis
3164 2752 3406 2809 videmus

1817 2850 1939 2892 esse
1964 2836 2240 2892 doctores!

2234 2949 2561 3005 EPISTOLA
2602 2949 2806 3007 cxcw
2834 2958 2851 2975 -
2890 2954 2988 3025 (α).

1818 3062 2128 3137 Augustinus
2170 3062 2318 3117 Sixto
2349 3063 2577 3137 Romano
2605 3066 2889 3137 presbytero
2931 3067 2998 3137 (et
3027 3078 3200 3134 postea
3229 3068 3411 3126 Ponti-

1891 3135 2015 3203 fici).
2062 3136 2312 3188 instruens
2352 3135 2499 3188 illum
2541 3134 2791 3190 adversus
2816 3134 3215 3209 Pelagianorum
3257 3156 3414 3210 ατρα-

1890 3215 2077 3258 menta.

1821 3317 2050 3372 Domino
2082 3320 2132 3371 in
2171 3319 2395 3372 Domino
2431 3319 2769 3375 dominorum
2809 3320 3180 3388 dilectissimo,
3226 3335 3413 3383 sancto

1893 3389 2040 3442 fratri
2071 3399 2124 3443 et
2148 3389 2579 3460 coiupresbytcro
2601 3390 2787 3457 Sino,
2823 3396 3177 3460 Attcusrtsus.
3209 3397 3262 3450 in
3299 3396 3411 3452 Do-

1894 3462 2039 3513 mllio
2065 3460 2309 3513 salutetur.

1893 3570 2118 3626 CAPUT
2142 3571 2553 3628 PliiMUlL—l.
2576 3572 2812 3641 Epistula
2832 3576 2848 3605 ¹
2865 3588 3024 3643 quam
3045 3590 3137 3643 per
3161 3576 3414 3635 chariSsl-

1824 3680 1969 3719 mum
1996 3664 2211 3719 fratrem
2241 3676 2479 3719 nostrum
2507 3666 2756 3721 Albinum
2782 3666 3084 3737 acolythum
3110 3670 3250 3735 misi,
3284 3686 3412 3740 pro.

1825 3758 2068 3813 lisiorem
2090 3774 2174 3811 me
2206 3760 2488 3812 missurum
2510 3774 2629 3813 esse
2654 3759 2867 3828 promisi
2902 3774 2995 3828 per
3022 3772 3264 3814 sanetum
3302 3763 3412 3819 ira-

1826 3856 1959 3904 trem
1988 3857 2043 3903 et
2064 3847 2555 3917 compreshytcrum
2588 3857 2825 3902 nostrum
2848 3847 3105 3914 Firmum,
3139 3852 3227 3919 qui
3256 3852 3413 3908 nobis

1824 3938 2030 3995 littetas
2049 3940 2569 3993 attulitSinceritatis
2595 3949 2715 4002 tute,
2748 3943 2931 4009 plenas
2952 3942 3254 3997 sinceritate
3282 3942 3412 4000 ﬁdei

1826 4039 1958 4092 tute,
1989 4045 2108 4098 qua:
2147 4029 2298 4082 nobis
2328 4036 2529 4081 tantum
2556 4027 2803 4095 gaudiqu
2834 4031 3205 4095 contulerunt,
3236 4048 3408 4100 quau-

1827 4130 1936 4175 tum
1969 4120 2134 4190 magis
2165 4134 2444 4188 possumus
2466 4118 2661 4173 habere
2679 4132 2838 4187 quam
2862 4118 3059 4173 dicere.
3088 4121 3241 4187 Quod
3264 4123 3409 4179 enim

1826 4210 2094 4267 fatendum
2121 4221 2202 4264 est
2222 4208 2475 4263 Charitati
2499 4218 2622 4274 tuae,
2653 4210 2830 4266 tristes
2850 4227 3064 4266 eramus
3086 4213 3262 4278 nimis.
3286 4230 3410 4271 cum

1825 4302 1966 4358 fama
2001 4302 2228 4372 jactaret
2272 4300 2499 4354 inimicis
2541 4300 2846 4356 christiana:
2883 4294 3065 4371 gratim
3112 4312 3165 4359 te
3203 4304 3406 4364 favere.

1825 4392 1929 4448 Sed
1961 4402 2018 4448 ut
2055 4392 2169 4447 haec
2210 4390 2422 4447 tristitia
2462 4391 2528 4445 de
2564 4391 2759 4444 nostris
2787 4392 3039 4447 cordibus
3081 4404 3408 4466 tergeretur;

1826 4474 2022 4557 primo,
2052 4495 2104 4538 te
2132 4486 2364 4555 priorem
2406 4483 2685 4538 anathema
2725 4483 2804 4537 eis
2842 4483 2894 4538 in
2925 4484 3122 4554 populo
3156 4487 3413 4558 frequen-

1827 4580 2033 4635 tissimo
2064 4578 2437 4649 pronuntiasse
2462 4575 2651 4631 eadem
2674 4574 2815 4630 fama
2840 4592 2945 4631 nou
2978 4578 3141 4632 tacuit
3166 4595 3181 4631 :
3211 4578 3410 4636 deinde

1825 4686 1946 4727 cum
1969 4671 2157 4725 litteris
2174 4668 2249 4739 (b)
2266 4666 2570 4737 apostolicae
2585 4664 2822 4736 Sedisde
2842 4668 3051 4723 illorum
3067 4667 3409 4735 damnatione

1826 4763 1892 4817 ad
1919 4763 2150 4817 Africam
2190 4760 2387 4825 missis,
2421 4766 2525 4813 tua:
2550 4773 2761 4829 quoque
2804 4759 2993 4813 linene
3034 4758 3102 4813 ad
3132 4761 3409 4817 venerabi-

1826 4855 1933 4912 lem
1980 4869 2163 4909 sencm
2203 4852 2475 4908 Aurelium
2510 4862 2810 4908 consecuta:
2853 4861 3004 4916 sunt;
3036 4867 3153 4920 qua:
3196 4856 3412 4912 tametsi

1828 4947 2017 5003 breves
2042 4954 2225 5009 erant,
2258 4954 2405 4998 tuum
2447 4952 2622 4997 tamen
2648 4945 2884 5012 vigorem
2923 4943 3179 4997 adversus
3218 4959 3411 5000 eorum

1828 5054 2065 5093 errorem
2095 5037 2223 5091 satis
2251 5037 2575 5091 iudicabant.
2608 5033 2757 5089 Nunc
2780 5050 2905 5087 vero
2934 5049 3055 5089 cum
3093 5038 3326 5106 apertius
3353 5048 3409 5093 et

1828 5131 1984 5187 latius
2011 5129 2136 5200 quid
2163 5129 2229 5185 de
2258 5130 2350 5183 illo
2376 5129 2618 5198 dogmate
2641 5135 2929 5195 contraque
2960 5129 3208 5197 sentires,
3238 5130 3289 5183 in
3318 5131 3405 5184 lit-

1891 5268 1909 5298 ι
1943 5264 2051 5315 εδδ,
2076 5278 2088 5314 ε
2114 5272 2163 5313 m
2184 5261 2388 5327 Epistoltt
2419 5259 2925 5327 qutun._t-:xpungenda
2955 5269 3058 5327 erat
3091 5251 3319 5327 particula
3340 5263 3414 5323 in,

1826 5342 1937 5393 qua:
1958 5331 2100 5378 abest
2120 5340 2147 5375 a
2168 5319 2556 5393 Mss.__Enim'vero
2575 5322 2639 5393 de
2664 5319 2924 5393 prolisiore
2949 5319 3160 5393 epistola
3189 5336 3331 5385 quam
3354 5319 3417 5375 se

1830 5382 2092 5454 pollicitum
2117 5402 2229 5438 esse
2261 5387 2377 5454 dicit
2409 5382 2716 5454 Augustinus,
2742 5382 2861 5454 nihil
2875 5382 3091 5454 habetur
3123 5386 3170 5432 iu
3197 5382 3273 5443 ea,
3298 5398 3412 5447 qitze

1830 5444 1920 5516 per
1948 5452 2161 5501 Albinum
2184 5450 2459 5500 transmissa
2478 5444 2570 5495 iuit
2589 5444 2659 5507 [in
2676 5445 2913 5510 epistola].

1894 5539 1909 5555 '
1947 5535 2290 5586 Recensuimus
2310 5532 2432 5580 hanc
2451 5530 2511 5580 ad
2542 5532 2591 5579 b.
2633 5530 2701 5579 bl.
2736 5531 2813 5580 οἱ).
2836 5530 2883 5578 ιτ.
2910 5545 2995 5593 gg.
3022 5543 3085 5578 ιιι.
3113 5543 3202 5579 rm.
3231 5542 3303 5579 vc.
3333 5543 3409 5581 vv.

1829 5598 1951 5649 duos
1970 5600 2046 5649 sb.
2066 5597 2193 5646 duos
2213 5604 2247 5646 t.
2273 5602 2478 5657 quatuor
2502 5606 2547 5643 v.
2572 5604 2672 5642 sm.
2699 5593 2807 5642 uad.
2832 5599 2904 5641 Er.
2930 5599 3039 5641 ων.

1894 5680 2124 5745 (a),Alias
2148 5680 2236 5729 l05
2275 5692 2288 5727 :
2314 5690 2425 5745 quae
2468 5686 2632 5726 autem
2660 5674 2747 5745 194
2770 5682 3047 5745 erat,_nut_ic
3067 5675 3115 5722 in
3139 5673 3415 5737 Appendic.

1834 5736 1913 5797 est
1936 5736 2011 5794 l3.
2034 5745 2214 5805 scripta
2238 5736 2380 5804 paulo
2402 5746 2509 5802 post
2530 5737 2810 5800 superiores
2835 5736 3083 5799 epistolas.

1898 5805 1971 5868 (ὅ)
1983 5805 2163 5854 .zositni
2173 5840 2184 5851 .

2744 5881 3224 5965 (Vingt-Jmt't.)
