3990 6454
281 359 390 420 877

277 476 428 533 stino
458 477 537 546 (a)
572 474 706 543 (non
737 473 879 530 enim
925 471 1080 526 aliter
1119 469 1242 526 inde
1281 469 1569 540 impunitus
1595 467 1868 540 exiisset),

274 565 753 621 anathematizavit
777 580 870 619 eos
898 565 986 633 qui
1007 563 1188 617 dicunt
1211 562 1430 631 gratiam
1460 561 1553 615 Dei
1580 561 1868 616 secundum

274 658 476 714 merita
508 657 644 712 dari.
686 655 790 711 Sed
838 655 964 708 nihil
1010 654 1151 708 aliud
1196 655 1246 708 iu
1277 670 1460 707 eorum
1501 653 1658 707 etiam
1690 660 1870 721 poste-

271 749 523 802 rioribus
564 747 1004 817 disputationibus
1027 745 1310 808 invenitur,
1340 761 1495 814 quam
1526 745 1728 800 meritis
1756 743 1870 798 dari

272 853 397 894 eam
445 840 708 908 gratiam,
753 835 820 892 de
855 837 1008 905 cujus
1035 836 1493 890 commendatione
1539 836 1765 890 maxime
1803 834 1870 888 ad

269 929 562 984 Romanos
586 929 872 998 apostolica
898 927 1131 996 Epistola
1159 927 1409 996 loquitur,
1434 937 1490 979 ut
1509 925 1631 980 inde
1657 940 1715 979 se
1738 941 1871 994 prae-

269 1019 482 1075 dicatio
509 1020 625 1088 ejus
649 1019 794 1073 velut
817 1034 845 1069 a
872 1018 1043 1086 capite
1069 1017 1212 1070 orbis
1237 1025 1346 1070 toto
1366 1016 1494 1071 orbe
1518 1015 1868 1071 diffunderet:

271 1127 335 1167 ω
377 1119 469 1167 est
529 1111 666 1165 enim
694 1127 796 1180 qua
822 1109 1139 1179 justiﬁt-atur
1166 1110 1375 1177 impius,
1409 1108 1459 1161 id
1489 1116 1590 1173 cst,
1620 1107 1676 1159 lit
1699 1107 1870 1175 justus

269 1201 363 1270 qui
394 1201 556 1269 prius
579 1211 692 1254 crat
721 1200 928 1269 impius.
958 1199 1023 1253 Et
1050 1199 1166 1253 ideo
1191 1198 1543 1268 percipienda}
1571 1197 1726 1266 hujus
1753 1212 1871 1266 gra-

241 1291 364 1344 tim
396 1292 597 1344 merita
625 1290 764 1344 nulla
793 1289 1124 1359 przeccdunt,
1158 1290 1404 1359 quoniam
1447 1287 1651 1341 meritis
1691 1288 1866 1354 impii,

268 1395 378 1436 non
406 1383 609 1450 gratia,
640 1384 731 1434 sed
761 1395 916 1451 paena
947 1381 1167 1434 debetur
1197 1398 1208 1430 :
1243 1395 1340 1432 nec
1373 1380 1468 1433 ista
1499 1385 1640 1432 esset
1668 1376 1830 1447 gratia
1852 1419 1867 1443 ,

267 1473 312 1528 si
344 1489 462 1526 non
491 1472 708 1527 daretur
726 1473 969 1541 gratuita,
1003 1471 1096 1524 sed
1127 1470 1298 1524 debita
1333 1469 1660 1523 redderetur.

341 1564 400 1618 ει
437 1564 553 1619 Sed
582 1578 700 1617 cum
736 1563 806 1616 ab
848 1563 962 1615 istis
1003 1563 1254 1631 qnzeritur
1281 1577 1433 1630 quam
1465 1559 1684 1628 gratiam
1716 1555 1868 1611 Pela-

266 1660 391 1729 gius
421 1661 690 1730 cogitaret
731 1657 847 1711 sine
893 1657 1012 1711 ullis
1039 1655 1462 1726 praecedentibus
1494 1653 1694 1707 meritis
1722 1650 1868 1716 dari,

245 1753 508 1825 quando
551 1750 1029 1806 anathematizabat
1068 1763 1159 1803 eos
1192 1748 1280 1816 qui
1311 1747 1488 1800 dicunt
1528 1745 1746 1814 gratiam
1781 1741 1873 1794 Dei

271 1846 587 1902 secundum
615 1844 801 1899 merita
847 1854 1025 1897 nostra
1055 1841 1202 1906 dari;
1236 1841 1557 1908 respondent
1597 1837 1711 1890 sine
1752 1833 1873 1888 ullis

270 1937 719 2009 [succedentibus
765 1934 966 1989 meritis
993 1935 1211 2002 gratiam
1240 1932 1404 1999 ipsam
1435 1931 1716 1982 humanam
1757 1940 1875 1979 csse

270 2037 540 2084 naturam
571 2028 745 2095 inqua
769 2025 964 2079 conditi
988 2039 1172 2080 sumus
1197 2042 1208 2076 :
1236 2039 1408 2092 neque
1431 2022 1569 2075 enim
1592 2029 1871 2084 antequam

269 2133 560 2184 essemus,
590 2118 780 2171 mereri
803 2117 999 2186 aliquid
1027 2126 1332 2184 poteramus
1360 2121 1415 2165 ut
1441 2127 1697 2165 essmius.
1727 2109 1872 2178 Ahjio

269 2213 464 2268 ciarur
493 2228 524 2265 a
551 2211 972 2266 Christianorum
1000 2209 1246 2263 cordibus
1290 2211 1384 2260 ista
1427 2206 1629 2259 fallacia
1663 2221 1675 2256 :
1707 2216 1828 2255 nam
1856 2200 1873 2230 ί

269 2304 520 2359 omnino
539 2318 645 2356 non
666 2303 819 2356 istam
840 2302 1061 2371 gratiam
1081 2298 1419 2353 commendat
1445 2299 1484 2350 Α
1494 2312 1557 2365 po
1568 2295 1748 2354 niOiUS,
1778 2306 1876 2359 qua

270 2394 460 2450 creati
486 2409 674 2449 sumus
702 2402 756 2446 ut
787 2391 1028 2446 homines
1054 2405 1291 2443 essemus
1311 2430 1325 2454 ,
1366 2387 1458 2442 sed
1486 2403 1581 2454 qua
1607 2382 1876 2452 justilieati

270 2502 412 2544 eum
449 2485 577 2539 mali
620 2485 860 2539 homines
885 2499 1143 2538 essemus.
1173 2482 1275 2535 lsta
1320 2488 1401 2534 est
1427 2479 1563 2532 enim
1594 2478 1756 2545 gratia
1785 2490 1878 2543 per

269 2577 479 2633 Iesum
508 2575 775 2630 Christum
809 2575 1084 2627 Dominum
1113 2580 1370 2625 nostrum.
1405 2569 1612 2622 Etenim
1635 2565 1878 2619 Christus

273 2683 398 2724 non
435 2682 540 2737 pro
567 2666 720 2719 nullis
747 2673 803 2718 ut
847 2665 1088 2718 homines
1124 2661 1499 2724 conderentur,
1529 2656 1621 2710 sed
1651 2671 1746 2727 pro
1777 2655 1878 2708 im-

272 2759 392 2829 piis
436 2767 675 2811 mortuus
698 2764 780 2810 est
817 2766 871 2807 nt
892 2753 1304 2824 justiﬁcarentur
1329 2769 1340 2801 τ
1369 2751 1476 2819 jam
1500 2750 1693 2818 quippe
1722 2746 1880 2799 homo

273 2858 408 2904 erat
440 2848 534 2917 qui
559 2846 787 2912 dicebat,
821 2845 986 2899 Miser
1003 2861 1090 2913 ego
1116 2844 1262 2896 homo
1286 2885 1298 2906 ,
1329 2843 1440 2912 quis
1467 2857 1546 2893 me
1575 2837 1800 2891 liberabit
1820 2835 1882 2888 de

274 2955 516 3010 corpore
537 2939 708 2992 mortis
745 2939 931 3009 hujus?
959 2935 1135 2989 Gratia
1171 2934 1266 2987 Dei
1310 2951 1396 3001 per
1428 2932 1603 2985 Iesum
1629 2930 1881 2982 Christum

273 3030 584 3092 Dominum
605 3037 826 3082 nostrum
843 3027 1015 3096 (Rom.
1042 3041 1134 3090 vn,
1164 3025 1252 3086 24,
1279 3024 1391 3092 25).

355 3121 432 3176 9.
464 3121 696 3174 Possunt
720 3119 930 3187 quidem
958 3119 1134 3170 dicere
1156 3115 1520 3169 remissionem
1550 3121 1883 3182 peccatorum

281 3229 430 3270 esse
453 3213 698 3282 gratiam,
723 3226 840 3281 quae
861 3210 1019 3263 nullis
1037 3207 1450 3278 princedentibw
1477 3207 1678 3260 meritis
1696 3205 1879 3258 datur:

279 3306 440 3377 quid
455 3305 604 3358 enim
624 3304 822 3358 habere
837 3302 957 3355 boni
981 3302 1150 3356 meriti
1180 3309 1398 3369 possunt
1420 3297 1756 3367 peccatores?
1781 3296 1886 3350 Sed

281 3413 412 3454 nec
439 3400 554 3466 ipsa
581 3396 824 3449 remissio
857 3403 1189 3462 peccatormn
1221 3393 1337 3444 sine
1361 3392 1536 3458 aliquo
1569 3391 1756 3441 merito
1782 3398 1883 3452 est,

284 3491 336 3546 si
365 3488 526 3544 ﬁdes
549 3487 682 3540 hanc
712 3486 956 3554 impetrat
983 3503 995 3538 :
1029 3499 1202 3552 neque
1229 3483 1366 3537 enim
1397 3481 1594 3534 nullum
1626 3487 1706 3533 est
1732 3479 1887 3532 meri-

285 3593 432 3636 ttun
469 3578 623 3642 ﬁdei;
664 3592 766 3646 qua
795 3575 900 3631 ﬁde
926 3576 1012 3629 ille
1038 3575 1279 3636 dicebat,
1314 3572 1479 3639 Deus,
1513 3571 1758 3642 prapitius
1785 3580 1890 3624 esto

287 3671 439 3726 ..ξω
465 3668 714 3740 ρσεεαιονὶ
730 3684 750 3732 ;
777 3675 834 3720 ct
857 3665 1130 3720 descendit
1149 3665 1464 3734 justilicatus
1503 3663 1692 3716 merito
1722 3660 1892 3715 ﬁdelis

286 3761 634 3818 humilitatis
657 3761 701 3825 ²,
742 3757 991 3826 quoniam
1035 3758 1124 3824 qui
1164 3771 1224 3809 se
1263 3755 1530 3814 humiliat,
1576 3753 1889 3807 exaltabitur

293 3855 474 3926 (Luc.
503 3866 654 3917 svnt,
679 3846 766 3917 i3,
791 3849 901 3918 14).
932 3847 1286 3916 licstatigitur
1307 3846 1550 3914 utipsam
1574 3845 1728 3898 [idem
1757 3843 1893 3897 unde

293 3945 494 4002 amis
515 3943 716 4012 justitia
741 3942 899 3994 sumit
924 3940 1159 4004 initium,
1199 3949 1412 4006 propter
1436 3937 1574 4005 quod
1612 3936 1802 3990 dicitur
1827 3935 1893 3988 ad

290 4035 616 4104 EcCIesium
636 4033 688 4086 in
709 4030 928 4086 Cantica
947 4029 1291 4092 canticorum,
1329 4025 1504 4081 Venias
1525 4036 1570 4078 et
1597 4025 1896 4094 pertransies

297 4132 374 4185 ab
411 4127 554 4181 initio
579 4125 698 4194 ﬁdei
729 4123 895 4196 (Cant.
925 4139 996 4188 IV,
1027 4138 1124 4175 sec.
1155 4119 1320 4189 LXX)
1348 4137 1360 4172 :
1408 4127 1602 4183 restat,
1648 4119 1858 4187 inquam
1878 4159 1893 4184 ,

298 4233 372 4277 ut
417 4220 587 4289 ipsam
632 4215 786 4270 ﬁdem
828 4229 932 4268 non
971 4213 1235 4279 humano,
1280 4210 1418 4281 quod
1447 4210 1534 4264 isti
1573 4209 1828 4263 extollunt
1853 4208 1895 4272 ⁸,

301 4312 626 4369 "ibamus
648 4309 886 4373 arbitrio,
933 4320 1030 4360 nec
1058 4306 1178 4359 ullis
1211 4302 1626 4373 praecedentibus
1663 4301 1896 4364 meritis,

305 4404 572 4476 quoniam
617 4400 742 4454 inde
772 4399 1028 4468 incipiunt
1055 4397 1192 4450 bona
1237 4410 1582 4466 quaecumque
1620 4403 1743 4448 sunt
1785 4408 1899 4447 me-

305 4497 460 4558 rita;
491 4492 584 4548 sed
611 4491 895 4562 gratuitum
924 4489 1121 4543 donum
1150 4488 1242 4540 Dei
1265 4501 1384 4542 esse
1407 4486 1683 4550 fateamur,
1711 4485 1754 4539 si
1784 4498 1903 4553 gra-

313 4591 454 4646 tiam
483 4601 693 4651 veram,
742 4585 794 4638 id
837 4593 919 4638 est
961 4582 1076 4636 siue
1105 4581 1338 4643 meritis,
1383 4581 1676 4650 cogitamus
1703 4594 1718 4630 :
1743 4578 1901 4648 quia,

314 4685 463 4740 sicut
489 4682 540 4735 in
569 4680 754 4734 eadem
784 4676 1018 4746 Epistola
1049 4675 1257 4744 legitur,
1304 4672 1439 4727 Deus
1457 4673 1721 4742 unicuique
1741 4671 1904 4742 parti-

318 4784 410 4828 tur
433 4787 721 4826 mensuram
749 4769 867 4839 ﬁdei
907 4766 1082 4839 (Rom.
1113 4779 1214 4829 xu,
1242 4765 1318 4835 5).
1349 4764 1517 4832 Opera
1549 4764 1742 4832 quippe
1767 4762 1903 4817 bona

321 4867 464 4921 ﬁunt
487 4863 558 4918 ab
580 4864 824 4928 homine;
851 4861 985 4916 ﬁdes
1013 4867 1188 4912 autem
1220 4857 1278 4911 ﬁt
1303 4857 1354 4910 in
1386 4857 1596 4909 homine
1616 4898 1628 4917 ,
1661 4857 1776 4909 sine
1803 4869 1906 4924 qua

326 4959 418 5013 illa
441 4971 470 5010 a
498 4956 642 5010 nullo
662 4955 793 5008 ﬁunt
819 4954 1051 5007 homine.
1077 4949 1248 5005 Omne
1269 4947 1408 5004 enim
1437 4948 1578 5018 quod
1604 4963 1707 5000 non
1737 4953 1904 5002 estex

332 5049 455 5116 lide,
482 5055 756 5118 peccatum
785 5054 869 5101 est
897 5043 1005 5117 (Id.
1039 5057 1146 5107 xlv,
1175 5040 1289 5111 93).

400 5144 490 5198 ιο.
531 5143 885 5209 Quapropter,
917 5153 984 5190 ne
1010 5151 1068 5190 se
1094 5135 1176 5188 vel
1205 5133 1369 5203 ipsius
1389 5130 1640 5187 orationis
1660 5131 1908 5184 meritum

336 5234 573 5298 extollat,
597 5232 803 5286 etiamsi
825 5229 892 5283 ad
917 5227 1201 5282 vincendas
1229 5225 1594 5294 temporalium
1617 5237 1791 5276 rerum
1818 5233 1910 5275 cu-

336 5326 604 5394 piditates,
635 5333 690 5378 et
717 5320 979 5391 diligenda
1012 5320 1148 5372 bona
1177 5327 1374 5372 teterna
1407 5325 1561 5384 atque
1591 5315 1760 5384 ipsum
1793 5312 1909 5365 [οη-

339 5424 440 5474 lem
450 5415 698 5473 omnium
717 5413 975 5468 bonorum
997 5410 1184 5473 Deum,
1202 5407 1518 5476 adiutorium
1533 5406 1690 5458 datur
1703 5401 1875 5458 oranti
1893 5419 1908 5470 ;

389 5533 408 5565 ι
441 5537 559 5581 llas.
586 5542 600 5578 :
626 5535 725 5578 Non
746 5523 949 5582 cumino,
975 5535 1066 5572 non
1087 5520 1242 5582 istam.

390 5596 412 5626 ³
590 5598 688 5638 Am.
717 5596 768 5638 et
801 5593 895 5646 Er.,
920 5580 1080 5649 ﬁdelis
1094 5580 1384 5641 hwuiliatus,
1411 5582 1590 5643 quibus
1608 5580 1917 5630 consentiunt

453 5659 863 5773 ssiiilitggi'mures.
892 5715 944 5758 At
974 5707 1085 5757 Edd.
1109 5706 1308 5767 habent,
1333 5716 1426 5768 quo
1444 5702 1523 5754 isti
1543 5699 1848 5754 extollit-itur.

399 5800 474 5862 (ιλ)
506 5796 842 5873 υἱοὸιιοὶιωηο.

1469 350 1943 411 EPISTULARUM
1980 350 2254 409 CLASSIS
2292 351 2375 406 Ill.

3449 359 3550 418 878

1979 465 2109 520 ﬁdes
2135 475 2250 520 orat
2278 481 2394 536 quae
2422 464 2542 520 data
2582 475 2662 520 est
2703 483 2806 521 non
2836 468 3044 536 oranti,
3075 486 3193 539 quae
3230 473 3410 542 utique
3439 475 3542 531 nisi

1975 558 2096 612 data
2125 569 2294 618 esset,
2337 573 2491 613 orare
2521 574 2623 611 non
2659 569 2853 626 posset.
2889 560 3149 625 Quomodo
3186 566 3317 618 enim
3343 566 3564 622 invoca-'2

1977 652 2114 712 bunt,
2142 649 2192 700 in
2218 665 2362 720 quem
2390 665 2488 702 non
2512 650 2867 703 crediderunt?
2890 653 3135 722 quomodo
3156 655 3374 721 credent,
3399 644 3570 728 quem,

1976 757 2076 793 non
2092 740 2390 793 audierunt?
2407 741 2653 812 quomodo
2674 743 2878 794 audient
2895 744 3002 797 sine
3023 744 3362 808 prazdicante?
3383 746 3550 818 Igitur

1976 832 2101 902 ﬁdes
2130 848 2192 884 ex
2219 834 2418 898 auditu,
2449 833 2650 886 auditus
2679 843 2845 886 autem
2870 851 2957 904 per
2983 835 3183 891 verbum
3213 836 3399 892 Christi
3425 839 3548 910 (Id.

1976 938 2031 988 Χ,
2070 922 2149 984 id,
2183 921 2304 994 17).
2336 922 2564 976 Proinde
2590 923 2831 978 minister
2860 922 3050 979 Christi
3081 926 3234 994 hujus
3265 928 3385 984 ﬁdei
3414 946 3555 1000 prte-

1976 1017 2182 1071 dicator
2200 1058 2215 1086 ,
2249 1018 2536 1073 secundum
2561 1019 2782 1088 gratiam
2811 1034 2928 1088 qua:
2957 1020 3078 1074 data
3107 1031 3188 1076 est
3216 1021 3292 1080 illi
3310 1021 3418 1095 (1d.
3458 1043 3551 1094 xy,

1978 1107 2062 1169 15,
2086 1108 2150 1160 l6
2165 1104 2206 1178 ),
2227 1108 2490 1176 plantator
2503 1119 2586 1163 est
2599 1119 2651 1162 et
2688 1111 2917 1179 rigatur:
2939 1107 3045 1178 Nec
3062 1119 3238 1180 tamen
3251 1114 3337 1183 qui
3354 1117 3544 1184 ptum,

1976 1211 2046 1255 est
2076 1203 2265 1272 aliquid
2285 1245 2299 1265 ,
2332 1222 2488 1274 neque
2523 1206 2607 1276 qui
2646 1207 2814 1282 rigat;
2841 1207 2932 1270 sed.
2966 1209 3051 1276 (liti
3074 1209 3438 1270 incrementum
3469 1215 3549 1266 ιι..-

1976 1290 2114 1345 Deus
2149 1293 2205 1363 (l
2234 1293 2350 1349 Cor.
2388 1311 2478 1362 ιιι,
2510 1297 2609 1352 5-8
2631 1297 2648 1368 )
2670 1339 2684 1361 ,
2714 1298 2804 1366 qui
2850 1298 3117 1370 unicuique
3157 1302 3373 1370 partitur
3417 1319 3527 1362 tum

1975 1401 2145 1438 suram
2185 1387 2325 1454 ﬁdei.
2358 1386 2508 1442 Unde
2553 1397 2608 1443 et
2644 1389 2778 1444 alibi.
2811 1389 3034 1454 dicitur,
3076 1390 3195 1448 Paa;
3233 1395 3471 1466 fratribus
3514 1407 3555 1446 (ί

1977 1476 2197 1529 charitas
2226 1494 2338 1531 cum
2369 1478 2506 1547 ﬁde;
2535 1495 2690 1550 quam
2732 1496 2797 1536 ne
2838 1481 2939 1535 sibi
2981 1482 3274 1544 tribuerent
3301 1487 3557 1542 continuo

1978 1561 2251 1637 subjunxit
2275 1610 2287 1631 ,
2321 1587 2352 1622 a
2376 1569 2485 1624 Deo
2514 1570 2666 1625 Patre
2695 1581 2740 1624 et
2774 1571 2990 1626 Domino
3016 1586 3184 1630 nostra
3207 1574 3331 1630 Iesu
3357 1553 3552 1634 (λιιι-ἱέιο

1983 1656 2159 1728 (Eph.
2193 1675 2260 1719 vt,
2293 1657 2402 1729 25)
2435 1677 2447 1713 :
2480 1660 2599 1730 quia
2633 1676 2729 1714 nec
2765 1661 2998 1716 omnium
3029 1672 3112 1717 est
3151 1644 3314 1731 ﬁdes,
3347 1667 3434 1736 qui
3462 1682 3556 1722 au-

1979 1745 2130 1800 diunt
2157 1749 2410 1816 verbum,
2452 1750 2546 1804 sed
2589 1750 2779 1818 quibus
2821 1752 2954 1806 Deus
2993 1755 3215 1823 partitur
3254 1771 3555 1814 meumram

1981 1838 2131 1902 ﬁdei;
2166 1841 2301 1896 sicut
2332 1858 2428 1896 nec
2469 1844 2644 1898 omnia
2687 1828 2983 1914 germinant
3020 1863 3136 1918 quae
3179 1849 3482 1920 plantantur
3506 1859 3560 1905 et

1980 1933 2241 2000 rigantur,
2262 1933 2356 1989 sed
2375 1936 2561 2003 quibus
2582 1937 2716 1990 Deus
2731 1937 2820 1991 dat
2839 1939 3245 1995 incrementum.
3261 1941 3370 1998 Cur
3383 1951 3557 1997 autem

1981 2025 2070 2078 ille
2095 2025 2297 2092 credat,
2332 2027 2420 2080 ille
2449 2043 2552 2082 non
2585 2028 2785 2090 credat,
2817 2045 2935 2084 cum
2963 2033 3120 2084 ambo
3147 2032 3284 2086 idem
3317 2033 3556 2099 audiunt,

1981 2124 2038 2171 et
2061 2117 2104 2169 si
2137 2117 2446 2171 miraculum
2479 2119 2529 2171 in
2558 2135 2742 2174 eorum
2769 2130 3053 2192 conspectu
3083 2122 3169 2175 ﬁat
3189 2165 3203 2187 ,
3230 2125 3387 2177 ambo
3416 2124 3556 2179 idem

1985 2206 2197 2273 vident;
2229 2207 2448 2263 altitudo
2476 2210 2882 2284 estdivitiarum
2924 2211 3195 2281 sapientia:
3237 2222 3290 2266 et
3319 2213 3558 2267 scienti-.13

1985 2297 2108 2363 Dei,
2140 2299 2292 2368 cujus
2329 2301 2684 2355 inscrutabilia
2723 2312 2846 2357 Sunt
2883 2301 3076 2370 judicia
3098 2345 3112 2368 ,
3142 2311 3196 2356 et
3232 2303 3370 2374 apud
3400 2319 3558 2376 quem

1985 2404 2091 2442 non
2119 2397 2199 2442 est
2227 2390 2495 2460 iniquitas,
2522 2391 2647 2445 dum
2673 2392 2819 2461 cujus
2845 2392 2954 2446 vult
2985 2393 3296 2458 miseretur,
3316 2404 3376 2448 'et
3400 2411 3560 2468 quem

1991 2481 2097 2534 vult
2127 2481 2350 2535 obdurat
2389 2481 2580 2554 (Rom.
2613 2499 2703 2550 lx,
2737 2484 2833 2549 lci,
2868 2483 2972 2547 18)
3009 2503 3020 2537 :
3054 2499 3226 2554 neque
3262 2487 3402 2540 enim
3441 2502 3562 2556 pro-

1986 2581 2169 2643 pterea
2195 2583 2321 2630 sunt
2347 2576 2442 2629 ista
2477 2577 2698 2645 injusta,
2731 2577 2851 2646 quia
2877 2577 3102 2631 occulta.

2061 2666 2146 2720 ll.
2177 2666 2376 2720 Deinde
2398 2676 2516 2736 post
2531 2667 2895 2722 rei‘nissiouem
2917 2678 3271 2738 peccatorum,
3292 2670 3391 2724 nisi
3414 2687 3559 2727 mun-

1988 2757 2164 2810 datam
2182 2757 2396 2812 domum
2415 2758 2615 2812 habitet
2631 2758 2854 2827 Spiritus
2868 2769 3103 2821 sanctus,
3119 2777 3296 2815 nonne
3307 2777 3430 2815 cum
3444 2761 3561 2816 aliis

1989 2857 2191 2916 septem
2235 2847 2370 2901 redit
2407 2850 2622 2916 spiritus
2649 2849 2947 2903 immundus
2966 2892 2981 2914 ,
3009 2859 3061 2903 et
3090 2860 3244 2903 erunt
3279 2851 3546 2907 novissimt

1990 2936 2221 2991 hominis
2251 2937 2386 2990 illius
2414 2939 2595 3008 pejora
2636 2955 2790 3008 quam
2833 2949 2985 2995 erant
3028 2941 3439 3009 prima(Mattlt.
3462 2957 3556 3008 xu,

1990 3027 2089 3090 44,
2118 3027 2186 3080 45
2207 3025 2268 3099 )‘I
2297 3027 2365 3083 Ut
2403 3037 2578 3083 autem
2625 3028 2821 3084 habitet
2849 3029 3072 3098 Spiritus
3102 3040 3314 3086 sanctus
3337 3072 3353 3097 ,
3388 3047 3566 3086 nonne

1990 3119 2084 3173 ubi
2121 3120 2228 3173 vult
2267 3121 2431 3188 spirat
2463 3119 2656 3190 (Joan.
2685 3135 2761 3183 ιιι,
2793 3121 2901 3190 8);
2931 3132 2982 3177 et
3019 3120 3248 3176 Charitas
3293 3121 3417 3185 Dei,
3448 3121 3566 3180 sine

1992 3225 2093 3279 qua
2121 3224 2277 3264 nemo
2305 3212 2439 3265 bene
2466 3211 2613 3276 vivit,
2642 3210 2948 3266 diffunditur
2978 3213 3028 3264 in
3060 3212 3306 3265 cordibus
3335 3213 3565 3281 nostris,

1994 3316 2100 3354 non
2128 3317 2157 3353 a
2184 3301 2356 3363 nobis,
2389 3301 2481 3356 sed
2513 3316 2605 3370 per
2634 3301 2886 3370 Spiritum
2918 3311 3155 3357 sanctum
3189 3305 3274 3374 qui
3304 3304 3459 3358 datus
3488 3315 3571 3360 est

1998 3392 2150 3445 nobis
2178 3390 2367 3464 (Rom.
2397 3409 2449 3457 v,
2481 3394 2513 3447 5
2538 3392 2581 3463 )?
2610 3393 2754 3448 Hauc
2785 3397 2925 3449 enim
2971 3395 3129 3450 ﬁdem
3167 3397 3448 3465 Apostolus
3475 3397 3570 3454 de-

1997 3483 2197 3549 ﬁnivit,
2230 3485 2409 3537 dicens
2443 3502 2457 3538 :
2488 3482 2664 3553 Neque
2699 3486 3010 3540 circumcisio
3048 3499 3117 3540 est
3155 3486 3344 3556 aliquid
3365 3530 3380 3554 ,
3418 3505 3574 3558 neque

1998 3575 2338 3645 prwputium;
2380 3576 2470 3630 sed
2515 3576 2671 3646 ﬁdes,
2701 3594 2816 3648 quia
2854 3595 2940 3648 per
2983 3579 3294 3633 dilectionem
3337 3591 3574 3651 aperatur

2001 3663 2210 3735 (Galat.
2243 3681 2297 3732 ν,
2327 3665 2419 3738 6).
2455 3665 2556 3720 lsta
2587 3668 2780 3737 quippe
2821 3668 2954 3723 ﬁdes
2994 3679 3076 3724 est
3111 3669 3532 3726 Christianorum
3556 3712 3573 3739 ,

2003 3775 2106 3814 non
2138 3760 2519 3815 dmmoniorum
2546 3780 2557 3814 :
2588 3778 2706 3815 nam
2734 3770 2787 3816 et
2822 3762 3092 3818 daemones
3119 3764 3344 3818 credunt
3370 3774 3424 3819 et
3450 3781 3578 3820 con-

1957 3909 1966 3919 _
2002 3853 2312 3907 tremiscunt
2343 3851 2559 3924 (Jacobi
2578 3869 2637 3919 ιι,
2668 3853 2735 3908 19
2761 3853 2813 3922 );
2843 3853 2935 3908 sed
2963 3855 3212 3924 numquid
3235 3864 3286 3909 et
3306 3856 3573 3926 diligunt?

2002 3942 2133 3998 Nam
2153 3945 2194 3996 si
2214 3961 2314 4000 nOn
2335 3946 2632 4009 crederent,
2654 3963 2753 3998 non
2771 3947 3027 4006 dicerent,
3046 3945 3125 3999 Tu
3144 3964 3195 3999 es
3213 3946 3431 4002 Sanctus
3451 3948 3577 4012 Dei;

2005 4035 2109 4096 vel,
2138 4033 2217 4087 Tu
2240 4051 2291 4088 es
2312 4033 2478 4088 Filius
2497 4035 2590 4088 Dei
2613 4034 2739 4106 (Luc
2758 4077 2770 4094 ,
2789 4050 2861 4098 Iv,
2879 4037 2990 4106 41).
3010 4035 3062 4089 Si
3080 4046 3256 4090 autem
3275 4038 3576 4107 diligerent,

2005 4139 2114 4178 non
2152 4124 2416 4187 dicerent,
2459 4125 2592 4189 Quid
2640 4123 2779 4178 nobis
2832 4135 2877 4177 et
2904 4125 2991 4177 tibi
3024 4125 3249 4195 (Matth.
3283 4141 3397 4192 vm,
3429 4127 3499 4182 29
3521 4127 3578 4199 )‘t

2079 4214 2167 4270 12.
2209 4215 2364 4270 Fides
2395 4217 2550 4285 igitur
2578 4217 2642 4269 ad
2685 4215 2950 4270 Christum
2982 4232 3080 4272 nos
3108 4218 3298 4286 trahit,
3328 4236 3449 4291 qua:
3479 4221 3581 4276 nisi

2007 4307 2237 4376 deSUper
2263 4307 2491 4376 gratuito
2521 4323 2739 4362 munere
2769 4307 2921 4362 nobis
2953 4308 3169 4362 daretur
3188 4351 3203 4374 ,
3233 4327 3338 4364 non
3368 4311 3480 4380 ipse
3503 4311 3584 4366 di-

2007 4410 2155 4454 ceret
2183 4416 2196 4452 :
2228 4397 2393 4452 Nemo
2416 4407 2571 4467 potest
2595 4399 2759 4453 venire
2783 4397 2850 4450 ad
2876 4415 2953 4451 me
2974 4441 2987 4464 ,
3015 4400 3112 4452 nisi
3144 4397 3318 4468 Pater,
3343 4402 3426 4472 qui
3452 4403 3585 4458 misit

2008 4503 2107 4555 me,
2131 4489 2392 4544 attraxerit
2420 4505 2552 4542 cum.
2583 4487 2732 4543 Unde
2757 4498 2808 4544 et
2835 4488 2992 4558 paulo
3018 4500 3138 4558 post
3163 4489 3254 4554 ait,
3294 4487 3453 4543 Verba
3471 4506 3587 4562 qua!

2009 4598 2100 4652 ego
2135 4581 2331 4636 locutus
2367 4598 2478 4636 sum
2505 4581 2667 4647 vobis,
2699 4581 2902 4653 spiritus
2939 4591 2986 4636 et
3022 4583 3124 4635 vita
3161 4591 3295 4636 sunt.
3338 4581 3442 4636 Sed
3467 4594 3585 4638 sunt

2011 4676 2218 4747 quidam
2241 4691 2304 4729 ea:
2331 4674 2487 4738 vobis,
2513 4674 2597 4743 qui
2627 4689 2724 4726 non
2754 4672 2962 4726 credunt
2991 4688 3009 4726 :
3036 4671 3226 4726 deinde
3253 4671 3584 4742 Evangelista

2013 4768 2283 4836 subjungit
2301 4805 2318 4832 ,
2350 4763 2551 4820 Sciebat
2588 4765 2717 4818 enim
2747 4765 2808 4818 ab
2842 4763 2982 4817 initio
3006 4762 3157 4816 Jesus
3184 4763 3269 4833 qui
3293 4770 3452 4817 essent
3477 4779 3586 4817 crc-

2014 4859 2284 4923 deutes,et
2309 4856 2421 4926 quis
2459 4864 2584 4910 esset
2625 4855 2902 4909 traditurus
2945 4870 3073 4906 eum.
3099 4851 3166 4907 Et
3198 4867 3266 4907 ne
3304 4851 3583 4923 quisquam

2015 4949 2342 5005 existimaret
2367 4947 2645 5003 credentes
2671 4947 2747 5002 sic
2769 4947 2834 5000 ad
2865 4946 2978 5015 ejus
3005 4945 3390 5015 pruzscientiam
3420 4946 3586 5015 perti-

2014 5057 2165 5108 nere,
2196 5041 2462 5111 quomodo
2487 5055 2590 5094 non
2611 5038 2909 5103 credentes,
2939 5036 2989 5090 id
3019 5045 3119 5102 est,
3139 5045 3194 5091 ut
3225 5054 3328 5092 non
3354 5039 3432 5092 eis
3459 5038 3587 5095 lich

2016 5134 2130 5204 ipsa
2146 5133 2376 5203 desuper
2390 5133 2620 5198 daretur,
2645 5131 2738 5186 sed
2758 5130 3118 5184 tantummodo
3138 5131 3383 5188 voluntas
3401 5148 3586 5188 eorum

2018 5235 2470 5296 praenosceretur;
2519 5239 2642 5278 mox
2685 5221 2877 5290 adjecit
2920 5232 3080 5292 atque
3117 5223 3191 5277 ait
3222 5241 3236 5276 :
3268 5221 3335 5276 Et
3373 5222 3587 5288 dicebat,

2019 5314 2300 5386 Pr0pterea
2325 5314 2434 5368 dixi
2461 5313 2596 5368 vobis
2613 5355 2629 5380 ,
2658 5312 2776 5384 quia
2804 5327 2948 5366 nemo
2987 5323 3146 5385 potest
3180 5313 3345 5367 venire
3382 5312 3452 5365 ad
3477 5328 3588 5380 me,

2021 5408 2119 5462 nisi
2136 5406 2284 5476 fuerit
2310 5405 2355 5458 ei
2375 5405 2547 5458 datum
2569 5421 2598 5455 a
2624 5400 2780 5456 Patre
2799 5420 2927 5458 meo.
2950 5404 3084 5459 Hinc
3109 5414 3221 5459 erat
3241 5402 3380 5472 quod
3402 5416 3589 5458 eorum

2021 5500 2110 5570 qui
2129 5499 2401 5553 audierant
2419 5498 2704 5566 loquenten
2741 5496 2808 5552 de
2828 5512 2990 5554 carne
3011 5512 3106 5552 sua
3125 5505 3180 5551 et
3198 5496 3452 5565 sanguine
3469 5511 3588 5563 suo,

2023 5591 2235 5661 quidam
2267 5588 2604 5643 scandalizati
2649 5587 3051 5654 abscesserunt,
3082 5587 3294 5659 quidam
3325 5587 3592 5644 credendo

2023 5687 2333 5735 manserunt
2359 5677 2549 5747 (Joan.
2580 5693 2654 5746 vt,
2681 5677 2891 5750 44—66)
2925 5697 2936 5732 :
2965 5679 3085 5749 quia
3125 5694 3279 5731 netno
3307 5685 3479 5748 potest
3505 5693 3594 5733 ve-

2026 5773 2144 5830 nire
2161 5772 2227 5829 ad
2246 5772 2413 5842 illum,
2434 5771 2536 5828 nisi
2553 5771 2640 5830 cui
2663 5770 2844 5829 datum
2861 5777 2944 5830 est
2969 5785 3002 5827 a
3027 5766 3207 5841 Patre,
3230 5784 3293 5828 ac
3311 5784 3407 5843 per
3425 5769 3526 5830 hoc
3542 5777 3598 5828 et
