3990 6382
530 387 631 437 bii)

534 506 603 557 ah
628 504 745 573 ipso
765 498 915 562 Filio,
941 508 1039 553 eta
1064 495 1263 567 Spiritu
1291 501 1495 548 sancto.
1520 490 1701 559 Neque
1723 487 1865 542 enim
1885 494 2128 555 separata

529 608 646 650 sunt
672 592 911 649 donavel
932 605 1093 660 Opera
1118 583 1486 656 inseparabilis
1506 581 1818 645 Trinitatis;
1841 578 1933 634 sed
1960 577 2125 632 Filius

531 692 608 744 sic
635 690 902 741 honorans
930 683 1159 737 Patrem.
1189 692 1293 733 non
1316 676 1473 731 afl'ert
1492 675 1653 729 ullius
1674 672 1941 727 distantia:
1957 670 2123 724 docu-

530 792 789 843 mentum,
819 775 911 831 sed
939 787 1186 841 magnum
1220 769 1420 838 praabet
1450 765 1760 821 humilitatis
1786 762 2114 832 exemplum.

601 872 669 926 15
719 868 813 923 llic
835 868 1024 920 iterum
1044 863 1127 917 isti
1153 860 1304 915 liberi
1325 859 1529 914 arbitrii
1549 857 1878 919 defensuros,
1896 855 2007 908 imo
2029 852 2125 908 de-

528 972 773 1030 ceptor-es
789 956 909 1028 quia
934 954 1230 1018 inllatores,
1259 960 1314 1007 et
1336 951 1609 1006 inflatores
1626 950 1747 1020 quia
1773 954 2125 1017 praesumpto-

529 1069 637 1114 rcs,
657 1069 760 1105 non
782 1048 1062 1104 adversum
1082 1060 1201 1111 nos,
1223 1044 1318 1098 sed
1335 1042 1591 1098 adversus
1617 1040 1958 1111 Evangelium
1982 1039 2120 1092 locu-

528 1144 668 1207 turi,
697 1141 823 1213 quid
848 1138 992 1193 aliud
1020 1137 1205 1193 dicunt
1232 1150 1390 1207 quam
1422 1133 1475 1190 id
1504 1132 1646 1204 quod
1678 1132 1965 1203 Apostolus
1985 1130 2118 1195 sibi,

525 1236 674 1310 quasi
697 1252 726 1289 a
751 1234 943 1289 talibus
979 1231 1253 1286 diceretur
1274 1270 1290 1293 ,
1316 1226 1543 1295 obiecit?
1590 1225 1728 1280 Dicis
1761 1226 1931 1295 itaque
1959 1221 2084 1276 mihi
2103 1262 2118 1282 .

527 1330 663 1395 Quid
677 1326 843 1382 adhuc
856 1323 1182 1395 conqueritur
1195 1322 1222 1377 2
1236 1336 1356 1376 nam
1374 1318 1619 1375 voluntati
1639 1320 1749 1387 ejus
1768 1315 1880 1385 quis
1899 1314 2123 1368 resistit?

524 1423 673 1480 lianc
687 1420 1161 1478 contradictionem
1178 1415 1408 1472 sibinreti
1416 1414 1492 1484 psi
1506 1422 1755 1483 tanquam
1769 1410 1837 1464 ab
1849 1411 2017 1464 altero
2033 1422 2122 1475 0p-

525 1517 722 1588 posrrit,
741 1514 879 1571 velut
896 1528 960 1567 ex
977 1525 1163 1565 eorum
1181 1522 1311 1564 voce
1324 1507 1415 1577 qui
1433 1502 1870 1571 noluutaceipere
1886 1498 2026 1570 quod
2040 1513 2123 1553 su-

523 1612 707 1683 perius
718 1609 927 1665 dixerat
943 1625 955 1661 :
974 1604 1113 1677 Ergo
1130 1606 1275 1675 cujus
1288 1602 1390 1656 vult
1411 1602 1691 1663 miseretur,
1707 1605 1753 1651 et
1762 1610 1907 1665 quem
1921 1593 2023 1647 vult
2034 1590 2123 1645 ob-

525 1706 700 1761 durat.
723 1702 941 1758 Talibus
957 1701 1133 1770 itaque
1148 1698 1385 1753 dicamus
1399 1709 1519 1750 cum
1547 1689 1798 1762 Apostolo
1812 1732 1828 1756 ,
1853 1702 1956 1742 non
1974 1686 2118 1740 enim

524 1797 721 1852 melius
747 1793 840 1850 illo
863 1790 1102 1847 invenire
1125 1801 1405 1860 pessumus
1423 1783 1547 1856 qtrid
1570 1782 1810 1837 dicamus
1834 1796 1845 1831 :
1875 1779 1919 1831 0
1941 1777 2113 1843 homo,

526 1898 581 1944 tu
605 1890 717 1959 quis
734 1905 790 1943 es
809 1887 894 1958 qui
910 1883 1213 1956 respondeas
1242 1879 1347 1934 Deo
1366 1880 1383 1948 (
1403 1877 1553 1933 Rom.
1583 1891 1663 1941 rx,
1696 1872 1868 1929 l8-20
1890 1871 1907 1941 )
1930 1873 1954 1925 ?

598 1983 686 2038 ﬂ.
729 1978 1030 2048 Quaerimus
1070 1987 1296 2042 namque
1337 1971 1585 2025 meritum
1629 1963 2033 2023 obdurationis.
2065 1970 2119 2016 ct

524 2073 845 2129 invenimus.
893 2068 1080 2123 Merito
1125 2077 1353 2133 namque
1395 2058 1599 2130 peceati
1648 2057 1893 2110 universa
1941 2065 2118 2107 massa

523 2166 771 2221 damnata
789 2171 905 2227 ο»ι;
936 2175 1032 2213 nec
1049 2157 1276 2212 obdurat
1299 2156 1435 2207 Deus
1453 2148 1809 2219 impertiendo
1835 2145 2113 2207 malitiam,

523 2260 619 2315 sed
644 2274 747 2310 non
769 2250 1125 2324 impertienda
1150 2245 1593 2304 misericordiam.
1617 2242 1820 2308 Quibus
1845 2240 1987 2293 enim
2011 2252 2116 2291 non

524 2349 859 2421 impertitur,
891 2359 991 2399 nec
1019 2341 1163 2411 digni
1189 2348 1346 2405 sunt,
1376 2351 1476 2392 nec
1524 2344 1793 2389 merentur
1822 2351 1835 2387 :
1864 2342 1917 2386 at
1943 2330 2119 2401 potius

525 2450 584 2494 ut
623 2453 729 2493 non
769 2434 1131 2507 impertiatur,
1163 2430 1267 2484 hoc
1308 2428 1451 2498 digni
1496 2435 1657 2490 sunt,
1694 2424 1794 2478 hoc
1821 2431 2114 2478 merentur.

524 2531 826 2600 Quaerimus
869 2536 1047 2581 autem
1079 2525 1327 2580 meritum
1374 2520 1791 2583 misericordiae,
1832 2533 1932 2572 nec
1964 2518 2115 2572 inve-

526 2626 730 2689 rriruus,
758 2622 880 2694 quia
912 2621 1113 2676 nulluru
1144 2628 1262 2683 est,
1296 2634 1362 2672 ne
1400 2617 1566 2687 gratia
1595 2622 1900 2679 evacuctur,
1935 2611 1980 2666 si
2009 2624 2116 2665 non

522 2717 687 2788 gratis
713 2715 974 2779 donatur,
1003 2710 1097 2766 sed
1130 2709 1333 2764 meritis
1361 2706 1620 2763 redditur.

597 2806 683 2863 15.
721 2805 778 2863 Si
817 2805 957 2859 enim
987 2802 1279 2858 dixerimus
1310 2799 1466 2852 tidem
1512 2797 1849 2867 prtccessisse
1871 2837 1885 2860 ,
1916 2795 1968 2848 in
2011 2809 2117 2864 qua

522 2908 668 2955 esset
692 2897 941 2952 meritum
966 2894 1169 2965 gratiae,
1198 2892 1323 2961 quid
1354 2889 1526 2943 meriti
1554 2887 1782 2942 habebat
1807 2885 1967 2940 homo
1991 2894 2117 2939 ante

525 2991 704 3052 tidem,
731 3000 787 3043 ut
811 2989 1074 3056 acciperet
1099 2982 1297 3038 litlrrn?
1323 2980 1450 3052 quid
1480 2980 1623 3035 enim
1656 2979 1820 3032 habet
1844 2976 1985 3047 quod
2010 2992 2114 3029 non

521 3082 770 3151 accepit?
801 3079 1046 3135 siautem
1085 3075 1328 3143 accepit,
1375 3072 1499 3143 quid
1539 3072 1802 3143 gloriatur
1825 3070 1975 3140 quasi
2008 3085 2114 3122 non

523 3172 789 3243 acceperit
842 3168 901 3242 (l
945 3169 1063 3224 Cur.
1108 3184 1186 3234 tv,
1219 3169 1250 3222 ’ἱ
1277 3166 1330 3238 )?
1360 3166 1510 3220 Sicut
1550 3164 1693 3219 cnim
1740 3177 1844 3216 non
1893 3159 2115 3215 haberet

520 3263 684 3317 horna
715 3260 1025 3329 sapientiam
1048 3300 1062 3322 ,
1101 3258 1463 3320 intellectum,
1497 3254 1779 3309 consilium
1802 3293 1817 3314 ,
1848 3250 2115 3306 fortitudi-

524 3370 665 3417 nem,
685 3353 986 3414 scientiam,
1009 3350 1279 3420 pietatem,
1303 3348 1548 3400 tiruorem
1569 3345 1681 3408 Dei,
1706 3342 1804 3396 nisi
1820 3340 2111 3395 secundum

522 3446 891 3518 propheticum
923 3443 1193 3513 eloquium
1224 3441 1463 3509 aceepiss
1484 3449 1519 3492 ἰ
1556 3437 1809 3507 Spiritnrn
1840 3435 2115 3504 sapientia:

522 3549 576 3592 et
600 3537 899 3592 intellectus
919 3575 933 3597 ,
958 3533 1167 3590 consilii
1191 3543 1245 3586 et
1272 3528 1595 3585 fortitudinis
1617 3570 1629 3593 ,
1656 3525 1895 3582 scientiae
1918 3533 1973 3580 et
1999 3525 2112 3595 pie-

525 3632 645 3686 tatis
670 3646 733 3684 ac
776 3628 984 3684 timoris
1027 3626 1115 3681 Dei
1149 3622 1317 3694 (Isai.
1366 3638 1445 3687 ιι,
1479 3622 1535 3684 ‘3,
1567 3617 1670 3693 '5);
1702 3622 1838 3672 sicut
1882 3632 1985 3671 non
2018 3616 2112 3671 ba-

520 3725 674 3779 beret
691 3724 961 3787 virtutem,
983 3720 1321 3780 eharitatem,
1346 3714 1750 3777 continentiam,
1773 3712 1871 3765 nisi
1893 3718 2114 3779 accepto

523 3814 723 3885 Spiritu
759 3813 827 3867 de
865 3827 969 3881 quo
1009 3808 1137 3864 dicit
1168 3806 1488 3877 Apostolus,
1520 3802 1641 3857 Non
1679 3803 1814 3857 enim
1846 3801 2113 3871 accepistis

523 3905 773 3977 Spiritum
812 3902 1004 3956 timoris
1024 3942 1038 3962 ,
1063 3900 1151 3954 sed
1189 3897 1387 3953 virtutis
1408 3936 1423 3961 ,
1457 3906 1503 3950 et
1538 3894 1800 3949 charitatis
1820 3934 1836 3958 ,
1860 3904 1906 3947 et
1949 3892 2114 3947 conti-

520 3998 702 4053 nentia:
725 3996 742 4067 (
762 3995 799 4048 Il
828 3992 957 4048 Tim.
982 4008 1020 4057 ι,
1043 3992 1075 4045 7
1099 3992 1116 4061 )
1147 4008 1159 4043 :
1190 3991 1260 4044 ita
1286 4004 1392 4045 non
1413 3987 1635 4042 haberet
1656 3985 1813 4041 fidem
1835 3984 1939 4039 nisi
1958 3998 2113 4041 acce-

519 4089 681 4159 pisset
704 4087 958 4155 Spiritum
983 4084 1125 4149 fidei,
1154 4083 1222 4137 de
1246 4096 1352 4152 quo
1378 4081 1515 4135 idern
1548 4083 1660 4150 ipse
1685 4079 1833 4145 dicit,
1859 4077 2111 4133 Habentes

517 4192 683 4235 autem
711 4178 941 4234 eumdem
972 4176 1224 4247 Spiritum
1248 4174 1387 4243 ﬁdei,
1410 4172 1688 4227 secundum
1712 4170 1847 4241 quod
1867 4172 2110 4241 scriptum

516 4284 609 4339 est,
631 4270 855 4336 Credidi,
880 4278 1083 4339 prapter
1102 4267 1237 4337 quod
1263 4266 1455 4320 locutus
1477 4280 1627 4329 sum;
1649 4274 1695 4317 et
1721 4280 1812 4318 nos
1832 4262 2104 4328 credimus,

520 4373 725 4434 propter
753 4362 885 4430 quod
918 4370 963 4413 et
990 4360 1241 4429 loquimur
1262 4358 1279 4427 (
1301 4357 1341 4412 11
1373 4357 1488 4411 Cor.
1522 4371 1595 4421 tv,
1634 4354 1752 4427 l5).
1787 4354 1900 4409 Non
1929 4365 2105 4409 autem

522 4454 714 4509 merito
738 4452 1031 4523 accepisse,
1058 4451 1151 4506 sed
1175 4449 1539 4506 misericordia
1566 4449 1686 4518 ejus
1711 4448 1801 4518 qui
1826 4448 1976 4518 cujus
1996 4448 2109 4503 vult

520 4548 824 4610 miseretur,
850 4544 1281 4599 manifestissime
1302 4540 1556 4605 ostendit,
1589 4541 1679 4595 ubi
1703 4540 1770 4595 de
1793 4540 1972 4609 seipse
1997 4540 2101 4594 ait:

519 4637 926 4693 Misericordium
954 4645 1248 4691 consecutus
1275 4651 1407 4700 sum,
1434 4644 1489 4687 ut
1519 4631 1686 4700 [idelis
1710 4647 1867 4687 essem
1896 4631 1916 4703 (
1938 4632 1958 4687 l
1984 4631 2103 4686 Cor.

516 4748 609 4797 vn,
634 4730 705 4785 25
726 4729 767 4802 ).

584 4819 814 4878 CAPUT
850 4820 1103 4877 lV.-—16.
1132 4820 1189 4876 Si
1212 4819 1507 4874 dixerimus
1528 4819 1777 4875 meritum
1801 4817 2105 4888 prteccdere

515 4916 794 4979 orationis,
822 4924 880 4969 ιιι
904 4914 1102 4969 donnrn
1127 4913 1311 4983 gratia:
1334 4920 1693 4982 coarsequatur
1724 4929 1736 4965 :
1769 4911 2104 4983 impetrando

513 5007 731 5079 quidem
769 5007 942 5060 oratio
975 5004 1231 5076 quidquid
1270 5005 1554 5073 impetrat,
1601 5004 1876 5060 evidenter
1903 5003 2102 5059 donum

516 5100 610 5155 Dei
628 5113 751 5155 esse
772 5098 1027 5160 ostendit.
1046 5114 1113 5153 ne
1134 5098 1293 5154 homo
1308 5097 1577 5153 existimet
1598 5114 1627 5151 a
1645 5098 1824 5167 seipse
1840 5098 1938 5153 sibi
1960 5114 2099 5166 esse,

514 5192 656 5265 quod
678 5191 723 5247 si
746 5193 797 5247 in
824 5201 1083 5261 potestate
1104 5193 1408 5259 haberetur,
1430 5207 1534 5246 non
1561 5194 1740 5262 utique
1762 5203 2099 5264 posceretur;

513 5295 883 5342 verumtamen
901 5299 969 5339 ne
984 5284 1169 5340 saltem
1190 5284 1445 5341 orationis
1465 5294 1776 5355 putarentur
1799 5286 2102 5355 praecedere

514 5380 701 5435 merita
723 5422 739 5445 ,
768 5377 961 5449 quibus
1005 5391 1110 5432 non
1139 5380 1365 5449 gratuita
1393 5379 1611 5434 daretur
1638 5378 1805 5449 gratia
1823 5420 1838 5442 ,
1870 5377 1964 5432 sed
1988 5378 2099 5448 jam

514 5488 611 5528 nec
640 5474 809 5544 gratia
838 5481 1015 5535 esset,
1046 5473 1169 5542 quia
1194 5470 1371 5525 debita
1411 5470 1726 5527 redderetur
1745 5512 1761 5534 ,
1792 5470 1951 5524 etiam
1988 5470 2101 5542 ipsa

511 5565 685 5620 oratio
715 5564 853 5619 inter
880 5563 1064 5634 gratiae
1092 5577 1310 5617 munera
1356 5562 1638 5633 reperitur.
1670 5560 1809 5628 Quid
1833 5561 1965 5615 enim
1989 5576 2101 5615 ore-

514 5674 647 5720 mus,
673 5656 747 5710 ait
772 5658 970 5710 Doctor
990 5654 1261 5720 Gentium,
1291 5654 1421 5709 sicut
1450 5664 1662 5724 oportet,
1695 5655 1943 5709 nescimus
1964 5668 1983 5718 ;
2011 5654 2101 5708 sed

512 5748 621 5815 ipse
651 5745 875 5815 Spiritus
915 5747 1200 5818 interpellat
1242 5763 1333 5817 pro
1374 5746 1516 5801 nobis
1545 5746 1806 5818 gemitibus
1834 5748 2100 5802 inenarra-

519 5834 717 5892 liilibus.
750 5835 886 5905 Quid
914 5846 993 5890 est
1031 5841 1234 5890 autem:
1266 5837 1569 5909 interpellat,
1605 5839 1724 5901 nisi,
1758 5840 2098 5908 interpellare

1764 372 1819 427 S.
1863 367 2225 427 AUGUSTINI
2267 370 2566 427 El’lSCOPI

2239 497 2335 537 nos
2367 484 2519 538 facit?
2545 483 2832 550 lndigeutis
2870 502 3011 541 curm
3060 490 3415 545 certissimum
3457 478 3702 547 indicium
3728 503 3807 551 est

2237 578 2575 647 interpellare
2601 579 2900 649 gemitibus.
2940 578 3147 638 Nullius
3188 593 3364 638 autem
3404 585 3480 638 rei
3518 600 3635 641 esse
3674 587 3806 644 indi-

2234 682 2443 742 gentem
2465 671 2543 726 fas
2565 683 2649 728 est
2675 672 2894 729 credere
2923 673 3177 744 Spiritum
3203 686 3463 733 sanctum.
3496 676 3600 733 Sed
3628 679 3697 733 ita
3722 679 3803 735 di-

2232 772 2374 819 ctum
2396 776 2497 828 est,
2520 765 2825 834 interpellat,
2844 766 2964 835 quia
2989 767 3328 839 interpellare
3346 785 3444 826 nos
3464 768 3609 835 facit,
3635 772 3803 829 nobis-

2230 871 2335 925 que
2385 857 2751 928 interpellandi
2810 868 2863 913 et
2924 860 3168 930 gemendi
3237 860 3462 930 inspirat
3524 861 3801 928 allectum;

2230 946 2366 1001 sicut
2396 947 2519 1001 illud
2558 948 2608 1002 in
2653 947 2941 1019 Evangelii)
2976 969 2988 1003 :
3024 947 3143 1004 Non
3183 951 3320 1005 enim
3364 968 3450 1006 ros
3477 952 3595 1007 estis
3621 954 3706 1023 qui
3733 954 3806 1009 lo-

2228 1041 2440 1111 quimini
2456 1081 2472 1107 ,
2488 1042 2581 1115 sed
2605 1041 2830 1111 Spiritus
2858 1040 3030 1098 Patris
3056 1044 3223 1111 uestri,
3246 1045 3333 1115 qui
3358 1045 3583 1115 loquitur
3605 1048 3661 1102 in
3679 1048 3805 1103 vobis

2233 1130 2252 1202 (
2280 1130 2462 1185 Matth.
2500 1148 2555 1193 χ.
2584 1133 2655 1188 20
2678 1135 2716 1203 ).
2748 1134 2927 1205 Neque
2964 1136 3105 1191 enim
3145 1147 3201 1191 et
3236 1136 3338 1192 hoc
3380 1137 3450 1192 ita
3490 1138 3548 1193 tit
3572 1138 3642 1194 de
3666 1140 3808 1197 nobis

2231 1233 2480 1293 tanquam
2524 1225 2653 1280 nihil
2699 1225 3017 1282 facientibus
3061 1227 3236 1283 nobis.
3285 1228 3627 1298 Adjutorium
3662 1231 3806 1301 igitur

2226 1316 2455 1387 Spiritus
2477 1321 2643 1374 sancti
2670 1322 2747 1376 sic
2772 1338 3085 1391 expressum
3109 1331 3194 1378 est
3211 1364 3228 1390 ,
3254 1330 3312 1376 ut
3336 1323 3451 1393 ipse
3470 1321 3650 1379 facere
3670 1322 3807 1381 dies.

2227 1418 2379 1464 retur
2402 1411 2543 1480 quod
2571 1421 2626 1466 ttt
2655 1413 2907 1468 faciamus
2934 1414 3078 1469 facit.
3223 1414 3231 1422 ’

2300 1502 2387 1555 17.
2429 1501 2558 1557 Nam
2586 1519 2691 1559 non
2715 1520 2835 1561 esse
2856 1506 3254 1577 intelligendum
3281 1507 3527 1575 Spiritum
3554 1515 3808 1576 nostrum,

2225 1590 2294 1646 de
2309 1608 2415 1660 quo
2439 1593 2639 1649 dictum
2661 1606 2762 1658 est,
2786 1596 3076 1667 interpellat
3094 1596 3361 1668 gemitibus
3376 1599 3806 1668 inenarrabilibrts,

2227 1682 2320 1737 sed
2348 1684 2602 1753 Spiritum
2634 1696 2875 1742 sanctum
2894 1729 2908 1751 ,
2939 1704 3046 1759 quo
3073 1698 3253 1743 nostra
3288 1689 3575 1745 infirmitas
3597 1690 3809 1760 adjuva-

2227 1786 2314 1831 tur
2334 1818 2351 1845 ,
2384 1778 2513 1832 satis
2541 1778 2653 1847 ipse
2682 1779 3015 1835 demonstrat
3040 1782 3347 1850 Apostolus.
3390 1780 3516 1837 lude
3540 1782 3691 1837 enim
3712 1795 3813 1840 ca-

2227 1869 2333 1939 pit.
2368 1868 2626 1941 Spiritus,
2672 1871 2874 1941 inquit,
2914 1872 3122 1936 adiuvat
3168 1872 3518 1941 inﬁrmitatem
3562 1886 3812 1939 nostrast;

2224 1960 2421 2016 deinde
2448 1961 2515 2015 ita
2543 1961 2834 2030 subjunsit.
2862 1961 2999 2027 Quid
3027 1963 3157 2016 enim
3187 1979 3408 2023 orerrrus,
3437 1964 3575 2017 sicut
3604 1974 3808 2036 oportet,

2225 2053 2506 2115 nescimus;
2535 2062 2589 2107 et
2612 2064 2824 2108 caetera.
2856 2054 2931 2109 De
2975 2055 3077 2109 hoc
3114 2055 3311 2125 quippe
3345 2054 3551 2125 Spiritu
3583 2058 3809 2125 apertius

2224 2142 2348 2197 alibi
2400 2144 2528 2197 dicit
2572 2162 2584 2197 :
2635 2141 2754 2197 Non
2802 2146 2935 2199 enim
2981 2146 3242 2216 accepistis
3286 2147 3526 2218 spiritum
3569 2150 3807 2205 servitutis

2226 2237 2403 2289 iterum
2430 2237 2481 2289 in
2504 2237 2679 2291 timore
2702 2255 2720 2302 ;
2744 2238 2833 2292 sed
2857 2240 3118 2310 accepistis
3146 2240 3400 2309 Spiritum
3426 2243 3722 2313 adoptionis
3746 2244 3807 2314 ﬁ-

2225 2328 2410 2383 liorum
2438 2330 2488 2383 in
2514 2347 2612 2401 quo
2636 2330 2945 2395 clamanrus,
2978 2331 3135 2389 Abba.
3171 2331 3329 2389 Pater
3353 2334 3544 2404 (Rom.
3582 2352 3701 2403 vut,
3726 2335 3807 2403 26,

2226 2420 2353 2491 15).
2387 2422 2522 2475 Ecce
2562 2422 2647 2476 hic
2693 2438 2796 2476 non
2841 2424 2976 2478 dixit
3020 2424 3160 2495 quod
3206 2426 3318 2494 ipse
3360 2427 3599 2497 Spiritus
3626 2429 3810 2484 clamet

2223 2511 2457 2578 orando;
2487 2512 2579 2566 sed
2596 2553 2611 2578 ,
2635 2514 2686 2567 iu
2711 2530 2810 2583 quo
2834 2516 3113 2569 clamamus
3133 2557 3148 2580 ,
3175 2516 3345 2581 Abba,
3380 2516 3562 2574 Pater.
3590 2520 3713 2575 Alio
3740 2530 3811 2577 la-

2225 2620 2346 2658 men
2375 2604 2491 2658 loco
2515 2605 2591 2658 ait
2621 2622 2633 2657 :
2666 2605 2915 2671 Quoniam
2949 2608 3048 2676 ﬁlii
3074 2605 3171 2662 Dei
3190 2610 3329 2675 estis,
3359 2610 3495 2665 misit
3527 2608 3676 2666 Deus
3700 2610 3810 2681 Spi-

2222 2695 2376 2749 ritum
2398 2694 2525 2749 Filii
2551 2697 2629 2749 sui
2655 2696 2707 2749 in
2728 2696 2885 2750 corda
2910 2707 3095 2765 vestra,
3117 2697 3442 2764 clamantem,
3473 2700 3640 2763 Abba,
3666 2699 3809 2756 Pater

2224 2785 2431 2858 (Galat.
2467 2804 2540 2855 tv,
2570 2788 2662 2858 6).
2703 2788 2817 2844 Non
2862 2790 2950 2845 hic
2988 2793 3096 2859 ait,
3139 2793 3192 2846 iu
3229 2809 3329 2861 quo
3373 2795 3700 2862 clamamus;
3725 2795 3807 2853 sed

2224 2879 2395 2949 ipsum
2416 2878 2672 2949 Spiritum
2695 2881 3013 2937 clamantem
3030 2883 3210 2938 dicere
3234 2885 3439 2950 maluit,
3462 2903 3575 2955 quo
3590 2888 3808 2944 efficitur

2223 2986 2283 3026 ut
2307 2972 2598 3025 clamemus
2626 2989 2639 3025 :
2672 2973 2808 3028 sicut
2832 2983 2956 3027 srrnt
2981 2974 3065 3028 illa
3087 3016 3102 3037 ,
3126 2973 3248 3044 Ipse
3276 2975 3503 3047 Spiritus
3526 2977 3806 3050 interpellet

2220 3063 2486 3133 gemitibus
2516 3063 2937 3119 iuenarrabilibus
2949 3083 2968 3127 ;
2989 3075 3043 3121 et
3060 3108 3076 3133 ,
3102 3066 3328 3139 Spiritus
3352 3067 3526 3124 Patris
3550 3072 3701 3126 vestri
3722 3082 3801 3140 cst.

2220 3159 2304 3228 qui
2334 3158 2556 3228 loquitur
2575 3161 2627 3211 in
2658 3158 2816 3213 vobis.
3110 3206 3112 3209 .

2294 3250 2382 3302 18.
2424 3250 2574 3304 Sicut
2600 3265 2731 3321 ergo
2760 3264 2916 3304 nemo
2951 3261 3096 3305 recte
3133 3253 3307 3322 sapit,
3339 3262 3489 3311 recte
3536 3255 3798 3328 intelligit.

2220 3347 2366 3395 recte
2392 3341 2615 3395 consilio
2642 3357 2704 3396 ac
2733 3342 3039 3396 l'ortitndine
3066 3344 3347 3411 prmvalet,
3375 3360 3539 3400 neruo
3581 3347 3802 3403 scienter

2221 3429 2338 3498 pius
2377 3440 2491 3493 est,
2523 3432 2609 3486 vel
2655 3432 2741 3501 pie
2780 3433 2989 3499 sciens,
3031 3447 3191 3488 uerno
3225 3436 3414 3489 timore
3456 3447 3608 3493 casto
3647 3436 3799 3493 Deum

2223 3522 2373 3578 timet
2388 3563 2405 3588 ,
2428 3524 2527 3578 nisi
2549 3526 2815 3594 acceperit
2838 3526 3091 3596 Spiritum
3114 3527 3390 3596 sapientia:
3407 3539 3462 3582 et
3485 3528 3794 3595 intellectus,

2218 3614 2427 3668 consilii
2453 3623 2506 3669 et
2546 3614 2618 3669 for
2633 3614 2902 3679 titudinis,
2929 3618 3166 3671 scientia:
3203 3626 3258 3671 et
3283 3618 3494 3687 pietatis
3518 3628 3577 3675 et
3604 3620 3798 3676 timoris

2219 3706 2349 3766 Dei:
2377 3722 2476 3762 nec
2497 3706 2654 3763 habet
2674 3709 2954 3779 quisquam
2983 3709 3230 3764 virtutem
3261 3726 3463 3775 veram,
3490 3711 3796 3769 clraritateut

2217 3801 2512 3865 sinceram,
2539 3802 2918 3857 continentiam
2948 3803 3248 3872 religiosam
3265 3844 3279 3866 .
3306 3804 3405 3858 nisi
3438 3819 3535 3873 per
3552 3805 3794 3875 Spiritum

2217 3894 2449 3957 virtutis.
2470 3905 2525 3951 et
2550 3896 2842 3959 cbaritatis,
2868 3905 2924 3951 et
2945 3898 3289 3952 continentia:
3320 3916 3333 3952 :
3362 3900 3433 3954 ita
3464 3902 3583 3955 sine
3606 3899 3794 3969 Spiritu

2218 3986 2341 4041 fidei
2368 4003 2472 4041 non
2499 3994 2582 4041 est
2608 3996 2754 4043 recte
2778 3988 3039 4058 quiSpiarn
3065 3989 3390 4053 crediturus,
3418 4005 3518 4045 nec
3542 3991 3656 4046 sine
3679 3990 3795 4060 Spi-

2216 4078 2320 4132 ritu
2349 4079 2605 4133 orationis
2630 4076 2914 4135 salubriter
2941 4092 3208 4134 oraturus.
3256 4078 3371 4135 Non
3406 4081 3531 4151 quia
3572 4092 3646 4137 tot
3672 4089 3791 4136 sunt

2215 4171 2469 4243 spiritus,
2511 4172 2605 4226 sed
2646 4172 2822 4226 omnia
2870 4170 2984 4227 bare
3028 4183 3280 4242 operatur
3304 4188 3444 4229 unus
3470 4184 3625 4245 atque
3657 4172 3789 4228 idem

2214 4264 2443 4335 Spiritus
2462 4264 2706 4319 dividens
2733 4265 2940 4333 propria
2970 4264 3252 4334 unicuique
3277 4274 3434 4334 prout
3459 4269 3568 4320 vult
3593 4272 3608 4333 (
3636 4263 3784 4319 lCor.

2216 4371 2317 4421 xu.
2337 4358 2395 4412 11
2426 4358 2476 4428 );
2504 4356 2628 4428 quia
2651 4356 2879 4427 Spiritus
2906 4356 2992 4410 ubi
3024 4357 3134 4409 vttlt
3156 4358 3317 4425 spirat
3344 4356 3540 4429 (Joau.
3572 4373 3648 4419 ιη.
3669 4355 3740 4429 8)
3769 4375 3782 4411 :

2212 4448 2309 4506 sed
2337 4449 2478 4519 quod
2506 4449 2773 4504 fatendum
2803 4457 2886 4502 est
2907 4489 2922 4511 ,
2953 4449 3107 4502 aliter
3131 4448 3342 4517 adjuvat
3370 4451 3604 4505 nondum
3645 4450 3784 4504 inha-

2213 4540 2410 4606 bitans,
2438 4541 2589 4595 aliter
2619 4539 2939 4593 inlrahitans.
2971 4538 3102 4593 Nam
3126 4539 3359 4594 ιιυιιάιιλιι
3393 4542 3688 4597 inhabitans
3707 4540 3782 4596 ad-

2209 4631 2360 4704 juvat
2393 4643 2449 4687 ut
2485 4632 2591 4687 sint
2622 4630 2825 4697 tidelrs,
2858 4633 3155 4687 inhabitans
3180 4632 3392 4703 adjuvat
3418 4634 3527 4703 jam
3557 4636 3750 4691 ﬁdeles.

2282 4724 2509 4781 CAPUT
2553 4723 2796 4779 V.—l9.
2837 4722 2989 4790 Quod
3017 4734 3100 4778 est
3129 4739 3257 4794 ergo
3288 4725 3536 4780 rueritmtt
3570 4726 3778 4781 hominis

2211 4829 2336 4875 ante
2374 4820 2633 4886 gratiam,
2683 4835 2788 4889 quo
2839 4819 3029 4873 merito
3077 4820 3331 4889 percipiat
3378 4823 3639 4889 gratiam,
3672 4838 3775 4876 eum

2211 4925 2371 4964 omne
2411 4910 2607 4963 bonum
2639 4911 2888 4964 meritum
2934 4920 3173 4964 nostrum
3220 4928 3324 4965 non
3357 4912 3408 4965 in
3446 4913 3600 4968 nobis
3641 4914 3775 4969 faciat

2212 5002 2313 5057 nisi
2339 5001 2542 5070 gratia;
2574 5011 2628 5056 et
2651 5015 2773 5056 cum
2804 5001 2941 5055 Deus
2965 5008 3189 5056 coronat
3218 5004 3407 5056 merita
3438 5015 3639 5068 nostra,
3664 5002 3773 5057 nihil

2210 5096 2353 5151 aliud
2378 5107 2598 5151 coronet
2627 5110 2785 5166 quam
2810 5110 3030 5149 ruuuera
3062 5095 3191 5149 sua?
3215 5093 3366 5150 Sicut
3383 5098 3525 5151 enim
3554 5098 3620 5152 ab
3644 5096 3769 5150 initia

2210 5189 2333 5244 ﬁdei
2362 5187 2781 5243 misericordiam
2811 5186 3081 5241 consecuti
3109 5201 3314 5248 sumus,
3340 5187 3585 5257 nonquia
3611 5188 3768 5241 ﬁdeles

2209 5298 2456 5347 eramus,
2490 5280 2583 5335 sed
2631 5290 2687 5334 ut
2720 5295 2998 5343 essemus;
3038 5281 3114 5334 sic
3154 5280 3206 5333 in
3251 5279 3385 5343 fine,
3418 5295 3525 5350 quo
3561 5278 3657 5334 erit
3680 5277 3764 5330 vita

2210 5388 2429 5442 arterna,
2458 5375 2732 5432 coronabit
2765 5390 2881 5435 nos,
2910 5374 3044 5427 sicut
3086 5373 3341 5442 scriptum
3371 5383 3476 5431 est.
3502 5374 3554 5426 in
3582 5373 3759 5425 irrisas-

2211 5473 2345 5526 tione
2385 5481 2430 5525 et
2474 5466 2814 5523 misericmdta
2840 5468 2859 5536 (
2885 5464 3026 5521 Psul.
3057 5483 3159 5531 cu,
3196 5466 3291 5539 4).
3330 5467 3443 5521 Non
3488 5470 3650 5539 itaque
3669 5466 3759 5519 fru-

2210 5575 2320 5619 stra
2353 5565 2461 5619 Deo
2498 5571 2768 5625 cantatur,
2810 5559 2876 5615 Et
2917 5562 3256 5614 miserirordia
3289 5562 3400 5632 ejus
3429 5561 3676 5631 prterunt
3699 5572 3763 5613 ms

2211 5656 2394 5725 (Psat.
2444 5671 2604 5713 Lvm.
2637 5654 2688 5707 Il
2718 5658 2767 5718 );
2810 5666 2892 5714 et,
2924 5651 3274 5706 Misi-riairdia
3322 5655 3431 5724 ejus
3474 5666 3755 5725 subsequar"

2210 5765 2289 5802 me
2315 5748 2333 5819 (
2359 5747 2499 5802 Psal.
2543 5762 2686 5811 χχιι,
2716 5744 2806 5817 ti).
2850 5744 3000 5809 Unde
3037 5759 3085 5801 et
3128 5749 3238 5819 ipsa
3277 5756 3378 5804 vita
3420 5761 3763 5817 :etcrna,qu:c

2210 5843 2394 5914 utique
2438 5840 2490 5894 in
2536 5839 2637 5893 line
2682 5841 2797 5893 sine
2844 5842 2945 5891 line
2993 5843 3299 5901 italu-l-i'n",
3350 5854 3396 5894 et
3442 5844 3556 5901 ideo
3584 5840 3762 5902 meritis
