3990 6422
236 529 666 603 pmcedentibns
706 528 976 595 redditur;
1017 536 1194 583 tamen
1236 527 1357 596 quia
1400 523 1589 579 eadem
1634 521 1822 575 merita

237 624 427 695 quibus
455 621 717 687 redditur,
745 634 847 676 non
872 635 905 674 a
932 618 1086 673 nobis
1113 628 1295 689 parata
1320 625 1445 671 sunt
1468 630 1562 686 per
1586 621 1819 669 nostram

236 714 650 778 sullicientiam,
677 713 771 768 sed
812 713 863 765 in
905 710 1058 766 nobis
1086 711 1219 764 facta
1260 724 1354 778 per
1378 708 1632 779 gratiam,
1659 703 1821 758 etiam

238 809 345 877 ipsa
370 806 543 875 gratia
588 813 921 875 nuncupatur
938 844 955 869 ,
985 818 1091 856 non
1117 801 1188 853 ob
1214 799 1355 854 aliud
1382 799 1481 853 nisi
1506 796 1629 867 qttia
1655 795 1821 866 gratis

236 900 415 959 datur;
444 912 550 951 nec
577 896 695 951 ideo
723 896 840 965 quia
870 912 975 950 nou
1002 893 1205 949 meritis
1227 892 1403 955 datur.
1431 890 1523 947 sed
1549 891 1668 959 quia
1696 889 1818 943 data

237 999 351 1047 sunt
366 1000 417 1045 et
440 990 560 1059 ipsa
586 993 769 1043 merita
794 988 984 1052 quibus
1003 987 1176 1041 datur.
1204 983 1303 1042 Ubi
1326 993 1502 1038 autem
1520 981 1818 1037 invenimus

235 1082 385 1137 etiam
430 1082 601 1135 vitam
638 1089 892 1134 :cternam
935 1079 1159 1148 gratiam
1207 1077 1525 1145 nuncupari,
1558 1073 1816 1128 habemus

235 1173 362 1244 apud
385 1172 640 1227 eumdem
669 1172 856 1242 gratiae
882 1170 1215 1240 magniﬁcum
1245 1167 1583 1223 defensorem
1611 1172 1816 1233 aposto-

234 1267 331 1320 lum
378 1264 602 1319 I’aulum
634 1282 646 1318 :
681 1262 1041 1331 Stipendium,
1074 1261 1270 1331 inquit,
1305 1259 1493 1329 peccati
1536 1274 1670 1311 mors
1704 1265 1781 1311 est
1792 1273 1813 1322 ;

232 1355 385 1427 gratia
420 1364 598 1407 autem
638 1352 731 1406 Dei
768 1353 869 1407 rita
913 1361 1099 1407 eterna
1136 1352 1193 1405 in
1231 1348 1432 1406 Christo
1459 1347 1581 1402 Iesu
1609 1348 1813 1402 domino

232 1456 389 1500 nostro
419 1443 619 1514 (Rom.
649 1460 723 1509 Vt,
758 1443 831 1501 23
850 1449 889 1513 ).

289 1536 376 1593 90.
425 1536 582 1601 \ide,
613 1537 837 1590 obsecro
860 1546 931 1599 te,
963 1536 1015 1589 in
1042 1543 1236 1605 quanta
1262 1534 1519 1589 brevitate
1544 1548 1703 1604 quam
1734 1532 1812 1588 vi-

228 1628 445 1698 gilanter
464 1629 631 1682 verba
651 1627 905 1696 posuerit,
928 1626 1120 1697 quibus
1134 1626 1413 1696 diligenter
1435 1624 1807 1694 consideratis,

229 1720 525 1789 qua-stionis
560 1720 719 1787 huius
758 1720 1143 1790 aliquantulum
1173 1719 1461 1790 dilucescat
1491 1719 1805 1774 obscuritas.

229 1812 347 1865 Cum
370 1812 516 1865 cuitu
539 1812 785 1876 dixisset,
811 1810 1133 1879 Stipendium
1158 1811 1346 1880 peccati
1370 1802 1539 1874 mors;
1564 1810 1682 1878 qnis
1704 1825 1807 1866 non

230 1918 333 1957 eum
361 1902 848 1973 congruentissima
888 1910 942 1955 et
968 1912 1355 1971 consequenter
1381 1901 1577 1955 addere
1596 1902 1807 1972 judica-

231 2002 317 2053 ret,
338 1993 377 2043 si
402 1993 634 2057 diceret,
660 1992 992 2061 Stipendium
1016 2002 1191 2045 autem
1209 1992 1429 2062 justitiae
1449 1993 1550 2047 vita
1573 1994 1807 2049 acterna?

226 2089 473 2134 et'veruzu
501 2092 624 2147 est;
652 2085 773 2152 quia
804 2084 939 2137 sicut
967 2081 1160 2137 merito
1190 2083 1385 2152 precati
1429 2072 1675 2153 tanquam
1705 2084 1803 2139 sti-

228 2172 457 2240 pendium
500 2175 747 2229 redditur
776 2189 919 2229 mors
938 2215 954 2238 ,
987 2175 1055 2227 ita
1095 2176 1284 2228 merito
1312 2174 1528 2242 justitia:
1557 2185 1803 2245 tanquam

226 2264 530 2329 stipendium
561 2268 673 2319 vita
698 2278 915 2319 a'terna.
941 2267 1042 2320 Aut
1069 2266 1114 2321 si
1142 2265 1306 2321 nollet
1329 2266 1527 2327 dicere,
1555 2256 1803 2336 Iustitia},

227 2354 439 2423 diceret,
471 2358 639 2423 ﬁdei;
670 2359 919 2427 quoniam
962 2358 1136 2427 justus
1165 2375 1231 2414 ex
1265 2359 1365 2414 tide
1408 2362 1533 2414 vivit
1579 2359 1800 2429 (Habac.

226 2461 274 2507 ιι,
294 2446 355 2513 ι,
380 2459 428 2502 et
451 2448 613 2503 Rom.
637 2466 674 2512 l,
700 2451 809 2520 l7).
844 2450 993 2506 Unde
1011 2452 1169 2505 etiam
1199 2460 1252 2506 et
1282 2466 1487 2507 merces
1507 2454 1804 2522 appellatur

229 2538 445 2606 plurimis
495 2553 810 2596 sanctarum
860 2545 1254 2613 Scripturarum
1305 2545 1434 2599 locis
1483 2563 1495 2597 :
1543 2561 1799 2616 nusquam

226 2645 366 2698 pirro
392 2633 529 2687 dicta
558 2645 653 2689 est
684 2650 889 2690 merces
912 2636 1112 2704 justitia
1139 2636 1222 2689 vel
1254 2635 1402 2699 ﬁdes,
1435 2637 1556 2707 quia
1581 2637 1802 2705 justitiae

227 2725 294 2776 vel
316 2724 427 2779 ﬁdei
449 2728 699 2782 redditur
720 2744 945 2783 merces.
972 2728 1125 2796 Quod
1146 2738 1228 2783 est
1247 2737 1425 2784 autem
1450 2745 1654 2786 merces
1673 2746 1800 2801 ope-

225 2817 359 2878 ranti,
390 2817 491 2873 hoc
515 2821 771 2875 militanti
790 2822 1140 2891 stipendium.

284 2906 363 2960 21.
401 2909 505 2967 Sed
532 2912 731 2967 beatus
757 2914 1045 2981 Apostolus
1068 2914 1323 2969 adversus
1348 2916 1655 2982 elationem,
1680 2934 1800 2988 qum

224 3010 373 3066 usque
394 3000 530 3057 adeo
556 3004 773 3073 elinguis
800 3013 963 3057 teutat
994 3005 1259 3076 irrepere,
1291 3018 1346 3060 ut
1374 3014 1430 3061 et
1456 3009 1555 3062 sibi
1587 3020 1802 3079 propter

227 3088 374 3155 itusam
401 3092 544 3149 dicat
583 3094 763 3150 datum
790 3098 1035 3166 angelum
1063 3100 1293 3164 Satanae,
1320 3115 1349 3152 ιι
1375 3115 1480 3169 quo
1504 3101 1801 3170 colapbiza-

229 3193 390 3249 retur,
434 3203 501 3240 ne
536 3188 801 3244 verticem
850 3192 1276 3260 pra-sumptionis
1312 3192 1540 3261 erigeret
1586 3192 1653 3261 (ll
1677 3193 1796 3251 Cor.

236 3287 318 3337 xu,
344 3277 396 3346 Ἰ)
426 3295 442 3333 :
469 3280 732 3336 adversus
760 3281 896 3337 hanc
920 3297 1048 3352 ergo
1076 3281 1321 3339 elationis
1351 3292 1551 3354 pestem
1583 3287 1801 3355 vigilan-

234 3365 411 3422 tissitnc
446 3371 719 3437 militans,
767 3372 1123 3441 Stipendium,
1167 3374 1369 3443 inquit,
1417 3377 1604 3445 peccati
1642 3393 1795 3432 mors.

234 3452 374 3511 [lecte
400 3459 747 3527 stipendium,
775 3464 895 3531 quia
923 3464 1169 3523 debetur.
1200 3465 1319 3534 quia
1350 3464 1508 3534 digne
1546 3467 1798 3527 retribui-

234 3554 336 3611 ltu'.
379 3553 496 3619 quia
543 3556 740 3609 merito
783 3556 1039 3611 redditur.
1092 3557 1323 3620 Deinde,
1371 3573 1439 3611 ne
1482 3557 1682 3626 justitia
1730 3560 1799 3615 de

234 3636 440 3695 hununo
477 3660 537 3699 se
577 3646 860 3700 extolleret
901 3648 1041 3703 bono
1076 3648 1298 3716 merito,
1343 3648 1479 3704 sicut
1509 3649 1796 3706 humanum

234 3734 453 3789 meritum
484 3739 684 3792 Illaltllll
714 3754 819 3793 non
854 3740 1124 3795 dubitatur
1145 3757 1265 3796 esse
1293 3751 1563 3809 peccatum
1584 3783 1599 3807 ,
1633 3758 1735 3797 non
1764 3759 1794 3796 a

234 3826 474 3879 etnttrario
518 3828 735 3895 retulit,
784 3830 999 3895 dicens,
1048 3832 1378 3900 Stipendium
1422 3833 1643 3901 justitiaa
1692 3835 1795 3888 vita

233 3922 440 3980 :rterna;
467 3920 560 3973 sed
582 3960 599 3978 .
633 3922 824 3989 gratia,
858 3922 1055 3993 inquit,
1086 3922 1179 3978 Dei
1217 3924 1316 3977 vita
1342 3935 1548 3979 wterna.
1593 3926 1657 3980 Et
1681 3926 1797 3981 ha'c

234 4015 289 4053 'w
312 4017 494 4073 βαι-ιρι
518 4010 863 4067 Media-torem
891 4015 1063 4081 aliqua
1090 4014 1191 4068 alia
1219 4015 1299 4067 via
1326 4026 1673 4084 quzereretnr,
1701 4016 1796 4070 ad-

236 4089 357 4157 iecit.
386 4098 434 4151 in
455 4099 657 4155 Christo
679 4100 805 4156 Jesu
826 4102 1044 4158 Domino
1068 4116 1236 4159 nostro
1260 4121 1279 4159 :
1301 4115 1545 4175 tanquam
1569 4106 1791 4175 diceret,

237 4184 409 4241 Audito
445 4196 583 4262 quod
637 4196 956 4265 stipendium
1001 4199 1205 4267 peccati
1248 4201 1316 4254 sit
1360 4217 1536 4265 mors,
1580 4202 1706 4271 quid
1743 4212 1794 4258 te

233 4272 446 4345 disponis
468 4280 750 4348 extollere,
779 4303 812 4338 o
838 4287 1086 4351 humana,
1119 4304 1222 4343 non
1241 4290 1467 4358 justitia,
1497 4292 1592 4346 sed
1624 4293 1793 4348 nomi-

233 4378 289 4419 ne
307 4367 510 4435 jnstitiar
537 4377 697 4443 plane
722 4378 1007 4447 superbia?
1031 4379 1157 4449 quid
1184 4393 1233 4438 te
1257 4382 1492 4451 disponis
1512 4385 1787 4450 extollere,

234 4462 281 4507 ct
301 4466 607 4521 contrariam
637 4470 791 4522 inorti
822 4470 981 4523 vitam
1009 4481 1261 4527 :eternam
1286 4482 1532 4543 tanquam
1555 4475 1791 4531 debitum

233 4549 525 4641 stipendium
556 4558 835 4629 ﬂagitare?
874 4560 967 4616 Coi
1010 4564 1235 4621 debetur
1269 4568 1374 4623 vita
1404 4579 1635 4636 :eterna,
1664 4586 1788 4626 vera

233 4639 406 4728 limitis
429 4656 508 4701 est
537 4667 550 4702 :
579 4650 626 4703 si
654 4661 987 4708 autemwera
1014 4656 1216 4723 justitia
1245 4668 1345 4722 est,
1378 4674 1439 4714 ex
1472 4668 1525 4715 te
1553 4677 1658 4716 non
1684 4671 1787 4728 est,

233 4726 485 4792 desursum
514 4752 599 4797 est
634 4742 966 4800 descendens
1008 4762 1039 4801 a
1088 4748 1241 4803 Patre
1287 4751 1541 4806 luminum
1586 4726 1792 4821 (Jacobi

236 4830 266 4881 ι,
290 4821 386 4894 l7).
414 4826 479 4884 Ut
505 4832 731 4891 haberes
748 4852 887 4900 eam,
916 4837 960 4891 si
988 4848 1162 4893 tamen
1193 4839 1356 4897 babes
1379 4860 1521 4908 eam,
1549 4845 1791 4916 profecto

234 4916 457 5006 ειεεςιιὶδιί
502 4940 517 4977 :
579 4925 706 4994 quid
763 4927 904 4981 enim
967 4927 1131 4983 babes
1192 4931 1331 5001 quod
1386 4947 1488 4987 non
1538 4938 1789 5006 accepisti

237 4998 274 5096 (ι
294 5001 400 5061 Cor.
430 5026 508 5078 iv,
539 5014 630 5088 7)?
656 5017 1008 5088 Quapmpter,
1036 5035 1071 5075 ο
1096 5020 1282 5085 Ιιοιηο,
1314 5025 1356 5078 si
1386 5036 1703 5096 accepturus
1729 5043 1791 5085 es

236 5092 375 5186 \‘rilam
398 5113 644 5165 a-ternam
662 5152 679 5178 ,
703 5110 925 5181 iustitia:
949 5114 1161 5183 quidem
1190 5092 1529 5186 stipendium
1550 5130 1633 5175 est
1651 5162 1666 5183 ,
1692 5120 1787 5178 sed

239 5185 317 5243 libi
341 5198 496 5260 gratia
519 5211 623 5270 est,
647 5204 733 5259 cui
757 5206 923 5275 gratia
949 5217 1029 5262 est
1051 5217 1104 5262 et
1131 5208 1239 5278 ipsa
1261 5185 1482 5280 justitia.
1508 5211 1622 5267 Tibi
1643 5212 1786 5269 enim

239 5283 461 5371 tauquam
489 5290 663 5349 debita
694 5296 1024 5361 redderetur.
1051 5298 1096 5353 si
1123 5315 1188 5354 ex
1219 5308 1271 5355 te
1298 5301 1391 5356 tibi
1419 5312 1561 5357 esset
1582 5302 1786 5371 justitia

240 5368 312 5422 cui
331 5371 557 5438 debetur.
584 5384 733 5441 Nunc
760 5402 889 5443 vero
910 5387 978 5444 de
999 5387 1322 5458 plenitudine
1342 5390 1459 5460 ejus
1483 5368 1790 5463 accepimus

242 5468 513 5556 nonAsolum
540 5477 782 5544 gratiam,
808 5493 909 5549 qua
931 5494 1071 5534 nunc
1084 5478 1228 5548 juste
1253 5481 1304 5535 in
1325 5482 1595 5537 laboribus
1619 5499 1789 5556 usque

325 5552 467 5614 linem
504 5566 761 5634 vivimus,
792 5569 884 5624 sed
914 5569 1072 5625 etiam
1102 5571 1325 5641 gratiam
1366 5588 1462 5642 pro
1491 5575 1589 5629 hac
1619 5552 1788 5646 gratia

246 5634 399 5731 (locu.
428 5664 471 5715 I,
501 5654 619 5728 16),
645 5669 703 5714 ιιι
732 5660 783 5715 in
810 5661 989 5731 requie
1015 5634 1195 5731 postea
1225 5663 1339 5718 sine
1369 5634 1488 5720 “fine
1527 5634 1784 5723 vivamus.

249 5725 343 5825 illic
368 5741 489 5797 nihil
513 5750 768 5808 salubrius
800 5753 930 5809 ﬁdes
955 5754 1150 5818 credit,
1191 5756 1313 5825 quia
1341 5756 1470 5810 nihil
1505 5758 1679 5812 verius
1704 5759 1787 5814 in-

247 5820 457 5889 tellectus
487 5837 678 5903 invenit
706 5865 718 5901 :
751 5858 805 5902 et
838 5846 1093 5904 debemus
1130 5820 1313 5905 audire
1354 5850 1665 5920 prouinciam
1703 5853 1787 5908 di-

1414 399 1893 465 EPISTULARUM
1930 408 2204 459 cetssm
2246 406 2328 460 ιιι.

3406 417 3513 474 8εὲ

1934 530 2138 573 centeni
2160 562 2174 583 ,
2209 518 2324 572 Nisi
2347 520 2656 574 credideritis
2675 562 2691 586 ,
2721 538 2820 575 non
2845 522 3133 595 intelligetis
3158 527 3308 599 (lsai.
3334 546 3427 593 vn.
3456 534 3509 594 fl,

1929 626 2027 665 sec.
2063 610 2246 684 LXX).

1998 703 2224 760 CAPUT
2259 702 2345 760 Vl.
2365 705 2541 762 —22.
2567 708 2674 763 Sed
2694 710 3000 768 excusabant
3022 729 3096 781 se,
3127 715 3318 785 inquit,
3350 719 3512 772 hami.

1927 811 2032 859 nes,
2051 796 2137 862 qui
2153 797 2332 851 nolunt
2350 808 2482 853 recte
2499 809 2544 853 et
2559 799 2776 869 fideliter
2793 803 2973 868 vivere,
2991 803 3212 860 dicentes
3232 822 3251 861 :
3272 809 3406 873 Quid
3422 827 3512 864 nos

1925 887 2134 957 fecimus
2159 888 2246 958 qui
2270 890 2402 944 male
2424 890 2660 959 vivimus,
2686 895 3089 963 quandoquidem
3123 899 3340 969 gratiam
3379 901 3512 953 unde

1924 976 2047 1033 bene
2069 979 2362 1046 viveremus,
2390 999 2490 1036 non
2515 984 2839 1052 accepimus?
2864 982 2981 1040 Non
3008 996 3232 1057 possunt
3252 992 3511 1045 veraciter

1921 1069 2103 1127 dicere
2132 1072 2256 1127 nihil
2288 1075 2411 1129 mali
2438 1090 2498 1132 se
2524 1076 2709 1130 fecisse
2742 1076 2832 1146 qui
2870 1078 3006 1133 male
3037 1078 3220 1134 vivunt
3250 1098 3264 1134 :
3291 1081 3335 1134 si
3365 1082 3507 1136 enim

1923 1159 2052 1216 nihil
2080 1165 2200 1218 mali
2228 1164 2443 1229 faciunt,
2472 1167 2607 1222 bene
2632 1168 2846 1231 vivunt;
2875 1169 3115 1225 siautem
3142 1170 3279 1225 male
3299 1173 3503 1238 vivunt,

1919 1253 1987 1309 de
2013 1268 2111 1309 suo
2140 1257 2277 1312 male
2314 1258 2515 1324 vivunt,
2546 1259 2628 1313 vel
2664 1261 2805 1331 quod
2840 1260 3167 1332 originaliter
3204 1272 3503 1334 traxerunt,

1917 1348 1999 1402 vel
2029 1348 2169 1418 quod
2200 1350 2417 1420 insuper
2443 1350 2781 1406 addiderunt.
2824 1352 2929 1409 Sed
2969 1354 3014 1411 si
3051 1370 3175 1412 vasa
3219 1367 3342 1411 sunt
3386 1358 3501 1425 irre,

1916 1452 2035 1508 quae
2066 1438 2295 1508 perlecta
2335 1450 2458 1495 sunt
2495 1441 2561 1496 ad
2607 1443 2991 1511 perditionem,
3021 1461 3140 1515 qua:
3182 1446 3284 1501 illis
3328 1448 3505 1504 debita

1917 1529 2187 1597 redditur,
2228 1533 2328 1588 sibi
2358 1533 2460 1589 hoc
2486 1534 2770 1605 imputent,
2805 1537 2927 1606 quia
2967 1553 3030 1592 ex
3072 1554 3133 1593 ea
3164 1556 3335 1594 massa
3367 1541 3504 1597 facta

1914 1634 2071 1687 sunt,
2099 1640 2255 1693 quam
2288 1637 2504 1695 propter
2532 1628 2689 1682 unius
2729 1638 3035 1698 peccatum,
3078 1631 3129 1686 in
3167 1648 3274 1703 quo
3314 1650 3503 1691 omnes

1916 1726 2291 1784 peccaverunt,
2310 1720 2501 1773 merito
2519 1720 2658 1774 Dens
2672 1720 2917 1793 justeque
2938 1722 3207 1778 damnavit
3225 1743 3239 1779 :
3256 1726 3299 1780 si
3323 1736 3502 1783 autem

1914 1822 2037 1862 vasa
2063 1816 2190 1862 sunt
2216 1809 2615 1877 misericordiae,
2638 1813 2831 1880 quibus
2856 1830 2921 1867 ex
2946 1814 3131 1869 eadem
3156 1831 3326 1870 massa
3352 1816 3504 1873 lactis

1912 1900 2226 1969 supplicium
2257 1902 2493 1957 debitum
2539 1904 2763 1960 reddere
2802 1906 2999 1971 noluit,
3041 1922 3145 1961 non
3186 1922 3247 1964 se
3289 1908 3499 1979 ialleut,

1910 1991 2003 2043 sed
2036 1992 2206 2061 ipsum
2233 1993 2558 2062 glorilicent,
2589 1996 2677 2064 qui
2709 1997 2787 2049 eis
2815 1997 3235 2052 misericordiam
3268 2016 3373 2055 non
3400 2001 3501 2057 de-

1910 2080 2073 2135 bitam
2098 2082 2371 2151 praestitit,
2404 2092 2457 2137 et
2481 2084 2524 2138 si
2552 2086 2678 2153 quid
2708 2086 2862 2140 aliter
2885 2088 3097 2158 sapiunt
3116 2130 3129 2153 ,
3158 2099 3212 2144 et
3239 2089 3338 2146 hoc
3361 2106 3501 2162 quo-

1908 2190 2012 2243 que
2038 2175 2139 2229 illis
2170 2176 2282 2244 ipse
2314 2177 2567 2232 revelahit
2595 2176 2853 2249 (Philipp.
2882 2196 2957 2245 tu,
2988 2181 3102 2252 15).

1978 2264 2069 2320 9.3.
2112 2266 2390 2321 Postremo
2429 2284 2659 2338 quonam
2698 2285 2757 2324 se
2801 2270 2883 2324 isti
2932 2271 3262 2327 excusabunt
3297 2272 3499 2330 modo?

1907 2356 2112 2429 Nempe
2135 2359 2223 2413 illo
2245 2375 2401 2430 quem
2426 2360 2660 2416 breviter
2679 2373 2925 2432 tanquam
2950 2379 3016 2418 ex
3036 2381 3219 2419 eorum
3246 2382 3375 2421 voce
3394 2367 3496 2421 sibi

1906 2449 2103 2518 objecit
2123 2452 2432 2519 Apostolus,
2458 2460 2514 2506 ιιι
2534 2452 2711 2506 dicant
2740 2469 2753 2505 :
2788 2453 2925 2519 Quid
2950 2454 3119 2508 adhuc
3138 2459 3457 2525 conqueritur
3471 2459 3498 2512 .’

1908 2556 2026 2593 nam
2052 2540 2290 2594 voluntati
2315 2542 2423 2611 ejus
2450 2542 2560 2611 quis
2587 2542 2812 2596 resistit?
2853 2544 2964 2597 lloc
2998 2555 3080 2599 est
3116 2545 3257 2599 enim
3294 2546 3494 2613 dicere,

1906 2632 2042 2699 Quid
2083 2632 2152 2687 tle
2189 2634 2341 2687 nobis
2378 2633 2436 2687 ﬁt
2476 2635 2727 2704 querela,
2771 2636 2910 2705 quod
2958 2636 3121 2691 Deum
3165 2637 3496 2695 ollendamns

1908 2725 2047 2778 male
2073 2723 2330 2788 vivendo,
2358 2739 2477 2779 cum
2508 2726 2648 2780 illius
2677 2726 2930 2781 voluntati
2958 2743 3116 2782 nemo
3155 2730 3320 2798 possit
3360 2736 3495 2785 resl-

1905 2825 2088 2880 stere,
2142 2816 2230 2886 qui
2285 2831 2383 2870 nos
2431 2816 2711 2872 obduravit
2752 2818 3169 2875 misericordiam
3214 2836 3317 2875 non
3362 2839 3497 2892 prte-

1904 2909 2133 2963 stando?
2163 2909 2219 2963 Si
2245 2925 2373 2980 ergo
2401 2910 2519 2966 illis
2546 2926 2649 2965 non
2682 2911 2840 2982 pudet
2871 2912 2969 2966 hac
2992 2914 3351 2977 excusatione,
3386 2929 3493 2970 non

1905 3000 2087 3064 nobis,
2120 3001 2212 3056 sed
2242 3001 2500 3070 Apostolo
2529 3002 2895 3059 contradicere
2916 3045 2930 3067 ,
2966 3018 3063 3058 cur
3086 3019 3186 3059 nos
3213 3005 3386 3076 pigeat
3416 3006 3495 3061 eis

1905 3090 2045 3159 quod
2075 3090 2205 3145 dixit
2234 3092 2553 3160 Apostolus,
2585 3092 2685 3146 hoc
2715 3092 2853 3147 idem
2893 3103 3051 3160 atque
3091 3093 3378 3149 identidem
3409 3095 3491 3150 di-

1903 3197 2027 3237 cere
2065 3201 2078 3237 :
2119 3183 2163 3237 0
2187 3184 2334 3237 homo
2356 3226 2370 3249 ,
2412 3195 2466 3238 tu
2489 3185 2601 3254 quis
2631 3201 2681 3239 es
2706 3187 2789 3255 qui
2816 3187 3118 3257 respondeas
3143 3185 3292 3241 Deo?
3322 3185 3493 3241 Num-

1902 3274 2025 3343 quid
2064 3274 2184 3327 dicit
2230 3276 2524 3346 [igmentum
2566 3278 2611 3330 ei
2650 3278 2736 3347 qui
2772 3293 2825 3331 se
2862 3277 3044 3345 ﬁnxit,
3093 3277 3261 3343 Quare
3301 3279 3375 3333 sic
3414 3296 3494 3334 me

1904 3364 2106 3437 fecisti?
2136 3382 2306 3419 annon
2345 3366 2488 3419 habet
2527 3376 2818 3436 potestatem
2856 3368 3044 3439 ﬁgulus
3070 3368 3161 3422 luti
3179 3408 3197 3435 ,
3226 3384 3290 3423 ex
3318 3369 3493 3423 eadem

1904 3473 2070 3510 massa
2091 3499 2105 3521 ,
2138 3460 2317 3528 utique
2345 3461 2534 3514 merito
2561 3469 2809 3531 recteque
2842 3462 3119 3525 damnata,
3157 3465 3321 3533 facere
3347 3463 3495 3516 aliud

1902 3566 1989 3603 vas
2018 3550 2069 3604 in
2098 3551 2336 3605 honorem
2373 3551 2665 3607 indebitum
2698 3564 2912 3623 propter
2952 3553 3328 3608 mism-icordiae
3368 3569 3493 3625 gra-

1904 3642 2028 3695 tiam
2052 3685 2066 3706 ,
2093 3643 2233 3696 aliud
2257 3644 2309 3697 in
2334 3645 2685 3698 contumeliam
2714 3645 2947 3699 debitam
2980 3654 3193 3715 propter
3222 3646 3314 3700 irzc
3333 3646 3491 3716 justi-

1905 3733 2064 3797 tiam,
2108 3744 2161 3789 et
2205 3743 2263 3788 ut
2301 3743 2452 3788 notas
2499 3735 2651 3791 iaciat
2689 3734 2897 3791 divitias
2930 3736 3112 3807 gloria:
3143 3752 3253 3792 sua:
3283 3738 3334 3791 in
3365 3752 3491 3792 vasa

1904 3825 2316 3892 misericordia,
2354 3828 2431 3882 sic
2468 3828 2755 3883 ostendens
2783 3829 2907 3899 quid
2938 3829 3016 3883 eis
3046 3829 3325 3899 largiatur,
3366 3845 3490 3886 cum

1902 3916 1953 3970 id
1984 3918 2300 3987 surplicium
2331 3919 2590 3988 recipient
2611 3937 2734 3977 vasa
2758 3922 2872 3986 irre,
2909 3923 3050 3991 quod
3089 3925 3285 3992 pariter
3313 3925 3489 3980 ninni-

1903 4010 2003 4063 bus
2041 4010 2374 4065 debebatur?
2416 4012 2557 4067 Satis
2598 4014 2667 4067 sit
2710 4014 2919 4068 interim
2961 4016 3252 4069 christiano
3292 4034 3356 4070 ex
3387 4017 3491 4073 ﬁde

1899 4098 2074 4154 adhuc
2101 4101 2327 4164 viventi,
2366 4111 2421 4156 et
2458 4102 2692 4157 nondum
2734 4108 2973 4157 cernenti
3017 4106 3155 4170 quod
3196 4108 3488 4175 perlectum

1900 4201 2001 4252 est,
2031 4192 2124 4246 sed
2147 4208 2212 4247 ex
2239 4204 2385 4263 parte
2405 4194 2591 4248 scienti
2624 4195 2666 4266 (ι
2690 4193 2807 4250 Cor.
2834 4211 2928 4249 xut
2951 4238 2964 4260 ,
2992 4195 3045 4258 9,
3072 4195 3194 4269 10),
3226 4212 3383 4252 nosse
3404 4199 3488 4253 vel

1898 4282 2116 4339 credere
2143 4285 2283 4354 quod
2312 4286 2577 4340 neminem
2606 4286 2743 4341 Deus
2779 4287 2970 4343 liberet
2995 4288 3093 4342 nisi
3127 4290 3355 4359 gratuita
3387 4288 3491 4344 mi-

1899 4376 2187 4431 Scricordia
2217 4393 2311 4445 per
2336 4378 2617 4432 Dotuinum
2646 4390 2882 4432 nostrum
2910 4378 3090 4433 .lesnm
3111 4378 3403 4446 Christum,
3431 4389 3490 4437 et

1899 4468 2165 4523 neminem
2192 4468 2411 4525 damnet
2434 4470 2534 4525 nisi
2556 4470 2857 4542 tequissima
2881 4471 3100 4528 veritate
3123 4490 3216 4544 per
3238 4473 3487 4529 eumdem

1900 4561 2180 4618 Dominum
2208 4572 2448 4619 nostrum
2474 4562 2655 4618 Jesum
2685 4562 2978 4619 Christum.
3007 4566 3116 4620 Cur
3134 4574 3309 4620 autem
3335 4566 3486 4621 illum

1899 4655 2074 4723 potius
2106 4671 2262 4726 quam
2302 4656 2447 4709 illum
2493 4656 2681 4710 liberet
2705 4667 2796 4711 aut
2819 4672 2925 4712 non
2954 4657 3177 4720 liberet,
3218 4664 3488 4712 scrutetur

1897 4746 1985 4814 qui
2017 4745 2529 4814 potestjudiciorum
2560 4746 2676 4817 ejus
2715 4756 2821 4801 tam
2862 4763 3108 4816 magnum
3140 4746 3480 4816 profundum,

1898 4849 2261 4889 verumtamen
2288 4844 2473 4891 cateat
2509 4838 2877 4909 pnmipitium.
2917 4836 3177 4907 Numquid
3215 4836 3358 4891 cnim
3401 4846 3488 4893 est

1898 4926 2148 4995 iniquitas
2180 4925 2318 4996 apud
2361 4927 2567 4983 Deum?
2605 4928 2757 4983 Absit
2788 4945 2801 4982 :
2839 4927 2931 4983 sed
2972 4927 3332 4982 inswutabilia
3359 4937 3486 4984 sunt

1891 5015 2088 5085 judicia
2112 5017 2246 5086 ejus,
2278 5026 2333 5072 ει
2362 5017 2755 5087 investigabiles
2780 5016 2877 5072 via:
2903 5018 3040 5084 ejus.

1967 5109 2057 5164 24.
2100 5111 2164 5165 Ει
2194 5111 2245 5165 in
2276 5111 2563 5180 majoribus
2594 5112 2850 5165 duntaxat
2880 5109 3129 5166 :etatibns
3162 5112 3353 5167 merito
3377 5111 3481 5166 diei

1897 5210 2073 5272 potest
2119 5220 2132 5255 :
2176 5201 2239 5257 Hi
2281 5204 2563 5257 noluerunt
2605 5200 2938 5273 intelligere,
2990 5214 3047 5256 ut
3090 5203 3225 5259 bene
3262 5212 3481 5274 agerent

1899 5294 2071 5365 (Psal.
2098 5311 2270 5359 xxxv,
2300 5294 2377 5367 4).
2420 5296 2515 5359 Hi,
2549 5294 2688 5365 quod
2710 5295 2923 5365 gravius
2947 5305 3047 5355 est.
3083 5295 3480 5360 intellexerunt,

1897 5397 1947 5444 et
1979 5403 2082 5443 non
2109 5388 2424 5445 obedierunt
2455 5405 2467 5439 :
2505 5387 2659 5457 quia,
2696 5388 2831 5443 sicut
2869 5388 3124 5458 scriptum
3156 5396 3234 5440 est
3256 5424 3272 5449 ,
3313 5384 3482 5439 Verbis

1898 5499 1998 5536 non
2026 5482 2366 5548 emendabitur
2403 5496 2573 5534 servus
2607 5480 2801 5545 durus;
2838 5480 2883 5534 si
2915 5480 3046 5534 enim
3084 5488 3132 5532 et
3158 5478 3478 5548 intellexerit.

1899 5590 1998 5627 non
2023 5574 2213 5627 obediet
2240 5570 2419 5642 (Prov.
2448 5587 2579 5625 xxrx
2599 5613 2614 5639 ,
2644 5572 2756 5643 l9).
2786 5570 2937 5626 Unde
2966 5586 3070 5625 non
3101 5568 3314 5624 obediet
3333 5611 3348 5634 ,
3382 5570 3480 5623 nisi

1899 5683 1993 5722 sua
2024 5667 2248 5737 pessima
2280 5664 2586 5720 voluntate?
2624 5664 2719 5721 Cui
2757 5666 2968 5735 gravior
3006 5662 3276 5717 damnatio
3303 5661 3482 5716 divina

1898 5762 2145 5830 tequitate
2174 5759 2395 5814 debetur
2424 5777 2438 5814 :
2465 5760 2547 5814 cui
2576 5760 2715 5813 enim
2745 5758 2861 5828 plus
2895 5757 3083 5821 datur,
3113 5756 3231 5826 plus
3258 5756 3484 5825 exigitur

3489 5840 3497 5876 l

3480 5937 3501 5978 νδ

1897 5854 1967 5907 ab
2003 5868 2070 5907 eo
2099 5851 2246 5921 (Luc.
2278 5867 2383 5917 xu,
2414 5854 2501 5919 47,
2526 5852 2638 5923 48).
2670 5851 2801 5907 Istos
2827 5850 3021 5921 quippe
3058 5848 3330 5922 Scriptura
3357 5848 3480 5902 dicit
