3990 6380
265 440 369 497 885

266 550 401 623 quod
422 549 739 619 origanliter
783 548 1025 613 trahitur,
1072 562 1243 619 neque
1282 550 1350 605 ab
1378 549 1463 605 his
1502 564 1621 620 quae
1656 562 1823 604 ultus-

258 644 475 715 quisque
511 642 561 694 in
591 641 693 695 vita
720 640 930 709 prapria
955 640 1037 696 vel
1064 657 1167 695 non
1186 642 1202 673 ¹
1226 642 1583 712 intelligendo
1608 641 1693 699 vel
1725 656 1823 696 no-

254 733 408 791 m
429 732 736 800 intelligere,
762 732 897 786 mala
918 732 1329 803 cWhvel
1346 731 1508 791 etiam
1536 732 1822 789 instructus

248 841 313 882 ex
334 824 470 893 lege,
502 822 860 879 additamento
890 823 1333 891 prevaricationis
1356 832 1659 894 exaggerat.
1675 824 1821 893 euis-

236 931 403 988 quam
431 914 687 968 liberatur
713 923 767 968 et
789 914 1125 983 justilicatnr,
1155 916 1256 971 nisi
1288 914 1455 987 gratia
1486 916 1581 973 Dei
1610 930 1712 986 per
1732 915 1823 971 Je-

252 1012 362 1063 aam
384 1004 659 1061 Christum
686 1004 969 1063 Dominum
992 1014 1271 1072 nostrum;
1294 1021 1402 1063 non
1436 1009 1610 1067 solum
1632 1008 1822 1069 remis-

249 1098 403 1154 sione
430 1105 761 1167 peccatorum
804 1097 899 1154 sed
938 1098 1083 1167 prius
1122 1098 1285 1169 ipsius
1316 1099 1659 1170 inspiratione
1695 1098 1819 1161 ﬁdei

252 1188 529 1246 debueris
554 1189 671 1255 Dei,
713 1188 983 1259 ilnpartito
1020 1190 1586 1249 salubriterorallom's
1626 1191 1816 1254 aﬂ'ectu

250 1280 531 1345 deﬂectu,
569 1280 742 1335 deinec
782 1290 939 1337 sanet
966 1296 1153 1337 omnes
1180 1282 1726 1352 languoresnostros,
1764 1293 1818 1339 et

244 1374 467 1430 aedium
487 1373 554 1427 de
579 1376 921 1443 corrupu’one
943 1375 1102 1430 vitam
1126 1385 1383 1444 nostram,
1400 1382 1454 1432 et
1472 1385 1694 1433 coronet
1710 1390 1815 1431 .aos

259 1467 307 1521 in
329 1466 661 1521 miseratione
687 1475 741 1522 et
768 1467 1129 1523 misericordia
1158 1464 1327 1541 (Paul.
1353 1482 1445 1535 cn,
1474 1469 1530 1532 ὃν
1556 1467 1637 1540 ι).

314 1557 539 1614 CAPUT
579 1557 689 1613 Vll.
718 1587 791 1600 -—
816 1559 902 1614 '51.
944 1556 1140 1615 Verum
1190 1557 1279 1614 isti
1331 1560 1420 1629 qui
1471 1573 1813 1629 personarum

244 1658 573 1720 memorem
606 1650 719 1705 ﬁeri
751 1652 1053 1705 existiatam
1091 1652 1278 1717 Deum,
1304 1652 1350 1705 si
1382 1651 1439 1705 in
1467 1664 1569 1706 una
1600 1650 1815 1713 eadem-

242 1758 347 1814 ]ῃι
366 1750 527 1797 causa
552 1756 711 1810 super
740 1742 874 1796 alios
894 1743 1070 1797 veniat
1092 1741 1450 1801 mhericortlia
1482 1744 1617 1810 ejus,
1649 1757 1814 1812 supcr

242 1833 373 1888 ait:
407 1846 538 1888 vero
566 1843 777 1888 maneat
802 1833 877 1887 ira
916 1833 1050 1901 ejus,
1090 1848 1286 1902 nempe
1302 1842 1448 1889 totas
1484 1835 1625 1891 vires
1656 1850 1811 1904 argu—

244 1926 576 1981 Ientationis
602 1924 845 1979 humanm:
875 1926 926 1977 in
954 1924 1186 1995 parvulis
1214 1925 1459 1993 perdunt.
1481 1923 1611 1981 Nam
1644 1925 1809 1981 utiu-

244 2016 393 2072 terim
433 2026 634 2071 taceam
659 2015 801 2084 quod
827 2030 931 2070 non
959 2024 1039 2070 est
1066 2023 1259 2085 prater
1288 2015 1556 2085 parvulos.
1580 2016 1809 2086 quamli-

244 2110 328 2169 bt
366 2116 614 2164 materno
654 2117 809 2164 utero
851 2108 1264 2174 recentissimos,
1305 2123 1368 2163 ea
1406 2124 1564 2179 poena
1603 2109 1671 2165 de
1708 2125 1809 2181 qua

232 2201 461 2271 inbuens
500 2199 787 2269 Apostolus
826 2200 921 2265 ait,
949 2197 1055 2254 Per
1082 2200 1239 2254 unius
1272 2198 1504 2255 delictum
1545 2199 1599 2253 in
1641 2216 1810 2255 omnes

238 2290 462 2345 Mnes
506 2290 577 2343 ad
616 2289 1115 2354 condemnationem;
1160 2288 1299 2343 unde
1334 2304 1440 2343 non
1488 2289 1675 2345 liberat
1710 2290 1811 2344 nisi

234 2386 368 2435 unus
385 2382 497 2443 ille.
528 2382 596 2436 de
623 2397 729 2451 quo
754 2382 891 2436 idem
912 2382 1007 2447 ait,
1039 2380 1145 2435 Per
1167 2381 1737 2451 uniusjustiﬁcationem
1760 2383 1811 2436 in

238 2488 405 2527 Intus
433 2473 657 2529 homines
676 2473 743 2526 ad
754 2473 1167 2545 jurtiﬁcationem
1188 2471 1490 2543 vitae(Rom.
1518 2487 1573 2541 v,
1597 2474 1683 2543 18)
1717 2490 1730 2526 :
1756 2484 1812 2529 ut

228 2577 354 2633 ago
385 2564 491 2617 hoc
528 2564 737 2617 interim
772 2564 1031 2629 omittam,
1064 2571 1117 2618 et
1152 2562 1255 2621 hoc
1283 2564 1454 2617 solum
1480 2562 1547 2619 de
1583 2565 1810 2633 parvulis

228 2654 430 2719 dicam,
452 2655 595 2725 quad
612 2656 709 2723 ipsi
731 2670 940 2724 quoque
960 2655 1272 2710 auctoritate
1294 2656 1595 2725 evangelica
1618 2658 1806 2723 territi,

236 2748 313 2802 vel
350 2748 538 2818 potius
572 2746 986 2801 christianorum
1035 2746 1347 2815 populorum
1400 2748 1810 2803 concordissima

236 2838 385 2895 κοιλ
418 2838 814 2907 conspiratione
857 2838 1124 2907 perfracti,
1169 2838 1284 2893 sine
1332 2838 1431 2895 ulla
1478 2841 1811 2895 recusatione

233 2931 548 2997 concedunt,
574 2930 715 3000 quod
736 2930 915 2984 nullus
938 2929 1207 2999 parvulus,
1230 2931 1330 2985 nisi
1353 2941 1566 2987 renatus
1585 2947 1649 2987 ex
1675 2948 1808 3007 aqua

230 3032 282 3078 et
302 3022 533 3092 Spiritu,
564 3022 725 3075 intrat
763 3021 816 3074 in
844 3035 1062 3090 negtium
1098 3020 1355 3076 cmlorum
1384 3020 1563 3091 (Joan.
1596 3038 1673 3088 ιιι,
1705 3022 1762 3093 5)
1792 3038 1805 3087 ;

218 3122 386 3185 Quam
426 3129 608 3184 quaeso
632 3112 842 3167 allaturi
870 3122 991 3166 sunt
1016 3126 1251 3179 causam,
1287 3114 1425 3183 quod
1452 3114 1585 3168 alius
1610 3114 1687 3168 sic
1708 3130 1809 3184 gu—

218 3206 389 3264 horna
400 3217 486 3261 tur
506 3214 563 3260 ut
586 3205 1025 3275 haptizatushinc
1042 3214 1215 3272 exeat,
1239 3207 1372 3261 alius
1393 3207 1676 3263 inﬁdelium
1700 3224 1811 3263 ma-

228 3299 385 3357 nibus
416 3298 658 3363 traditus,
690 3298 774 3353 vel
812 3297 973 3352 etiam
1004 3296 1236 3353 ﬁdelium
1280 3298 1582 3368 priusquam
1619 3300 1688 3354 ab
1732 3300 1810 3355 eis

230 3388 580 3461 baptizandus
598 3388 869 3454 oﬂ'eratur,
892 3388 1160 3457 exspirat?
1185 3390 1263 3442 An
1292 3388 1394 3445 hoc
1419 3388 1544 3452 lato,
1576 3390 1667 3445 vel
1697 3388 1808 3443 for-

224 3491 368 3538 tuna:
394 3482 567 3537 daturi
604 3482 767 3535 sunt?
800 3480 912 3535 Non
938 3478 1127 3550 opinor
1148 3493 1242 3535 eos
1271 3479 1323 3533 in
1357 3487 1555 3534 tantam
1590 3481 1810 3535 demen-

224 3573 351 3628 tiam
382 3580 755 3643 prorupturos,
776 3572 1313 3641 quantulumcumque
1342 3582 1536 3626 nomen
1566 3570 1811 3626 christia-

218 3674 350 3721 nam
385 3675 572 3721 tenere
599 3665 891 3733 cupientes.

293 3760 389 3813 32.
432 3757 539 3811 Cur
563 3772 688 3826 ergo
728 3758 778 3810 in
806 3772 1023 3825 regnum
1048 3757 1323 3820 ctelorum,
1352 3772 1457 3812 non
1483 3766 1700 3827 accepto
1726 3774 1810 3813 rc-

226 3851 589 3924 generatidnis
612 3851 839 3913 lavacro,
879 3850 1125 3918 parvulus
1153 3850 1329 3904 nullus
1357 3850 1607 3906 intrabit?
1652 3867 1776 3904 num
1796 3882 1809 3891 -

222 3944 483 4014 quidnam
518 3942 629 4011 ipse
667 3940 763 3994 sibi
790 3942 1035 4009 parem
1070 3938 1312 3993 infideles
1343 3939 1427 3993 vel
1460 3940 1805 4009 negligentes,

218 4037 290 4091 ie
319 4034 523 4105 quibus
541 4040 868 4094 nasceretur,
890 4030 1089 4099 elegit?
1115 4028 1252 4097 Quid
1276 4029 1445 4084 dicam
1477 4030 1542 4084 de
1570 4030 1810 4100 inupina-

216 4120 309 4193 iis,
353 4134 412 4180 et
454 4123 745 4191 repentinis
786 4120 1254 4176 innumerabilibus
1300 4120 1575 4185 mortibus,
1621 4122 1809 4188 quibus

224 4226 374 4289 saepe
394 4218 558 4272 etiam
589 4216 955 4285 religiosorum
978 4212 1389 4267 Christianorum
1414 4215 1809 4281 praeveniantur

226 4312 281 4367 et
307 4308 589 4380 mutismo
632 4308 1006 4378 prrcrlpiuntur
1027 4305 1281 4369 infantes;
1320 4321 1440 4359 cum
1474 4321 1505 4359 e
1538 4308 1808 4361 contrario

216 4403 610 4470 laerilegorum
649 4408 704 4455 et
738 4398 1072 4452 inimicorum
1110 4396 1512 4466 Christi'aliquo
1556 4397 1715 4453 modo
1752 4398 1805 4452 in

140 4506 145 4511 '
216 4492 636 4549 misﬁnnoru’m
665 4502 854 4542 manus
879 4487 1171 4551 vernantes,
1201 4501 1267 4541 ex
1297 4486 1395 4541 hac
1423 4490 1527 4541 vita
1557 4502 1661 4542 non
1689 4487 1808 4544 sine

210 4582 573 4640 meum
588 4578 1006 4649 regenerationis
1020 4575 1329 4646 emﬁrent?
1357 4577 1481 4647 quid
1506 4577 1591 4632 hic
1615 4577 1806 4633 dicturi

225 4684 373 4740 sunt,
402 4672 514 4741 qui,
544 4672 612 4723 ut
639 4671 819 4740 «gratia
848 4669 962 4723 dari
994 4667 1189 4736 possit,
1220 4669 1473 4723 nonnulla
1494 4670 1806 4737 praecedere

224 4764 673 4823 merita'ltumana
700 4759 1046 4825 conlaudant,
1086 4773 1154 4814 ne
1176 4759 1245 4811 sit
1279 4768 1620 4827 personarum
1654 4776 1810 4817 acce-

223 4866 345 4929 ptor
368 4856 552 4913 Deus?
577 4869 696 4924 quae
721 4852 931 4907 tandem
972 4850 1060 4905 hic
1087 4849 1713 4918 merita-praecesserunt?
1749 4852 1805 4908 Si

223 4947 538 5006 mm
554 4943 868 5015 cogitaret-is
882 4940 1243 5011 parvulorum,
1258 4940 1407 4997 anulla
1424 4952 1550 4997 sunt
1570 4944 1799 5012 propria,

226 5042 469 5111 utrisque
498 5045 593 5093 est
621 5037 709 5091 illa
748 5049 927 5091 mssa
957 5032 1257 5091 communis
1283 5034 1371 5088 :si
1407 5046 1685 5105 parentum
1719 5046 1803 5092 at-

224 5132 484 5196 m,
514 5129 652 5184 bona
666 5131 800 5181 sunt
821 5126 908 5181 illa
926 5134 1163 5193 locum.
1176 5122 1278 5181 (liii
1305 5126 1593 5195 repentinis
1612 5128 1801 5184 moui.

122 5240 127 5245 ‘
222 5226 325 5281 bus
353 5217 1369 5289 {me'ﬁhribtirbaptis‘mateuperimmtz-
1392 5219 1531 5273 mala
1560 5234 1689 5275 vero
1716 5220 1802 5275 illa

222 5330 452 5389 quorum
472 5313 567 5369 ιιιι
590 5326 685 5381 per
704 5311 1129 5366 Christianorum
1148 5309 1378 5378 aliqtiam
1398 5319 1713 5379 potestatem
1735 5312 1803 5369 ad

225 5408 567 5464 Sacramenta
588 5401 851 5459 Ecclesiae
880 5404 1253 5470 pervenerunt.
1284 5401 1351 5454 Et
1380 5403 1599 5456 tamen"
1625 5405 1827 5473 provi-.

227 5502 403 5556 dentia
434 5495 545 5559 Dei,
580 5497 663 5550 cui
691 5496 854 5549 nostri
879 5492 1058 5563 capilli
1084 5493 1343 5547 numerati
1379 5504 1522 5561 sunt,
1552 5498 1668 5551 sine
1706 5514 1801 5553 cu-

224 5592 310 5661 jus
342 5592 613 5646 voluntate
648 5603 752 5641 non
792 5585 931 5639 cadit
970 5599 1154 5654 passer
1196 5584 1247 5638 in
1288 5592 1479 5638 terram
1503 5585 1707 5659 (Μαιιτ.
1740 5605 1793 5656 x,

290 5706 309 5736 ί
342 5701 613 5753 uacula
625 5699 800 5765 deerat
816 5698 1135 5761 ttionegatio,
1158 5704 1302 5760 quam
1332 5700 1633 5752 restituimus
1662 5704 1801 5765 quin.

227 5778 327 5829 que
344 5772 453 5829 uss.
476 5764 775 5829 auctoritate.

291 5827 311 5857 ¹
343 5827 415 5875 sic
427 5836 600 5875 omnes
618 5823 750 5881 cdd.,
769 5828 977 5884 excepto
996 5828 1103 5870 ων.
1128 5822 1210 5884 qui
1232 5821 1397 5881 habet,
1415 5819 1537 5886 ﬁeri.

296 5886 315 5916 ³
344 5885 905 5947 lnEdd.,etcurtamen.

1380 426 1857 494 EPISTULARUM
1896 429 2165 490 CLASSIS
2204 437 2287 491 Ill.

3399 453 3503 509 886

1927 549 2019 614 29,
2047 551 2154 622 30),
2184 568 2301 623 quae
2329 569 2425 609 nec
2463 554 2569 608 fato
2601 556 2876 624 premitur,
2906 574 3005 616 nec
3034 552 3263 617 fortuitis
3296 568 3504 623 Casibus

1928 642 2229 712 impeditur,
2252 661 2361 701 nec
2388 647 2491 701 ulla
2530 647 2805 717 iniquitate
2833 654 3213 722 corrumpitur,
3241 666 3299 712 ut
3342 668 3501 713 ren‘a‘

1920 744 2141 797 scantur
2161 737 2224 792 ad
2254 738 2614 799 haereditatem
2636 744 2930 811 cmlcstem,
2957 761 3061 801 non
3082 751 3308 804 consulit
3328 754 3501 809 omni-

1926 823 2027 880 bus
2062 829 2293 895 parvulis
2325 829 2553 891 ﬁliorum
2591 848 2829 899 suorum,
2872 843 2927 892 et
2966 840 3233 895 nonnullis
3270 843 3500 899 consulit

1924 916 2085 972 etiam
2114 920 2344 986 parvulis
2370 922 2670 992 impiorum.
2697 925 2801 980 Iste
2822 924 2995 983 infans
3015 928 3082 983 de
3108 930 3350 987 lidelibus
3372 932 3502 991 con~

1904 1005 2114 1077 :jugatis
2146 1019 2316 1075 ortus,
2346 1011 2523 1067 Iustitia
2557 1025 2833 1083 parentum
2860 1028 3158 1089 susceptus,
3192 1023 3375 1076 matris
3409 1026 3499 1080 vel

1923 1101 2144 1157 nutricis
2170 1104 2524 1161 somnolentia
2553 1107 2835 1163 sull‘ocatus
2874 1111 2931 1164 ﬁt
2956 1112 3182 1166 extorris
3210 1120 3263 1168 ct
3300 1130 3495 1185 expers

1921 1192 2044 1253 ﬁdei
2070 1208 2289 1251 suorum
2312 1216 2327 1253 :
2357 1197 2444 1252 ille
2470 1197 2643 1255 infans
2666 1199 2734 1256 de
2758 1202 3011 1270 sacrilego
3030 1210 3212 1272 stupro
3234 1205 3490 1274 nascitur,

1919 1287 2121 1342 crudeli
2152 1290 2341 1344 timore
2380 1292 2573 1347 matris
2608 1294 2907 1362 exponitur,
2939 1293 3233 1349 alienorum
3276 1295 3491 1352 miseri-

1918 1378 2064 1434 00rdi
2090 1379 2282 1448 pietate
2308 1382 2589 1452 colligitur,
2618 1398 2801 1440 eorum
2825 1384 3107 1439 christiana
3135 1385 3489 1443 sollicitudine
3550 1378 3555 1381 ⁸

1900 1466 2232 1541 baptizatur,
2260 1470 2319 1525 ﬁt
2358 1473 2542 1527 aeterni
2569 1488 2787 1529 consors
2807 1483 2860 1531 et
2886 1475 3149 1545 particeps
3174 1478 3341 1547 regni.
3384 1477 3493 1534 Ista

1915 1558 2165 1629 cogitent,
2182 1561 2281 1616 ista
2300 1563 2656 1630 considerent,
2681 1565 2764 1620 hic
2782 1566 3011 1621 audeant
3028 1568 3205 1623 dicere
3222 1570 3384 1624 Deum
3402 1572 3487 1625 vel

1912 1659 2246 1721 accepturam
2274 1651 2325 1705 in
2359 1668 2452 1708 sua
2482 1656 2648 1724 gratia
2675 1670 3042 1725 personarum,
3070 1659 3151 1713 vel
3180 1674 3486 1714 remunera-

1916 1746 2085 1795 torcm
2108 1742 2515 1811 prmcedcntium
2543 1746 2871 1801 meritorum.

1985 1832 2074 1888 53.
2114 1833 2245 1887 Nam
2268 1835 2365 1888 etsi
2386 1835 2717 1890 conabuntur
2739 1838 2951 1906 majoris
2972 1840 3139 1893 relatis
3166 1840 3336 1911 aliqua
3368 1856 3485 1896 me-

1915 1922 2014 1977 rita
2054 1924 2308 1991 suspicari
2333 1939 2429 1979 seu
2456 1925 2591 1997 bona
2622 1940 2713 1981 seu
2745 1928 2900 1993 mala,
2932 1930 3055 1997 quid
3085 1930 3150 1984 de
3178 1931 3290 1985 istis
3320 1931 3489 1989 infan-

1914 2013 2052 2076 tibus
2080 2013 2273 2079 dicent,
2307 2030 2529 2089 quorum
2557 2032 2653 2072 nec
2681 2018 2777 2072 iste
2801 2019 2899 2072 sibi
2926 2020 3045 2073 ullis
3074 2023 3300 2091 propriis
3326 2025 3487 2078 meri-

1915 2102 1982 2157 tis
2007 2104 2159 2160 malis
2186 2105 2353 2174 potuit
2385 2108 2656 2175 acquirere
2681 2108 2982 2162 violentiam
3019 2111 3344 2178 sulfocantis,
3384 2128 3484 2169 nec
3508 2148 3515 2151 -

1914 2194 2066 2249 bouis
2094 2197 2181 2251 ille
2205 2196 2528 2268 diligentiam
2563 2198 2913 2268 baptizantis?
2944 2200 3125 2255 Nimia:
3158 2202 3399 2257 vanitatis
3429 2211 3487 2257 et

1912 2290 2164 2344 caecitatis
2203 2302 2343 2357 sunt,
2375 2292 2419 2346 si
2460 2292 2616 2345 etiam
2646 2292 2727 2346 his
2762 2294 3107 2347 consideratis
3144 2292 3377 2348 nondum
3405 2292 3485 2349 di-

1910 2389 2140 2450 gnantur
2180 2382 2476 2436 exclamare
2516 2382 2824 2437 uobiscum:
2858 2380 2902 2437 0
2946 2383 3159 2436 altitudo
3198 2385 3486 2437 divitiarum

1911 2473 2170 2541 sapientia:
2188 2484 2233 2527 et
2256 2475 2476 2529 scientia
2501 2473 2629 2530 Dei!
2662 2476 2821 2540 Quam
2846 2476 3186 2531 inscrutabilia
3214 2488 3329 2530 sunt
3338 2478 3486 2549 judi-

1912 2564 1992 2617 cia
2015 2565 2141 2633 ejus,
2173 2574 2216 2619 et
2240 2566 2604 2636 investigabiles
2630 2568 2719 2619 vim
2750 2568 2859 2636 ejus
2898 2567 3071 2635 (Rom.
3109 2584 3177 2632 ιιι,
3212 2567 3334 2637 53)!
3369 2568 3486 2624 Non

1912 2652 2091 2721 itaque
2128 2656 2501 2709 misericordia:
2534 2657 2778 2725 gratuita:
2815 2658 2902 2710 Dei
2934 2659 3348 2725 pertinacissima
3388 2659 3489 2712 ad-

1914 2755 2189 2799 versentur
2219 2745 2439 2805 iusania.
2470 2745 2654 2800 Sinant
2692 2746 2879 2800 Filium
2911 2747 3139 2801 hominis
3170 2747 3219 2800 iu
3251 2747 3487 2817 qualibet

1913 2846 2067 2893 aetate
2078 2854 2337 2908 qurercre,
2351 2848 2403 2893 et
2416 2840 2614 2895 salvum
2629 2838 2801 2893 facere
2817 2840 2953 2908 quod
2971 2841 3197 2908 perierat
3209 2839 3354 2909 (Luc.
3372 2856 3482 2907 χιχ,

1916 2928 2007 2999 10)
2038 2947 2051 2982 :
2082 2945 2177 2984 nec
2214 2928 2279 2983 de
2312 2929 2738 2985 inscrutabilibus
2768 2930 2981 2997 judiciis
3008 2930 3122 2998 ejus
3151 2930 3379 2984 audeant
3400 2930 3461 2999 ju

1913 3016 2111 3086 dicare,
2146 3035 2240 3073 cur
2278 3020 2330 3073 in
2364 3036 2465 3073 una
2495 3019 2783 3089 eademque
2823 3034 2980 3073 causa
3023 3036 3181 3088 super
3209 3020 3367 3073 alium
3401 3037 3487 3075 ve-

1913 3110 2023 3164 niat
2058 3111 2417 3165 misericordia
2448 3111 2581 3181 ejus,
2626 3127 2786 3181 super
2814 3112 2973 3165 alium
3004 3122 3213 3165 maneat
3246 3114 3316 3165 ira
3348 3113 3482 3181 ejus.

1983 3201 2205 3258 CAPUT
2237 3202 2367 3258 VIII.
2386 3234 2452 3243 -—-
2472 3205 2561 3259 54.
2601 3204 2697 3269 Qui
2725 3205 2863 3258 enim
2891 3214 3013 3258 sunt
3041 3204 3126 3258 isti
3154 3205 3241 3273 qui
3265 3221 3487 3273 restium

1912 3293 2071 3348 deant
2092 3295 2220 3360 Deo,
2246 3295 2666 3366 quandoquidem
2699 3296 2783 3349 ille
2809 3295 3063 3349 Rebcceze
3088 3295 3487 3365 habentigemi-

1914 3404 2011 3444 nos
2037 3405 2104 3445 ex
2126 3405 2230 3443 uno
2247 3390 2527 3443 concubitu
2554 3387 2696 3442 Isaac
2718 3390 2880 3457 patris
2904 3389 3090 3449 nostri,
3113 3404 3231 3441 cum
3260 3388 3331 3441 illi
3364 3403 3488 3442 nou-

1912 3481 2038 3536 dum
2082 3482 2188 3535 nali
2224 3480 2353 3535 nihil
2396 3480 2631 3549 egissent
2657 3479 2779 3533 boni
2810 3479 2891 3534 vel
2929 3478 3070 3543 mali,
3101 3486 3158 3530 ut
3197 3475 3485 3531 secundum

1912 3572 2224 3628 electionem
2252 3572 2577 3641 propositum
2606 3572 2720 3639 ejus
2750 3578 3005 3632 maneret,
3039 3570 3349 3623 electionem
3378 3569 3485 3621 sci-

1908 3666 2037 3721 licet
2054 3666 2263 3734 gratia},
2288 3681 2390 3718 non
2425 3663 2606 3726 debiti,
2640 3664 2952 3717 electionem
2981 3676 3079 3730 qua
3112 3659 3381 3727 eligendos
3411 3660 3488 3713 fa-

1910 3757 1985 3811 cit
2025 3757 2158 3825 ipse,
2197 3770 2299 3811 non
2342 3756 2579 3818 invenit;
2621 3771 2723 3807 non
2754 3770 2818 3808 cx
2858 3752 3128 3821 operibus,
3161 3750 3255 3806 sed
3297 3768 3360 3805 ex
3394 3767 3488 3804 vo-

1911 3854 2067 3905 cante
2117 3846 2265 3909 dicit,
2312 3846 2501 3899 minori
2546 3845 2864 3899 serviturum
2920 3858 3037 3897 esse
3087 3842 3377 3909 majorem?
3430 3839 3487 3896 ln

1911 3951 2067 4006 quam
2094 3935 2406 3990 sententiam
2429 3934 2612 3988 beatus
2634 3932 2918 3999 Apostolus
2943 3931 3101 3985 etiam
3128 3930 3487 3983 testiinonium

1912 4028 2182 4096 prophetae
2225 4026 2379 4093 longe
2414 4022 2722 4091 posterioris
2760 4022 3066 4088 assumpsit,
3106 4017 3264 4070 Jorob
3310 4017 3484 4081 dilexi,

1912 4116 2053 4172 Esau
2077 4126 2239 4169 autem
2266 4114 2381 4168 odio
2404 4112 2553 4165 habui
2578 4110 2840 4184 (Malaclt.
2870 4126 2908 4175 ι,
2934 4109 2989 4170 2,
3022 4109 3116 4178 5);
3150 4118 3203 4160 ut
3226 4109 3487 4177 intellige-

1910 4224 2056 4266 retur
2083 4209 2184 4263 hoc
2210 4215 2449 4277 apertum
2480 4213 2661 4273 postca
2695 4217 2787 4271 per
2810 4203 3139 4271 prophetam,
3168 4190 3306 4268 quod
3336 4210 3487 4254 ante-

1911 4319 2068 4372 quam
2108 4301 2181 4355 illi
2229 4308 2604 4363 nascerentur,
2648 4306 2764 4351 erat
2807 4295 2861 4349 in
2892 4294 2982 4348 Dei
3027 4293 3487 4362 przrdestinatione

1902 4412 2006 4469 per
2024 4395 2270 4467 gratiam.
2303 4391 2437 4461 Quid
2466 4390 2607 4446 enim
2648 4389 2899 4457 diligebat
2934 4388 2983 4441 in
3015 4386 3178 4441 JaCob
3203 4398 3487 4455 antequam

1910 4499 2064 4545 nutus
2092 4486 2303 4543 fecisset
2331 4483 2529 4554 aliquid
2557 4482 2702 4547 boni,
2735 4480 2834 4535 nisi
2858 4480 3143 4549 gratuitum
3181 4478 3484 4531 misericor-

1907 4582 2011 4639 diae
2038 4597 2146 4639 sua:
2186 4578 2425 4635 'donum?
2453 4585 2506 4631 et
2543 4576 2668 4646 quid
2708 4574 2895 4630 oderat
2938 4574 2989 4627 in
3034 4556 3173 4626 Esau
3202 4580 3485 4639 antequam

1908 4684 2064 4731 natus
2082 4674 2302 4729 fecisset
2329 4671 2524 4741 aliquid
2557 4670 2711 4733 mali,
2744 4668 2842 4721 nisi
2886 4666 3137 4733 originale
3177 4664 3489 4732 peccatum?

1898 4766 2039 4821 Nam
2071 4778 2239 4833 neque
2278 4763 2330 4816 in
2358 4761 2448 4814 illo
2479 4760 2728 4830 diligeret
2767 4757 3053 4826 justitiam,
3092 4769 3253 4823 quam
3285 4754 3483 4806 nullam

1910 4858 1999 4913 ille
2022 4857 2249 4919 fecerat;
2275 4868 2447 4924 neque
2474 4852 2525 4907 in
2555 4853 2657 4907 isto
2683 4850 2880 4904 odisset
2907 4858 3171 4908 naturam,
3202 4860 3357 4914 quam
3385 4843 3453 4899 bo

1908 4970 2030 5010 nam
2056 4954 2171 5022 ipse
2196 4951 2410 5007 fecerat.

1978 5046 2068 5102 δῦ.
2090 5044 2285 5100 Mirum
2312 5049 2396 5098 est
2419 5048 2597 5096 autem
2615 5051 2735 5094 cum
2760 5035 2841 5089 his
2858 5043 3192 5091 ooarctantur
3210 5033 3486 5105 angustiis,

1904 5140 1965 5195 in
1989 5143 2191 5209 quita
2208 5136 2514 5203 scabra-pta
2538 5128 2874 5201 pmoipitent
2908 5136 3204 5184 metuentes
3231 5129 3361 5183 retia
3400 5141 3488 5181 ve-

1906 5231 2101 5286 ritatis.
2132 5229 2277 5293 Itiro,
2319 5226 2559 5296 inquiunt
2580 5264 2595 5287 ,
2640 5220 2862 5275 nondum
2888 5230 3122 5273 natorum
3146 5222 3320 5274 alium
3362 5218 3487 5273 ode-

1908 5332 2011 5389 rat,
2032 5322 2190 5376 alium
2204 5315 2593 5387 diligebat,un
2615 5328 2784 5367 eorum
2806 5312 2976 5381 futura
2995 5327 3145 5381 apem
3152 5308 3487 5379 gprazvt'debal.

1911 5414 2046 5484 Quis
2090 5412 2247 5467 istum
2288 5407 2649 5463 acutissimum
2696 5419 2910 5458 sensum
2959 5401 3191 5455 defuisse
3236 5397 3491 5465 Apostolo

1910 5520 2019 5563 non
2058 5500 2313 5559 miretur?
2342 5499 2451 5553 Hoc
2476 5498 2669 5567 quippe
2698 5495 2785 5549 ille
2822 5509 2925 5547 non
2953 5492 3115 5553 vidit,
3143 5487 3355 5554 quando
3388 5488 3488 5540 sibi

1912 5601 2056 5655 velut
2100 5592 2432 5649 adversantis
2472 5590 2675 5657 objecta
2718 5586 3041 5656 quaestione,
3089 5599 3191 5634 non
3241 5582 3287 5633 nl
3322 5580 3493 5648 potius

1912 5701 2021 5747 tam
2050 5689 2228 5750 breve,
2255 5691 2362 5737 tam
2388 5689 2649 5752 apertum,
2670 5687 2771 5731 tam
2796 5676 2951 5743 (sicut
2974 5673 3058 5726 isti
3086 5670 3293 5742 putant)
3314 5684 3492 5721 \Cl‘lllll

1914 5782 2317 5847 absolutumque
2344 5772 2635 5841 respondit.
2676 5769 2806 5823 Cum
2835 5766 2976 5820 enim
3019 5780 3131 5818 rem
3179 5761 3493 5831 slupcndam

1914 5872 2305 5944 proposuisset,
2338 5864 2605 5938 quomodo
2646 5861 2713 5916 de
2739 5859 2969 5929 nondum
3009 5859 3143 5911 natis
3172 5870 3271 5911 nec
3300 5851 3505 5923 aliquid
