3990 6376
155 392 239 456 δερ
1327 370 1800 428 ιᾳιιιδτυιςιιιυιι
1833 369 2109 426 ριςιδδιδ
2144 369 2227 423 ιιι.
3296 367 3401 421 suo

1815 484 1921 537 nati
1965 483 2090 548 sint,
2135 484 2273 537 sicut
2310 481 2571 551 agricolas
2615 495 2720 535 non
2751 479 2973 548 impedit
3010 479 3298 549 quominus
3332 480 3402 535 ab

1813 575 1911 640 eis,
1946 574 2210 629 inserendi
2253 589 2416 635 cura,
2454 574 2504 627 in
2548 572 2697 627 oleas
2742 578 3124 627 convertantur
3162 572 3400 639 oleastri,

1814 668 1925 722 sive
1949 668 2016 723 de
2041 667 2306 729 oleastris,
2334 666 2446 720 sive
2472 666 2539 720 de
2573 666 2705 719 oleis
2733 665 2992 719 oriantur.
3026 663 3157 718 Nam
3195 673 3248 717 et
3279 664 3401 730 hoc,

1812 761 1857 815 si
1885 770 1941 813 ut
1970 760 2307 829 respondeat,
2340 760 2539 814 rustico
2561 766 2901 827 proponatur,
2923 773 3042 827 qua:
3069 772 3228 811 causa
3259 757 3406 811 situt

1813 865 1932 905 cum
1969 851 2111 904 aliud
2152 852 2215 904 sit
2262 850 2397 915 olea,
2452 849 2592 903 aliud
2640 849 2889 913 oleaster,
2923 864 3027 900 non
3070 856 3248 901 tamen
3304 846 3403 900 nisi

1814 944 2044 997 oleaster
2069 945 2135 997 de
2160 944 2365 996 semine
2387 950 2609 1011 utroque
2639 949 2915 1003 nascatur;
2946 956 3049 993 non
3083 940 3280 993 omiatit
3328 942 3409 993 in-

1815 1035 2026 1089 serendi
2057 1036 2443 1103 aperatiouem,
2467 1032 2674 1086 etiamsi
2699 1049 2801 1085 non
2826 1031 2990 1101 possit
3019 1032 3173 1085 istam
3196 1033 3407 1085 solvere

1816 1127 2163 1195 quiesuouem
2212 1143 2225 1178 :
2258 1125 2489 1194 alioquin
2541 1123 2665 1179 dum
2709 1140 2770 1176 ex
2803 1123 2956 1176 oliva:
2981 1122 3183 1175 semine
3223 1129 3407 1176 exorta

1818 1217 2041 1287 virgulta
2090 1232 2192 1270 non
2219 1216 2360 1270 aliud
2386 1232 2543 1286 quam
2586 1216 2731 1269 oleas
2757 1229 2876 1268 esse
2920 1214 3210 1278 existimat,
3242 1212 3410 1268 efficit

1818 1309 2023 1362 desidia
2073 1308 2318 1363 vanitatis
2346 1318 2402 1362 ut
2447 1317 2589 1362 totus
2628 1307 2717 1361 ille
2754 1321 2881 1376 ager
2908 1320 3088 1359 amara
3132 1304 3411 1359 sterilitate

1820 1403 2087 1457 silvescat.
2823 1451 2832 1457 ,

1891 1498 1981 1552 45.
2022 1495 2151 1550 Nam
2193 1495 2317 1548 illud
2350 1492 2487 1564 quod
2514 1493 2979 1562 excogitaverunt,
3010 1504 3130 1543 eum
3162 1488 3401 1542 veritatis

1825 1590 2058 1659 pondere
2088 1598 2484 1658 premerentur,
2514 1587 2634 1654 quia
2669 1584 2837 1638 fidelis
2868 1584 3121 1636 Dominus
3151 1583 3202 1635 in
3235 1581 3410 1635 verbis

1824 1683 1956 1747 suis,
1988 1692 2039 1736 et
2082 1690 2358 1751 propterea
2385 1680 2499 1748 ejus
2530 1679 2760 1733 Ecclesia
2793 1677 2936 1730 nullo
2972 1676 3130 1729 modo
3158 1675 3414 1728 fallaciter

1826 1774 2076 1843 parvulos
2105 1774 2153 1825 iu
2187 1773 2554 1826 remissionem
2586 1779 2921 1839 peccatorum
2953 1767 3202 1835 baptizat,
3235 1764 3325 1818 sed
3356 1772 3416 1818 ut

1830 1867 1932 1920 fide
1960 1873 2146 1934 agatur
2168 1863 2305 1931 quod
2336 1862 2527 1932 agitur,
2552 1863 2733 1928 utique
2762 1862 2813 1912 lit
2848 1858 2986 1928 quod
3012 1857 3206 1911 dicitur
3230 1875 3243 1909 :
3272 1854 3415 1926 quod

1827 1972 1955 2026 ergo
1988 1956 2452 2023 excogitaverunt,
2480 1968 2600 2008 cum
2634 1952 2745 2004 bare
2771 1965 2865 2004 eos
2891 1949 3223 2018 apertissima
3252 1948 3421 2000 moles

1828 2049 2067 2105 veritatis
2092 2055 2323 2116 urgeret,
2349 2044 2465 2113 quis
2492 2060 2595 2096 non
2626 2041 2945 2097 Christianus
2974 2038 3209 2097 irridvat,
3234 2052 3419 2105 quain-

1830 2145 1955 2197 libet
1994 2140 2418 2196 versutissimum
2462 2120 2687 2191 cernat?
2717 2135 2904 2187 Dicunt
2946 2132 3123 2194 enim,
3166 2129 3421 2183 Veraciter

170 508 276 567 idet
291 497 698 573 quemadmodum
728 494 948 547 victurus
975 499 1099 545 esset
1128 490 1336 558 quisque
1359 488 1400 541 si
1422 488 1600 539 viveret
1624 493 1706 538 :et

170 600 264 655 ideo
286 610 420 667 quem
448 590 664 658 nequiter
688 586 821 639 norit
838 585 994 656 fuisse
1023 582 1290 645 victurum,
1312 580 1420 633 sine
1441 576 1707 648 Baptismo

173 690 271 764 facit
293 683 477 745 emori;
501 682 569 736 sic
604 680 657 732 in
684 694 742 732 eo
770 677 982 747 puniens
1006 690 1162 744 opera
1183 672 1340 734 mala,
1372 687 1472 724 non
1491 685 1606 739 qua:
1632 668 1708 733 {e-

168 784 239 847 a‘t,
260 777 339 833 sed
359 789 467 845 quia
488 775 712 842 [acturus
751 768 866 839 fuit.
895 767 952 823 Si
971 781 1100 834 ergo
1123 764 1375 819 divinitus
1404 764 1562 817 etiam
1589 775 1708 829 qua:

171 870 414 931 commiSsa
442 879 544 918 non
566 871 709 923 sunt,
744 860 878 913 mala
903 872 1067 928 opera
1088 857 1375 926 puniuntur
1394 872 1408 919 ;
1430 854 1598 923 prium
1621 861 1703 905 at-

172 962 356 1021 lenibunt
376 973 532 1027 quam
561 955 690 1008 faISo
718 952 1066 1021 polliceantur
1088 951 1137 1003 in
1169 947 1563 1002 damnationem
1584 961 1707 1016 par-

170 1056 294 1110 vulos
327 1067 424 1105 non
452 1048 616 1102 ituros
640 1046 728 1115 qui
764 1044 879 1098 sine
909 1042 1232 1112 Baptismate
1272 1042 1588 1101 moriuntur,
1619 1036 1707 1107 qui

170 1153 411 1219 propterea
440 1155 543 1193 non
571 1136 924 1205 baptizantur,
947 1134 1070 1203 quia
1098 1132 1237 1186 male
1265 1131 1448 1185 victuri
1470 1137 1643 1193 erant,
1664 1128 1708 1182 si

170 1218 404 1293 viverent:
439 1237 653 1301 propter
692 1218 858 1295 ipsam
887 1224 1084 1295 quippe
1125 1223 1315 1277 malam
1341 1223 1500 1275 vitam
1528 1218 1710 1290 procul

169 1326 299 1384 dubio
320 1321 724 1380 damnabantur,
747 1318 791 1371 si
820 1315 979 1371 etiam
1003 1315 1139 1369 mala
1160 1330 1278 1382 illul!
1305 1312 1515 1367 fuerant
1541 1313 1711 1365 futura

169 1421 463 1475 thuunantnr.
493 1411 712 1475 Deinde,
741 1411 785 1465 si
811 1411 890 1465 eis
906 1408 970 1461 ad
1002 1405 1395 1477 percipiendum
1422 1405 1715 1473 Baptisma-

170 1512 222 1565 tis
240 1505 516 1560 consulitur
548 1509 962 1563 sacramentum,
990 1514 1124 1568 quos
1156 1498 1301 1551 novit
1333 1497 1471 1551 Deus
1496 1498 1536 1548 si
1568 1498 1713 1550 vive-

170 1609 265 1656 rent
284 1598 409 1651 bene
439 1593 605 1648 fuisse
629 1594 880 1651 victurus,
910 1605 1007 1645 cur
1032 1605 1135 1643 non
1166 1604 1352 1642 omnes
1382 1596 1627 1642 tenentur
1661 1587 1716 1642 in

169 1691 268 1753 vita,
292 1703 441 1758 quam
484 1685 639 1740 bonis
668 1684 918 1753 operibus
960 1682 1195 1736 ornatnri
1231 1682 1393 1737 sunt?
1435 1698 1530 1735 cur
1557 1684 1717 1735 etiam

167 1798 319 1839 eorum
350 1781 435 1852 qui
470 1780 805 1848 baptizantur
842 1775 1056 1846 quidam
1095 1774 1184 1829 diu
1225 1774 1461 1830 viventes
1492 1774 1719 1841 i-essime

168 1877 335 1939 vivunt,
360 1883 411 1929 et
431 1888 602 1941 usque
621 1871 686 1924 ad
704 1870 1030 1940 apostasiam
1057 1868 1341 1938 aliquando
1370 1869 1720 1935 perveniunt?

169 1986 244 2026 cur
266 1971 421 2040 ipsum
444 1968 678 2038 primum
708 1962 1014 2034 conjuginm
1057 1972 1414 2030 peccatorum,
1450 1977 1586 2029 quos
1614 1961 1721 2013 uti-

169 2078 249 2134 que
269 2070 472 2116 noverat
521 2060 665 2113 Deus
709 2064 1039 2127 peccaturos,
1074 2071 1177 2109 non
1209 2054 1278 2109 de
1309 2053 1557 2123 paradiso
1597 2063 1721 2108 ante

170 2152 374 2223 proiecit,
408 2167 475 2204 ne
516 2149 591 2203 ibi
619 2148 1020 2202 committerent
1060 2144 1199 2215 quod
1244 2152 1349 2198 tam
1388 2155 1573 2199 sancto
1605 2145 1721 2197 loco

170 2254 284 2300 esset
309 2242 600 2313 indignant,
632 2241 676 2293 si
702 2241 845 2306 juste
871 2248 1083 2307 peccata
1106 2238 1266 2291 etiam
1300 2226 1532 2290 nondum
1577 2251 1724 2289 emn-

172 2336 300 2389 missa
320 2331 641 2405 puniuntur?
667 2330 791 2401 quid
821 2329 1053 2399 denique
1082 2338 1362 2397 praestatur
1388 2329 1434 2381 ei
1462 2328 1547 2396 qui
1582 2327 1725 2396 rapi-

172 2439 253 2490 tur,
273 2444 331 2483 ne
355 2426 553 2481 malitia
585 2432 752 2478 mutet
794 2422 1120 2476 intellectum
1138 2420 1273 2490 ejus,
1302 2430 1355 2474 et
1375 2438 1440 2474 ne
1471 2422 1611 2473 fictio
1634 2419 1729 2473 de-

171 2519 538 2588 cipiatanimant
568 2516 685 2586 ejus
713 2514 867 2587 (Sap.
892 2528 978 2577 ἰν,
1015 2514 1126 2584 ll),
1177 2513 1220 2565 si
1246 2513 1389 2581 juste
1420 2512 1583 2565 etiam
1640 2512 1726 2566 illa

172 2611 440 2680 puniuntur,
470 2625 595 2679 qua:
617 2609 738 2661 licet
756 2620 859 2659 n0n
879 2605 1083 2668 fecerit,
1106 2607 1274 2657 fuerat
1301 2613 1475 2657 tamen
1506 2603 1730 2657 vivendo

173 2701 402 2757 facturus?
450 2702 738 2756 Postremo
766 2714 863 2752 cur
911 2715 1015 2751 non
1046 2697 1111 2751 ad
1149 2696 1545 2766 percipiendum
1578 2710 1729 2759 rege-

174 2794 426 2849 nerationis
445 2796 749 2854 lavacrum,
776 2791 825 2845 ei
845 2789 1316 2860 magiscmisulitur
1332 2790 1612 2853 morituro,
1642 2789 1730 2854 qui

175 2884 284 2939 male
314 2883 478 2939 fuerat
494 2884 736 2938 victurus
762 2882 805 2935 si
837 2881 1058 2945 viveret,
1080 2889 1136 2933 ut
1163 2880 1211 2933 ei
1242 2891 1452 2949 peccata
1475 2896 1593 2950 qua:
1618 2879 1732 2935 fne-

173 2985 236 3029 rat
259 2976 650 3031 commissurus.
679 2973 1012 3028 remittantur
1033 2972 1084 3024 in
1114 2971 1417 3039 Baptistae?
1442 2971 1570 3038 Quis
1591 2972 1731 3024 cuitu

173 3075 353 3122 esttam
395 3081 607 3130 vecors,
636 3067 722 3135 qui
771 3078 833 3119 ea
859 3072 1017 3134 neget
1057 3079 1151 3133 per
1201 3064 1524 3133 Baptisuunu
1580 3080 1735 3133 posse

174 3159 354 3223 dimitti,
378 3176 496 3229 qua:
541 3159 662 3212 sine
700 3156 973 3226 Baptismo
1010 3154 1140 3209 dicit
1171 3171 1328 3224 posse
1351 3156 1558 3225 ptniiri?

227 3251 433 3308 CAPUT
462 3251 537 3308 Χ.
589 3278 662 3291 --
689 3250 777 3305 45.
836 3248 942 3305 Sed
974 3248 1296 3318 disputando
1333 3249 1587 3301 adversus
1640 3262 1736 3304 cos

175 3342 245 3413 qui
281 3356 655 3413 usquequaque
695 3339 922 3395 convicti
968 3339 1131 3394 etiam
1184 3353 1288 3392 nou
1327 3339 1734 3393 commissorum

176 3443 473 3503 peccatorum
506 3435 679 3489 Deum
709 3432 1027 3502 persuadere
1056 3431 1345 3485 moliuntur
1370 3432 1618 3490 ultorem,
1649 3446 1739 3486 ve-

176 3524 366 3580 rendum
395 3534 475 3582 est
504 3541 579 3580 ne
618 3540 715 3578 nos
743 3525 795 3578 iu
840 3538 939 3579 eos
980 3524 1074 3577 ista
1106 3524 1303 3592 tingere
1339 3522 1735 3590 existimemur;

179 3613 235 3669 illi
259 3624 421 3671 autem
451 3615 604 3669 nullo
629 3615 789 3669 modo
821 3621 929 3669 tam
965 3613 1185 3669 hebetes
1210 3629 1329 3668 esse
1345 3613 1653 3681 credantur,
1685 3625 1740 3670 ut

178 3704 638 3771 hiecvelsentiant,
666 3707 747 3760 vel
784 3706 1031 3774 cuiquam
1072 3706 1393 3774 persuadere
1428 3715 1693 3761 cene..tur
1722 3722 1736 3760 :

178 3808 509 3853 verumtamen
548 3796 649 3851 nisi
677 3811 772 3851 eos
803 3794 916 3850 [nec
944 3796 1122 3850 dicere
1150 3796 1458 3861 audiissrm,
1491 3796 1742 3851 refellen-

177 3888 229 3943 da
250 3905 359 3946 esse
384 3908 486 3945 non
514 3890 828 3944 arbitrarer.
856 3885 1335 3956 Circumstipantur
1358 3890 1500 3942 enim
1530 3901 1583 3943 et
1607 3890 1742 3943 divi—

179 3996 337 4036 narum
362 3980 685 4037 auctoritate
715 3980 1024 4039 lectionum.
1064 3988 1119 4033 et
1146 3979 1436 4048 antiquitus
1466 3980 1660 4033 tradito
1689 3988 1742 4034 et

177 4085 357 4129 retento
377 4076 536 4129 firmo
565 4073 819 4128 Ecclesia:
842 4074 943 4127 ritu
971 4073 1023 4126 in
1045 4071 1359 4141 baptismate
1374 4072 1737 4141 parvulorum,

177 4165 250 4220 ubi
271 4169 603 4239 apertissime
630 4165 1071 4221 demonstrantur
1103 4163 1347 4224 infinitos.
1377 4175 1568 4218 etcum
1596 4181 1744 4219 exor-

177 4255 386 4313 cizantur
407 4268 462 4314 et
487 4274 615 4313 cum
644 4257 692 4311 ei
728 4272 789 4310 se
813 4271 907 4325 per
934 4271 1027 4310 eos
1051 4271 1079 4308 a
1111 4255 1304 4323 quibus
1329 4264 1626 4324 gestantur,
1650 4271 1740 4310 τεο

180 4349 393 4405 nuntiare
418 4347 773 4419 respondent,
806 4363 837 4402 a
868 4346 1063 4401 diaboli
1094 4345 1460 4400 dominatione
1494 4346 1740 4411 liberari;

178 4446 224 4494 et
246 4456 341 4497 non
362 4441 699 4496 invenientes
725 4454 826 4511 qua
849 4447 1059 4501 exeant,
1088 4448 1312 4509 pergunt
1338 4438 1389 4492 in
1416 4438 1743 4509 praecipitem

172 4532 450 4601 stultitiam,
476 4534 610 4589 dum
642 4534 830 4588 nolunt
851 4539 1058 4587 mutare
1079 4532 1422 4587 sententiam.

237 4623 317 4679 44.
344 4624 475 4681 Illud
502 4639 634 4680 sane
656 4624 755 4679 sibi
775 4623 1339 4679 videntnracutissime
1358 4623 1540 4681 dicere
1562 4641 1576 4677 :
1606 4624 1744 4691 Quo-

104 4772 107 4777 ,
182 4719 311 4773 modo
330 4732 590 4792 peccatum
618 4718 800 4774 transit
823 4719 876 4772 in
906 4718 1042 4788 ﬁlios
1064 4717 1311 4786 fidelium,
1334 4719 1542 4788 quodin
1565 4735 1747 4788 paren-

181 4808 293 4863 tibus
331 4812 432 4866 non
479 4809 769 4865 dubitamus
814 4809 1077 4863 dimissum
1113 4824 1221 4862 esse
1264 4824 1352 4877 per
1396 4808 1707 4880 Baptismum
1723 4814 1749 4867 .’

182 4896 322 4965 Quasi
348 4911 626 4972 propterea
657 4900 823 4971 possit
851 4916 955 4954 non
983 4898 1179 4953 habere
1211 4902 1484 4969 genemtio
1516 4904 1749 4959 carnalis

184 4995 305 5061 quod
328 4998 440 5053 sola
489 4996 631 5051 tollit
680 4995 1015 5066 regeneratio
1057 4993 1384 5065 spiritualis:
1417 5004 1507 5051 aut
1532 5012 1658 5051 vero
1696 4999 1748 5052 in

188 5082 432 5155 Baptismo
469 5088 917 5159 concupiscentia:
955 5088 1132 5142 carnis
1174 5087 1455 5142 infirmitas
1498 5090 1750 5145 continuo

162 5258 163 5261 η
186 5186 397 5240 sanetur,
424 5180 564 5234 sit-ut
596 5180 850 5234 continuo
872 5190 1050 5233 reatus
1074 5178 1190 5248 ejus
1214 5179 1477 5242 aboletur,
1507 5180 1599 5234 sed
1623 5196 1749 5251 gra-

187 5264 249 5319 tia
267 5268 593 5335 renascendi,
624 5284 727 5323 non
756 5269 1061 5325 conditione
1095 5269 1366 5324 nascendi.
1412 5268 1561 5325 Unde
1600 5270 1751 5341 quis-

187 5357 290 5425 quis
330 5376 423 5431 per
446 5362 583 5418 hanc
605 5362 1091 5432 concupiscentiam
1110 5404 1123 5423 ,
1152 5363 1312 5416 etiam
1345 5361 1412 5417 de
1441 5371 1629 5417 renato
1659 5377 1753 5417 na-

191 5448 358 5516 scitur,
384 5451 501 5507 sine
523 5453 851 5508 dubitatione
874 5454 1046 5508 oberit
1075 5462 1219 5518 nato,
1260 5452 1363 5507 nisi
1386 5460 1440 5507 et
1459 5454 1573 5525 ipse
1600 5453 1751 5507 simi-

193 5538 298 5595 liter
317 5555 637 5601 renascatur.
663 5545 858 5602 Vernm
884 5545 1137 5616 quidquid
1165 5554 1245 5599 est
1271 5545 1322 5598 in
1347 5544 1444 5599 hac
1463 5546 1755 5615 quaestione

192 5628 517 5701 difficultatis,
546 5637 613 5691 ita
640 5638 692 5692 in
714 5652 842 5709 agro
871 5636 1068 5693 Christi
1098 5652 1203 5692 non
1233 5636 1453 5706 impedit
1480 5638 1756 5707 Operarios

194 5720 295 5791 ejus
321 5728 595 5797 quominus
611 5729 679 5785 ab
705 5730 785 5785 eis
806 5728 856 5807 in
898 5729 1266 5784 remissionem
1298 5737 1633 5799 peccatorum
1666 5728 1757 5784 ba-

192 5814 441 5881 ptizentur
455 5817 700 5888 infantes,
718 5820 922 5877 sive‘de
940 5820 1205 5887 fidelibus,
1234 5821 1345 5875 sive
1366 5819 1433 5877 de
1454 5819 1756 5876 inﬁdelibus

1830 2236 2027 2307 quidem
2056 2232 2354 2304 respondere
2386 2228 2620 2298 parvulos
2649 2243 2738 2297 per
2763 2242 2851 2277 ora
2885 2223 3216 2295 gestanlium,
3250 2222 3301 2273 in
3336 2236 3421 2274 re-

1833 2328 2119 2382 missionem
2144 2342 2197 2379 se
2223 2323 2424 2376 credere
2458 2329 2775 2391 peccatorum
2802 2340 2814 2379 ,
2845 2333 2944 2369 non
2982 2324 3145 2366 tamen
3184 2312 3300 2379 quia
3325 2310 3422 2365 sibi

1832 2422 2165 2480 remittantur,
2206 2416 2293 2471 sed
2327 2416 2446 2485 quia
2484 2413 2688 2466 credant
2730 2410 2863 2480 quod
2900 2408 2952 2461 in
2997 2404 3222 2458 Ecclesia
3260 2404 3334 2457 vel
3370 2404 3424 2457 in

1834 2514 2094 2581 Baptistae
2139 2510 2495 2571 remittantur,
2534 2507 2584 2558 in
2630 2505 2806 2574 quibus
2846 2502 3195 2561 inveniuntur,
3237 2514 3335 2551 non
3370 2497 3426 2551 in

1835 2608 2012 2676 quibus
2040 2604 2181 2657 nulla
2210 2611 2323 2655 sunt
2351 2618 2367 2652 :
2396 2601 2471 2652 Ac
2504 2613 2598 2666 per
2624 2596 2726 2649 hoc
2756 2595 2941 2646 uolunt
2964 2609 3048 2646 eos
3078 2592 3148 2643 ita
3179 2587 3427 2657 baptizari

1836 2700 1888 2752 in
1919 2697 2258 2751 remissionem
2288 2700 2603 2757 peccatorum
2635 2697 2871 2753 tanquam
2914 2685 2965 2736 in
2991 2684 3060 2736 eis
3087 2683 3174 2749 ﬁat
3214 2680 3323 2750 ipsa
3349 2693 3428 2732 re-

1839 2791 2006 2844 missio
2028 2830 2042 2851 ,
2074 2804 2198 2852 quos
2224 2783 2527 2837 contendunt
2570 2778 2766 2833 nullum
2805 2776 2984 2829 habere
3012 2787 3267 2844 peccatum
3290 2786 3308 2832 ,'
3331 2768 3422 2824 sed

1837 2884 2073 2954 quoniam
2121 2879 2233 2931 licet
2272 2877 2378 2931 sine
2416 2882 2618 2943 peccato
2644 2912 2657 2929 ,
2698 2870 2749 2921 in
2799 2884 2856 2920 eo
2900 2878 3063 2919 tamen
3113 2862 3423 2932 Baptismate

1839 2974 2192 3042 buptizantur,
2231 2984 2328 3033 quo
2353 2969 2407 3035 ﬁt
2436 2966 2488 3019 in
2513 2966 2785 3034 quibusque
2823 2957 3164 3030 peccatoribus
3201 2953 3426 3009 remissio

1842 3075 2101 3136 peccatum
2108 3079 2154 3114 nt
2165 3104 2177 3116 .

1912 3158 2001 3211 46.
2045 3154 2183 3210 Fieri
2224 3151 2436 3221 quidem
2466 3154 2639 3219 potest
2668 3156 2726 3200 ut
2757 3146 2870 3198 hare
2898 3140 3195 3210 versipellis
3236 3137 3427 3193 astutia

1842 3249 2087 3304 subtilius
2134 3257 2187 3301 et
2235 3242 2440 3296 acutius
2482 3256 2545 3293 ex
2584 3239 2690 3292 otio
2728 3237 3017 3290 refellatur.
3050 3232 3427 3287 Verumtamen

1843 3340 2137 3396 secundmn
2167 3338 2319 3390 ismm
2347 3349 2497 3386 suam
2520 3330 2861 3385 calliditatem
2886 3342 2987 3380 non
3012 3322 3285 3378 inveniunt
3304 3321 3432 3390 quid

1843 3437 1909 3491 ad
1936 3435 2037 3489 hoc
2064 3431 2441 3501 respondeant,
2474 3424 2613 3494 quod
2645 3422 3031 3478 exorcizantur,
3060 3426 3113 3471 et
3141 3414 3430 3471 exsufflan-

1847 3537 1933 3581 tur
1969 3524 2236 3579 infantes:
2276 3523 2376 3573 hoc
2414 3518 2557 3572 enim
2592 3512 2772 3584 procul
2803 3511 2963 3566 dubio
2989 3508 3243 3561 fallaciter
3276 3509 3361 3569 lit,
3389 3504 3434 3559 si

1844 3618 2087 3674 diabolus
2128 3616 2205 3669 eis
2237 3628 2343 3667 non
2383 3610 2724 3669 dominatur;
2753 3606 2797 3659 si
2824 3615 2998 3657 autem
3024 3602 3344 3663 dominatur,
3377 3606 3433 3651 et

1848 3712 1968 3765 ideo
1998 3726 2101 3764 non
2145 3706 2403 3761 fallaciter
2433 3701 2803 3757 exorcizanlur
2837 3707 2889 3752 et
2931 3696 3310 3757 exsuﬂlautur,
3341 3705 3439 3761 per

1848 3805 1971 3875 quid
2008 3803 2342 3863 dominatur,
2377 3798 2474 3851 nisi
2507 3810 2601 3864 per
2633 3802 2903 3862 peceatum
2925 3831 2939 3851 ,
2981 3788 3227 3858 princeps
3253 3784 3437 3852 utique

1849 3894 2232 3967 pisci-atoma]?
2276 3890 2502 3945 Proinde
2531 3889 2573 3942 si
2609 3890 2715 3956 jam
2754 3890 3077 3940 erubescunt
3114 3896 3213 3934 nec
3239 3877 3437 3932 audent

1848 3991 2027 4044 dicere
2076 3987 2187 4037 lnee
2234 3985 2283 4036 in
2334 3980 2571 4034 Ecclesia
2623 3974 2949 4029 mendaciter
2989 3970 3120 4039 geri,
3152 3970 3433 4032 fateantur,

1848 4079 1986 4151 quod
2017 4076 2275 4145 perierat.
2309 4072 2465 4124 etiam
2497 4070 2546 4121 in
2591 4065 2821 4135 parvulis
2847 4062 3009 4130 qua-ri
3038 4077 3049 4112 :
3081 4073 3251 4125 neque
3291 4057 3435 4111 enim

1850 4148 1948 4226 nisi
1981 4176 2195 4238 propter
2223 4169 2493 4233 peccatum
2526 4159 2771 4227 perierat,
2797 4152 2933 4223 quod
2965 4152 3062 4204 nisi
3098 4165 3188 4217 per
3211 4148 3436 4217 gratiam

1851 4280 1956 4320 non
1987 4267 2158 4330 potest
2188 4254 2381 4321 quaeri,
2414 4267 2516 4305 non
2545 4254 2721 4320 potest
2756 4244 3001 4299 iuvi-uiri.
3032 4240 3134 4295 Sed
3167 4240 3274 4294 Deo
3312 4254 3436 4308 gra-

1852 4357 1971 4417 tias,
1992 4329 2139 4422 quod
2169 4349 2354 4402 saltem
2394 4359 2513 4399 cum
2557 4343 2996 4409 argumentantur
3021 4340 3203 4388 contra
3243 4329 3437 4386 remis-

1851 4446 2055 4500 sionem
2084 4447 2443 4512 peccatorum,
2469 4449 2535 4489 ue
2562 4432 2672 4487 fieri
2703 4430 2950 4484 credatur
2972 4428 3023 4481 iu
3052 4425 3306 4495 parvulis,
3326 4422 3437 4493 jam

1853 4545 2028 4594 tamen
2051 4576 2067 4600 ,
2093 4530 2335 4603 quamvis
2368 4543 2461 4601 per
2486 4526 2645 4581 corda
2672 4532 2721 4579 cl
2764 4537 2855 4575 ora
2894 4519 3153 4588 majorum
3175 4556 3189 4577 ,
3216 4513 3439 4569 credere

1851 4628 2100 4700 parvulos
2146 4625 2480 4679 confitentur.
2525 4619 2674 4675 Sicut
2719 4630 2846 4685 ergo
2890 4612 3109 4666 audiunt
3158 4607 3436 4661 Dominum

1853 4696 2138 4782 dicentem,
2186 4715 2286 4781 Qui
2322 4730 2423 4766 non
2464 4720 2669 4764 renatus
2709 4707 2857 4777 fuerit
2897 4720 2957 4757 ea:
2990 4717 3121 4769 aqua
3155 4706 3201 4751 et
3242 4696 3442 4766 Spiritu

1854 4820 2048 4872 sancto,
2076 4824 2174 4860 non
2199 4804 2423 4857 introibit
2448 4803 2499 4855 in
2532 4816 2738 4871 regnum
2760 4796 2999 4850 cwlorum
3024 4789 3212 4861 (Joan.
3237 4803 3314 4852 III,
3341 4786 3374 4838 5
3395 4786 3439 4856 ),

1856 4911 2072 4974 propter
2114 4896 2255 4967 quod
2299 4908 2391 4951 eos
2439 4892 2780 4962 baptizandus
2824 4900 2942 4942 esse
2988 4880 3321 4945 concedunt;
3364 4879 3445 4936 sic

1856 4992 2070 5047 audiant
2100 4988 2346 5043 eumdem
2379 4985 2657 5040 Dominum
2687 4981 2971 5041 dicentem,
3004 4974 3104 5039 Qui
3136 4989 3233 5026 non
3272 4971 3442 5024 credi-

1857 5086 2013 5146 derit,
2041 5081 2453 5136 condenmabitur
2479 5079 2496 5149 (
2523 5077 2684 5130 Marc.
2712 5088 2823 5134 xvi,
2856 5072 2921 5124 16
2945 5070 2962 5142 )
2992 5088 3003 5122 :
3037 5068 3157 5140 quia
3189 5068 3325 5124 sicut
3350 5080 3443 5120 eos

1857 5176 2061 5231 renasci
2091 5189 2184 5244 per
2212 5170 2559 5240 ministerium
2601 5163 3000 5232 baptizantium,
3028 5162 3098 5215 ita
3127 5160 3285 5215 etiam
3317 5171 3438 5212 cre-

1857 5267 1986 5322 dere
2010 5280 2106 5338 per
2138 5264 2299 5320 corda
2338 5271 2391 5316 et
2427 5275 2521 5315 ora
2560 5255 2924 5311 confitentium
2955 5253 3297 5308 confitentur.
3333 5248 3440 5300 Au-

1859 5360 2018 5416 deant
2061 5371 2188 5427 ergo
2227 5354 2404 5410 dicere
2447 5348 2588 5422 quod
2632 5364 2662 5401 a
2697 5347 2842 5416 justo
2877 5345 2985 5400 Dco
3027 5344 3282 5396 innocens
3318 5352 3447 5392 con-

1859 5426 2228 5511 denmabitur,
2275 5445 2319 5499 si
2360 5442 2503 5497 nullo
2547 5439 2757 5494 vinculo
2800 5434 3001 5508 peccati
3045 5429 3318 5500 originalis
3359 5427 3445 5482 in-
3482 5426 3487 5435 '

1861 5541 2108 5596 nectitur.

1931 5633 2019 5688 47.
2059 5631 2114 5687 Si
2146 5644 2324 5684 sermo
2350 5628 2445 5682 istc
2486 5625 2723 5696 prolixus
2746 5628 2905 5677 estet
2931 5629 3189 5672 onerosus
3218 5628 3445 5683 occupa-

1864 5725 2097 5781 tionibus
2119 5723 2243 5788 tuis,
2262 5720 2327 5776 da
2350 5720 2553 5775 veniam
2576 5735 2589 5783 ;
2615 5716 2736 5787 quia
2759 5726 2813 5767 ιιι
2836 5713 2947 5765 lt:th
2970 5708 3035 5763 ad
3059 5718 3109 5763 te
3131 5706 3444 5773 scriberem,

1864 5828 1916 5873 et
1945 5824 2233 5887 occupatus
2262 5813 2455 5870 litteris
2484 5812 2604 5877 tuis,
2640 5808 2902 5863 indicilus
2930 5819 3053 5875 erga
3082 5816 3180 5859 nos
3204 5802 3444 5857 benevo-
