3990 6378
172 479 255 537 895

169 586 368 650 ostendit
390 585 655 640 hominem
677 584 777 638 sibi
807 584 927 653 ipsi,
947 590 1004 635 ut
1023 581 1156 636 sciat
1183 580 1538 634 infirmitatem
1564 594 1716 632 suam

168 696 211 744 et
232 683 389 737 videat
433 677 873 750 quemadmodmn
906 692 998 745 per
1026 675 1434 744 prohibitionem
1464 682 1718 742 augeatur

166 778 315 852 potius
340 771 566 827 carnalis
602 769 1028 837 concupiscentia
1054 783 1212 838 quam
1249 774 1486 821 sanetur.
1536 767 1715 835 Appe-

168 877 319 925 tuntur
362 864 503 918 enim
534 860 802 915 ardentius
828 875 945 929 quae
974 860 1233 928 {vetantur
1255 899 1269 923 ,
1313 856 1437 911 dum
1481 855 1533 911 id
1575 852 1715 925 quod

166 956 475 1033 spiritualiter
496 954 711 1024 jubetur
733 994 750 1019 ,
776 952 1002 1007 carnalis
1045 951 1329 1005 observare
1355 948 1714 1018 compellitur.

165 1054 221 1112 Ut
244 1060 406 1106 autem
435 1050 503 1103 sit
528 1048 815 1118 spiritualis
835 1088 849 1109 ,
882 1046 969 1115 qui
997 1044 1192 1115 Legem
1222 1042 1441 1113 impleat
1465 1043 1714 1111 spiritua-

166 1143 275 1208 lem,
303 1156 402 1193 non
432 1139 487 1192 ﬁt
517 1138 630 1208 ipsa
661 1137 800 1207 Lege
820 1178 836 1203 ,
865 1135 956 1189 setl
985 1136 1184 1205 gratia;
1217 1134 1316 1188 hoc
1338 1144 1451 1200 est,
1482 1148 1584 1187 non
1614 1134 1712 1187 im-

164 1233 305 1303 perio,
331 1230 422 1284 sed
456 1229 744 1291 beneﬁcio;
776 1244 877 1279 non
898 1226 1117 1295 jubente
1140 1226 1346 1290 littera,
1378 1224 1470 1278 sed
1494 1224 1714 1293 juvante

165 1324 349 1393 Spiritu.
375 1320 563 1389 Incipit
588 1331 761 1373 autem
793 1318 954 1375 homo
984 1317 1271 1374 secundum
1301 1319 1521 1387 gratiam
1552 1319 1601 1370 in
1633 1319 1711 1371 in-

164 1415 314 1471 teriori
356 1412 571 1467 homine
610 1412 851 1465 renovari
880 1410 897 1481 (
928 1407 1133 1476 llCor.,
1160 1425 1230 1472 tv,
1265 1409 1387 1480 16),
1432 1419 1489 1463 ut
1530 1421 1713 1465 mente

163 1514 260 1575 agat
296 1502 428 1575 quod
476 1512 653 1569 amat,
687 1518 786 1557 nec
827 1504 971 1556 carni
1018 1502 1314 1555 consentiat
1366 1501 1542 1571 agenti
1570 1500 1709 1571 quod

163 1594 280 1657 odit;
310 1595 359 1649 id
387 1604 498 1657 est,
529 1610 632 1648 non
665 1590 964 1647 nt'omnino
993 1610 1095 1645 non
1122 1592 1502 1660 concupiscat,
1534 1592 1625 1646 sed
1659 1600 1713 1645 ut

162 1696 259 1758 post
284 1686 728 1754 concupiscentias
755 1698 881 1739 suas
910 1699 1011 1737 non
1041 1692 1148 1738 eat.
1181 1681 1333 1749 Quod
1360 1682 1572 1752 quidem
1606 1692 1710 1736 tam

163 1792 375 1848 magnum
402 1786 521 1841 est,
557 1783 614 1830 ut
640 1776 681 1829 si
709 1776 852 1829 omni
882 1774 1038 1828 modo
1068 1774 1243 1837 ﬁeret,
1276 1784 1323 1827 et
1352 1774 1590 1841 quamvis
1634 1775 1715 1826 in-

160 1868 245 1921 sint
265 1909 277 1931 ,
308 1868 427 1921 dum
455 1882 637 1921 smnus
678 1865 728 1919 in
759 1881 984 1934 corpore
1011 1866 1195 1918 mortis
1230 1864 1385 1933 hujus
1405 1908 1417 1927 ,
1450 1864 1710 1918 desideria

161 1960 356 2031 peccati,
384 1960 425 2012 si
450 1958 578 2012 nulli
606 1975 787 2013 eorum
818 1965 990 2011 tamen
1018 1956 1391 2011 adhiberemus
1410 1971 1707 2021 assensum,

160 2067 244 2105 non
264 2060 397 2105 esset
426 2049 564 2104 unde
594 2049 890 2105 diceremus
920 2047 1059 2101 Patri
1092 2057 1275 2101 nostro
1306 2048 1393 2115 qui
1413 2057 1491 2101 est
1526 2048 1576 2100 in
1604 2061 1713 2100 ete-

154 2140 211 2195 lis
234 2160 245 2195 :
272 2136 473 2193 Dimitte
519 2139 659 2194 nobis
685 2139 847 2193 debita
878 2148 1045 2192 nostra
1092 2137 1301 2211 (Matth.
1346 2153 1419 2199 v1.
1453 2134 1562 2209 12).
1602 2137 1713 2192 Nec

158 2243 307 2287 tamen
336 2231 451 2287 ideo
481 2231 611 2285 tales
651 2231 760 2299 jam
790 2244 1063 2293 essemus,
1116 2228 1299 2297 quales
1349 2227 1547 2283 erimus
1590 2244 1711 2283 cum

156 2324 352 2378 mortale
381 2323 483 2377 hoc
507 2322 735 2376 induerit
761 2321 1208 2375 immortalitatem
1244 2338 1254 2371 :
1292 2330 1414 2373 tunc
1441 2321 1580 2373 enim
1603 2336 1709 2374 non

156 2416 299 2469 solum
338 2416 463 2470 nulli
500 2414 765 2469 desiderio
800 2414 999 2483 peccati
1048 2412 1393 2476 obediemus,
1433 2411 1526 2466 sed
1567 2413 1708 2465 nulla

156 2516 281 2563 erunt
307 2506 563 2560 desideria
594 2506 744 2571 talia,
780 2505 970 2573 quibus
999 2518 1107 2558 non
1132 2502 1346 2556 obedire
1367 2502 1671 2570 jubeamur.

210 2598 254 2653 6.
303 2597 450 2652 Nunc
502 2612 627 2667 ergo
672 2596 761 2651 ubi
808 2595 1032 2659 dicitur,
1076 2586 1198 2648 Iam
1241 2612 1339 2648 non
1403 2611 1493 2665 ego
1531 2612 1713 2666 operor

152 2684 294 2750 illud,
344 2688 429 2740 sed
474 2686 527 2739 id
579 2686 712 2754 quod
759 2685 810 2738 in
855 2702 931 2739 me
973 2684 1164 2739 habitat
1216 2694 1470 2748 peccatum
1515 2684 1707 2759 (Rom.

151 2792 227 2843 vn,
271 2780 388 2851 Ι17),
418 2779 484 2834 de
512 2778 938 2849 concupiscentia
979 2780 1152 2832 carnis
1187 2778 1408 2845 dicitur,
1440 2795 1557 2849 qua:
1581 2794 1711 2849 ope-

148 2880 273 2925 ratur
322 2873 368 2925 in
410 2871 563 2927 nobis
610 2881 784 2925 motus
822 2886 976 2936 suos,
1019 2872 1175 2925 etiam
1221 2872 1431 2941 quando
1476 2873 1555 2926 eis
1604 2890 1708 2927 non

150 2962 434 3027 obedimus,
464 2962 587 3017 dum
614 2979 718 3017 non
749 2972 933 3032 regnat
960 2975 1229 3032 peccaturo
1271 2963 1321 3016 in
1353 2972 1535 3018 nostro
1561 2980 1709 3019 mor-

152 3057 224 3112 tali
243 3072 461 3126 corpore
487 3055 553 3110 ad
580 3054 930 3110 obediendum
960 3054 1236 3109 desideriis
1257 3055 1370 3124 ejus
1388 3096 1404 3120 ,
1440 3071 1537 3109 nec
1562 3057 1710 3110 exhi-

151 3148 309 3203 bemus
339 3148 582 3202 membra
618 3156 795 3200 nostra
823 3159 968 3199 arma
1001 3145 1288 3214 iniquitatis
1317 3153 1534 3213 peccato
1561 3144 1667 3217 (Id.
1691 3186 1707 3211 ,

150 3254 208 3302 vt,
235 3236 313 3305 τε,
349 3237 440 3308 15)
468 3253 481 3290 :
516 3239 567 3290 in
590 3252 689 3306 qua
708 3236 907 3305 justitia
935 3235 1167 3288 nondum
1191 3243 1555 3289 cmisummata
1587 3252 1708 3303 per-

150 3339 434 3383 severanter
491 3326 868 3396 proficientes,
917 3323 983 3378 ad
1044 3324 1157 3393 ejus
1198 3325 1709 3379 consummationem

150 3422 442 3491 quandoque
469 3419 746 3473 veniemus
765 3459 779 3481 ,
807 3417 893 3471 ubi
924 3417 1121 3486 peccati
1150 3418 1577 3487 concupiscentia
1604 3428 1708 3472 non

148 3512 418 3567 cohibenda
447 3521 606 3581 atque
648 3507 931 3575 frenanda,
974 3508 1067 3562 sed
1105 3508 1249 3563 nulla
1288 3509 1375 3563 sit.
1407 3508 1517 3564 Hoc
1564 3512 1708 3565 enim

148 3601 237 3660 Lex
262 3606 439 3678 posuit
470 3603 696 3658 dicendo
714 3645 727 3669 ,
774 3601 892 3655 Non
930 3602 1246 3671 concupisces
1266 3642 1281 3667 ,
1310 3618 1415 3655 non
1443 3602 1581 3670 quod
1625 3602 1711 3658 hic

149 3696 429 3761 valeamus,
456 3694 548 3750 sed
576 3694 641 3747 ad
669 3693 808 3764 quod
835 3691 1157 3762 proﬁciendo
1182 3692 1481 3747 tendamus.
1514 3693 1707 3749 Verum

146 3782 233 3842 hoc
256 3786 311 3843 ﬁt
334 3804 446 3842 non
474 3785 613 3855 Lege
637 3802 752 3855 qua:
780 3784 881 3838 hoc
917 3785 1171 3853 imperat,
1205 3784 1297 3838 sed
1337 3786 1439 3839 fide
1464 3801 1582 3855 quae
1610 3786 1712 3840 hoc

146 3877 411 3947 impetrat;
442 3892 549 3931 non
591 3876 760 3930 littera
802 3886 904 3945 qua
937 3875 1185 3943 jubetur,
1232 3876 1324 3929 sed
1362 3875 1562 3946 Spiritu
1605 3893 1710 3947 quo

148 3970 351 4027 donatur
389 3990 402 4025 :

151 4059 403 4131 largientis
436 4060 602 4132 gratia
628 4060 933 4115 Salvatoris.
964 4059 1173 4117 Utilitas
1211 4060 1385 4129 itaque
1411 4060 1566 4131 Legis
1590 4075 1671 4116 εει
1692 4105 1707 4129 ,

148 4158 196 4206 ut
226 4154 491 4209 hominem
519 4152 585 4207 de
624 4158 718 4207 su‘a
749 4149 1051 4205 infirmitate
1081 4152 1391 4216 convincat,
1436 4158 1488 4206 e‘t
1528 4153 1711 4222 gratim

147 4244 448 4299 medicinam
479 4256 597 4313 (pia:
626 4242 676 4296 in
699 4238 912 4297 Christo
950 4248 1033 4296 est
1051 4284 1065 4306 ,
1102 4241 1382 4310 implorare
1408 4243 1706 4311 compellat.

153 4328 308 4389 Omnis
336 4336 485 4392 enim
520 4335 606 4404 qui
637 4332 933 4387 invocaverit
971 4347 1148 4387 nomen
1175 4330 1410 4401 Domini,
1432 4335 1599 4389 salvus
1620 4335 1712 4389 erit

152 4421 271 4495 (Jac!
292 4438 352 4493 It,
382 4424 479 4492 3‘2,
504 4433 550 4478 et
574 4425 686 4478 Act.
712 4439 770 4489 ιι,
800 4422 913 4494 21).
949 4423 1210 4503 Quomodo
1237 4442 1352 4495 ergo
1378 4425 1709 4491 invocabant,

151 4514 195 4568 in
215 4532 349 4585 quem
377 4532 483 4571 non
509 4514 868 4570 credidenmt?
897 4514 1144 4583 quomodo
1172 4518 1403 4583 credent,
1443 4530 1588 4587 quem
1612 4534 1712 4571 non

153 4604 449 4661 audierunt?
468 4604 625 4662 ‘Unde
654 4605 819 4675 paulo
850 4614 966 4674 post
988 4604 1115 4658 dicit
1144 4624 1155 4658 :
1186 4604 1352 4676 Igitur
1389 4607 1514 4675 ﬁdes
1543 4624 1604 4661 ea:
1622 4622 1712 4661 au-

144 4692 245 4751 ᾱω
259 4716 275 4765 ;
297 4699 503 4753 auditus
532 4709 697 4752 autem
715 4714 802 4769 per
827 4697 1024 4751 verbum
1050 4697 1252 4752 Christi.

204 4786 262 4843 ‘V.
292 4786 434 4859 Qua:
464 4802 584 4843 cum
620 4790 694 4843 'ita
721 4790 854 4853 sint,
894 4787 983 4858 qui
1008 4801 1063 4840 se
1090 4788 1353 4842 Israelitas
1380 4800 1497 4844 esse
1522 4800 1713 4845 carum

150 4878 260 4937 liter
282 4883 543 4954 gaudent,
571 4891 623 4935 et
646 4888 838 4951 prrcter
857 4880 1078 4951 gratiam
1093 4878 1295 4935 Chrisﬁ
1318 4920 1334 4947 ,
1363 4880 1415 4934 in
1438 4879 1581 4952 Lege
1593 4882 1716 4953 glo-

158 4973 344 5031 riantur
364 5018 379 5041 ,
412 4976 460 5030 vii
502 4981 627 5029 sunt
652 4974 718 5029 de
758 4974 948 5044 quibus
980 4974 1101 5027 item
1132 4972 1413 5040 Apostolus
1448 4974 1530 5028 ait
1575 4975 1715 5045 Quod

160 5065 430 5135 ignorantes
461 5066 558 5121 Dei
591 5068 873 5139 justitiam,
902 5074 948 5119 et
973 5082 1119 5119 suam
1144 5065 1358 5118 volentes
1383 5067 1680 5121 constituere
1699 5109 1712 5131 ,

153 5146 349 5227 institit:
383 5159 473 5215 Dei
500 5175 602 5213 non
627 5167 741 5212 sunt
770 5158 975 5228 subjecti
999 5155 1170 5225 (Rom.
1195 5171 1251 5220 ι,
1276 5157 1363 5223 M,
1391 5157 1476 5223 17,
1500 5155 1579 5229 3).
1610 5158 1717 5213 ’Dei

162 5250 339 5320 quippe
367 5251 499 5307 dixit
518 5250 775 5321 justitiam
801 5294 815 5316 ,
845 5266 960 5319 qum
994 5250 1190 5304 homini
1219 5265 1285 5304 ex
1304 5250 1411 5305 Deo
1436 5260 1545 5317 est;
1568 5264 1717 5306 suam

160 5353 304 5407 vero,
327 5360 481 5411 quam
514 5352 698 5413 putant
730 5342 825 5395 sibi
858 5341 1097 5397 sufficere
1118 5342 1183 5396 ad
1217 5340 1453 5397 facienda
1475 5343 1720 5398 mandata

164 5433 265 5488 sine
300 5434 561 5505 adiutorio
582 5445 635 5489 et
655 5433 796 5491 dono
822 5434 937 5503 ejus
966 5435 1053 5503 qui
1081 5434 1272 5503 Legem
1298 5433 1461 5488 dedit.
1505 5434 1596 5488 His
1625 5446 1721 5489 atr-

165 5527 260 5575 tem
286 5525 484 5579 similes
508 5534 632 5579 sunt
691 5523 781 5596 qui
809 5538 928 5578 cum
958 5524 1305 5593 proﬁteantur
1330 5538 1387 5578 se
1424 5538 1543 5579 esse
1577 5524 1720 5579 chri-

166 5609 353 5667 stianos
369 5652 390 5679 ,
411 5615 505 5685 ipsi
526 5616 711 5686 gratae
727 5613 922 5669 Christi
950 5615 1028 5669 sic
1053 5614 1419 5683 adversantur,
1454 5624 1517 5681 ut,
1536 5630 1597 5672 se
1619 5615 1721 5671 hu-

168 5706 330 5762 manis
354 5708 553 5764 viribus
576 5706 752 5764 divina
778 5708 1083 5763 existiment
1108 5708 1325 5778 implere
1353 5708 1633 5775 mandata;
1662 5724 1724 5766 ac

168 5794 239 5850 sic
261 5797 421 5851 etiam
450 5798 545 5869 ipsi
580 5798 883 5869 ignorantes
908 5798 1001 5854 Dei
1027 5799 1282 5868 justitiam
1307 5841 1321 5865 ,
1372 5810 1425 5855 et
1447 5814 1595 5854 suam
1627 5815 1721 5853 vo-

172 5881 331 5941 lentes
356 5890 671 5944 constituere
690 5931 703 5957 ,
732 5888 947 5958 justitim
978 5889 1069 5943 Dei
1095 5904 1198 5944 non
1231 5900 1349 5945 sunt
1387 5891 1643 5961 subjecti,
1672 5901 1725 5946 et

1313 463 1790 521 EPISTOLARUM
1826 456 2100 520 CLASSIS
2138 462 2223 518 ΙΙΙ.

452 3986 561 4025 non
605 3982 731 4039 ergo
762 3969 966 4022 meritis
1008 3969 1276 4038 operantis
1306 3968 1568 4033 hominis,
1617 3971 1709 4025 sed
1758 4008 1761 4011 -

3301 474 3400 532 895

1833 594 1937 633 non
1974 580 2183 650 quidem
2234 580 2482 643 nomine,
2529 580 2619 633 sed
2670 584 2845 637 tamen
2888 598 3069 639 errore
3113 582 3404 651 judaizatut.

1825 671 1939 725 Hoc
1964 687 2129 741 genus
2155 672 2426 727 hominum
2468 675 2636 741 capita
2669 673 2766 727 sibi
2811 674 3084 730 invenerat
3133 674 3400 750 Pelagium

1823 772 1877 817 et
1905 761 2220 829 Celestium,
2254 763 2539 833 impietatis
2568 763 2723 833 hujus
2751 778 3042 823 aSScrtores
3069 769 3357 825 acerrimos
3386 816 3399 826 .

1824 854 1913 924 qui
1940 855 2140 909 recenti
2161 844 2360 925 judicio
2390 856 2478 911 Dei
2512 873 2605 927 per
2625 856 2901 927 diligentes
2929 868 2981 913 et
3009 850 3193 917 fideles
3218 878 3402 919 servos

1823 947 1939 1017 ejus
1958 949 2115 1002 etiam
2133 946 2391 1003 catholica
2416 951 2787 1009 communione
2817 948 3005 1022 privati
3035 962 3178 1019 sunt,
3202 963 3256 1008 et
3277 969 3404 1025 pro-

1820 1048 1942 1109 pter
1969 1055 2063 1094 cor
2092 1038 2434 1111 impmnitens
2475 1028 2649 1097 adhuc
2677 1042 2731 1096 in
2758 1057 2856 1098 sua
2896 1040 3235 1101 damnatione
3275 1062 3406 1117 per-

1820 1130 2033 1184 sistunt.

1890 1216 1943 1277 8.
1985 1222 2233 1293 Quisquis
2262 1223 2329 1277 ah
2360 1212 2460 1278 isto
2486 1214 2685 1280 carnali
2716 1234 2769 1280 et
2806 1212 3018 1281 animali
3038 1269 3052 1291 ,
3084 1228 3243 1297 atque
3281 1226 3403 1283 ideo

1820 1329 1925 1369 non
1945 1313 2211 1370 immerito
2235 1308 2633 1384 reprehensﬂiili
2657 1326 2810 1386 atque
2824 1310 3108 1379 damnabili
3126 1304 3401 1374 Judaismo

1818 1419 1938 1460 esse
1963 1406 2152 1474 qumrit
2177 1405 2411 1471 alienus,
2446 1424 2547 1461 non
2574 1408 2742 1461 solum
2779 1408 3122 1465 veteresillas
3151 1410 3395 1467 dbserva-

1820 1494 1989 1550 tiones
2014 1511 2040 1548 a
2070 1512 2127 1551 se
2169 1496 2341 1553 facere
2378 1496 2535 1552 debet
2578 1500 2809 1564 alienas,
2855 1517 2971 1569 quae
3006 1501 3116 1572 jam
3164 1504 3397 1559 revelato

1820 1577 2161 1641 Testamento
2184 1587 2332 1643 Novo
2356 1630 2370 1651 ,
2408 1598 2751 1659 posteaquam
2779 1602 3034 1647 venerunt
3060 1609 3119 1647 ea
3147 1610 3265 1665 qua:
3309 1612 3403 1665 per

1818 1676 1938 1730 illas
1979 1678 2411 1746 significabantur
2450 1695 2568 1733 esse
2623 1679 2833 1747 futura,
2883 1682 3062 1751 procul
3090 1682 3251 1738 dubio
3281 1701 3400 1741 esse

1821 1769 2135 1823 necessaria-
2180 1768 2527 1836 destiterunt,
2576 1780 2629 1823 ut
2675 1766 3066 1840 nunjudicrtur
3108 1772 3159 1827 in
3199 1774 3318 1829 cibo
3347 1782 3403 1830 et

1816 1868 1981 1929 potu,
2012 1871 2065 1915 et
2100 1860 2153 1914 in
2200 1869 2344 1929 parte
2371 1856 2474 1914 diei
2518 1861 2633 1916 festi
2662 1876 2711 1917 et
2746 1864 3037 1917 neomenia:
3067 1876 3120 1918 et
3156 1864 3405 1919 sabbato-

1822 1970 1973 2019 rum,
2006 1952 2144 2023 quod
2174 1954 2259 2007 est
2283 1952 2463 2005 umbra
2496 1952 2787 2007 futurorum
2818 1950 3031 2022 (Coloss.
3063 1971 3116 2017 ll,
3148 1947 3239 2022 16,
3271 1957 3357 2028 17)
3386 1975 3399 2011 :

1816 2060 2001 2101 verum
2042 2046 2197 2099 etiam
2231 2042 2313 2102 illa
2354 2060 2471 2115 qua:
2503 2045 2552 2099 in
2573 2044 2722 2115 Lege
2763 2045 2830 2099 ita
2866 2056 3130 2116 praecepta
3158 2060 3315 2114 sunt,
3346 2061 3399 2104 ut

1818 2138 2033 2193 valeant
2069 2137 2133 2190 ad
2177 2136 2534 2191 informandos
2564 2135 3003 2193 moresﬁdelium
3046 2136 3139 2209 (id
3186 2148 3301 2207 est,
3345 2150 3400 2197 ut

1820 2222 2123 2301 abnegantes
2148 2229 2451 2301 impietatem
2476 2241 2523 2285 et
2548 2231 2811 2285 swculares
2838 2224 3135 2301 cupiditates
3153 2272 3169 2300 ,
3210 2242 3398 2304 tempe-

1818 2331 1987 2374 ranter
2010 2331 2055 2374 et
2068 2323 2205 2391 juste
2223 2333 2265 2375 et
2294 2321 2375 2391 pie
2393 2322 2612 2375 vivamus
2640 2323 2691 2375 in
2716 2325 2809 2377 hoc
2837 2323 3020 2377 sarculo
3041 2314 3166 2396 [Tit.
3196 2340 3254 2390 tt,
3284 2322 3394 2398 l3];

1820 2412 1958 2465 unde
1984 2420 2065 2466 est
2093 2410 2249 2465 etiam
2279 2411 2381 2483 hoc
2408 2412 2548 2481 quod
2589 2427 2655 2467 ex
2692 2412 2833 2482 Lege
2875 2413 3102 2469 maxime
3130 2430 3399 2477 commen-

1818 2499 2046 2554 dandum
2077 2501 2235 2571 elegit
2273 2500 2589 2570 Apostolus,
2636 2500 2755 2555 Non
2783 2504 3133 2573 concupisces,
3179 2513 3232 2559 et
3256 2514 3401 2576 Qua:-

1817 2607 2044 2661 cumque
2066 2592 2133 2645 de
2159 2592 2265 2646 Deo
2291 2602 2344 2647 et
2375 2593 2614 2661 proximo
2635 2593 2900 2664 diligendo
2922 2595 3037 2649 sine
3068 2594 3188 2648 ullis
3216 2590 3398 2667 ﬁguris

1816 2690 2266 2736 sacramentorum
2298 2682 2742 2753 praecipiunturin
2776 2684 2933 2753 Lege,
2968 2684 3016 2739 in
3047 2684 3238 2754 quibus
3267 2687 3395 2741 duo-

1818 2773 1917 2828 bus
1945 2774 2220 2842 pra-ceptis
2260 2776 2417 2826 etiam
2448 2774 2560 2844 ipse
2606 2774 2860 2827 Dominus
2888 2773 3126 2828 Christus
3156 2773 3283 2829 dicit
3310 2783 3396 2831 to-

1820 2875 1924 2919 tam
1950 2866 2139 2934 Legcm
2167 2864 2562 2938 Prophetasque
2588 2866 2818 2934 pendere
2845 2856 3053 2940 [Matth
3088 2884 3227 2936 xm,
3251 2868 3390 2943 40]),

1817 2958 1893 3013 sic
1920 2958 2109 3027 accipit
2131 2999 2145 3021 ,
2176 2957 2254 3013 sic.
2283 2958 2650 3027 amplectitur,
2682 2958 2758 3012 sic
2794 2958 3121 3013 observanda
3149 2972 3265 3015 eSse
3292 2976 3396 3015 non

1816 3048 2054 3113 dubitat,
2094 3058 2152 3103 ut
2174 3048 2427 3119 quidquid
2453 3049 2505 3103 in
2536 3048 2613 3103 eis
2656 3047 2858 3118 proficit
2888 3064 2991 3104 non
3019 3050 3118 3105 sibi
3157 3052 3392 3119 tribuat,

1816 3142 1909 3196 sed
1926 3142 2108 3212 gratiae
2126 3142 2220 3194 Dei
2240 3146 2333 3210 per
2347 3138 2526 3196 Jesnm
2543 3138 2807 3196 Christum
2833 3140 3112 3195 Dominum
3133 3151 3395 3211 nostrum.

1885 3230 2110 3289 CAPUT
2149 3232 2238 3287 Ill.
2265 3231 2402 3288 —9.
2447 3230 2821 3288 Verumtamen
2872 3248 2991 3288 cum
3034 3236 3257 3305 quisque
3298 3235 3396 3290 isto

1817 3328 1975 3383 modo
2015 3326 2171 3380 fuerit
2196 3341 2356 3381 verus
2393 3341 2784 3397 germanusque
2812 3322 3145 3381 Christianus
3170 3369 3186 3393 ,
3220 3334 3395 3383 utrum

1816 3421 1976 3476 etiam
2004 3417 2218 3473 Judmus
2243 3426 2333 3472 aut
2358 3416 2593 3472 Israelita
2626 3417 2882 3475 dicendus
2908 3420 3010 3486 sit,
3034 3420 3222 3474 merito
3248 3436 3366 3490 qum

1816 3521 1967 3575 ritur.
1999 3522 2149 3589 Quod
2176 3521 2387 3592 quidem
2411 3521 2454 3575 si
2484 3536 2587 3575 non
2614 3535 2793 3587 carne,
2825 3519 2917 3574 sed
2948 3520 3133 3588 spiritu
3152 3519 3252 3574 hoc
3276 3533 3398 3588 esse

1817 3613 2157 3685 intelligitur,
2204 3630 2308 3668 non
2338 3612 2497 3667 debet
2531 3612 2699 3681 ipsum
2731 3625 2921 3665 nomen
2958 3611 3057 3665 sibi
3088 3612 3138 3665 in
3168 3625 3396 3667 consue-

1818 3705 1998 3760 tudine
2026 3706 2292 3761 sermonis
2314 3706 2588 3774 imponere
2608 3744 2620 3763 ,
2646 3701 2741 3756 sed
2766 3701 3024 3769 Spirituali
3056 3700 3395 3771 intelligentia

1810 3796 2073 3858 retinere,
2128 3811 2194 3849 ne
2222 3803 2442 3866 pr0pter
2469 3793 2862 3863 ambiguitatem
2912 3791 3181 3856 vocabuli,
3236 3806 3394 3861 quam
3482 3808 3487 3813 ·

1817 3900 1925 3939 non
1945 3885 2195 3940 discernit
2217 3885 2521 3953 quotidiana
2548 3883 2741 3937 locutio
2759 3924 2774 3947 ,
2798 3880 2924 3934 illud
2956 3881 3190 3950 proﬁteri
3220 3880 3400 3934 videa-

1817 3982 1902 4029 tur
1921 3973 2061 4043 quod
2088 3983 2168 4027 est
2189 3973 2459 4026 inimicum
2493 3970 2691 4024 nomini
2713 3970 3021 4026 christiano.
3055 3970 3197 4022 lianc
3216 3978 3395 4023 autem

1816 4062 2167 4132 qurestioncm
2192 4102 2204 4124 ,
2232 4060 2283 4114 id
2310 4070 2410 4125 est,
2440 4069 2614 4111 utrum
2642 4058 2727 4127 qui
2753 4056 3081 4109 Christianus
3110 4063 3211 4119 est,
3236 4057 3393 4109 etiam

1817 4151 2031 4208 Iudaeus
2056 4152 2139 4205 vel
2171 4150 2402 4204 Israelita
2430 4149 2599 4219 possit
2627 4140 2881 4217 intelligi,
2920 4144 3057 4199 idem
3086 4146 3270 4199 beatus
3296 4160 3395 4198 no-

1814 4241 1899 4297 bis
1932 4242 2101 4312 aperit
2128 4251 2181 4295 et
2217 4240 2457 4294 dissolvit
2504 4236 2809 4307 apostolus,
2844 4235 2932 4290 ubi
2958 4234 3086 4289 dicit
3116 4254 3127 4288 :
3161 4234 3394 4289 Circum-

1817 4335 1941 4389 cisio
1983 4334 2183 4405 quidem
2231 4331 2461 4403 prodest,
2501 4331 2546 4385 si
2590 4328 2773 4401 Legem
2817 4330 3068 4384 custodias
3099 4350 3111 4385 :
3140 4331 3183 4384 si
3229 4342 3396 4387 autem

1818 4427 2169 4497 praevaricator
2191 4424 2337 4496 Legis
2361 4424 2431 4478 sis
2450 4467 2463 4487 ,
2492 4422 2803 4477 circumcisio
2830 4432 2917 4475 tua
2939 4418 3237 4494 praeputium
3261 4426 3396 4496 facta

1818 4529 1910 4573 est.
1935 4517 1993 4574 Si
2017 4518 2172 4589 igitur
2199 4520 2497 4588 praeputium
2517 4515 2732 4583 idstitias
2755 4512 2904 4587 Legis
2933 4517 3200 4581 custodiat,
3235 4533 3398 4571 nonne

1819 4611 2122 4682 praeputium
2149 4610 2256 4680 ejus
2282 4608 2334 4661 in
2358 4608 2785 4662 circumcisionem
2809 4605 3118 4675 reputabitur
3140 4648 3155 4672 ,
3188 4610 3231 4657 et
3252 4606 3395 4674 judi-

1819 4701 1948 4755 cabit
1971 4700 2104 4771 quod
2125 4716 2186 4754 ea:
2210 4707 2391 4751 natura
2418 4704 2488 4751 est
2514 4698 2846 4769 praeputium,
2878 4693 3059 4766 Legem
3096 4693 3357 4764 perﬁciens
3376 4734 3391 4759 ,

1822 4802 1868 4845 te
1886 4793 1969 4862 qui
1995 4809 2082 4863 per
2100 4791 2317 4844 litteram
2336 4800 2383 4843 et
2417 4789 2843 4843 circumcisiOne'm
2871 4786 3222 4855 praevaricator
3246 4782 3396 4855 Legis

1819 4885 1911 4938 es?
1940 4880 2060 4945 Non
2088 4881 2221 4934 enim
2248 4881 2334 4952 qui
2363 4880 2417 4934 in
2439 4881 2704 4951 manifesto
2728 4876 2941 4931 Judteus
2964 4886 3036 4930 est
3060 4916 3073 4940 ,
3100 4880 3255 4947 neque
3282 4886 3398 4945 qua:

1820 4976 1874 5027 in
1902 4974 2166 5045 manifesto
2194 4974 2248 5026 in
2273 4980 2423 5026 carne
2442 4978 2511 5027 est
2542 4970 2887 5035 circumcisio;
2908 4967 2997 5021 sed
3019 4969 3103 5038 qui
3124 4967 3178 5021 in
3198 4967 3400 5022 abscon-

1822 5066 1929 5119 dito
1951 5058 2164 5120 Judwus
2192 5074 2263 5118 est
2278 5105 2295 5131 ,
2318 5072 2365 5118 et
2392 5063 2703 5118 circumcisio
2723 5060 2890 5115 cordis
2914 5102 2927 5123 ,
2965 5076 3079 5132 qua:
3096 5060 3277 5130 spiritu
3295 5068 3397 5128 est,

1822 5174 1924 5212 non
1949 5157 2113 5210 littera
2137 5198 2151 5221 ,
2184 5160 2329 5227 cujus
2373 5154 2484 5221 laus
2511 5164 2609 5208 non
2640 5170 2700 5207 ea;
2726 5152 3006 5207 hominibus
3024 5195 3037 5217 ,
3077 5154 3166 5207 sed
3199 5170 3262 5208 ea:
3290 5146 3402 5209 Deo

1823 5253 1894 5305 est
1925 5247 2098 5323 (Rom.
2130 5264 2187 5311 u,
2216 5249 2308 5315 25,
2335 5244 2449 5318 29).
2481 5246 2610 5300 Cum
2659 5247 2815 5316 igitur
2858 5246 3133 5302 audiamus
3174 5237 3404 5315 Aposto-

1822 5340 1932 5397 lum
1957 5336 2151 5396 Christi
2178 5340 2634 5397 commendantem
2663 5339 2816 5393 nobis
2839 5339 3077 5395 Judaeum
3109 5340 3159 5392 in
3179 5338 3404 5393 abscon-

1826 5434 1969 5499 dito,
2002 5449 2104 5488 non
2136 5434 2310 5488 carnis
2337 5430 2767 5499 circumcisione,
2811 5432 2903 5488 sed
2948 5432 3157 5495 cordis,
3201 5439 3254 5485 et
3294 5429 3403 5500 spi-

1826 5527 1930 5580 ritu
1952 5566 1965 5589 ,
1994 5537 2097 5578 non
2124 5524 2331 5587 littera;
2365 5522 2482 5591 quis
2505 5531 2588 5577 est
2612 5523 2708 5578 iste
2729 5566 2741 5587 ,
2772 5524 2870 5577 nisi
2897 5522 3262 5577 Christianus?

1901 5614 1986 5671 10.
2012 5610 2103 5671 Sic
2151 5615 2327 5684 itaque
2351 5627 2533 5667 sumus
2569 5610 2735 5669 Judmi
2762 5654 2778 5681 ,
2830 5628 2931 5667 non
2959 5611 3242 5668 carnaliter
3264 5653 3279 5678 ,
3308 5612 3404 5668 sed

1827 5705 2207 5777 spiritualiter;
2252 5704 2694 5774 quemadmodum
2722 5719 2903 5759 sumus
2932 5718 3115 5760 semen
3141 5702 3369 5760 Abrahae
3400 5746 3407 5755 κ

1828 5812 1934 5853 non
1962 5796 2253 5854 secundum
2278 5809 2491 5852 carnem
2509 5837 2523 5862 ,
2570 5798 2709 5851 sicut
2736 5794 2811 5851 illi
2836 5796 2925 5866 qui
2954 5790 3021 5851 de
3046 5797 3161 5866 ipso
3190 5796 3406 5852 nomine

1834 5889 2031 5945 carnali
2061 5888 2305 5957 superbia
2334 5889 2654 5959 gloriantur,
2698 5889 2789 5944 sed
2824 5888 3120 5945 secundum
3163 5889 3405 5960 spiritum
