3990 6378
629 413 734 471 895

629 526 789 596 ﬁdei,
838 527 979 598 quod
1012 541 1117 580 non
1146 526 1239 580 illi.
1268 525 1477 580 Scimus
1501 523 1643 578 enim
1672 537 1772 577 nos
1799 520 1960 576 luisse
1990 518 2220 590 promis-

629 633 722 674 sos
740 660 754 681 ,
783 617 997 687 quando
1020 618 1067 671 ci
1093 617 1224 670 dixit
1252 617 1389 670 Deus
1418 632 1432 669 :
1465 613 1669 668 Patrem
1700 613 1971 666 multarum
1998 608 2223 682 gentium

630 711 777 781 posui
798 719 845 763 te
868 708 1020 780 (Cen.
1054 724 1183 768 xvn,
1204 708 1283 777 ι).
1312 707 1377 760 Et
1399 722 1555 776 quam
1588 706 1747 760 multa
1778 704 1845 758 dc
1877 704 1974 757 hac
2000 718 2060 756 re
2084 702 2225 756 dicat

631 802 919 874 Apostolus
939 801 1200 855 novimus.
1235 799 1460 853 Dicimus
1483 800 1635 857 enim,
1662 796 1853 867 inquit,
1873 794 2111 866 quoniam
2133 792 2220 846 de-

634 903 809 964 putata
837 903 907 947 est
947 892 1161 945 Abrahw
1202 890 1329 961 ﬁdes
1376 892 1444 944 ad
1477 890 1751 960 justitiam.
1804 886 2071 953 Quomodo
2102 901 2219 956 ergo

631 986 870 1053 deputata
894 984 1009 1038 est?
1031 1000 1145 1036 cum
1174 984 1225 1037 in
1249 984 1629 1036 circumcisione
1653 990 1814 1047 esset,
1852 998 1917 1033 an
1946 996 2059 1032 cam
2096 988 2225 1032 esset

631 1078 681 1129 in
704 1075 951 1146 pra’putio
968 1076 994 1129 ?
1013 1074 1133 1129 Non
1160 1075 1211 1128 in
1238 1075 1635 1138 circumcisione,
1666 1075 1754 1128 sed
1777 1074 1829 1126 in
1856 1074 2122 1141 praeputio.
2158 1070 2225 1124 Et

629 1167 829 1238 signant
853 1169 1046 1234 accepit
1066 1151 1482 1234 circaincisionis,
1509 1167 1827 1237 signaculum
1840 1167 2059 1235 justitia:
2078 1165 2220 1233 ﬁdei,

626 1274 741 1326 qua:
766 1268 835 1311 est
862 1259 913 1311 in
959 1260 1249 1329 prtrputio:
1282 1268 1338 1312 ut
1371 1260 1434 1313 sit
1478 1270 1620 1330 pater
1648 1261 1872 1311 omnium
1918 1258 2224 1311 credentium

628 1365 718 1404 per
738 1348 1077 1419 praeputium,
1108 1361 1159 1403 ut
1181 1350 1446 1419 deputetur
1466 1360 1512 1404 et
1540 1351 1642 1404 illis
1663 1349 1731 1403 ad
1744 1350 2037 1420 justitiam;
2077 1358 2130 1401 ut
2160 1348 2225 1401 sit

631 1452 776 1511 pater
812 1442 1241 1509 circumcisionis,
1284 1459 1383 1497 non
1428 1443 1489 1496 iis
1537 1443 1701 1496 solum
1741 1444 1829 1511 qui
1858 1459 1920 1495 ea:
1960 1441 2226 1495 circumci-

629 1532 772 1585 sione
798 1542 913 1585 sunt
932 1573 947 1596 ,
974 1534 1133 1586 sed-et
1163 1534 1223 1586 iis
1252 1534 1339 1602 qui
1381 1544 1658 1605 sequuntur
1687 1534 1893 1603 vestigia
1926 1532 2046 1600 ﬁdei
2070 1573 2084 1595 ,
2113 1546 2225 1601 qua:

632 1632 705 1676 est
732 1623 784 1676 in
811 1624 1059 1693 praeputio
1098 1624 1258 1693 patris
1284 1625 1441 1676 nostri
1476 1623 1746 1677 Abraham.
1786 1623 1850 1675 Et
1882 1623 2035 1691 paulo
2066 1631 2183 1691 pOst
2208 1640 2221 1676 :

632 1711 763 1767 Ideo
782 1754 796 1777 ,
846 1714 1051 1783 inquit,
1088 1730 1150 1767 ex.
1178 1715 1279 1783 ﬁde
1298 1757 1313 1781 ,
1344 1725 1397 1769 ut
1437 1716 1710 1769 secundum
1738 1716 1952 1785 gratiam
1983 1716 2130 1781 ﬁrma
2160 1716 2227 1769 sit

631 1804 897 1871 promissio
921 1804 1056 1856 omni
1088 1805 1301 1867 semini;
1324 1823 1422 1859 non
1450 1806 1496 1858 ei
1519 1815 1712 1859 tantum
1732 1805 1869 1874 quod
1893 1821 1953 1858 ea:
1975 1804 2106 1875 Lege
2130 1814 2222 1871 est,

628 1895 720 1947 sed
738 1904 784 1947 et
800 1894 846 1947 ei
869 1895 1004 1963 quod
1018 1911 1080 1947 ea:
1104 1895 1206 1963 ﬁde
1232 1905 1302 1949 est
1320 1896 1598 1961 Abraham,
1632 1896 1717 1965 qui
1738 1904 1809 1948 est
1832 1906 1973 1966 pater
2002 1896 2226 1949 onmium

632 1995 879 2048 nostrum,
905 1984 1031 2038 sicut
1047 1987 1290 2056 scriptam
1310 1998 1405 2051 est,
1436 1987 1565 2053 Quia
1584 1999 1775 2057 patrem
1796 1989 2065 2040 multarum
2097 2004 2224 2057 gen-

633 2077 756 2129 tium
786 2077 931 2147 posui
953 2087 999 2131 te
1026 2078 1199 2148 (Rom.
1234 2095 1309 2143 tv,
1339 2080 1519 2151 9-H).
1544 2078 1671 2133 Item
1693 2080 1757 2133 ad
1782 2079 1995 2134 Galatas
2022 2098 2034 2133 :
2078 2080 2224 2134 Sicut

627 2167 919 2230 Abraham,
946 2169 1133 2237 inquit,
1164 2170 1374 2223 credidit
1400 2170 1506 2225 Deo
1528 2212 1543 2235 ,
1564 2180 1610 2224 et
1635 2170 1928 2241 deputatum
1955 2182 2026 2224 est
2048 2170 2126 2223 illi
2154 2172 2222 2223 ad

624 2258 895 2328 justitiam.
944 2257 1222 2330 lutelligite
1247 2278 1366 2332 ergo
1396 2264 1632 2329 quoniam
1658 2266 1741 2333 qui
1769 2280 1829 2315 et:
1874 2263 2002 2331 ﬁde.
2034 2265 2085 2316 hi
2110 2272 2226 2316 sinit

632 2346 731 2417 ﬁlii
768 2349 1044 2403 Abraham.
1079 2350 1361 2406 Providens
1387 2362 1551 2406 autent
1579 2353 1847 2421 Scriptura
1883 2356 1999 2422 quia
2033 2371 2096 2407 ex
2120 2355 2222 2422 ﬁde

622 2437 873 2509 justiﬁcat
898 2451 1068 2508 gentes
1094 2440 1245 2502 Deus.
1273 2446 1626 2513 prwuuutiavit
1648 2444 1882 2509 Abralue,
1915 2447 2045 2511 Quia
2069 2448 2219 2499 bene-

628 2530 853 2582 dicentur
876 2532 993 2585 inte
1016 2549 1186 2587 omnes
1212 2545 1381 2604 gentes
1416 2550 1435 2588 :
1463 2536 1534 2588 ita
1557 2545 1610 2588 ut
1630 2537 1716 2603 qui
1748 2552 1811 2589 ea:
1838 2536 1940 2603 ﬁde
1961 2548 2073 2590 sunt
2096 2579 2108 2600 ,
2133 2538 2218 2590 be-

629 2620 927 2673 nedicuntur
954 2638 1066 2674 cum
1092 2624 1232 2687 ﬁdeli
1261 2623 1536 2678 Abraham.
1577 2627 1692 2680 Jam
1721 2627 1989 2695 aliquanto
2018 2640 2135 2696 post
2170 2628 2220 2681 in

625 2712 810 2766 eadem
842 2712 1077 2783 Epistola
1113 2733 1125 2768 :
1161 2715 1395 2779 Fratres,
1428 2718 1627 2789 inquit,
1666 2720 1942 2773 secundum
1971 2720 2221 2773 hominem

627 2803 777 2867 dico;
824 2814 989 2859 tamen
1037 2806 1255 2862 hominis
1297 2811 1650 2877 conﬁrmatum
1692 2820 2037 2863 testamentum
2076 2826 2221 2862 nemo

630 2897 831 2950 irritant
859 2897 983 2967 facit
1007 2909 1095 2953 aut
1133 2903 1509 2970 superardinat.
1537 2903 1755 2956 Abrahae
1785 2902 1933 2956 dictte
1961 2912 2076 2955 sunt
2106 2920 2225 2955 nro-

627 2988 886 3042 missiones
911 3000 959 3045 et
985 2991 1164 3045 semini
1183 2994 1311 3063 ejus.
1344 2991 1464 3048 Non
1486 2995 1609 3047 dicit
1634 3036 1650 3059 ,
1688 2993 1748 3047 Et
1775 2994 2067 3058 seminibus,
2104 3005 2223 3046 tan-

623 3095 774 3145 quam
805 3080 856 3132 in
886 3080 1091 3145 multis;
1116 3082 1206 3135 sed
1237 3094 1475 3153 tanquam
1515 3085 1567 3137 in
1615 3102 1746 3147 uno,
1786 3083 1853 3138 Et
1892 3085 2070 3139 semini
2100 3096 2223 3148 tuo,

625 3169 760 3238 quod
784 3180 855 3223 est
882 3171 1132 3225 Christus.
1166 3174 1297 3228 Item
1333 3177 1487 3243 paulo
1518 3186 1633 3243 post
1662 3194 1675 3229 :
1709 3174 1895 3229 Onmes
1932 3176 2063 3228 enim
2092 3193 2178 3230 vos
2206 3218 2221 3242 ,

627 3262 825 3332 inquit,
857 3280 1010 3317 unum
1036 3266 1153 3317 estis
1189 3266 1241 3317 in
1285 3266 1483 3320 Christo
1520 3266 1678 3329 Jesu;
1722 3268 1766 3319 si
1786 3279 1951 3319 autem
1990 3284 2075 3321 vos
2100 3269 2221 3321 estis

627 3350 816 3406 Chrin
832 3395 846 3417 ,
875 3370 992 3424 ergo
1016 3353 1235 3408 Abrahae
1258 3374 1421 3410 semen
1441 3359 1557 3410 estis
1578 3398 1592 3422 ,
1622 3359 1895 3411 secundum
1924 3360 2218 3428 promissio-

627 3460 740 3497 nem
766 3444 988 3499 ha'redes
1010 3443 1207 3513 (Galat.
1241 3464 1315 3513 In,
1349 3449 1527 3517 6-29).

700 3536 786 3590 11.
828 3535 1131 3591 Secundum
1165 3540 1325 3592 istmu
1358 3555 1485 3609 ergo
1514 3540 1837 3595 intellectum
1871 3543 2220 3610 apostolicum

627 3628 967 3683 inveniuntur
1014 3629 1183 3683 Juda‘i
1211 3631 1298 3700 qui
1339 3632 1625 3685 Christiani
1660 3650 1762 3686 non
1791 3644 1947 3697 sunt,
1997 3650 2118 3687 cum
2148 3649 2216 3688 ex

628 3733 791 3772 carne
818 3719 1042 3772 Abraltai
1060 3720 1318 3789 originem
1339 3721 1554 3787 ducant,
1576 3739 1679 3775 non
1705 3737 1821 3776 esse
1850 3723 1940 3776 lilii
1968 3723 2213 3776 Aln'ahar.

625 3808 759 3862 Cum
785 3810 927 3864 enim
957 3810 1102 3876 dicit,
1132 3809 1407 3883 Intelligite
1425 3829 1543 3883 ergo
1563 3815 1801 3885 quoniam
1820 3816 1905 3884 qui
1926 3832 1987 3867 ex
2006 3816 2124 3881 ﬁde,
2169 3816 2221 3868 hi

624 3913 741 3957 sunt
770 3904 865 3972 ﬁlii
892 3902 1140 3971 Abralue;
1186 3905 1427 3974 profecto
1457 3908 1717 3976 signitiCat
1756 3921 1849 3961 eos
1872 3908 1959 3977 qni
2001 3923 2062 3961 ex
2114 3908 2217 3963 lide

624 4012 730 4049 non
759 4007 919 4064 sunt,
972 4012 1074 4051 n0n
1105 4013 1225 4052 esse
1256 4000 1392 4053 lilios
1420 4000 1666 4054 Ain-aliae.
1710 4003 1784 4053 Ac
1836 4016 1926 4069 per
1954 4002 2052 4053 hoc
2074 4043 2088 4066 ,
2121 4002 2221 4055 nisi

623 4088 824 4143 Juda-is
852 4106 917 4143 co
948 4090 1103 4144 modo
1131 4092 1199 4145 sit
1229 4102 1378 4159 pater
1408 4093 1697 4159 Abraham,
1727 4095 1996 4163 quomodo
2027 4105 2107 4148 est
2135 4111 2221 4149 no-

624 4181 707 4235 bis
728 4223 741 4245 ,
779 4182 901 4251 quid
930 4183 1007 4235 eis
1035 4183 1269 4251 prodest,
1302 4184 1440 4252 quod
1472 4185 1537 4239 de
1559 4201 1718 4239 carne
1748 4187 1863 4255 ejus
1889 4190 2054 4239 exorti
2074 4196 2216 4252 sunt,

628 4282 684 4327 et
732 4288 923 4327 nomen
975 4273 1090 4328 sine
1126 4276 1319 4329 virtute
1353 4276 1365 4305 ¹
1403 4277 1888 4330 lenucrunt?Cmn
1933 4287 2107 4331 autem
2151 4278 2218 4331 ad

624 4363 897 4419 Christum
946 4374 1251 4430 transeunt,
1298 4375 1353 4421 ct
1384 4368 1640 4436 incipiunt
1684 4385 1802 4423 esse
1853 4384 1918 4423 ex
1972 4369 2073 4423 lidc
2128 4369 2219 4423 ﬁlii

625 4458 885 4519 Abralnc,
920 4467 1047 4513 tunc
1073 4470 1229 4513 erunt
1250 4459 1419 4514 Jtlduti
1447 4503 1460 4525 ,
1487 4476 1589 4516 non
1620 4463 1672 4515 in
1703 4461 1983 4515 manifesto
2002 4502 2017 4525 ,
2047 4460 2139 4516 sed
2167 4462 2217 4515 in

624 4550 958 4617 abscondito,
987 4553 1393 4607 circumcisione
1418 4554 1616 4617 cordis;
1644 4555 1854 4623 spiritu,
1889 4569 1990 4608 non
2020 4555 2216 4614 littera:

622 4660 847 4714 quorum
879 4646 993 4698 laus
1027 4663 1127 4700 non
1160 4648 1228 4700 sit
1251 4662 1314 4701 ex
1350 4647 1686 4711 hominibus,
1717 4647 1810 4702 scd
1847 4664 1909 4702 ex
1959 4648 2089 4702 Deo.
2136 4649 2218 4704 Ab

628 4736 727 4792 hac
751 4746 928 4792 autem
958 4738 1060 4793 lide
1084 4738 1321 4802 alienati,
1355 4739 1404 4792 in
1438 4740 1597 4793 ramis
1626 4740 1804 4793 fractis
1823 4739 2221 4807 deputabuntur

630 4843 697 4883 ex
732 4828 816 4882 illa
848 4830 961 4883 olca
996 4830 1046 4882 in
1077 4830 1229 4895 cujus
1260 4830 1491 4883 radicem
1526 4830 1665 4885 idrm
1686 4829 1811 4885 dicit
1844 4831 2218 4899 apostolusin—

625 4920 730 4974 seri
762 4920 1073 4986 oleastrum,
1107 4921 1155 4974 id
1188 4932 1271 4976 est
1292 4930 1477 4990 gentes
1511 4921 1687 4991 (Rom.
1722 4939 1808 4987 χι,
1843 4923 2052 4992 16-35);
2077 4924 2217 4994 quod

626 5013 808 5082 utique
838 5030 940 5067 non
973 5013 1028 5067 lit
1059 5031 1151 5083 per
1178 5030 1391 5069 carnem
1415 5055 1428 5075 ,
1464 5014 1555 5067 sed
1586 5030 1679 5081 per
1711 5015 1897 5080 Iidem;
1928 5031 2099 5087 neque
2126 5031 2220 5085 per

598 5102 855 5175 'chem,
907 5106 999 5159 sed
1049 5124 1141 5174 per
1178 5109 1436 5178 gratiam;
1474 5123 1571 5161 nec
1594 5124 1686 5175 per
1713 5109 1975 5173 litteram,
2008 5110 2100 5164 sed
2125 5126 2220 5180 per

624 5199 905 5269 spiritum;
955 5216 1125 5268 neque
1166 5202 1341 5255 carnis
1370 5201 1811 5268 circumcisione,
1865 5203 1957 5256 scd
2004 5204 2215 5269 cordis;

625 5306 725 5349 nec
748 5293 797 5345 in
828 5292 1140 5354 manifesto,
1168 5293 1260 5347 sed
1281 5294 1333 5347 in
1355 5293 1701 5356 abscondito;
1725 5308 1825 5349 nec
1848 5293 2001 5350 laude
2028 5311 2093 5349 ex
2124 5295 2219 5349 ho-

623 5385 855 5440 minilms
880 5427 895 5450 ,
941 5384 1035 5439 sed
1080 5400 1144 5439 ex
1177 5385 1281 5439 Deo
1317 5403 1328 5439 :
1362 5394 1419 5441 ut
1461 5386 1528 5439 sit
1557 5387 1925 5455 unusquisque
1961 5386 2220 5442 Christia-

624 5495 757 5545 nus,
787 5480 923 5533 sicut
951 5495 1054 5531 non
1085 5478 1315 5532 carnalis
1345 5478 1438 5533 sed
1470 5478 1759 5547 spiritualis
1787 5478 2015 5532 Abrahzc
2044 5479 2213 5543 ﬁlius;

624 5572 695 5627 ita
727 5587 833 5628 non
858 5572 1089 5627 carnalis
1131 5571 1224 5627 sed
1268 5570 1560 5640 spiritualis
1582 5571 1797 5628 Judmus
1816 5614 1830 5637 ,
1865 5587 1962 5627 nec
1987 5573 2218 5627 carnalis

626 5664 717 5717 scd
737 5664 1028 5733 spiritualis
1053 5664 1309 5718 Israelita.
1338 5662 1467 5718 Nam
1486 5674 1539 5718 et
1563 5662 1629 5718 dc
1644 5664 1742 5717 isto
1761 5664 1972 5718 nomine
1987 5664 2218 5734 sicApo-

625 5754 795 5807 stolus
825 5755 1057 5824 loquitur
1081 5773 1091 5807 :
1121 5754 1239 5808 Non
1260 5755 1393 5808 enim
1414 5772 1584 5809 omnes
1609 5758 1694 5826 qui
1716 5773 1776 5809 ea:
1801 5755 1983 5821 Israel,
2019 5757 2070 5809 hi
2097 5765 2215 5811 sunt

693 5863 711 5894 ³
745 5869 871 5915 L'nus
894 5877 923 5913 θ
940 5867 1084 5916 vatic.
1110 5873 1239 5924 Mss,
1260 5866 1471 5916 veritate.

1839 406 1895 460 S.
1935 397 2303 459 AUGUSTINI
2343 399 2640 456 EPISCUPI
3752 422 3832 481 396

2327 512 2493 570 Israel
2524 532 2543 571 :
2571 534 2729 585 neque
2773 522 2859 590 qui
2899 531 3016 575 sunt
3058 539 3225 577 semen
3253 526 3500 582 Abraham
3520 568 3534 593 ,
3562 546 3712 586 omnes
3733 533 3807 604 μω
3823 557 3838 604 ,-

2328 608 2417 661 sed
2442 608 2493 661 in
2520 606 2673 663 Isaac
2703 613 2958 666 vocabitur
2984 614 3071 667 tibi
3108 631 3277 669 semen
3302 632 3321 671 :
3343 619 3436 671 hoc
3460 624 3564 686 est,
3606 639 3695 678 non
3717 624 3748 679 ii
3776 632 3839 691 qui

2328 698 2425 767 ﬁlii
2450 701 2632 762 carnis,
2662 702 2715 755 hi
2734 704 2830 771 ﬁlii
2859 703 2969 763 Dei.
3002 706 3091 759 sed
3114 706 3210 775 ﬁlii
3237 711 3567 777 promissionis
3592 714 3839 786 deputantur

2328 796 2381 850 in
2404 814 2571 852 semen
2606 796 2719 869 (Id.
2756 816 2835 862 Ix,
2868 800 3025 873 6-8).
3072 801 3263 858 Nonne
3293 805 3544 861 mirabilia
3571 825 3733 881 magna
3749 826 3841 871 sunt

2330 889 2465 955 ista,
2501 892 2921 965 profundumque
2966 896 3315 965 mysterium,
3364 906 3419 953 ut
3448 899 3587 955 multi
3638 918 3693 959 ex
3722 904 3841 962 Israel

2330 983 2438 1035 nati
2464 1023 2479 1047 ,
2522 999 2625 1036 non
2657 985 2763 1038 sint
2790 984 2950 1040 Israel
2975 987 3015 1048 ⁸.
3045 993 3102 1040 et
3143 986 3294 1041 multi
3337 1004 3441 1044 non
3482 990 3592 1046 ‘sint
3620 991 3729 1061 lilii,
3752 1011 3840 1053 cum

2329 1076 2436 1129 sint
2459 1090 2641 1129 semen
2674 1076 2940 1131 Abrahae?
2964 1078 3245 1147 Quomodo
3270 1081 3408 1137 enim
3450 1099 3551 1137 non
3578 1096 3686 1140 sunt
3705 1127 3717 1149 ,
3741 1104 3841 1159 quo-

2332 1167 2489 1220 modo
2517 1183 2615 1221 nos
2629 1169 2649 1198 ’
2666 1182 2850 1223 sumus
2866 1169 2890 1222 ἲ
2907 1170 3006 1223 nisi
3024 1171 3145 1240 quia
3163 1188 3267 1226 non
3289 1184 3411 1227 sunt
3435 1175 3521 1229 ﬁlii
3547 1180 3843 1246 promissionis

2330 1257 2394 1311 ad
2422 1256 2619 1312 Christi
2649 1261 2870 1329 gratiam
2909 1264 3234 1331 pertinentes
3257 1305 3273 1329 ,
3325 1266 3421 1320 sed
3459 1267 3549 1321 lilii
3587 1271 3738 1326 carnis
3774 1290 3844 1326 uo-

2332 1364 2453 1403 meu
2487 1350 2641 1403 inane
2668 1354 2976 1421 gestantes?
3003 1354 3081 1408 Ac
3112 1371 3205 1423 per
3230 1356 3332 1411 hoc
3356 1373 3454 1413 nec
3481 1359 3549 1415 illi
3575 1373 3685 1416 sunt
3704 1360 3841 1432 Israel,

2330 1442 2467 1495 sicut
2488 1457 2669 1496 suumn
2693 1459 2790 1496 nos
2812 1460 2827 1507 ;
2857 1460 2954 1499 ncc
2981 1460 3078 1500 nos
3097 1460 3279 1502 sunms
3299 1448 3480 1510 Israel.
3504 1452 3629 1508 sicut
3653 1466 3754 1509 sunt
3773 1456 3842 1510 illi.

2330 1531 2439 1587 Nos
2473 1535 2613 1588 enim
2645 1550 2827 1589 sumus
2853 1537 3144 1593 secundum
3194 1540 3521 1609 Spiritualem
3552 1526 3841 1616 regeneratioo

2333 1640 2453 1679 nem
2474 1667 2488 1690 ,
2523 1627 2595 1680 illi
2621 1630 2910 1683 secundum
2938 1632 3209 1686 carnalem
3240 1636 3652 1703 generationem.

2404 1718 2489 1770 12.
2535 1716 2847 1774 Intuendum
2876 1730 2959 1775 est
2985 1721 3180 1791 quippe
3207 1738 3267 1779 ae
3293 1723 3701 1795 discernendum,
3725 1730 3843 1788 alium

2331 1821 2451 1861 esse
2475 1808 2629 1862 Israel
2661 1811 2749 1878 qui
2782 1821 2998 1880 propter
3024 1828 3239 1868 carnem
3268 1831 3465 1872 nomen
3494 1819 3699 1890 accepit,
3722 1823 3845 1879 alium

2332 1913 2462 1952 vero
2487 1900 2574 1969 qui
2608 1910 2823 1969 propter
2842 1903 3109 1972 spiritum,
3128 1921 3240 1959 rem
3261 1924 3383 1977 qua:
3404 1909 3495 1963 illo
3514 1914 3706 1967 nomine
3719 1912 3847 1983 signi-

2334 1990 2540 2051 ﬁcatur,
2574 1993 2820 2046 obtinuit.
2853 1994 3114 2064 Numquid
3136 1998 3277 2052 enim
3301 2015 3367 2053 ex
3400 2007 3535 2071 Agar
3552 2002 3717 2057 ancilla
3740 2004 3847 2060 Sara:

2334 2083 2440 2135 nati
2474 2094 2593 2136 sunt
2626 2083 2906 2138 l~raclita:?
2935 2102 3113 2143 nonne
3134 2087 3329 2143 lsmael
3359 2106 3424 2145 ex
3449 2092 3529 2145 illa
3553 2102 3690 2149 natus
3711 2105 3788 2158 est,
3810 2106 3847 2152 et

2333 2192 2436 2228 tum
2465 2173 2841 2241 Israelitarnm,
2872 2177 2967 2232 Sed
2999 2178 3386 2235 Ismaelitarum
3403 2191 3605 2253 gentem
3630 2201 3712 2239 suo
3728 2188 3847 2242 semi-

2334 2282 2400 2322 ne
2430 2267 2775 2336 propagmit?
2801 2268 2872 2323 De
2897 2268 3025 2324 Sara
3054 2286 3282 2341 namque
3302 2274 3448 2328 venit
3469 2274 3617 2329 Israel
3633 2276 3846 2345 pcrlsaac,

2333 2359 2419 2428 qui
2452 2375 2515 2412 ex
2566 2360 2914 2428 promissione
2948 2370 3101 2416 natus
3141 2372 3224 2418 est
3268 2364 3518 2421 Alzralne.
3557 2366 3734 2423 Tamen
3760 2384 3849 2423 cum

2333 2449 2624 2503 secuadum
2656 2451 2996 2521 propaginem
3025 2452 3200 2506 carnis
3221 2468 3281 2509 se
3314 2455 3383 2509 ita
3406 2471 3491 2510 res
3515 2455 3714 2521 habeat,
3738 2459 3849 2514 reni-

2334 2552 2421 2596 tur
2456 2543 2520 2595 ad
2545 2543 2867 2597 intellectum
2890 2544 3215 2615 spiritualem
3237 2587 3251 2608 ,
3279 2557 3337 2601 et
3362 2547 3678 2603 inveniuntur
3708 2549 3763 2604 ad
3782 2550 3850 2606 Sa-

2335 2652 2446 2690 ram
2471 2654 2574 2690 non
2605 2638 2869 2705 pertinuere
2893 2638 3133 2692 carnales
3164 2637 3442 2707 lsraelitzc,
3468 2642 3555 2713 qui
3580 2658 3639 2696 es
3670 2643 3741 2699 illa
3760 2656 3847 2697 car-

2335 2727 2416 2780 nis
2455 2726 2712 2797 origiucin
2761 2729 2991 2793 ducunt;
3040 2738 3095 2783 et
3138 2731 3411 2800 pertinere
3457 2733 3522 2787 ad
3574 2749 3678 2787 eam
3721 2734 3851 2803 potius
3940 2716 3941 2789 Ῐ

2334 2818 2639 2884 Christiani,
2672 2820 2759 2889 qui
2793 2838 2896 2873 non
2924 2821 3213 2876 secundum
3240 2823 3433 2880 lstnael
3459 2825 3544 2879 lilii
3565 2836 3675 2880 sunt
3696 2825 3845 2892 carnis,
3940 2826 3941 2835 “

2333 2909 2425 2964 sed
2471 2911 2760 2964 secundum
2805 2909 2950 2967 [suae
2990 2912 3079 2965 lilii
3125 2923 3248 2968 sunt
3292 2916 3666 2985 promissionis,
3691 2932 3774 2970 non
3804 2915 3849 2970 sd
3940 2964 3941 2975 ς

2334 3003 2496 3074 ip~ius
2523 3004 2667 3058 Isaac
2695 3005 2905 3058 carnale
2942 3020 3147 3069 semen,
3184 3006 3278 3061 sed
3314 3008 3379 3062 ad
3404 3008 3661 3076 Spirituale
3699 3014 3850 3080 myste-

2334 3097 2469 3151 rium
2509 3098 2852 3165 pertinentes.
2897 3098 2967 3152 Ita
3015 3098 3210 3168 quippe
3257 3099 3331 3154 ad
3382 3099 3589 3155 Galatas
3632 3100 3850 3169 Apostolus
3940 3140 3941 3169 1

2333 3188 2584 3258 loquitur,
2639 3187 2804 3241 Dicite
2831 3190 2980 3252 mihi,
3011 3188 3100 3243 sub
3142 3189 3274 3260 Lege
3306 3207 3415 3245 esse
3461 3192 3689 3257 volentes,
3716 3189 3849 3261 Legem
3940 3164 3941 3221 Ῑ

2332 3296 2431 3331 non
2459 3280 2711 3333 audistis?
2742 3279 3003 3346 Scriptura
3046 3272 3286 3333 est-enim
3330 3282 3465 3351 quod
3505 3281 3729 3336 Abraham
3757 3280 3850 3333 duos
3940 3298 3941 3301 ‘

2331 3373 2465 3441 ﬁlios
2486 3372 2677 3435 habuit,
2714 3388 2870 3425 unum
2898 3372 2961 3426 de
2988 3372 3195 3436 ancilla,
3228 3382 3273 3426 et
3317 3391 3476 3428 unum
3507 3374 3567 3428 de
3599 3375 3745 3429 libera.
3770 3372 3845 3427 Sed

2330 3464 2417 3517 ille
2435 3465 2633 3534 quidem
2663 3464 2749 3533 qui
2783 3464 2846 3516 de
2864 3464 3075 3527 ancilla,
3105 3465 3387 3518 secundum
3413 3483 3604 3520 carnem
3629 3477 3751 3520 natus
3767 3473 3848 3518 est:

2330 3557 2414 3625 qui
2442 3566 2604 3607 autem
2634 3555 2695 3608 de
2727 3555 2902 3619 libera,
2933 3573 3023 3626 per
3057 3558 3501 3623 repromissionem
3518 3574 3538 3622 ;
3570 3571 3670 3626 qua
3694 3563 3784 3609 sunt
3810 3552 3846 3604 in

2329 3647 2591 3717 allegoria.
2632 3646 2755 3701 Hac
2789 3648 2920 3701 enim
2946 3658 3059 3701 sunt
3092 3648 3195 3701 duo
3223 3646 3560 3703 Testamenta.
3593 3646 3738 3703 Unum
3764 3647 3847 3715 qli-

2328 3739 2441 3793 dem
2478 3756 2510 3791 a
2538 3750 2703 3792 monte
2746 3740 2896 3806 Sina,
2926 3740 2977 3792 in
3016 3740 3307 3794 serritutem
3356 3757 3612 3812 generalis,
3658 3738 3767 3808 quod
3796 3742 3848 3790 est

2329 3834 2467 3903 Agar
2496 3848 2513 3886 :
2542 3832 2672 3887 Sina
2711 3832 2842 3885 enim
2875 3849 3017 3886 mons
3047 3844 3118 3887 est
3155 3832 3208 3885 in
3235 3832 3465 3899 Arabia,
3504 3833 3587 3904 qui
3616 3833 3847 3899 conjuncta

2327 3938 2400 3980 est
2426 3927 2541 3979 huic
2565 3942 2678 3996 qua:
2701 3943 2833 3979 nunc
2853 3937 2924 3979 est
2942 3924 3248 3994 Jerusalem,
3275 3938 3328 3981 et
3351 3928 3500 3982 seruit
3518 3943 3625 3981 cum
3641 3925 3743 3994 ﬁliis
3753 3922 3844 3977 suis.

2330 4019 2457 4085 Quae
2483 4029 2648 4072 autem
2686 4036 2887 4073 sursum
2917 4030 2988 4073 est
3034 4017 3327 4075 Jerusalem
3345 4062 3361 4087 ,
3393 4021 3546 4075 libera
3571 4029 3668 4083 est;
3689 4021 3847 4088 quat

2327 4121 2487 4164 mater
2521 4120 2713 4167 nostra.
2746 4111 3001 4181 Scriptum
3034 4121 3107 4165 est
3133 4112 3303 4176 enim,
3337 4111 3535 4167 Lmtare
3557 4109 3743 4169 sterilis.
3766 4117 3847 4175 φα

2326 4223 2427 4259 non
2458 4208 2617 4273 paris,
2640 4222 2843 4274 erumpe
2869 4215 2914 4258 et
2939 4206 3198 4269 exclama,
3228 4221 3345 4273 qua!
3372 4222 3473 4259 non
3500 4202 3730 4275 parturis;
3759 4196 3845 4268 φάε

2326 4298 2471 4351 multi
2501 4298 2595 4365 ﬁlii
2619 4298 2827 4351 deserta:
2845 4338 2861 4358 ,
2888 4296 3050 4365 magis
3075 4312 3228 4366 quam
3251 4297 3364 4365 ejus
3400 4311 3513 4365 quia
3539 4294 3671 4348 habet
3707 4290 3841 4343 cirum.

2328 4388 2441 4444 Nos
2466 4399 2655 4453 autem,
2692 4389 2895 4456 fratres,
2942 4386 3215 4440 secundum
3252 4384 3406 4440 Isaac
3442 4380 3749 4456 promissionis
3774 4374 3843 4446 ﬁlii

2325 4498 2520 4535 sumus.
2563 4480 2667 4535 Sed
2712 4480 2839 4533 sicut
2878 4490 3015 4543 tunc,
3062 4480 3148 4549 qui
3193 4478 3472 4533 secundum
3521 4488 3704 4529 carnem
3734 4476 3841 4522 natat

2326 4578 2526 4646 fuerat,
2565 4571 2950 4643 persequebatur
2986 4573 3211 4642 eumqui
3246 4570 3522 4626 secundum
3548 4558 3841 4639 spirituum

2325 4680 2373 4726 et
2395 4687 2544 4724 nunc.
2576 4669 2682 4724 Sed
2706 4668 2828 4738 quid
2853 4668 2975 4721 dicit
3002 4666 3269 4737 Scriptura
3285 4666 3312 4720 .’
3335 4664 3479 4735 Ejice
3499 4660 3715 4717 ancillam
3734 4663 3770 4708 et
3790 4650 3838 4719 ﬁ-

2326 4763 2451 4817 lium
2478 4763 2626 4833 ejus;
2655 4778 2755 4815 non
2792 4760 2927 4815 enim
2954 4762 3114 4815 haeres
3151 4759 3243 4812 erit
3272 4758 3411 4827 ﬁlius
3429 4756 3621 4811 ancilla:
3646 4765 3741 4806 cum
3759 4744 3838 4815 ﬂio

2325 4855 2511 4909 liberte.
2547 4853 2658 4908 Nos
2678 4864 2868 4918 autem,
2897 4857 3099 4925 fratres,
3131 4867 3233 4905 non
3256 4867 3431 4905 sumas
3454 4848 3643 4903 ancilla:
3665 4839 3758 4913 ﬁlii.
3773 4833 3839 4892 sd

2326 4947 2527 5009 liberte;
2554 4962 2653 5017 qua
2680 4946 2904 5000 libertate
2945 4943 3182 5000 Christus
3218 4958 3310 4996 nos
3338 4940 3561 4996 liberauit
3588 4934 3835 5009 (σαιαων,

2322 5038 2537 5108 21.51).

2397 5133 2482 5186 15.
2525 5132 2663 5186 Ecce
2704 5129 2994 5185 secundum
3039 5128 3191 5183 istam
3226 5123 3549 5196 spiritualem
3579 5129 3717 5187 atque
3736 5121 3833 5181 ενοι

2323 5225 2562 5281 stolicam
2592 5221 2989 5293 intelligentiam
3021 5235 3121 5275 nos
3144 5219 3315 5289 potius
3335 5214 3649 5289 pertinemus
3664 5204 3719 5261 ad
3735 5200 3836 5256 libe-

2324 5332 2436 5371 ram
2461 5314 2671 5378 Suram,
2713 5313 2801 5383 qui
2840 5328 2905 5367 ex
2952 5311 3039 5366 illa
3093 5310 3290 5365 nullam
3330 5306 3504 5363 carnis
3553 5301 3831 5373 Ρῑοβειῧωθω

2323 5408 2579 5462 trahimus
2614 5424 2628 5458 :
2655 5404 2821 5460 Iudici
2842 5413 3041 5469 autem,
3068 5402 3157 5472 qui
3182 5417 3246 5455 ex
3264 5399 3349 5453 illa
3366 5397 3537 5453 carnis
3552 5392 3831 5464 propaginem

2326 5499 2559 5563 trahunt,
2587 5497 2653 5551 ad
2681 5497 2820 5566 Agar
2848 5497 3020 5565 potius
3043 5494 3280 5549 ancillam
3303 5489 3564 5561 pertinere
3588 5483 3832 5539 monstran-

2325 5605 2428 5661 tur,
2459 5593 2526 5647 de
2553 5605 2655 5660 qua
2681 5589 2859 5643 carnis
2888 5586 3311 5657 propagationem
3334 5597 3436 5637 non
3464 5577 3678 5633 trahunt.
3699 5568 3745 5622 In
3759 5576 3831 5661 ne?

2323 5656 2537 5757 potibus
2564 5656 2722 5736 etiam
2750 5656 2974 5735 Αιιςθὶιω
2992 5656 3245 5742 etSartc,
3296 5673 3348 5728 id
3376 5681 3453 5728 est
3495 5667 3607 5723 liliis
3642 5661 3761 5717 Isaac
3790 5656 3833 5706 ει

2387 5803 2403 5833 ι
2437 5800 2509 5847 sic
2530 5804 2636 5846 Mss.
2663 5802 2718 5845 At
2738 5794 2848 5843 Edd.
2874 5792 3074 5851 habent,
3091 5803 3156 5841 ea:
3181 5785 3327 5840 Israel
3347 5798 3439 5836 non
3461 5781 3584 5841 ηαιεῖ

2386 5865 2405 5895 ³
2438 5833 3074 5919 Et?‘§ii’ixl":“o£55i633
3082 5833 3445 5908 En'aiz'iuia‘siihi,
3466 5833 3677 5911 quatide
3689 5833 3791 5886 *δ’*
