3990 6378
142 352 233 410 397
1285 350 1760 425 EPISTOLARUM
1801 351 2071 413 CLASSlS
2109 358 2196 414 lli.

142 469 386 524 Hallecem,
415 463 517 516 illis
545 463 768 534 geminis
799 459 941 518 Esau
965 474 1018 517 et
1038 455 1223 527 Jacoh,
1257 467 1340 533 qui
1371 477 1551 534 postea
1597 481 1690 518 vo-

139 571 268 616 cans
289 565 364 610 cst
393 553 570 615 Israel,
612 553 716 608 hoc
753 556 922 622 ipsum
971 570 1218 626 magnum
1268 565 1324 611 et
1373 555 1692 626 profundum

141 649 416 723 ιιι]‹ιιει·ἰιιιιι
449 647 732 716 reperitur.
764 645 838 702 De
855 660 960 716 quo
989 646 1125 701 idem
1145 649 1418 716 apostolus
1448 649 1688 718 loquens,

139 762 239 798 cum
264 758 344 812 per
368 740 512 795 Isaac
551 739 917 808 promissionis
948 740 1084 795 lilios
1122 750 1593 796 conunemorasset
1623 741 1690 795 ad

137 834 304 890 tlln-isti
327 833 544 898 gratiam
575 832 898 900 pertinentes
929 848 943 885 :
973 829 1091 886 Non
1109 832 1274 886 solum
1291 842 1479 898 autem,
1499 833 1686 902 inquit.

135 926 210 982 sed
230 935 270 978 et
292 923 502 977 Rebecca
534 939 596 976 ea:
634 938 736 976 uno
781 922 1050 976 concubitu
1082 923 1289 981 habens.
1337 922 1486 978 Isaac
1530 925 1689 994 putris

136 1018 285 1072 nostri.
311 1014 547 1070 Nondum
580 1015 715 1070 enim
737 1016 890 1082 uatis,
921 1031 1012 1070 nec
1037 1017 1123 1087 qui
1142 1018 1332 1087 egerint
1351 1017 1547 1083 aliquid
1574 1017 1687 1072 boni

134 1119 206 1163 aut
231 1109 352 1171 mali,
384 1116 436 1160 ut
455 1107 730 1162 secundum
760 1107 1046 1161 electionem
1065 1109 1377 1178 propositum
1395 1107 1488 1162 Dei
1509 1125 1683 1163 nione-

133 1214 209 1268 ret,
234 1218 319 1254 non
337 1216 400 1254 ex
424 1200 680 1270 operibus,
707 1199 796 1254 sed
821 1216 884 1254 ex
907 1210 1112 1254 vocante
1140 1201 1329 1255 dictum
1353 1211 1425 1256 est
1453 1202 1517 1264 ei,
1553 1201 1685 1268 Quia

133 1294 269 1364 major
288 1292 457 1346 serviet
481 1291 666 1344 minori
689 1308 706 1354 ;
741 1292 870 1346 sicut
895 1292 1138 1363 scriptum
1166 1301 1267 1351 est,
1304 1291 1466 1347 Iacob
1493 1293 1680 1359 dilexi,

133 1383 246 1438 Esau
265 1393 419 1435 autem
452 1381 569 1434 odio
605 1370 760 1434 habui
799 1379 975 1452 (Rom.
1009 1396 1095 1446 Ix,
1130 1383 1248 1436 lU-l
1262 1382 1335 1453 5).
1373 1383 1496 1435 ll:e.c
1537 1393 1683 1437 certe

130 1474 330 1528 doctrina
355 1472 646 1542 apostolica
679 1480 838 1541 atque
858 1471 1119 1526 catholica
1149 1473 1279 1526 satis
1308 1473 1584 1527 evidenter
1604 1473 1685 1527 in-

128 1567 246 1622 dicat
270 1566 442 1631 nobis,
464 1563 758 1620 secundum
789 1564 1048 1634 originem
1076 1563 1253 1619 carnis
1281 1564 1345 1618 ad
1369 1563 1555 1620 Saram
1590 1565 1684 1620 Ju-

127 1660 278 1721 dum,
324 1657 372 1711 id
393 1665 478 1712 est.
509 1655 801 1717 Israelitas;
831 1655 895 1708 ad
925 1661 1066 1725 Agar
1087 1670 1214 1709 vero
1242 1655 1533 1710 Ismaclitas
1563 1671 1682 1725 pcr-

130 1751 268 1806 linere
309 1766 321 1802 :
371 1747 666 1804 secundum
721 1755 898 1801 autem
950 1747 1260 1817 mysterium
1316 1747 1564 1816 Spiritus,
1611 1746 1676 1802 ad

125 1842 278 1896 Sorani
299 1839 645 1904 tlhristianos,
675 1837 740 1892 ad
764 1841 904 1908 Agar
936 1837 1172 1891 .ludzeos.
1217 1836 1346 1890 Item
1383 1837 1676 1892 SCCIIDIIUID

127 1933 348 2003 originem
369 1932 547 1988 carnis
572 1932 637 1984 ad
667 1930 828 1997 Esau,
857 1932 945 2001 qui
968 1931 1140 1985 dictus
1166 1939 1248 1985 est
1282 1931 1440 1986 etiam
1489 1932 1675 1995 Edoni,

126 2037 303 2095 gentem
334 2022 722 2086 ldumaeornm;
755 2022 819 2076 ad
846 2021 1013 2076 .Iacob
1039 2031 1211 2076 autem
1231 2063 1244 2084 ,
1275 2022 1364 2090 qui
1393 2021 1564 2075 dictus
1598 2031 1680 2076 est

125 2120 254 2172 etiam
291 2116 488 2181 Israel,
534 2123 746 2186 gentem
795 2113 1099 2169 Jud:eorum
1132 2131 1143 2166 :
1176 2128 1337 2183 porro
1384 2113 1676 2168 secundum

125 2210 401 2281 mysterium
431 2209 671 2278 Spiritm,
694 2206 758 2260 ad
786 2205 926 2260 Esau
954 2205 1166 2261 Judzcos
1187 2249 1201 2269 ,
1231 2206 1297 2260 ad
1321 2205 1479 2260 Israel
1513 2208 1677 2275 perti-

125 2301 586 2358 uereChristianos.
616 2297 688 2354 Ita
725 2299 920 2369 quippe
958 2299 1208 2367 impletur
1249 2298 1388 2369 quod
1419 2299 1676 2369 scriptum

125 2405 204 2461 est,
233 2394 401 2466 Major
423 2393 600 2446 serviet
627 2392 838 2456 minori,
864 2390 913 2444 id
943 2399 1046 2454 est,
1077 2391 1220 2458 prior
1261 2401 1414 2444 natus
1455 2391 1678 2462 populus

125 2488 398 2543 Ιηιιςυηηιιη
455 2484 738 2555 posteriori
804 2492 930 2539 nato
987 2485 1182 2552 popmo
1232 2482 1675 2538 Christianorum.

126 2580 235 2634 Ecce
258 2575 705 2649 quemadmodum
745 2590 934 2629 sumus
962 2575 1120 2628 Israel
1150 2574 1433 2644 adoptione
1463 2575 1638 2628 divina
1659 2617 1674 2641 ,

123 2685 207 2724 non
228 2669 452 2723 htunana
483 2666 801 2736 cognatione
828 2665 1145 2736 gloriantes;
1165 2679 1263 2719 nec
1290 2664 1343 2718 in
1375 2666 1675 2731 manifesto,

121 2762 194 2816 sed
219 2762 265 2815 in
295 2759 546 2824 occulto;
583 2772 684 2812 nec
720 2757 893 2812 littera
916 2798 931 2823 ,
959 2755 1054 2812 sed
1085 2756 1310 2826 Spiritu;
1345 2771 1442 2811 nec
1478 2757 1676 2823 carnis,

119 2850 380 2911 ωιιοηνάίε
405 2848 810 2905 circumcisione
843 2847 1034 2902 .lndtci.

175 2942 392 2998 CAPUT
429 2939 520 2996 ιγ.
559 2969 633 2982 -
673 2940 757 2994 14.
797 2939 926 3007 Qua:
951 2954 1074 2993 cum
1104 2939 1173 2993 ita
1197 2953 1254 2993 se
1281 2937 1541 3005 habeant,
1569 2954 1679 2994 non

20 3015 28 3076 ἷ
119 3040 267 3090 uitreo
289 3035 551 3089 debemus
572 3031 1014 3088 consuetudinem
1041 3033 1306 3085 sermonis
1347 3031 1562 3086 humani
1600 3033 1681 3086 in—

21 3131 28 3182 '.
119 3139 215 3195 cpe:
242 3126 564 3196 Imperi-itote
604 3123 952 3187 confundere,
983 3133 1036 3177 et
1063 3123 1113 3175 in
1144 3122 1680 3178 rebusdiscerncndis

19 3221 30 3287 τι
120 3214 429 3287 frequentata
459 3215 716 3270 tim-ahala
745 3215 1050 3282 perturbata
1081 3214 1463 3283 signiﬁcatione
1491 3214 1680 3269 misce-

5 4305 16 4394 ξ

118 3318 254 3371 re,ut
278 3322 376 3362 eos
403 3307 494 3376 qni
535 3305 822 3360 Christiani
860 3314 984 3358 sunt
1025 3314 1078 3357 et
1116 3303 1472 3374 appellata-te
1511 3304 1677 3359 usita-

119 3399 290 3453 tissima
318 3397 604 3452 Christiani
645 3404 936 3460 vocantur,
984 3397 1236 3450 inusitato
1277 3397 1537 3451 vocabulo
1578 3398 1679 3452 ali-

116 3492 211 3558 quis
246 3491 464 3546 aﬂ'cctet
523 3490 791 3560 appellare
834 3488 1082 3550 Judzeos;
1135 3488 1215 3543 vel
1265 3503 1385 3542 cum
1446 3491 1513 3542 sit
1565 3489 1680 3558 ipse

89 3585 418 3652 'roeeturque
457 3580 809 3645 Christianus,
839 3579 1089 3634 Israelita:
1127 3581 1299 3649 potius
1343 3581 1556 3634 nomine
1585 3580 1681 3638 de-

117 3673 314 3729 lectetur
330 3690 346 3740 ;
364 3673 577 3744 etquod
596 3673 648 3727 in
667 3673 920 3743 mysterio
937 3672 1097 3726 debet
1114 3687 1325 3737 semper
1345 3673 1644 3742 intelligere
1659 3715 1674 3739 ,

120 3770 298 3836 parcius
323 3778 502 3822 autem
531 3783 622 3821 ore
645 3766 902 3837 proferre,
930 3765 1030 3820 hoc
1053 3766 1103 3819 in
1129 3765 1434 3835 quotidiana
1457 3767 1676 3836 loquen-

119 3859 158 3913 tli
178 3858 560 3915 consuetudine
581 3860 749 3928 magis
772 3857 928 3926 eligat
963 3857 1300 3925 frequentare
1328 3858 1504 3926 inepta
1536 3859 1679 3913 inso-

117 3952 270 4017 lentia,
299 3959 352 4007 ct
372 3992 387 4013 ,
420 3952 463 4004 si
491 3950 594 4004 dici
623 3957 816 4020 potest,
863 3948 1102 4018 imperita
1137 3949 1380 4002 scientia.
1413 3947 1677 4018 Numquid

117 4045 231 4098 enim
262 4043 528 4114 Apostoli,
553 4057 646 4111 per
668 4056 803 4111 qutos
819 4057 881 4094 ea
903 4039 1202 4100 didicimus,
1227 4039 1324 4092 ista
1349 4040 1672 4103 nesciebant,

116 4138 360 4204 quomodo
391 4151 486 4190 nos
509 4135 692 4208 potius
717 4134 886 4188 simus
914 4147 1098 4186 semen
1131 4131 1356 4185 Abrahae
1383 4130 1674 4185 secundum

120 4225 239 4283 Isaac
279 4226 648 4296 promissionis
697 4223 973 4288 ha'redes;
1005 4230 1060 4277 et
1103 4221 1271 4278 Juda-i
1311 4221 1520 4290 Spiritu,
1570 4237 1674 4275 non

116 4317 294 4383 littera;
345 4318 526 4374 cordis
568 4315 994 4376 circumcisione,
1049 4328 1153 4367 non
1211 4313 1428 4377 carnis;
1478 4320 1532 4366 ct
1570 4327 1673 4366 non

116 4413 379 4467 seettnlnm
430 4425 646 4464 carnem
696 4405 886 4467 Israel.
919 4404 1012 4460 scd
1061 4403 1222 4460 laracl
1266 4403 1398 4458 Dei?
1427 4403 1677 4458 Sciebant

116 4507 270 4574 utique
291 4506 389 4558 ista
419 4501 585 4556 multo
615 4499 906 4568 snpientius
938 4497 1242 4567 certiusque
1271 4514 1428 4568 quam
1471 4513 1594 4561 nos;
1622 4506 1678 4552 et

115 4601 266 4650 tamen
299 4598 351 4649 in
392 4593 639 4664 loquendi
669 4588 1054 4645 consuetudine
1081 4588 1292 4642 Judaeos
1322 4600 1373 4642 et
1408 4588 1676 4643 lsraclitas

114 4703 193 4741 eos
225 4686 602 4758 appellabant,
642 4684 730 4754 qui
777 4681 1070 4739 Secundum
1127 4696 1340 4734 carnem
1380 4681 1448 4734 de
1507 4681 1675 4734 Abra-

116 4775 184 4832 h:c
203 4779 365 4850 stirpe
398 4777 692 4842 venientes,
747 4773 816 4828 ab
857 4771 1106 4827 omnibus
1155 4771 1524 4826 vocitabantur
1574 4770 1678 4827 hoc

116 4888 324 4929 IllllllIIItP.

179 4964 254 5019 l5.
294 4963 467 5018 Iudici
504 4963 649 5034 signa
695 4969 888 5031 petunt,
934 4959 1008 5012 ait
1052 4958 1326 5030 apostolus
1376 4957 1590 5022 Paulus,
1629 4967 1676 5012 et

117 5051 258 5110 Croci
315 5056 614 5124 sapientiam
662 5062 893 5123 qua'ruut
939 5067 958 5105 :
994 5067 1085 5104 nos
1129 5059 1296 5103 autem
1343 5050 1676 5120 pra'dicamus

116 5141 342 5200 Christum
368 5145 689 5215 cruciﬁaum,
712 5141 908 5195 ludatis
945 5140 1146 5211 quidem
1184 5141 1499 5204 scandalum,
1539 5140 1675 5195 Gen-

116 5235 226 5288 tibus
257 5247 421 5291 autem
457 5235 764 5296 stultitiam;
792 5232 916 5301 ipsis
948 5241 1114 5284 autent
1164 5234 1350 5286 roratis
1390 5232 1588 5286 Judtcis
1631 5244 1678 5288 et

118 5323 307 5390 Grauis,
350 5326 608 5383 Christum
644 5323 737 5379 Dei
789 5322 1065 5383 Virtutem,
1097 5332 1142 5376 et
1171 5323 1263 5377 Dei
1297 5324 1612 5393 Sapientiam
1635 5325 1678 5396 (l

117 5413 218 5467 Cor.
242 5433 312 5474 xi,
341 5417 552 5489 εἰσ-24).
594 5418 738 5483 Quos
770 5415 902 5470 dixit
940 5415 1176 5481 Cra-eos,
1222 5414 1318 5470 hos
1351 5419 1508 5470 etiam
1537 5417 1679 5471 Gen-

119 5508 232 5562 tium
256 5514 464 5566 omnino
488 5511 825 5582 sigmticavit,
857 5525 923 5563 eo
941 5509 1082 5578 quod
1118 5511 1229 5564 lucc
1255 5510 1428 5578 lingua
1453 5512 1680 5568 maxime

119 5600 310 5654 excellit
348 5603 397 5654 in
437 5601 734 5658 Gentibus:
771 5601 986 5655 Juda-os
1028 5611 1204 5654 tamen
1257 5600 1400 5669 ipsos
1452 5603 1675 5667 γοιτςινίι,

121 5706 236 5757 quos
256 5709 438 5748 attines
464 5693 564 5746 hoc
596 5690 808 5746 nomine
837 5690 1124 5762 appellant.
1155 5691 1284 5746 Nam
1318 5693 1360 5744 si
1390 5691 1678 5747 Christiani

119 5778 208 5851 ipsi
233 5783 555 5850 laudaturi,
582 5784 900 5839 Christianis
927 5791 1009 5838 est
1031 5798 1160 5854 ergo
1182 5782 1487 5838 scandalum
1523 5783 1678 5842 Chri-

3274 376 3382 433 898

1804 478 1916 521 stus
1961 474 2262 541 cruciﬁxus,
2312 478 2377 532 de
2418 497 2524 549 quo
2566 480 2762 538 dictum
2789 496 2870 540 cst
2900 504 2911 540 :
2944 485 3138 543 Judrcis
3181 492 3379 562 quidem

1800 561 2115 617 scandalum.
2147 566 2276 632 Quis
2320 569 2416 625 hoc
2448 573 2545 628 nisi
2590 576 2952 633 insanissimus
3001 583 3223 634 sentiat?
3252 584 3379 638 item

1799 653 1951 708 dicit:
1975 657 2383 725 Siueo/fensione
2403 675 2555 721 estote
2567 667 2764 723 Judwis
2784 682 2830 725 et
2858 671 3044 728 Grauis
3070 686 3114 727 ct
3139 675 3378 732 Ecclesia:

1797 744 1894 799 Dei
1950 747 2059 816 (Id.
2116 769 2180 816 κ,
2230 753 2337 821 '59.).
2372 757 2649 823 Quomodo
2690 762 2787 816 ista
2833 765 3198 834 distingueret,
3249 770 3291 821 si
3329 781 3384 824 ct

1798 836 2089 895 Ecclesium
2140 844 2228 897 Dei
2267 845 2319 899 in
2360 851 2660 917 quotidiana
2709 853 2951 924 loquendi
2996 859 3382 914 consuetudine

1795 927 2008 984 Jud:eos
2035 935 2304 1002 appellare
2342 938 2600 995 deberet?
2629 942 2752 996 ltum
2793 945 2865 999 ait
2895 964 2908 999 :
2943 947 3079 1010 Quos
3109 959 3154 1002 rt
3194 953 3382 1004 rocarit

1795 1037 1906 1085 nos,
1940 1039 2038 1078 nou
2060 1027 2222 1080 solum
2247 1044 2308 1082 ex
2327 1027 2545 1091 Judwis.
2570 1033 2658 1086 sed
2679 1035 2828 1088 etiam
2854 1054 2915 1090 ex
2943 1037 3204 1092 Gentibus.
3229 1044 3376 1108 Quo-

1795 1111 1953 1164 modo
1974 1117 2176 1169 vocavit
2202 1133 2267 1170 ex
2297 1117 2516 1184 JlltlZL'lS,
2549 1123 2591 1178 si
2619 1125 2790 1192 potius
2827 1144 2892 1180 ex
2924 1144 3026 1182 non
3065 1129 3261 1184 Juda-is
3290 1149 3384 1184 vo-

1791 1204 1968 1269 cavit,
2004 1215 2059 1260 ttt
2084 1217 2264 1262 essent
2292 1210 2503 1266 Jud:ei?
2532 1213 2657 1267 Item
2692 1216 2758 1269 de
2789 1218 3072 1275 Israelitis:
3105 1221 3241 1288 Quid
3262 1242 3380 1296 ergo

1791 1289 2013 1348 dicemus
2043 1297 2068 1349 Σ)
2101 1297 2269 1367 inquit
2310 1316 2322 1351 :
2370 1301 2499 1366 Quia
2547 1315 2715 1375 gentes
2762 1325 2875 1379 qua:
2922 1327 3022 1364 non
3065 1314 3380 1370 sectabantur

1781 1385 2053 1453 justitiam.
2104 1394 2545 1459 apprehenderunt
2593 1399 2878 1469 justitiam;
2916 1404 3162 1472 justitiam
3211 1419 3377 1462 autem

1788 1490 1903 1544 qum
1926 1493 1988 1530 ex
2013 1479 2113 1545 ﬁde
2135 1491 2226 1534 est.
2256 1481 2422 1538 Israel
2442 1497 2607 1540 autem
2631 1507 2928 1560 persequens
2957 1494 3112 1564 legem
3125 1498 3372 1566 justitia,

1788 1565 1840 1617 in
1866 1566 2022 1636 legem
2044 1571 2258 1640 justitia:
2276 1590 2374 1627 non
2403 1578 2641 1643 pervenit.
2671 1579 2839 1644 Quare
2857 1583 2884 1636 Σ)
2903 1583 3034 1646 Quia
3053 1603 3150 1639 non
3169 1604 3230 1640 ea:
3251 1589 3373 1656 ﬁde,

1788 1663 1876 1709 sed
1921 1660 2065 1727 quasi
2113 1678 2176 1715 ea:
2221 1665 2452 1732 operibus
2493 1683 2511 1719 :
2537 1666 2856 1733 o/fcnderant
2892 1676 3023 1726 enim
3062 1677 3111 1728 in
3158 1679 3378 1748 lapidem

1788 1746 2078 1814 o/fensiouis
2108 1751 2281 1824 (Rom.
2313 1772 2362 1809 lx
2385 1797 2399 1822 ,
2428 1757 2518 1823 2i,
2551 1761 2750 1823 50-52).
2782 1763 2908 1818 ltem
2942 1783 2954 1817 ε
2986 1767 3063 1819 Ad
3089 1746 3250 1822 Israel
3277 1787 3377 1824 au-

1788 1848 1884 1892 tent
1910 1842 2030 1910 quid
2049 1842 2169 1895 dicit
2194 1847 2219 1896 ?
2238 1844 2366 1900 Tota
2409 1849 2490 1902 die
2518 1853 2717 1905 extendi
2751 1871 2929 1911 manus
2963 1875 3097 1911 meas
3121 1860 3188 1913 ad
3214 1878 3378 1931 popu-

1789 1930 1892 1982 lum
1918 1948 2017 1984 non
2057 1935 2337 1989 credentem
2381 1948 2427 1990 et
2476 1943 2896 1998 contradicentem
2929 1946 3038 2017 (Id.
3084 1966 3135 2011 Χ.
3161 1930 3372 2022 2|).7Et

1787 2031 2000 2078 secutus
2040 2026 2279 2098 adjuugit
2312 2047 2324 2081 τ
2360 2029 2485 2084 Dico
2509 2051 2626 2104 ergo
2649 2077 2662 2097 ,
2715 2037 2974 2108 Numquid
3011 2046 3193 2114 repulit
3237 2046 3376 2102 Deus

1787 2116 1976 2184 plebem
1998 2135 2137 2171 suam
2159 2122 2185 2174 .9
2206 2123 2360 2177 Absit.
2395 2123 2535 2179 Nam
2566 2138 2610 2180 et
2637 2146 2726 2198 ego
2764 2129 2998 2186 Israelita
3028 2152 3160 2202 stun,
3201 2155 3264 2191 ex.
3294 2157 3347 2194 se
3372 2171 3377 2183 -

1787 2208 1920 2260 mine
1943 2207 2158 2263 Abrahtc
2183 2211 2245 2265 de
2273 2215 2402 2266 tribu
2433 2215 2716 2286 lleujamiu.
2751 2220 2867 2274 Non
2889 2227 3070 2293 repulit
3103 2225 3237 2282 Deus
3267 2229 3375 2299 ple-

1787 2298 1894 2351 bem
1933 2316 2077 2353 suout
2100 2343 2114 2365 ,
2152 2318 2300 2371 quam
2337 2309 2583 2375 prtescivit
2614 2308 2720 2378 (Id.
2758 2329 2826 2375 XI,
2871 2315 2920 2372 l,
2944 2315 2978 2368 2
3005 2316 3046 2385 ).
3092 2298 3371 2386 Quomodo

1788 2389 1874 2444 hie
1899 2393 2181 2461 appellavit
2208 2396 2492 2465 Apostolus
2524 2400 2684 2454 Israel
2717 2419 2819 2457 non
2846 2407 3150 2464 credentem
3178 2421 3230 2465 et
3255 2427 3376 2466 cou-

1789 2483 2161 2548 tradieentem,
2193 2488 2235 2539 si
2259 2487 2545 2544 Christiani
2575 2504 2690 2546 sunt
2715 2492 2897 2559 Israel,
2923 2499 3001 2553 vel
3027 2503 3292 2570 quomodo
3317 2518 3375 2560 se

1787 2573 2078 2640 appellavit
2109 2575 2443 2632 lsraelitam?
2484 2580 2745 2652 Numquid
2770 2602 2834 2639 ex
2860 2602 2925 2640 eo
2951 2591 3088 2656 quod
3119 2590 3376 2648 Christia-

1789 2676 1888 2715 nus
1913 2662 2080 2718 factas
2105 2666 2257 2720 erat?
2298 2667 2411 2722 Non
2440 2671 2655 2741 utique;
2689 2675 2782 2728 sed
2813 2692 2877 2731 ex
2913 2695 2978 2734 eo
2999 2681 3138 2748 quod
3180 2697 3374 2737 secun-

1787 2752 1912 2806 dum
1948 2769 2163 2809 carnem
2198 2756 2368 2813 fuerat
2407 2774 2474 2814 ex
2531 2764 2737 2817 semine
2781 2765 3068 2834 Abraham,
3125 2771 3192 2825 de
3235 2775 3372 2828 tribu

1788 2841 2096 2910 Beniamin;
2125 2847 2263 2915 quod
2301 2865 2402 2904 non
2440 2866 2621 2905 sumus
2663 2869 2758 2908 nos
2793 2859 3084 2913 secundum
3123 2877 3369 2929 carnem,

1787 2935 2029 3002 quamvis
2057 2937 2348 2993 secundum
2389 2941 2543 2995 iidem
2585 2943 2755 2998 siu'ius
2790 2962 2970 3002 semen
3006 2951 3263 3019 Abralue,
3312 2971 3373 3008 ac

1787 3038 1885 3092 per
1916 3023 2016 3079 hoc
2042 3035 2095 3079 et
2123 3027 2302 3082 Israel.
2333 3029 2437 3085 Sed
2476 3033 2615 3086 aliud
2643 3044 2724 3089 est
2749 3039 2886 3106 quod
2913 3045 3149 3110 agnoscit
3168 3045 3373 3100 altioris

1790 3115 2134 3185 intelligentia
2162 3123 2503 3188 sacramenti,
2529 3124 2670 3178 aliud
2699 3129 2837 3196 quod
2860 3133 3097 3199 exposcit
3121 3135 3374 3203 quotidia-

1789 3222 1854 3260 na
1883 3210 2210 3264 consuetudo
2232 3212 2474 3267 vocabuli

1861 3296 1947 3352 16.
1993 3298 2226 3370 Denique
2250 3303 2419 3371 Aptus
2449 3306 2462 3328 ⁴
2501 3305 2602 3360 istc
2625 3309 2804 3362 nescio
2831 3311 2970 3379 quis,
3005 3313 3070 3367 de
3103 3329 3210 3384 quo
3238 3319 3374 3372 seri-

1790 3389 1938 3458 psiin
1961 3391 2102 3459 quod
2129 3392 2317 3447 doceat
2341 3394 2614 3462 judaizare
2631 3397 2979 3465 Christianos,
3013 3418 3080 3459 eo
3106 3407 3264 3462 modo
3291 3424 3369 3471 se.

1789 3480 1923 3534 sicut
1957 3481 2240 3538 insinuavit
2286 3485 2550 3541 Sanctitas
2591 3499 2697 3556 tua,
2725 3491 2966 3547 Judaeum
3001 3507 3055 3549 et
3081 3497 3371 3556 lsraelitatu

1789 3584 1958 3637 vocat,
1995 3586 2051 3630 ut
2079 3576 2145 3630 ab
2170 3578 2307 3632 escis
2347 3580 2648 3649 prohibeat,
2682 3600 2709 3636 a
2744 3586 2935 3654 quibus
2982 3603 3079 3657 pro
3121 3594 3373 3661 temporis

1789 3666 1928 3722 illius
1981 3672 2321 3739 congruentia
2365 3672 2474 3728 Lex
2531 3689 2628 3744 per
2674 3688 2911 3731 sanctum
2972 3678 3226 3737 famulum
3278 3684 3370 3740 Dei

1787 3755 2005 3828 Moysen
2047 3759 2166 3814 data
2199 3763 2532 3830 prohibebat,
2584 3775 2636 3820 et
2689 3778 2909 3823 caeteras
2949 3771 3086 3826 illius
3123 3777 3373 3844 temporis

1787 3848 2225 3913 obServationes,
2263 3851 2371 3920 jam
2420 3869 2559 3909 nunc
2595 3856 2734 3926 apud
2775 3858 3105 3915 Christianos
3146 3865 3372 3920 abolitas

1787 3949 2154 4007 rcntotasque,
2217 3943 2570 4008 persuadeat;
2630 3961 2762 4014 quas
2827 3951 3040 4004 umbras
3076 3952 3369 4010 futurorum

1785 4028 2015 4098 appellat
2038 4029 2320 4098 Apostolus
2342 4030 2557 4101 (Coloss.
2585 4049 2640 4098 ιι,
2672 4036 2758 4099 16,
2794 4037 2904 4109 17),
2931 4049 2984 4092 ut
3010 4050 3062 4093 et
3093 4044 3367 4110 proinhetia

1785 4121 1839 4175 in
1868 4123 1967 4176 illis
1988 4123 2337 4194 intelligatur,
2368 4135 2420 4179 et
2445 4143 2629 4182 eorum
2656 4129 2955 4183 observatio
2978 4133 3087 4200 jam
3115 4145 3363 4189 evacuata

1788 4221 2150 4269 monstretur:
2185 4216 2323 4271 unde
2353 4229 2570 4286 apparet
2617 4235 2780 4290 quare
2819 4237 2876 4275 se
2919 4222 3018 4278 iste
3045 4226 3212 4294 Aptus
3238 4227 3368 4282 velit

1785 4305 2074 4362 lsraelitam
2105 4308 2452 4380 laturumque
2479 4313 2716 4377 vocitari,
2753 4329 2854 4367 non
2879 4316 3240 4384 spiritualiter,
3272 4323 3368 4378 sed

1785 4399 2004 4452 omnino
2030 4401 2330 4455 carnaliter.
2374 4401 2479 4456 Nos
2514 4413 2688 4459 autem
2728 4421 2823 4459 nec
2852 4407 2954 4462 illis
2985 4409 3371 4469 observationi-

1784 4488 1902 4551 bus,
1933 4505 2051 4562 qtae
2079 4491 2226 4545 Nom
2252 4493 2594 4549 Testamento
2628 4497 2862 4552 ret-elato
2903 4511 3172 4556 evacuatur
3195 4513 3321 4560 sunt
3348 4546 3364 4572 ,

1786 4591 2029 4637 tenemur
2075 4585 2344 4645 obstricti.
2380 4596 2434 4642 et
2490 4599 2748 4658 pra-cepta
2801 4590 2974 4659 Legis,
3033 4593 3153 4648 huic
3203 4595 3364 4651 etiam

1786 4674 2011 4742 tempori
2067 4676 2384 4740 necessaria,
2435 4678 2608 4745 qualia
2651 4693 2792 4745 Sttttt,
2851 4680 2970 4735 Non
3019 4683 3363 4750 adulterabis,

1787 4761 1908 4816 Non
1949 4763 2275 4818 homicidium
2315 4766 2491 4835 facies,
2528 4766 2646 4823 Non
2692 4772 3012 4842 concupisces
3053 4774 3242 4846 (Exod.
3271 4791 3362 4841 xx,

1789 4854 2002 4924 15.17),
2036 4863 2090 4906 et
2115 4855 2156 4906 si
2185 4855 2324 4924 quod
2355 4866 2436 4910 cst
2460 4857 2601 4912 aliud
2635 4860 2968 4925 mandatum,
2999 4863 3138 4932 quod
3172 4865 3224 4921 in
3266 4865 3366 4920 hoc

1785 4961 2031 5002 sermone
2069 4948 2442 5015 recapitulatur
2465 4993 2478 5013 ,
2526 4951 2714 5021 Diliges
2758 4955 3039 5022 proximum
3075 4966 3215 5012 tuum
3253 4970 3367 5015 tan-

1785 5055 1934 5108 quam
1963 5039 2173 5108 teipsum
2207 5038 2381 5110 (Ilum.
2417 5058 2532 5107 xui,
2560 5043 2644 5113 9);
2695 5060 2798 5096 non
2843 5045 3044 5100 viribus
3092 5047 3361 5120 immanis,

1785 5132 1934 5201 quasi
1989 5141 2221 5186 nostram
2272 5135 2652 5188 constituentes
2702 5135 3002 5204 justitiam,
3046 5142 3140 5196 sed
3197 5144 3366 5214 gratia

1789 5225 1879 5278 Dei
1926 5241 2020 5294 per
2061 5225 2242 5280 Jesnm
2287 5225 2554 5281 Christum
2604 5228 2881 5283 Dominum
2927 5243 3189 5302 nostrum,
3220 5237 3270 5290 in
3301 5253 3365 5293 ea

1783 5315 2008 5383 justitia,
2035 5333 2154 5386 qua:
2180 5318 2334 5372 nobis
2359 5319 2424 5372 ab
2452 5319 2538 5371 illo
2563 5328 2662 5382 est,
2694 5320 3021 5379 observanda
3045 5342 3164 5382 esse
3187 5327 3367 5384 didici-

1788 5422 1907 5460 mus
1935 5417 1987 5461 et
2012 5407 2267 5463 docemus
2306 5409 2412 5463 Nec
2440 5420 2612 5464 tamen
2643 5413 2759 5466 ideo
2781 5430 2877 5469 nos
2904 5432 3156 5487 negamus
3180 5434 3367 5477 semen

1788 5499 2038 5566 Ahrahze,
2090 5501 2280 5569 quibus
2328 5501 2453 5554 dicit
2502 5506 2801 5571 Apostolus,
2844 5505 2942 5560 Vos
2987 5525 3104 5578 ergo
3151 5510 3368 5567 Abrahte

1787 5609 1950 5646 semen
1976 5592 2096 5646 estis
2123 5591 2315 5660 (Colat.
2352 5609 2425 5648 Ill.
2449 5593 2540 5660 ‘29)
2563 5612 2574 5656 ;
2609 5608 2697 5650 aut
2723 5599 2932 5652 Jnda-os
2951 5601 2999 5653 in
3019 5602 3365 5676 abscondito,

1789 5683 1855 5737 de
1878 5684 2120 5752 qualibus
2151 5683 2286 5737 idem
2313 5683 2459 5746 (ilt'll,
2498 5685 2614 5740 Non
2641 5691 2769 5742 enim
2792 5691 2876 5756 qui
2904 5693 2952 5744 in
2979 5696 3243 5764 utauifesto
3261 5694 3364 5752 Ju-

1854 5799 1870 5826 ι
1890 5794 2022 5858 Edd.,
2047 5793 2229 5862 Aptius.
2255 5803 2312 5848 At
2331 5802 2436 5848 Mss.
2465 5800 2610 5850 \‘atic.
2638 5809 2688 5850 et
2710 5803 2788 5851 alii
2813 5817 2964 5874 ρῑύιιθ
2984 5819 3183 5874 omnes,
3205 5814 3359 5876 ΛΡΜ
