3990 6416
888 386 900 396 δ
930 387 995 401 μ’-..
1011 390 1018 397 ι

204 448 295 509 tos
1390 447 1866 515 EPlS‘l'OLARUM
1902 414 2176 515 crassus
2212 452 2297 515 ιιι.

200 564 343 621 citius
372 564 489 621 sive
528 562 728 621 tardius
766 566 945 622 veniat
968 579 1126 638 quam
1153 572 1385 636 putatur,
1415 567 1567 651 cuqu
1607 568 1775 622 mani-

199 655 398 713 kstatio
443 658 581 713 tideli
631 660 890 714 charitate
930 658 1185 729 diligitur,
1220 666 1274 713 et
1319 659 1406 729 pio
1443 658 1775 714 desideratur

198 749 399 807 sdectu.
428 750 628 807 Servus
652 752 848 823 quippe
877 751 967 808 ille
990 752 1079 821 qni
1118 750 1277 819 dicit,
1306 749 1507 805 Moram
1530 751 1654 823 facit
1677 750 1773 804 do-

200 842 352 896 minus
376 857 555 909 naeus;
578 850 637 898 et
665 843 893 913 percutit
920 856 1216 898 conservos
1242 856 1390 909 suos,
1418 840 1697 896 manducat
1720 851 1775 897 et

200 929 321 986 bibit
362 948 484 988 cum
526 933 751 989 ebriosis
793 933 942 1006 (Luc.
982 948 1095 1001 xu,
1121 934 1235 1004 45),
1266 948 1371 989 non
1400 936 1579 1005 utique
1606 934 1776 1005 diligit

200 1022 667 1080 maniiestationem
694 1025 832 1095 ejus.
875 1025 951 1081 Ex
988 1024 1228 1080 moribus
1249 1025 1390 1080 enim
1414 1034 1634 1096 apparet
1661 1025 1775 1080 ani-

202 1113 308 1170 nnis
331 1114 475 1185 ejus;
504 1131 638 1186 quos
667 1130 879 1182 mores,
909 1116 1030 1172 licet
1068 1115 1320 1183 breviter,
1363 1115 1486 1171 ideo
1524 1116 1775 1188 magister

201 1205 356 1262 bonus
377 1208 580 1263 curavit
599 1210 922 1281 exprimere,
944 1208 997 1263 id
1018 1218 1101 1263 est
1122 1210 1422 1280 superbiam
1442 1218 1600 1280 atque
1622 1210 1774 1263 luxu-

203 1297 359 1362 riam,
388 1314 454 1353 ne
480 1299 623 1370 quod
668 1300 911 1365 dicebat,
942 1298 1141 1354 Moram
1167 1300 1289 1373 facit
1320 1300 1554 1354 dominus
1599 1316 1769 1368 meus,

203 1386 448 1443 desiderio
473 1389 673 1445 domini
716 1390 799 1445 sui
837 1390 1017 1447 dicere
1056 1392 1383 1459 crederetur,
1410 1407 1516 1462 quo
1552 1391 1774 1447 ardebat

203 1477 286 1534 ille
308 1478 392 1550 qui
419 1478 631 1536 dicebat
658 1498 672 1534 :
697 1480 868 1536 Sitivit
905 1481 1076 1535 anima
1102 1498 1212 1536 mea
1250 1481 1318 1534 ad
1365 1480 1525 1535 Deunt
1559 1482 1722 1535 vivum
1751 1496 1772 1535 .'

200 1566 386 1640 quando
414 1570 629 1637 veniam,
649 1579 698 1624 et
720 1570 975 1642 apparebo
994 1580 1112 1625 ante
1134 1570 1315 1641 faciem
1333 1569 1428 1625 Dei
1451 1569 1619 1644 (Psal.
1644 1587 1729 1627 xu
1750 1614 1766 1639 ,

199 1661 284 1723 διε
311 1661 533 1718 Dicenda
555 1663 732 1730 enim,
764 1664 966 1735 quando
1002 1664 1238 1719 veniam?
1274 1678 1452 1719 moras
1478 1678 1538 1719 se
1566 1666 1769 1735 perpeti

199 1752 404 1808 moleste
429 1753 666 1819 ferebat;
692 1755 815 1825 quia
854 1755 1016 1811 etiam
1056 1754 1197 1826 quod
1238 1763 1475 1825 tempore
1502 1756 1769 1810 accelera-

198 1832 297 1912 tur,
324 1844 581 1901 desiderio
605 1848 812 1903 tardum
834 1846 1061 1903 videtur.
1082 1847 1360 1916 Quomodo
1384 1856 1562 1902 autem
1585 1847 1767 1903 tardus

196 1946 277 1993 est
298 1936 403 2007 ejus
428 1936 721 2005 adventus,
764 1937 846 1993 vel
891 1937 1159 2009 quomodo
1204 1938 1359 2009 longe
1405 1936 1613 1993 futurus
1650 1947 1761 2004 est,

196 2041 308 2083 cum
332 2028 425 2099 ipsi
450 2029 711 2101 Apostoli,
744 2037 983 2099 tempore
1003 2045 1107 2100 quo
1136 2029 1310 2084 adhuc
1328 2038 1481 2084 erant
1506 2029 1560 2084 in
1581 2044 1763 2097 carne,

195 2119 436 2188 dixerint,
465 2118 757 2177 Novissima
780 2122 908 2176 hora
928 2132 1003 2177 est
1029 2121 1075 2192 (1
1098 2121 1257 2179 Joan.
1284 2138 1347 2191 ιι,
1375 2123 1461 2197 18)
1480 2124 1504 2177 ?
1524 2124 1765 2194 quamvis

196 2225 227 2265 ι
253 2210 461 2269 Domino
502 2212 801 2278 audierint,
832 2210 953 2266 Non
990 2222 1066 2267 est
1106 2223 1323 2267 vestrum
1357 2216 1486 2268 scire
1516 2223 1762 2284 tempora.

194 2298 300 2357 Hoc
321 2317 442 2372 ergo
465 2302 772 2359 nesciebant
799 2301 941 2373 quod
987 2303 1256 2359 nescimus
1285 2313 1336 2358 et
1360 2320 1458 2359 nos
1487 2302 1762 2375 (quantum

193 2390 355 2447 sdme
377 2393 560 2449 attinet
584 2392 726 2458 dico,
755 2402 808 2448 et
827 2408 923 2448 eos
950 2393 1039 2463 qui
1071 2393 1173 2447 hoc
1211 2408 1418 2448 mecum
1461 2393 1722 2467 nesciunt)
1746 2411 1761 2461 ;

192 2492 426 2538 ettamen
462 2484 655 2554 quibus
691 2482 891 2539 dictum
932 2492 1048 2548 est,
1099 2481 1223 2537 Non
1269 2493 1342 2538 est
1378 2494 1594 2538 vestrum
1637 2488 1765 2539 scire

191 2581 422 2645 tempora,
446 2590 558 2645 quae
585 2585 730 2646 pater
762 2576 926 2642 posuit
952 2574 1004 2629 in
1033 2590 1128 2629 sua
1155 2583 1395 2645 potestate
1424 2575 1557 2647 (Act.
1600 2591 1638 2641 ι,
1681 2576 1761 2646 7),

194 2662 465 2737 diligebant
489 2665 607 2735 ejus
633 2665 1114 2722 manifestationem
1136 2707 1151 2732 ,
1184 2674 1239 2721 et
1263 2664 1460 2721 dabant
1485 2668 1764 2721 conservis

191 2755 295 2811 suis
328 2755 379 2811 in
408 2765 648 2829 tempore
676 2757 874 2813 cibaria
894 2798 909 2823 ,
937 2772 1037 2814 nec
1061 2757 1430 2828 percutiebant
1454 2774 1549 2814 eos
1582 2758 1760 2814 domi-

192 2847 353 2902 mndo
372 2847 469 2916 eis,
498 2864 599 2905 nec
625 2848 1024 2905 luxuriabantur
1045 2864 1169 2905 cum
1197 2851 1526 2908 amatoribus
1554 2852 1758 2920 mundi,

194 2936 435 3008 dicentes,
463 2939 664 2996 lorum
689 2942 815 3015 facit
838 2941 1087 2997 Dominus
1114 2958 1275 2998 meus.

256 3031 308 3086 2.
344 3034 459 3089 Alia
497 3045 582 3090 est
608 3050 733 3107 ergo
760 3036 1057 3107 ignorantia
1088 3045 1425 3107 temporum,
1469 3039 1572 3095 alia
1616 3039 1762 3096 labes

192 3139 385 3182 morum
424 3142 680 3199 amorque
720 3128 987 3183 vitiorum.
1017 3126 1150 3183 Nam
1177 3138 1231 3183 et
1254 3129 1528 3199 apostolus
1564 3130 1761 3186 Paulus

192 3218 390 3287 quando
412 3219 645 3287 dicebat,
668 3216 791 3274 Non
815 3219 914 3274 cito
936 3220 1233 3274 moveamini
1260 3230 1441 3287 mente,
1472 3237 1629 3293 neque
1657 3232 1760 3277 ter-

193 3311 389 3365 resmini
406 3352 422 3377 ,
457 3312 561 3366 sive
586 3327 676 3383 per
715 3313 917 3366 verbum
944 3311 1047 3365 sive
1075 3326 1167 3382 per
1197 3312 1499 3382 epistolam,
1522 3324 1760 3385 tanquam

193 3420 273 3475 per
291 3419 377 3459 nos
400 3405 635 3473 missam,
661 3405 804 3477 quasi
836 3405 985 3459 instet
1012 3404 1119 3459 dies
1148 3402 1354 3459 Domini
1378 3405 1446 3478 (ll
1474 3404 1647 3462 Thess.
1686 3423 1723 3463 tt
1740 3449 1757 3475 ,

188 3494 274 3569 2);
298 3498 506 3555 twlebat
532 3499 714 3569 utique
740 3505 797 3552 ut
819 3496 1101 3553 crederent
1138 3496 1219 3553 eis
1257 3496 1348 3568 qui
1384 3497 1495 3568 jam
1541 3500 1759 3570 propin-

188 3603 341 3660 quare
384 3590 592 3648 Domini
636 3590 1029 3646 arbitrabantur
1072 3590 1356 3647 adventum
1389 3611 1403 3647 :
1433 3608 1533 3649 nec
1580 3603 1759 3651 tamen

150 3683 387 3739 'volebat
424 3692 515 3749 ut,
559 3690 807 3753 tanquam
850 3695 1037 3738 servus
1081 3683 1191 3751 ille,
1231 3682 1510 3753 dicerent,
1557 3683 1759 3741 Moram

189 3774 299 3844 facit
336 3772 584 3828 Dominus
608 3788 746 3828 meus
772 3772 971 3839 venire,
993 3781 1049 3830 et
1073 3774 1346 3830 traderent
1388 3790 1448 3832 se
1493 3777 1757 3847 superbiae

186 3861 501 3936 luxuriaeque
548 3862 883 3935 perdendos;
912 3863 1007 3920 sed
1041 3866 1119 3920 sic
1146 3880 1242 3921 eos
1280 3866 1490 3923 nolebat
1527 3868 1595 3924 de
1631 3885 1756 3939 pro-

185 3955 462 4028 pinquante
479 3955 566 4012 die
588 3956 877 4013 novissimo
919 3955 1064 4013 falsis
1090 3957 1392 4014 auscultare
1432 3961 1754 4028 rumoribus,

184 4057 236 4103 ut
269 4056 446 4105 tamen
486 4048 648 4105 vellet
680 4064 777 4104 eos
806 4058 1017 4119 paratos
1057 4048 1345 4105 adventum
1386 4050 1592 4105 Domini
1634 4053 1753 4121 sui,

185 4138 370 4198 lumbis
395 4141 648 4199 ιιεείιιειίε
670 4151 725 4200 ει
752 4141 986 4198 lucernis
1008 4140 1317 4198 ardentibus
1342 4143 1577 4215 opperiri
1602 4142 1753 4217 (Luc.

182 4247 280 4301 su,
305 4234 397 4302 $5,
428 4234 771 4309 36):quibus
811 4235 974 4302 dicit,
1016 4233 1114 4291 i'os
1168 4244 1353 4303 autem,
1399 4239 1602 4309 fratres,
1654 4256 1756 4293 non

184 4326 295 4382 estis
332 4327 388 4383 in
415 4326 659 4394 tenebris,
685 4336 742 4381 ut
770 4343 855 4381 eos
896 4326 1003 4381 dies
1043 4327 1131 4382 ille
1165 4337 1400 4400 tanquam
1425 4329 1512 4400 fur
1535 4346 1756 4400 compre-

182 4417 386 4474 hendat.
420 4416 608 4473 Omnes
639 4418 771 4473 enim
791 4433 877 4471 vos
894 4415 992 4486 ﬁlii
1016 4417 1144 4472 lucis
1169 4418 1286 4472 estis
1304 4430 1348 4473 et
1372 4420 1468 4488 filii
1488 4420 1624 4485 diei;
1651 4438 1754 4477 non

177 4527 346 4568 sumus
387 4512 549 4568 noctis
586 4525 743 4582 neque
771 4508 1082 4565 tenebrarum
1112 4509 1154 4582 (Ι
1179 4509 1355 4566 Tltess.
1389 4528 1443 4580 v,
1474 4513 1531 4579 4,
1558 4515 1633 4585 5).
1661 4513 1755 4572 Ille

176 4614 353 4661 autem
372 4604 464 4675 qui
488 4605 566 4659 sic
588 4603 737 4661 dicit.
769 4601 970 4658 Moram
996 4603 1120 4673 facit
1135 4602 1387 4661 Dominus
1407 4622 1545 4661 mens
1565 4611 1750 4676 venire,

174 4706 229 4753 ut
254 4698 518 4769 percutiat
537 4710 824 4752 conservos
842 4711 990 4760 suos.
1012 4705 1067 4753 et
1094 4698 1340 4768 epuletur
1357 4715 1479 4756 cum
1502 4702 1750 4772 eliriosis,

174 4802 277 4843 non
303 4796 387 4844 est
417 4787 557 4843 tilius
580 4786 651 4842 Ιιι(
666 4785 733 4846 is.
755 4786 849 4841 sed
877 4787 1245 4852 tenebrarum;
1274 4797 1329 4843 et
1352 4789 1472 4845 ideo
1496 4807 1619 4847 enm
1647 4803 1755 4848 tan-

173 4894 328 4952 quam
370 4877 456 4933 i'nr
480 4878 598 4935 dies
625 4878 711 4934 ille
745 4877 1197 4949 comprehendet:
1224 4880 1365 4951 quod
1396 4885 1754 4957 uinisquisqne

174 4970 333 5028 debet
348 4972 511 5027 etiam
538 4969 608 5025 de
632 4969 720 5025 die
747 4969 903 5040 hujus
932 4970 1053 5025 vitae
1090 4986 1200 5025 sua:
1242 4972 1532 5028 novissimo
1568 4976 1753 5031 tormi-

179 5063 320 5119 dare.
355 5060 412 5118 ιιι
436 5077 543 5134 quo
560 5062 704 5119 enim
725 5077 988 5133 quemque
1009 5064 1271 5119 invenerit
1288 5080 1417 5120 suus
1436 5068 1755 5125 novissimus

183 5152 320 5221 dies,
357 5151 410 5209 in
456 5151 559 5210 hoc
596 5167 720 5209 emn
757 5152 1174 5223 comprehendet
1210 5154 1392 5211 mundi
1438 5158 1754 5215 novissimus

184 5243 321 5312 dies;
342 5244 592 5316 quoniam
613 5243 787 5315 qualis
815 5244 869 5299 in
890 5243 978 5300 dic
1002 5247 1105 5303 isto
1128 5246 1350 5317 quisque
1370 5248 1614 5317 moritur,
1635 5249 1755 5305 talis

184 5334 226 5392 in
249 5338 343 5394 die
367 5336 459 5391 illo
472 5334 814 5406 judicabitur.

238 5430 295 5487 3.
336 5426 423 5484 Ad
460 5426 562 5481 hoc
599 5426 829 5496 pertinet
860 5424 1004 5497 quod
1046 5425 1099 5481 in
1143 5426 1426 5499 Evangelia
1462 5430 1755 5487 secundum

184 5518 406 5579 larum:
434 5519 508 5575 ita
529 5519 786 5590 scriptum
818 5526 942 5574 est:
977 5516 1193 5589 Vigilate
1226 5536 1366 5592 ergo,
1394 5522 1514 5591 quia
1556 5525 1755 5578 nescitis

183 5613 377 5683 quando
396 5612 630 5667 dominus
668 5611 848 5666 domus
880 5612 1081 5676 veniat;
1115 5629 1246 5673 sero.
1280 5630 1347 5669 an
1388 5616 1555 5670 media
1592 5628 1754 5687 nocte,

184 5722 237 5763 an
260 5705 393 5781 galli
418 5693 602 5771 cantu,
631 5720 698 5758 an
725 5718 900 5769 mane,
924 5718 988 5757 ne
1011 5719 1125 5757 cum
1151 5705 1334 5759 venerit
1359 5716 1591 5777 repente,
1617 5708 1754 5764 inve-

185 5801 280 5854 niat
291 5813 380 5852 eos
397 5794 720 5850 dormientes.
736 5793 885 5859 Quod
898 5803 1062 5847 autem
1080 5794 1213 5849 vobis
1229 5794 1365 5864 dico,
1380 5798 1608 5853 omnibus
1618 5800 1751 5868 dico,

192 5888 403 5963 Vigilate
415 5883 605 5962 (lare.
624 5900 738 5954 xm,
751 5885 841 5951 55,
857 5884 971 5958 37).
986 5886 1187 5953 Quibus
1201 5886 1342 5945 enim
1359 5889 1589 5949 cautibus
1603 5890 1753 5963 dicit,

452 5981 681 6047 Sacr.
728 5982 1006 6045 Anausr.
1039 5981 1120 6046 ιι.

3365 469 3471 533 90¢

1886 567 1987 622 nisi
2009 568 2192 625 electis
2212 580 2267 626 et
2280 570 2489 628 dilectis
2508 574 2618 630 suis
2631 572 2696 630 ad
2709 590 2900 648 corpus
2916 578 3034 649 ejus
3050 583 3456 658 pertinentibus,

1882 659 2025 729 quod
2050 671 2130 716 est
2157 662 2431 720 Ecclesia?
2452 664 2567 721 Non
2598 668 2769 725 solum
2802 685 2930 741 ergo
2956 672 3057 727 illis
3082 675 3242 743 dixit,
3269 680 3462 745 iniibus

1884 760 2009 806 tunc
2034 754 2373 811 audientibus
2399 755 2739 829 loquebatur;
2763 762 2860 817 sed
2891 764 3050 820 etiam
3088 766 3190 823 illis
3220 770 3311 839 qui
3342 769 3463 827 fue-

1881 853 2007 900 runt
2026 857 2144 916 post
2175 846 2296 935 illos
2322 858 2447 906 ante
2475 866 2592 919 nos,
2623 863 2675 908 et
2699 853 2764 909 ad
2792 871 2890 910 nos
2922 858 3085 928 ipsos,
3113 868 3167 914 et
3193 862 3280 931 qui
3307 872 3467 921 erunt

1879 949 1999 1009 post
2018 956 2117 997 nos
2147 957 2313 1014 usque
2336 943 2401 998 ad
2430 943 2547 1015 ejus
2570 948 2912 1005 novissimum
2951 950 3257 1007 adventum.
3297 955 3466 1011 Num-

1878 1032 2003 1101 quid
2025 1043 2201 1090 autem
2227 1051 2413 1093 omnes
2432 1034 2743 1096 inventurus
2767 1054 2848 1099 est
2868 1043 2984 1099 dies
3013 1045 3099 1101 ille
3125 1047 3175 1101 in
3205 1049 3303 1103 hac
3332 1051 3460 1119 vita,

1878 1134 1970 1179 aut
2011 1128 2288 1199 quisquam
2334 1129 2572 1186 dicturus
2615 1146 2695 1188 est
2730 1136 2869 1204 quod
2896 1136 2961 1191 ad
2987 1136 3262 1196 defunctos
3299 1144 3462 1198 etiam

1879 1216 2144 1285 pertineat
2164 1218 2305 1290 quod
2335 1221 2438 1287 ait,
2479 1220 2723 1294 Vigilate,
2755 1242 2818 1279 ne
2844 1244 2960 1281 cum
2997 1241 3200 1299 repente
3234 1236 3419 1289 venerit
3441 1278 3460 1304 ,

1876 1305 2097 1362 inveniat
2143 1324 2229 1364 vos
2261 1310 2598 1368 dormientes?
2633 1313 2742 1370 Cur
2787 1316 2965 1388 itaque
3008 1323 3252 1379 onutibus
3294 1324 3458 1391 dicit,

1876 1396 2016 1467 quod
2043 1398 2110 1453 ad
2136 1415 2230 1456 eos
2253 1402 2397 1460 solos
2426 1406 2686 1475 pertineat
2721 1408 2811 1478 qui
2848 1418 2970 1464 tunc
3002 1423 3188 1479 erunt,
3218 1415 3316 1469 nisi
3339 1418 3461 1486 quia

1874 1503 1941 1545 eo
1982 1490 2140 1546 modo
2181 1493 2249 1549 ad
2293 1510 2479 1551 ornnes
2519 1498 2775 1567 pertinet,
2824 1502 3088 1571 quomodo
3126 1504 3269 1560 dixi?
3308 1506 3461 1561 Tunc

1874 1579 2019 1635 enim
2048 1581 2329 1653 unicuique
2363 1586 2539 1642 veniet
2585 1588 2700 1643 dies
2738 1590 2858 1657 ille,
2890 1606 3009 1645 cum
3038 1598 3242 1649 venerit
3268 1598 3316 1652 ei
3345 1599 3459 1654 dies

1875 1683 1933 1727 ut
1958 1673 2077 1729 talis
2103 1676 2225 1732 hinc
2248 1687 2439 1746 exeat,
2466 1680 2636 1750 qualis
2658 1680 2977 1750 judicandus
3004 1695 3086 1739 est
3119 1687 3207 1741 illo
3248 1688 3354 1743 die.
3381 1690 3458 1745 Ac

1872 1779 1970 1835 per
1996 1767 2096 1823 hoc
2123 1769 2340 1839 vigilare
2368 1771 2526 1827 debet
2550 1774 2725 1828 omnis
2746 1775 3094 1844 christianos,
3126 1796 3193 1835 ne
3226 1782 3458 1853 impara-

1875 1862 1984 1909 tum
2014 1855 2248 1913 inveniat
2266 1875 2389 1915 eum
2414 1861 2617 1917 Domini
2640 1862 2917 1919 adventus.
2942 1866 3258 1936 lmparatnm
3280 1884 3457 1928 autem

1872 1944 2102 2001 inveniet
2125 1948 2214 2004 ille
2239 1949 2374 2017 dies,
2398 1966 2553 2020 quem
2584 1953 2897 2024 imparatum
2921 1956 3179 2014 invenerit
3205 1976 3315 2015 sua:
3336 1968 3458 2019 vitre

1872 2033 2029 2105 hujus
2049 2037 2262 2091 ultimus
2281 2037 2414 2095 dies.
2437 2038 2594 2099 Certe
2610 2042 2751 2099 enim
2776 2044 2877 2101 hoc
2902 2048 3087 2101 saltem
3120 2051 3457 2107 manifestum

1870 2133 1984 2180 erat
2026 2128 2328 2197 Apostolis,
2356 2148 2461 2187 non
2489 2150 2673 2190 eorum
2718 2135 3077 2208 temporibus,
3109 2153 3231 2199 cum
3270 2141 3355 2196 hic
3401 2142 3457 2197 in

1868 2232 2029 2275 carne
2060 2220 2325 2291 viverent,
2361 2225 2639 2281 Dominum
2681 2244 2800 2285 esse
2840 2242 3117 2290 venturum
3148 2247 3240 2292 :et
3277 2248 3455 2297 tamen

1868 2309 1989 2379 quis
2027 2311 2231 2368 dubitet
2269 2329 2363 2370 eos
2402 2317 2665 2388 praecipue
2690 2320 2939 2391 vigilasse
2962 2333 3014 2378 et
3038 2326 3286 2384 'servasse
3312 2332 3454 2401 quod

1868 2401 2115 2456 omnibus
2136 2402 2290 2471 dixit,
2310 2421 2375 2461 ne
2396 2406 2681 2477 imparatos
2698 2421 2914 2481 repente
2929 2415 3147 2472 veniens
3160 2417 3454 2476 inveniret?

1938 2489 2163 2548 CAPUT
2204 2494 2431 2551 ll.-—l.
2479 2496 2724 2555 Nondum
2769 2518 2897 2558 sane
2939 2504 3176 2577 intelligo
3217 2525 3453 2580 quonam

1868 2581 2028 2636 modo
2058 2585 2225 2655 accipi
2252 2587 2442 2643 debeat
2487 2590 2627 2658 quod
2661 2593 2871 2663 scripsit
2907 2595 3168 2653 Sanctitas
3194 2610 3302 2669 tua,
3334 2620 3456 2673 pto-

1867 2681 2047 2743 pterea
2092 2674 2293 2732 dixisse
2342 2679 2624 2735 Dominum
2661 2682 2962 2751 Apostolis,
2996 2685 3111 2741 Non
3142 2699 3211 2743 est
3239 2705 3456 2749 vestrum

1867 2779 2012 2820 nosse
2037 2776 2261 2839 tempora
2289 2770 2364 2824 vel
2389 2783 2659 2840 momenta,
2702 2791 2817 2845 qua:
2862 2776 3018 2832 Pater
3054 2783 3223 2850 posuit
3269 2785 3321 2838 in
3361 2802 3454 2841 sua

1866 2865 2144 2926 potestate;
2170 2860 2419 2929 quoniam
2446 2872 2660 2917 secutus
2687 2865 2954 2935 adjuuxit,
2998 2870 3104 2924 Sed
3146 2873 3284 2929 eritis
3326 2875 3453 2932 milii

1866 2954 2011 3002 testes
2041 2951 2093 3004 in
2114 2949 2417 3021 Jerusalem,
2442 2965 2488 3009 et
2505 2956 2557 3009 in
2576 2955 2782 3025 Judtea,
2805 2970 2850 3014 et
2869 2961 2921 3015 in
2944 2962 3204 3033 Samaria,
3232 2978 3277 3023 et
3298 2987 3454 3042 usque

1866 3038 1934 3092 ad
1962 3041 2193 3095 ultimum
2221 3052 2369 3098 terra:
2397 3046 2535 3116 (Act.
2556 3063 2594 3114 ι,
2617 3049 2668 3116 7,
2692 3049 2771 3121 8).
2812 3052 2978 3118 Quem
3006 3053 3297 3126 Scriptura:
3326 3038 3454 3118 sen-

1865 3144 1983 3184 sum
2018 3133 2095 3187 sic
2123 3136 2344 3203 exponis
2364 3176 2378 3199 ,
2411 3145 2465 3190 ut
2494 3137 2675 3193 dicas:
2711 3138 2832 3194 Non
2862 3160 2980 3215 ergo
3009 3145 3277 3217 Apostolos
3306 3160 3453 3209 testes

1865 3226 2308 3281 consummationis
2333 3229 2528 3293 mundi,
2547 3231 2635 3285 sed
2656 3234 2873 3288 nominis
2888 3245 2933 3288 et
2953 3241 3331 3298 resurrectionis
3345 3261 3454 3301 suc

1864 3312 2019 3369 voluit
2059 3315 2290 3389 intelligi.
2330 3318 2446 3374 Non
2483 3320 2695 3391 quidem
2724 3324 2812 3379 ille
2838 3327 2931 3392 ait,
2953 3327 3069 3383 Non
3104 3340 3187 3387 est
3216 3343 3450 3393 vestrum

1865 3404 2154 3475 pnedicare
2177 3417 2445 3479 tempora;
2467 3411 2584 3478 sed,
2605 3410 2726 3467 Non
2747 3425 2816 3469 est
2835 3427 3051 3472 vestrum
3067 3438 3212 3477 nosse
3231 3439 3251 3478 :
3265 3439 3451 3483 verum

1864 3497 1907 3552 si
1931 3498 2001 3553 ita
2031 3500 2110 3555 vis
2136 3500 2354 3572 intelligi
2383 3504 2524 3574 quod
2553 3506 2647 3571 ait,
2669 3504 2791 3561 Non
2812 3519 2885 3562 est
2909 3521 3125 3567 vestrum
3144 3515 3291 3583 scire,
3315 3532 3380 3576 ac
3401 3522 3450 3576 si

1862 3588 2104 3657 diceret,
2162 3591 2277 3648 Non
2329 3603 2411 3649 est
2460 3604 2695 3652 vestrum
2740 3600 2971 3658 scientes
3016 3604 3213 3676 facere,
3246 3609 3295 3664 id
3325 3621 3445 3680 est,

1863 3698 1970 3739 non
2003 3693 2087 3740 est
2125 3694 2360 3742 vestrum
2404 3688 2504 3744 hoc
2543 3689 2769 3758 docere;
2812 3694 2931 3764 quis
2971 3706 3209 3755 nostrum
3251 3701 3446 3760 docere

1861 3779 2084 3843 audeat,
2106 3780 2185 3836 vel
2211 3796 2270 3837 se
2294 3783 2430 3838 scire
2457 3796 2743 3853 prmsumat
2763 3790 2903 3859 quod
2926 3790 3064 3847 Deus
3085 3793 3173 3849 ille
3196 3797 3448 3868 magister

1863 3885 1962 3927 nec
1986 3886 2080 3927 eos
2103 3871 2395 3945 discipulos
2419 3876 2620 3944 docuit,
2642 3896 2672 3934 a
2695 3882 2887 3951 quibus
2908 3888 3262 3954 przesentibus
3286 3891 3446 3949 inter.

1861 3974 2076 4034 rogatus
2102 3975 2185 4020 est
2214 3982 2467 4035 praesens,
2490 3986 2589 4026 nec
2616 3972 2687 4025 illi
2719 3982 2824 4028 tam
2852 3978 3020 4031 sancti
3044 3981 3326 4054 magnique
3345 3984 3446 4040 do-

1860 4067 2036 4112 ctores
2058 4056 2355 4114 Ecclesium
2376 4061 2569 4117 docere
2596 4067 2917 4133 potuerunt?

1930 4148 1985 4204 5.
2026 4150 2108 4203 An
2136 4150 2560 4220 respondebitur,
2594 4152 2708 4209 haec
2736 4170 2839 4211 non
2865 4156 3111 4214 docuisse
3135 4163 3440 4235 Apostolus,

1858 4239 1954 4296 sed
1982 4239 2315 4312 Prophetas?
2340 4241 2450 4298 lloc
2473 4243 2614 4298 enim
2641 4244 2790 4313 aisti,
2832 4255 2886 4303 et
2926 4264 3108 4307 verum
3146 4264 3259 4323 est,
3299 4251 3442 4325 quod

1859 4346 1921 4387 ea
1957 4348 2071 4406 qua:
2100 4333 2275 4405 futura
2312 4344 2457 4401 sunt,
2501 4346 2787 4393 sanctorum
2830 4338 3204 4412 Pmpltetnrum
3242 4348 3441 4405 vocibus

1858 4435 2256 4497 cognoscuntur;
2275 4426 2361 4499 qui
2383 4427 2674 4499 priusquam
2700 4431 2894 4499 ﬁerent,
2923 4434 3115 4506 inquis,
3136 4454 3195 4492 ea
3218 4456 3331 4511 quia
3353 4442 3440 4511 fu-

1857 4524 1971 4568 tura
1995 4525 2166 4582 erant,
2189 4516 2441 4572 voluntate
2464 4517 2633 4573 divina
2659 4519 2945 4579 hominibus
2972 4537 3089 4581 sunt
3129 4529 3302 4584 locuti.
3329 4530 3435 4587 Sed

1857 4607 1903 4662 si
1921 4609 2155 4664 venratio
2174 4617 2258 4663 ttta
2274 4609 2400 4664 satis
2426 4609 2757 4667 admiratione
2781 4613 2987 4686 plenum
3012 4633 3120 4672 esse
3142 4620 3279 4685 dicit,
3310 4622 3355 4675 si
3381 4640 3441 4678 ea

1857 4695 1997 4755 Deus
2010 4715 2122 4770 quae
2136 4701 2345 4770 praedici
2359 4702 2532 4766 voluit,
2551 4703 2618 4757 ad
2640 4704 2899 4760 hominum
2922 4725 3095 4763 sensus
3124 4712 3321 4780 penitus
3336 4730 3439 4770 non

1858 4808 2005 4863 posse
2030 4793 2286 4862 pervenire
2301 4794 2554 4848 constituit
2570 4811 2591 4860 ;
2614 4810 2812 4866 quanto
2852 4800 3050 4869 majore
3089 4802 3437 4861 admiratione

1856 4881 2070 4953 plenum
2087 4891 2185 4948 est,
2202 4883 2245 4936 si
2271 4898 2331 4938 ea
2357 4899 2475 4955 qua:
2486 4884 2764 4958 Prophetas
2794 4888 3092 4946 hominibus
3107 4902 3229 4948 sunt
3254 4894 3441 4972 locuti,

1858 4972 1972 5029 hinc
1987 4975 2321 5044 Apostolivel
2349 4977 2487 5033 scire
2514 4988 2636 5033 sunt
2655 4980 2903 5050 prohibiti
2925 4983 3005 5037 vel
3040 4984 3262 5041 docere!
3291 4987 3436 5057 Quo-

1858 5067 2017 5123 modo
2036 5076 2215 5123 autem
2240 5068 2518 5139 Pr0phetze
2544 5072 2662 5136 ista,
2680 5072 2745 5126 de
2769 5073 2961 5141 quibus
2988 5076 3176 5146 agitur,
3197 5088 3435 5150 tempora

1857 5154 2141 5224 docentes,
2171 5172 2275 5213 non
2304 5159 2723 5230 intelligerentur
2740 5161 2808 5216 ab
2830 5162 3128 5232 Apostolis,
3165 5169 3210 5223 si
3239 5170 3438 5227 intelli-

1858 5255 2052 5318 guntur
2071 5261 2100 5301 a
2121 5248 2306 5304 nobis?
2328 5258 2415 5304 aut
2436 5250 2481 5304 si
2502 5265 2596 5305 eos
2616 5250 2853 5320 Apostoli
2871 5252 3262 5326 intellexerunt,
3280 5262 3437 5317 istam

1858 5352 2160 5394 mensuram
2191 5340 2442 5409 temporis
2480 5341 2886 5411 proplietantes;
2914 5348 3185 5417 quomodo
3207 5365 3312 5406 non
3337 5351 3437 5409 do-

1858 5438 2042 5485 cerent
2066 5429 2205 5500 quod
2232 5430 2632 5498 intellexerunt,
2658 5434 2868 5503 quando
2894 5452 2987 5507 per
3013 5455 3197 5496 eorum
3231 5456 3436 5511 praeco.

1858 5523 2005 5575 nium
2030 5529 2085 5576 et
2112 5521 2210 5591 ipsi
2230 5521 2507 5593 Propheta:
2535 5524 2955 5595 innoteseebant,
2984 5530 3075 5599 qui
3096 5544 3190 5585 eos
3212 5533 3324 5587 suis
3342 5532 3435 5587 Li-

1859 5612 1970 5668 bris
2007 5613 2104 5667 isua
2158 5611 2488 5669 docuerunt?
2522 5616 2588 5671 Et
2632 5615 2751 5673 ideo
2789 5633 2885 5688 per
2924 5634 3055 5689 quas
3097 5620 3325 5678 Litteras
3366 5639 3431 5679 ea

1859 5704 1958 5775 ipsi
1995 5702 2319 5768 didicerant,
2354 5718 2450 5775 per
2484 5707 2699 5763 easdem
2728 5718 2971 5780 poterant
3005 5711 3094 5765 alii
3135 5727 3345 5784 quoque
3376 5715 3431 5770 in

1859 5786 1943 5852 his
1966 5795 2210 5867 gentibus
2231 5795 2467 5862 discere,
2495 5799 2547 5853 in
2572 5799 2762 5869 quibus
2786 5802 3022 5870 Apostoli
3062 5806 3433 5861 auctoritatem

1862 5894 2221 5968 prapheticam
2248 5895 2708 5953 commendabant.
2725 5898 2833 5952 Cur
2850 5912 2976 5969 ergo
3000 5900 3078 5955 eis
3102 5898 3301 5958 dictum
3328 5912 3433 5972 est,

2714 5990 3194 6079 (Vingt-neuf.)
