  <div class='ocr_page' id='page_1' title='image "/cluster/home/n/w/nwhite01/storage/ocr_20150623/33/uva.x000669810/469.png"; bbox 0 0 3990 6380; ppageno 0'>
   <div class='ocr_carea' id='block_1_1' title="bbox 542 457 646 522">
    <p class='ocr_par' dir='ltr' id='par_1_1' title="bbox 542 457 646 522">
     <span class='ocr_line' id='line_1_1' title="bbox 542 457 646 522; baseline -0.019 0"><span class='ocrx_word' id='word_1_1' title='bbox 542 457 646 522; x_wconf 80' lang='lat'><strong>90&#39;!</strong></span> 
     </span>
    </p>
   </div>
   <div class='ocr_carea' id='block_1_2' title="bbox 544 565 2109 645">
    <p class='ocr_par' dir='ltr' id='par_1_2' title="bbox 544 565 2109 645">
     <span class='ocr_line' id='line_1_2' title="bbox 544 565 2109 645; baseline -0.013 -9"><span class='ocrx_word' id='word_1_2' title='bbox 544 581 670 638; x_wconf 87' lang='lat' dir='ltr'><strong>Non</strong></span> <span class='ocrx_word' id='word_1_3' title='bbox 697 588 768 634; x_wconf 87' lang='lat' dir='ltr'><strong>est</strong></span> <span class='ocrx_word' id='word_1_4' title='bbox 795 589 1009 632; x_wconf 76' lang='lat' dir='ltr'><strong>uestrum</strong></span> <span class='ocrx_word' id='word_1_5' title='bbox 1043 577 1205 641; x_wconf 74' lang='lat' dir='ltr'><strong>scite,</strong></span> <span class='ocrx_word' id='word_1_6' title='bbox 1233 570 1312 626; x_wconf 89' lang='lat' dir='ltr'><strong>vel</strong></span> <span class='ocrx_word' id='word_1_7' title='bbox 1354 570 1398 625; x_wconf 86' lang='lat' dir='ltr'><strong>si</strong></span> <span class='ocrx_word' id='word_1_8' title='bbox 1439 569 1509 624; x_wconf 86' lang='lat' dir='ltr'><strong>ita</strong></span> <span class='ocrx_word' id='word_1_9' title='bbox 1571 565 1969 645; x_wconf 72' lang='lat' dir='ltr'><strong>intelligendum</strong></span> <span class='ocrx_word' id='word_1_10' title='bbox 2010 574 2109 620; x_wconf 89' lang='lat' dir='ltr'><strong>est.</strong></span> 
     </span>
    </p>
   </div>
   <div class='ocr_carea' id='block_1_3' title="bbox 538 656 2117 734">
    <p class='ocr_par' dir='ltr' id='par_1_3' title="bbox 538 656 2117 734">
     <span class='ocr_line' id='line_1_3' title="bbox 538 656 2117 734; baseline -0.015 -4"><span class='ocrx_word' id='word_1_11' title='bbox 538 675 658 730; x_wconf 84' lang='lat' dir='ltr'><strong>Non</strong></span> <span class='ocrx_word' id='word_1_12' title='bbox 677 681 758 728; x_wconf 89' lang='lat' dir='ltr'><strong>est</strong></span> <span class='ocrx_word' id='word_1_13' title='bbox 788 680 1017 726; x_wconf 90' lang='lat' dir='ltr'><strong>vestrum</strong></span> <span class='ocrx_word' id='word_1_14' title='bbox 1043 667 1234 721; x_wconf 88' lang='lat' dir='ltr'><strong>docere</strong></span> <span class='ocrx_word' id='word_1_15' title='bbox 1262 673 1486 734; x_wconf 85' lang='lat' dir='ltr'><strong>tempora</strong></span> <span class='ocrx_word' id='word_1_16' title='bbox 1504 701 1520 727; x_wconf 88' lang='lat'><strong>,</strong></span> <span class='ocrx_word' id='word_1_17' title='bbox 1554 675 1667 730; x_wconf 81' lang='lat' dir='ltr'><strong>qua:</strong></span> <span class='ocrx_word' id='word_1_18' title='bbox 1689 657 1844 716; x_wconf 85' lang='lat' dir='ltr'><strong>Pater</strong></span> <span class='ocrx_word' id='word_1_19' title='bbox 1871 658 2036 728; x_wconf 78' lang='lat' dir='ltr'><strong>posuit</strong></span> <span class='ocrx_word' id='word_1_20' title='bbox 2063 656 2117 730; x_wconf 79' lang='lat' dir='ltr'><strong>in</strong></span> 
     </span>
    </p>
   </div>
   <div class='ocr_carea' id='block_1_4' title="bbox 543 745 2117 832">
    <p class='ocr_par' dir='ltr' id='par_1_4' title="bbox 543 745 2117 832">
     <span class='ocr_line' id='line_1_4' title="bbox 543 745 2117 832; baseline -0.013 -12"><span class='ocrx_word' id='word_1_21' title='bbox 543 782 638 820; x_wconf 88' lang='lat' dir='ltr'><strong>sua</strong></span> <span class='ocrx_word' id='word_1_22' title='bbox 661 754 1364 832; x_wconf 88' lang='lat' dir='ltr'><strong>potestate;quandoquidem</strong></span> <span class='ocrx_word' id='word_1_23' title='bbox 1379 753 1453 806; x_wconf 88' lang='lat' dir='ltr'><strong>sic</strong></span> <span class='ocrx_word' id='word_1_24' title='bbox 1471 767 1530 804; x_wconf 91' lang='lat' dir='ltr'><strong>ea</strong></span> <span class='ocrx_word' id='word_1_25' title='bbox 1547 749 1830 818; x_wconf 70' lang='lat' dir='ltr'><strong>docebant,</strong></span> <span class='ocrx_word' id='word_1_26' title='bbox 1849 763 1966 804; x_wconf 87' lang='lat' dir='ltr'><strong>cum</strong></span> <span class='ocrx_word' id='word_1_27' title='bbox 1990 745 2041 798; x_wconf 91' lang='lat' dir='ltr'><strong>hi</strong></span> <span class='ocrx_word' id='word_1_28' title='bbox 2065 745 2117 799; x_wconf 92' lang='lat' dir='ltr'><strong>in</strong></span> 
     </span>
    </p>
   </div>
   <div class='ocr_carea' id='block_1_5' title="bbox 539 837 2118 926">
    <p class='ocr_par' dir='ltr' id='par_1_5' title="bbox 539 837 2118 926">
     <span class='ocr_line' id='line_1_5' title="bbox 539 837 2118 926; baseline -0.012 -16"><span class='ocrx_word' id='word_1_29' title='bbox 539 871 764 926; x_wconf 85' lang='lat' dir='ltr'><strong>quorum</strong></span> <span class='ocrx_word' id='word_1_30' title='bbox 813 853 1025 907; x_wconf 83' lang='lat' dir='ltr'><strong>Litteris</strong></span> <span class='ocrx_word' id='word_1_31' title='bbox 1049 849 1400 910; x_wconf 73' lang='lat' dir='ltr'><strong>discerenlur,</strong></span> <span class='ocrx_word' id='word_1_32' title='bbox 1427 860 1521 914; x_wconf 85' lang='lat' dir='ltr'><strong>per</strong></span> <span class='ocrx_word' id='word_1_33' title='bbox 1543 844 1658 898; x_wconf 90' lang='lat' dir='ltr'><strong>illos</strong></span> <span class='ocrx_word' id='word_1_34' title='bbox 1686 837 2118 896; x_wconf 82' lang='lat' dir='ltr'><strong>innotescebant?</strong></span> 
     </span>
    </p>
   </div>
   <div class='ocr_carea' id='block_1_6' title="bbox 542 930 2117 1006">
    <p class='ocr_par' dir='ltr' id='par_1_6' title="bbox 542 930 2117 1006">
     <span class='ocr_line' id='line_1_6' title="bbox 542 930 2117 1006; baseline -0.015 -2"><span class='ocrx_word' id='word_1_35' title='bbox 542 947 696 1004; x_wconf 87' lang='lat' dir='ltr'><strong>Unde</strong></span> <span class='ocrx_word' id='word_1_36' title='bbox 721 944 1022 999; x_wconf 78' lang='lat' dir='ltr'><strong>credibilius</strong></span> <span class='ocrx_word' id='word_1_37' title='bbox 1052 951 1132 994; x_wconf 82' lang='lat' dir='ltr'><strong>est</strong></span> <span class='ocrx_word' id='word_1_38' title='bbox 1152 980 1168 1006; x_wconf 96' lang='lat'><strong>,</strong></span> <span class='ocrx_word' id='word_1_39' title='bbox 1200 956 1302 992; x_wconf 89' lang='lat' dir='ltr'><strong>non</strong></span> <span class='ocrx_word' id='word_1_40' title='bbox 1349 939 1510 992; x_wconf 85' lang='lat' dir='ltr'><strong>Deum</strong></span> <span class='ocrx_word' id='word_1_41' title='bbox 1541 936 1774 990; x_wconf 76' lang='lat' dir='ltr'><strong>noluisse</strong></span> <span class='ocrx_word' id='word_1_42' title='bbox 1815 933 1937 988; x_wconf 74' lang='lat' dir='ltr'><strong>sciri</strong></span> <span class='ocrx_word' id='word_1_43' title='bbox 1978 930 2117 1002; x_wconf 88' lang='lat' dir='ltr'><strong>quod</strong></span> 
     </span>
    </p>
   </div>
   <div class='ocr_carea' id='block_1_7' title="bbox 535 1021 2116 1104">
    <p class='ocr_par' dir='ltr' id='par_1_7' title="bbox 535 1021 2116 1104">
     <span class='ocr_line' id='line_1_7' title="bbox 535 1021 2116 1104; baseline -0.009 -14"><span class='ocrx_word' id='word_1_44' title='bbox 535 1038 700 1091; x_wconf 85' lang='lat' dir='ltr'><strong>voluit</strong></span> <span class='ocrx_word' id='word_1_45' title='bbox 730 1037 745 1066; x_wconf 78' lang='grc' dir='ltr'>ί</span> <span class='ocrx_word' id='word_1_46' title='bbox 776 1031 1079 1104; x_wconf 70' lang='lat' dir='ltr'><strong>praedicari,</strong></span> <span class='ocrx_word' id='word_1_47' title='bbox 1112 1029 1205 1084; x_wconf 84' lang='lat' dir='ltr'><strong>sed</strong></span> <span class='ocrx_word' id='word_1_48' title='bbox 1237 1028 1467 1081; x_wconf 88' lang='lat' dir='ltr'><strong>noluisse</strong></span> <span class='ocrx_word' id='word_1_49' title='bbox 1504 1025 1776 1098; x_wconf 68' lang='lat' dir='ltr'><strong>prmdiCari</strong></span> <span class='ocrx_word' id='word_1_50' title='bbox 1802 1021 1944 1093; x_wconf 89' lang='lat' dir='ltr'><strong>quod</strong></span> <span class='ocrx_word' id='word_1_51' title='bbox 1970 1021 2116 1075; x_wconf 86' lang='lat' dir='ltr'><strong>vide-</strong></span> 
     </span>
    </p>
   </div>
   <div class='ocr_carea' id='block_1_8' title="bbox 537 1121 1150 1183">
    <p class='ocr_par' dir='ltr' id='par_1_8' title="bbox 537 1121 1150 1183">
     <span class='ocr_line' id='line_1_8' title="bbox 537 1121 1150 1183; baseline -0.015 0"><span class='ocrx_word' id='word_1_52' title='bbox 537 1130 626 1183; x_wconf 82' lang='lat' dir='ltr'><strong>bat</strong></span> <span class='ocrx_word' id='word_1_53' title='bbox 653 1142 754 1180; x_wconf 93' lang='lat' dir='ltr'><strong>non</strong></span> <span class='ocrx_word' id='word_1_54' title='bbox 785 1125 977 1177; x_wconf 90' lang='lat' dir='ltr'><strong>utiliter</strong></span> <span class='ocrx_word' id='word_1_55' title='bbox 1005 1121 1150 1174; x_wconf 77' lang='lat' dir='ltr'><strong>sciri.</strong></span> 
     </span>
    </p>
   </div>
   <div class='ocr_carea' id='block_1_9' title="bbox 606 1206 2118 1286">
    <p class='ocr_par' dir='ltr' id='par_1_9' title="bbox 606 1206 2118 1286">
     <span class='ocr_line' id='line_1_9' title="bbox 606 1206 2118 1286; baseline -0.011 -12"><span class='ocrx_word' id='word_1_56' title='bbox 606 1219 658 1274; x_wconf 88' lang='grc'><strong>6.</strong></span> <span class='ocrx_word' id='word_1_57' title='bbox 689 1216 790 1271; x_wconf 85' lang='lat' dir='ltr'><strong>Cur</strong></span> <span class='ocrx_word' id='word_1_58' title='bbox 819 1232 955 1286; x_wconf 87' lang='lat' dir='ltr'><strong>ergo,</strong></span> <span class='ocrx_word' id='word_1_59' title='bbox 991 1213 1182 1282; x_wconf 78' lang='lat' dir='ltr'><strong>inquis,</strong></span> <span class='ocrx_word' id='word_1_60' title='bbox 1213 1211 1275 1264; x_wconf 89' lang='lat' dir='ltr'><strong>de</strong></span> <span class='ocrx_word' id='word_1_61' title='bbox 1299 1211 1603 1278; x_wconf 77' lang='lat' dir='ltr'><strong>temporibus</strong></span> <span class='ocrx_word' id='word_1_62' title='bbox 1631 1206 1984 1279; x_wconf 87' lang='lat' dir='ltr'><strong>cognoscendis</strong></span> <span class='ocrx_word' id='word_1_63' title='bbox 2012 1206 2118 1274; x_wconf 84' lang='lat' dir='ltr'><strong>ipse</strong></span> 
     </span>
    </p>
   </div>
   <div class='ocr_carea' id='block_1_10' title="bbox 532 1297 2117 1371">
    <p class='ocr_par' dir='ltr' id='par_1_10' title="bbox 532 1297 2117 1371">
     <span class='ocr_line' id='line_1_10' title="bbox 532 1297 2117 1371; baseline -0.011 -8"><span class='ocrx_word' id='word_1_64' title='bbox 532 1308 782 1363; x_wconf 88' lang='lat' dir='ltr'><strong>Dominus</strong></span> <span class='ocrx_word' id='word_1_65' title='bbox 812 1314 998 1371; x_wconf 89' lang='lat' dir='ltr'><strong>monet,</strong></span> <span class='ocrx_word' id='word_1_66' title='bbox 1023 1303 1102 1356; x_wconf 87' lang='lat' dir='ltr'><strong>ubi</strong></span> <span class='ocrx_word' id='word_1_67' title='bbox 1125 1302 1244 1356; x_wconf 82' lang='lat' dir='ltr'><strong>dicit</strong></span> <span class='ocrx_word' id='word_1_68' title='bbox 1270 1317 1288 1354; x_wconf 89' lang='lat'><strong>:</strong></span> <span class='ocrx_word' id='word_1_69' title='bbox 1314 1320 1331 1352; x_wconf 80' lang='grc' dir='ltr'><strong>ι</strong></span> <span class='ocrx_word' id='word_1_70' title='bbox 1361 1301 1605 1366; x_wconf 82' lang='lat' dir='ltr'><strong>Quisnam</strong></span> <span class='ocrx_word' id='word_1_71' title='bbox 1638 1308 1708 1351; x_wconf 89' lang='lat' dir='ltr'><strong>est</strong></span> <span class='ocrx_word' id='word_1_72' title='bbox 1747 1297 1909 1365; x_wconf 79' lang='lat' dir='ltr'><strong>ﬁdelis</strong></span> <span class='ocrx_word' id='word_1_73' title='bbox 1947 1311 2117 1352; x_wconf 82' lang='lat' dir='ltr'><strong>servus</strong></span> 
     </span>
    </p>
   </div>
   <div class='ocr_carea' id='block_1_11' title="bbox 533 1373 2118 1468">
    <p class='ocr_par' dir='ltr' id='par_1_11' title="bbox 533 1373 2118 1468">
     <span class='ocr_line' id='line_1_11' title="bbox 533 1373 2118 1468; baseline -0.008 -17"><span class='ocrx_word' id='word_1_74' title='bbox 533 1408 580 1454; x_wconf 88' lang='lat' dir='ltr'><strong>et</strong></span> <span class='ocrx_word' id='word_1_75' title='bbox 625 1373 874 1468; x_wconf 72' lang='lat' dir='ltr'><strong>prudens,</strong></span> <span class='ocrx_word' id='word_1_76' title='bbox 920 1410 1062 1463; x_wconf 84' lang='lat' dir='ltr'><strong>quem</strong></span> <span class='ocrx_word' id='word_1_77' title='bbox 1107 1391 1363 1444; x_wconf 76' lang='lat' dir='ltr'><strong>constituit</strong></span> <span class='ocrx_word' id='word_1_78' title='bbox 1407 1391 1640 1460; x_wconf 84' lang='lat' dir='ltr'><strong>dominus</strong></span> <span class='ocrx_word' id='word_1_79' title='bbox 1681 1405 1831 1458; x_wconf 88' lang='lat' dir='ltr'><strong>super</strong></span> <span class='ocrx_word' id='word_1_80' title='bbox 1869 1387 2118 1456; x_wconf 82' lang='lat' dir='ltr'><strong>familiam</strong></span> 
     </span>
    </p>
   </div>
   <div class='ocr_carea' id='block_1_12' title="bbox 529 1477 2118 1556">
    <p class='ocr_par' dir='ltr' id='par_1_12' title="bbox 529 1477 2118 1556">
     <span class='ocr_line' id='line_1_12' title="bbox 529 1477 2118 1556; baseline -0.008 -11"><span class='ocrx_word' id='word_1_81' title='bbox 529 1507 705 1556; x_wconf 80' lang='lat' dir='ltr'><strong>suam,</strong></span> <span class='ocrx_word' id='word_1_82' title='bbox 743 1497 796 1543; x_wconf 89' lang='lat' dir='ltr'><strong>ut</strong></span> <span class='ocrx_word' id='word_1_83' title='bbox 830 1487 910 1540; x_wconf 87' lang='lat' dir='ltr'><strong>det</strong></span> <span class='ocrx_word' id='word_1_84' title='bbox 953 1485 1053 1539; x_wconf 89' lang='lat' dir='ltr'><strong>illis</strong></span> <span class='ocrx_word' id='word_1_85' title='bbox 1089 1485 1250 1537; x_wconf 83' lang='lat' dir='ltr'><strong>cibum</strong></span> <span class='ocrx_word' id='word_1_86' title='bbox 1293 1484 1346 1537; x_wconf 89' lang='lat' dir='ltr'><strong>in</strong></span> <span class='ocrx_word' id='word_1_87' title='bbox 1386 1482 1644 1553; x_wconf 78' lang='lat' dir='ltr'><strong>tempore?</strong></span> <span class='ocrx_word' id='word_1_88' title='bbox 1672 1501 1692 1532; x_wconf 76' lang='grc' dir='ltr'><strong>ι</strong></span> <span class='ocrx_word' id='word_1_89' title='bbox 1719 1489 1820 1534; x_wconf 85' lang='lat' dir='ltr'><strong>etc.</strong></span> <span class='ocrx_word' id='word_1_90' title='bbox 1849 1477 1960 1533; x_wconf 88' lang='lat' dir='ltr'><strong>lmo</strong></span> <span class='ocrx_word' id='word_1_91' title='bbox 1989 1494 2118 1534; x_wconf 89' lang='lat' dir='ltr'><strong>vero</strong></span> 
     </span>
    </p>
   </div>
   <div class='ocr_carea' id='block_1_13' title="bbox 530 1569 2116 1646">
    <p class='ocr_par' dir='ltr' id='par_1_13' title="bbox 530 1569 2116 1646">
     <span class='ocr_line' id='line_1_13' title="bbox 530 1569 2116 1646; baseline -0.009 -9"><span class='ocrx_word' id='word_1_92' title='bbox 530 1588 740 1646; x_wconf 93' lang='lat' dir='ltr'><strong>monet,</strong></span> <span class='ocrx_word' id='word_1_93' title='bbox 765 1594 868 1636; x_wconf 89' lang='lat' dir='ltr'><strong>non</strong></span> <span class='ocrx_word' id='word_1_94' title='bbox 897 1585 955 1631; x_wconf 90' lang='lat' dir='ltr'><strong>ut</strong></span> <span class='ocrx_word' id='word_1_95' title='bbox 987 1577 1156 1629; x_wconf 90' lang='lat' dir='ltr'><strong>bonus</strong></span> <span class='ocrx_word' id='word_1_96' title='bbox 1182 1589 1365 1646; x_wconf 78' lang='lat' dir='ltr'><strong>servus</strong></span> <span class='ocrx_word' id='word_1_97' title='bbox 1403 1579 1691 1642; x_wconf 74' lang='lat' dir='ltr'><strong>cognoscat.</strong></span> <span class='ocrx_word' id='word_1_98' title='bbox 1728 1581 2024 1640; x_wconf 82' lang='lat' dir='ltr'><strong>temporum</strong></span> <span class='ocrx_word' id='word_1_99' title='bbox 2052 1569 2116 1623; x_wconf 86' lang='lat' dir='ltr'><strong>li-</strong></span> 
     </span>
    </p>
   </div>
   <div class='ocr_carea' id='block_1_14' title="bbox 532 1666 2116 1742">
    <p class='ocr_par' dir='ltr' id='par_1_14' title="bbox 532 1666 2116 1742">
     <span class='ocr_line' id='line_1_14' title="bbox 532 1666 2116 1742; baseline -0.007 -12"><span class='ocrx_word' id='word_1_100' title='bbox 532 1691 689 1741; x_wconf 88' lang='lat' dir='ltr'><strong>nem;</strong></span> <span class='ocrx_word' id='word_1_101' title='bbox 717 1674 807 1729; x_wconf 87' lang='lat' dir='ltr'><strong>sed</strong></span> <span class='ocrx_word' id='word_1_102' title='bbox 840 1682 896 1728; x_wconf 88' lang='lat' dir='ltr'><strong>ut</strong></span> <span class='ocrx_word' id='word_1_103' title='bbox 937 1672 1080 1726; x_wconf 89' lang='lat' dir='ltr'><strong>omni</strong></span> <span class='ocrx_word' id='word_1_104' title='bbox 1125 1681 1363 1742; x_wconf 88' lang='lat' dir='ltr'><strong>tempore</strong></span> <span class='ocrx_word' id='word_1_105' title='bbox 1411 1670 1462 1722; x_wconf 90' lang='lat' dir='ltr'><strong>in</strong></span> <span class='ocrx_word' id='word_1_106' title='bbox 1511 1683 1674 1738; x_wconf 84' lang='lat' dir='ltr'><strong>opere</strong></span> <span class='ocrx_word' id='word_1_107' title='bbox 1721 1666 1862 1732; x_wconf 83' lang='lat' dir='ltr'><strong>bono</strong></span> <span class='ocrx_word' id='word_1_108' title='bbox 1906 1667 2116 1738; x_wconf 78' lang='lat' dir='ltr'><strong>vigilet,</strong></span> 
     </span>
    </p>
   </div>
   <div class='ocr_carea' id='block_1_15' title="bbox 532 1759 2114 1838">
    <p class='ocr_par' dir='ltr' id='par_1_15' title="bbox 532 1759 2114 1838">
     <span class='ocr_line' id='line_1_15' title="bbox 532 1759 2114 1838; baseline -0.009 -16"><span class='ocrx_word' id='word_1_109' title='bbox 532 1768 652 1838; x_wconf 84' lang='lat' dir='ltr'><strong>quia</strong></span> <span class='ocrx_word' id='word_1_110' title='bbox 680 1766 850 1821; x_wconf 87' lang='lat' dir='ltr'><strong>nescit</strong></span> <span class='ocrx_word' id='word_1_111' title='bbox 879 1771 1177 1836; x_wconf 75' lang='lat' dir='ltr'><strong>temporum</strong></span> <span class='ocrx_word' id='word_1_112' title='bbox 1212 1761 1389 1830; x_wconf 72' lang='lat' dir='ltr'><strong>tinent.</strong></span> <span class='ocrx_word' id='word_1_113' title='bbox 1420 1759 1530 1813; x_wconf 71' lang='lat' dir='ltr'><strong>Non</strong></span> <span class='ocrx_word' id='word_1_114' title='bbox 1562 1769 1741 1814; x_wconf 85' lang='lat' dir='ltr'><strong>monet</strong></span> <span class='ocrx_word' id='word_1_115' title='bbox 1775 1766 1832 1826; x_wconf 85' lang='lat' dir='ltr'><strong>ut</strong></span> <span class='ocrx_word' id='word_1_116' title='bbox 1859 1766 2114 1838; x_wconf 89' lang='lat' dir='ltr'><strong>tempora,</strong></span> 
     </span>
    </p>
   </div>
   <div class='ocr_carea' id='block_1_16' title="bbox 531 1855 2119 1930">
    <p class='ocr_par' dir='ltr' id='par_1_16' title="bbox 531 1855 2119 1930">
     <span class='ocr_line' id='line_1_16' title="bbox 531 1855 2119 1930; baseline -0.008 -18"><span class='ocrx_word' id='word_1_117' title='bbox 531 1873 652 1930; x_wconf 71' lang='lat' dir='ltr'><strong>quze</strong></span> <span class='ocrx_word' id='word_1_118' title='bbox 683 1858 834 1910; x_wconf 78' lang='lat' dir='ltr'><strong>l’ater</strong></span> <span class='ocrx_word' id='word_1_119' title='bbox 859 1855 1033 1924; x_wconf 84' lang='lat' dir='ltr'><strong>posuit</strong></span> <span class='ocrx_word' id='word_1_120' title='bbox 1067 1857 1115 1906; x_wconf 89' lang='lat' dir='ltr'><strong>in</strong></span> <span class='ocrx_word' id='word_1_121' title='bbox 1147 1868 1241 1906; x_wconf 91' lang='lat' dir='ltr'><strong>sua</strong></span> <span class='ocrx_word' id='word_1_122' title='bbox 1273 1861 1531 1928; x_wconf 90' lang='lat' dir='ltr'><strong>potestate</strong></span> <span class='ocrx_word' id='word_1_123' title='bbox 1551 1890 1564 1912; x_wconf 89' lang='lat'><strong>,</strong></span> <span class='ocrx_word' id='word_1_124' title='bbox 1591 1864 1938 1918; x_wconf 78' lang='lat' dir='ltr'><strong>assequamur</strong></span> <span class='ocrx_word' id='word_1_125' title='bbox 1961 1863 2119 1920; x_wconf 80' lang='lat' dir='ltr'><strong>super</strong></span> 
     </span>
    </p>
   </div>
   <div class='ocr_carea' id='block_1_17' title="bbox 531 1939 2114 2016">
    <p class='ocr_par' dir='ltr' id='par_1_17' title="bbox 531 1939 2114 2016">
     <span class='ocr_line' id='line_1_17' title="bbox 531 1939 2114 2016; baseline -0.006 -14"><span class='ocrx_word' id='word_1_126' title='bbox 531 1947 850 2016; x_wconf 85' lang='lat' dir='ltr'><strong>Apostolqs;</strong></span> <span class='ocrx_word' id='word_1_127' title='bbox 892 1945 984 1998; x_wconf 91' lang='lat' dir='ltr'><strong>sed</strong></span> <span class='ocrx_word' id='word_1_128' title='bbox 1027 1951 1207 2014; x_wconf 84' lang='lat' dir='ltr'><strong>monet</strong></span> <span class='ocrx_word' id='word_1_129' title='bbox 1242 1953 1297 2000; x_wconf 85' lang='lat' dir='ltr'><strong>ut</strong></span> <span class='ocrx_word' id='word_1_130' title='bbox 1331 1941 1578 2014; x_wconf 89' lang='lat' dir='ltr'><strong>quoniam</strong></span> <span class='ocrx_word' id='word_1_131' title='bbox 1620 1940 1882 2000; x_wconf 75' lang='lat' dir='ltr'><strong>nescimus</strong></span> <span class='ocrx_word' id='word_1_132' title='bbox 1903 1939 2114 2009; x_wconf 84' lang='lat' dir='ltr'><strong>quando</strong></span> 
     </span>
    </p>
   </div>
   <div class='ocr_carea' id='block_1_18' title="bbox 530 2031 2113 2106">
    <p class='ocr_par' dir='ltr' id='par_1_18' title="bbox 530 2031 2113 2106">
     <span class='ocr_line' id='line_1_18' title="bbox 530 2031 2113 2106; baseline -0.006 -13"><span class='ocrx_word' id='word_1_133' title='bbox 530 2040 707 2093; x_wconf 91' lang='lat' dir='ltr'><strong>veniat</strong></span> <span class='ocrx_word' id='word_1_134' title='bbox 749 2038 1034 2100; x_wconf 84' lang='lat' dir='ltr'><strong>Dominus,</strong></span> <span class='ocrx_word' id='word_1_135' title='bbox 1090 2037 1144 2100; x_wconf 83' lang='lat' dir='ltr'><strong>in</strong></span> <span class='ocrx_word' id='word_1_136' title='bbox 1192 2034 1368 2106; x_wconf 84' lang='lat' dir='ltr'><strong>cordis</strong></span> <span class='ocrx_word' id='word_1_137' title='bbox 1420 2031 1803 2106; x_wconf 70' lang='lat' dir='ltr'><strong>prmparatione</strong></span> <span class='ocrx_word' id='word_1_138' title='bbox 1849 2031 2113 2102; x_wconf 79' lang='lat' dir='ltr'><strong>imitentur</strong></span> 
     </span>
    </p>
   </div>
   <div class='ocr_carea' id='block_1_19' title="bbox 530 2121 2118 2200">
    <p class='ocr_par' dir='ltr' id='par_1_19' title="bbox 530 2121 2118 2200">
     <span class='ocr_line' id='line_1_19' title="bbox 530 2121 2118 2200; baseline -0.006 -16"><span class='ocrx_word' id='word_1_139' title='bbox 530 2129 817 2200; x_wconf 82' lang='lat' dir='ltr'><strong>Apostolos</strong></span> <span class='ocrx_word' id='word_1_140' title='bbox 846 2147 858 2182; x_wconf 92' lang='lat'><strong>:</strong></span> <span class='ocrx_word' id='word_1_141' title='bbox 887 2126 1030 2181; x_wconf 88' lang='lat' dir='ltr'><strong>unde</strong></span> <span class='ocrx_word' id='word_1_142' title='bbox 1051 2127 1159 2196; x_wconf 90' lang='lat' dir='ltr'><strong>jam</strong></span> <span class='ocrx_word' id='word_1_143' title='bbox 1186 2141 1345 2194; x_wconf 83' lang='lat' dir='ltr'><strong>supra</strong></span> <span class='ocrx_word' id='word_1_144' title='bbox 1373 2124 1501 2178; x_wconf 83' lang='lat' dir='ltr'><strong>satis</strong></span> <span class='ocrx_word' id='word_1_145' title='bbox 1528 2123 1736 2196; x_wconf 74' lang='lat' dir='ltr'><strong>locutus</strong></span> <span class='ocrx_word' id='word_1_146' title='bbox 1761 2137 1899 2190; x_wconf 81' lang='lat' dir='ltr'><strong>sum.</strong></span> <span class='ocrx_word' id='word_1_147' title='bbox 1932 2121 2118 2194; x_wconf 80' lang='lat' dir='ltr'><strong>Arguit</strong></span> 
     </span>
    </p>
   </div>
   <div class='ocr_carea' id='block_1_20' title="bbox 528 2211 2114 2296">
    <p class='ocr_par' dir='ltr' id='par_1_20' title="bbox 528 2211 2114 2296">
     <span class='ocr_line' id='line_1_20' title="bbox 528 2211 2114 2296; baseline -0.008 -20"><span class='ocrx_word' id='word_1_148' title='bbox 528 2231 703 2276; x_wconf 86' lang='lat' dir='ltr'><strong>autem</strong></span> <span class='ocrx_word' id='word_1_149' title='bbox 735 2219 946 2274; x_wconf 64' lang='lat' dir='ltr'><strong>Judazos</strong></span> <span class='ocrx_word' id='word_1_150' title='bbox 975 2232 1142 2288; x_wconf 90' lang='lat' dir='ltr'><strong>quare</strong></span> <span class='ocrx_word' id='word_1_151' title='bbox 1169 2227 1375 2288; x_wconf 83' lang='lat' dir='ltr'><strong>tempus</strong></span> <span class='ocrx_word' id='word_1_152' title='bbox 1403 2230 1506 2268; x_wconf 92' lang='lat' dir='ltr'><strong>non</strong></span> <span class='ocrx_word' id='word_1_153' title='bbox 1537 2221 1878 2296; x_wconf 71' lang='lat' dir='ltr'><strong>cognoscant,</strong></span> <span class='ocrx_word' id='word_1_154' title='bbox 1908 2211 2114 2277; x_wconf 90' lang='lat' dir='ltr'><strong>dicens,</strong></span> 
     </span>
    </p>
   </div>
   <div class='ocr_carea' id='block_1_21' title="bbox 533 2300 2114 2383">
    <p class='ocr_par' dir='ltr' id='par_1_21' title="bbox 533 2300 2114 2383">
     <span class='ocr_line' id='line_1_21' title="bbox 533 2300 2114 2383; baseline -0.007 -17"><span class='ocrx_word' id='word_1_155' title='bbox 533 2310 848 2383; x_wconf 69' lang='lat' dir='ltr'><strong>Hypocritaz,</strong></span> <span class='ocrx_word' id='word_1_156' title='bbox 896 2308 1074 2379; x_wconf 79' lang='lat' dir='ltr'><strong>faciem</strong></span> <span class='ocrx_word' id='word_1_157' title='bbox 1111 2307 1221 2361; x_wconf 69' lang='grc' dir='ltr'><strong>ειειὶ</strong></span> <span class='ocrx_word' id='word_1_158' title='bbox 1261 2306 1462 2376; x_wconf 79' lang='lat' dir='ltr'><strong>potestis</strong></span> <span class='ocrx_word' id='word_1_159' title='bbox 1506 2304 1750 2374; x_wconf 84' lang='lat' dir='ltr'><strong>probare,</strong></span> <span class='ocrx_word' id='word_1_160' title='bbox 1802 2312 1904 2358; x_wconf 86' lang='lat' dir='ltr'><strong>etc.</strong></span> <span class='ocrx_word' id='word_1_161' title='bbox 1967 2300 2114 2376; x_wconf 87' lang='lat' dir='ltr'><strong>(Luc.</strong></span> 
     </span>
    </p>
   </div>
   <div class='ocr_carea' id='block_1_22' title="bbox 531 2393 2120 2468">
    <p class='ocr_par' dir='ltr' id='par_1_22' title="bbox 531 2393 2120 2468">
     <span class='ocr_line' id='line_1_22' title="bbox 531 2393 2120 2468; baseline -0.006 -12"><span class='ocrx_word' id='word_1_162' title='bbox 531 2417 625 2465; x_wconf 77' lang='lat' dir='ltr'><strong>xu,</strong></span> <span class='ocrx_word' id='word_1_163' title='bbox 648 2400 736 2463; x_wconf 74' lang='grc'><strong>42,</strong></span> <span class='ocrx_word' id='word_1_164' title='bbox 771 2400 902 2468; x_wconf 84' lang='grc'><strong>56);</strong></span> <span class='ocrx_word' id='word_1_165' title='bbox 937 2397 1184 2468; x_wconf 86' lang='lat' dir='ltr'><strong>quoniam</strong></span> <span class='ocrx_word' id='word_1_166' title='bbox 1224 2395 1352 2448; x_wconf 91' lang='lat' dir='ltr'><strong>illud</strong></span> <span class='ocrx_word' id='word_1_167' title='bbox 1392 2404 1599 2468; x_wconf 76' lang='lat' dir='ltr'><strong>tempus</strong></span> <span class='ocrx_word' id='word_1_168' title='bbox 1627 2410 1731 2448; x_wconf 86' lang='lat' dir='ltr'><strong>non</strong></span> <span class='ocrx_word' id='word_1_169' title='bbox 1763 2393 2120 2464; x_wconf 72' lang='lat' dir='ltr'><strong>agnoscebant</strong></span> 
     </span>
    </p>
   </div>
   <div class='ocr_carea' id='block_1_23' title="bbox 530 2483 2114 2562">
    <p class='ocr_par' dir='ltr' id='par_1_23' title="bbox 530 2483 2114 2562">
     <span class='ocr_line' id='line_1_23' title="bbox 530 2483 2114 2562; baseline -0.004 -18"><span class='ocrx_word' id='word_1_170' title='bbox 530 2491 671 2562; x_wconf 91' lang='lat' dir='ltr'><strong>quod</strong></span> <span class='ocrx_word' id='word_1_171' title='bbox 698 2491 805 2561; x_wconf 84' lang='lat' dir='ltr'><strong>jam</strong></span> <span class='ocrx_word' id='word_1_172' title='bbox 832 2489 1038 2560; x_wconf 80' lang='lat' dir='ltr'><strong>volebat</strong></span> <span class='ocrx_word' id='word_1_173' title='bbox 1065 2487 1300 2556; x_wconf 81' lang='lat' dir='ltr'><strong>agnosci,</strong></span> <span class='ocrx_word' id='word_1_174' title='bbox 1333 2485 1383 2540; x_wconf 92' lang='lat' dir='ltr'><strong>id</strong></span> <span class='ocrx_word' id='word_1_175' title='bbox 1415 2495 1498 2541; x_wconf 88' lang='lat' dir='ltr'><strong>est</strong></span> <span class='ocrx_word' id='word_1_176' title='bbox 1527 2485 1675 2555; x_wconf 86' lang='lat' dir='ltr'><strong>primi</strong></span> <span class='ocrx_word' id='word_1_177' title='bbox 1705 2483 1965 2558; x_wconf 82' lang='lat' dir='ltr'><strong>adventus</strong></span> <span class='ocrx_word' id='word_1_178' title='bbox 1991 2483 2070 2538; x_wconf 90' lang='lat' dir='ltr'><strong>sui</strong></span> <span class='ocrx_word' id='word_1_179' title='bbox 2099 2524 2114 2554; x_wconf 88' lang='lat'><strong>,</strong></span> 
     </span>
    </p>
   </div>
   <div class='ocr_carea' id='block_1_24' title="bbox 533 2575 2120 2654">
    <p class='ocr_par' dir='ltr' id='par_1_24' title="bbox 533 2575 2120 2654">
     <span class='ocr_line' id='line_1_24' title="bbox 533 2575 2120 2654; baseline -0.006 -17"><span class='ocrx_word' id='word_1_180' title='bbox 533 2599 638 2654; x_wconf 92' lang='lat' dir='ltr'><strong>quo</strong></span> <span class='ocrx_word' id='word_1_181' title='bbox 668 2583 720 2636; x_wconf 90' lang='lat' dir='ltr'><strong>in</strong></span> <span class='ocrx_word' id='word_1_182' title='bbox 747 2598 868 2636; x_wconf 90' lang='lat' dir='ltr'><strong>eum</strong></span> <span class='ocrx_word' id='word_1_183' title='bbox 895 2579 1177 2634; x_wconf 86' lang='lat' dir='ltr'><strong>crederent</strong></span> <span class='ocrx_word' id='word_1_184' title='bbox 1201 2579 1287 2648; x_wconf 93' lang='lat' dir='ltr'><strong>qui</strong></span> <span class='ocrx_word' id='word_1_185' title='bbox 1310 2577 1536 2632; x_wconf 84' lang='lat' dir='ltr'><strong>alterum</strong></span> <span class='ocrx_word' id='word_1_186' title='bbox 1565 2577 1678 2647; x_wconf 84' lang='lat' dir='ltr'><strong>ejus</strong></span> <span class='ocrx_word' id='word_1_187' title='bbox 1702 2576 1982 2630; x_wconf 85' lang='lat' dir='ltr'><strong>adventum</strong></span> <span class='ocrx_word' id='word_1_188' title='bbox 2012 2575 2120 2646; x_wconf 81' lang='lat' dir='ltr'><strong>vel-</strong></span> 
     </span>
    </p>
   </div>
   <div class='ocr_carea' id='block_1_25' title="bbox 535 2666 2118 2744">
    <p class='ocr_par' dir='ltr' id='par_1_25' title="bbox 535 2666 2118 2744">
     <span class='ocr_line' id='line_1_25' title="bbox 535 2666 2118 2744; baseline -0.006 -15"><span class='ocrx_word' id='word_1_189' title='bbox 535 2675 646 2730; x_wconf 84' lang='lat' dir='ltr'><strong>lent</strong></span> <span class='ocrx_word' id='word_1_190' title='bbox 691 2679 1002 2742; x_wconf 74' lang='lat' dir='ltr'><strong>exspectare</strong></span> <span class='ocrx_word' id='word_1_191' title='bbox 1054 2670 1332 2740; x_wconf 82' lang='lat' dir='ltr'><strong>vigilantes</strong></span> <span class='ocrx_word' id='word_1_192' title='bbox 1361 2709 1376 2734; x_wconf 90' lang='lat'><strong>,</strong></span> <span class='ocrx_word' id='word_1_193' title='bbox 1422 2667 1864 2744; x_wconf 80' lang='lat' dir='ltr'><strong>quandocumque</strong></span> <span class='ocrx_word' id='word_1_194' title='bbox 1916 2666 2118 2720; x_wconf 77' lang='lat' dir='ltr'><strong>l‘utttrus</strong></span> 
     </span>
    </p>
   </div>
   <div class='ocr_carea' id='block_1_26' title="bbox 533 2758 2120 2836">
    <p class='ocr_par' dir='ltr' id='par_1_26' title="bbox 533 2758 2120 2836">
     <span class='ocr_line' id='line_1_26' title="bbox 533 2758 2120 2836; baseline -0.006 -16"><span class='ocrx_word' id='word_1_195' title='bbox 533 2772 695 2820; x_wconf 86' lang='lat' dir='ltr'><strong>esset.</strong></span> <span class='ocrx_word' id='word_1_196' title='bbox 723 2763 821 2830; x_wconf 85' lang='lat' dir='ltr'><strong>Qui</strong></span> <span class='ocrx_word' id='word_1_197' title='bbox 843 2763 983 2818; x_wconf 82' lang='lat' dir='ltr'><strong>enim</strong></span> <span class='ocrx_word' id='word_1_198' title='bbox 1001 2761 1281 2815; x_wconf 82' lang='lat' dir='ltr'><strong>adventum</strong></span> <span class='ocrx_word' id='word_1_199' title='bbox 1314 2759 1519 2813; x_wconf 90' lang='lat' dir='ltr'><strong>Domini</strong></span> <span class='ocrx_word' id='word_1_200' title='bbox 1551 2775 1655 2812; x_wconf 88' lang='lat' dir='ltr'><strong>non</strong></span> <span class='ocrx_word' id='word_1_201' title='bbox 1687 2759 1990 2836; x_wconf 68' lang='lat' dir='ltr'><strong>cognoverit</strong></span> <span class='ocrx_word' id='word_1_202' title='bbox 2014 2758 2120 2830; x_wconf 87' lang='lat' dir='ltr'><strong>pri-</strong></span> 
     </span>
    </p>
   </div>
   <div class='ocr_carea' id='block_1_27' title="bbox 533 2849 2120 2925">
    <p class='ocr_par' dir='ltr' id='par_1_27' title="bbox 533 2849 2120 2925">
     <span class='ocr_line' id='line_1_27' title="bbox 533 2849 2120 2925; baseline -0.005 -15"><span class='ocrx_word' id='word_1_203' title='bbox 533 2872 704 2920; x_wconf 89' lang='lat' dir='ltr'><strong>mum,</strong></span> <span class='ocrx_word' id='word_1_204' title='bbox 733 2869 1031 2925; x_wconf 86' lang='lat' dir='ltr'><strong>pra-parare</strong></span> <span class='ocrx_word' id='word_1_205' title='bbox 1069 2868 1128 2918; x_wconf 80' lang='lat' dir='ltr'><strong>se</strong></span> <span class='ocrx_word' id='word_1_206' title='bbox 1153 2867 1256 2914; x_wconf 90' lang='lat' dir='ltr'><strong>non</strong></span> <span class='ocrx_word' id='word_1_207' title='bbox 1303 2852 1495 2921; x_wconf 88' lang='lat' dir='ltr'><strong>poterit</strong></span> <span class='ocrx_word' id='word_1_208' title='bbox 1541 2849 1607 2903; x_wconf 91' lang='lat' dir='ltr'><strong>ad</strong></span> <span class='ocrx_word' id='word_1_209' title='bbox 1660 2849 1972 2916; x_wconf 80' lang='lat' dir='ltr'><strong>secundum,</strong></span> <span class='ocrx_word' id='word_1_210' title='bbox 2003 2863 2120 2902; x_wconf 88' lang='lat' dir='ltr'><strong>cre-</strong></span> 
     </span>
    </p>
   </div>
   <div class='ocr_carea' id='block_1_28' title="bbox 532 2938 2118 3018">
    <p class='ocr_par' dir='ltr' id='par_1_28' title="bbox 532 2938 2118 3018">
     <span class='ocr_line' id='line_1_28' title="bbox 532 2938 2118 3018; baseline -0.003 -17"><span class='ocrx_word' id='word_1_211' title='bbox 532 2945 774 3001; x_wconf 89' lang='lat' dir='ltr'><strong>dendoin</strong></span> <span class='ocrx_word' id='word_1_212' title='bbox 793 2960 914 3000; x_wconf 90' lang='lat' dir='ltr'><strong>eum</strong></span> <span class='ocrx_word' id='word_1_213' title='bbox 949 2943 1275 3013; x_wconf 77' lang='lat' dir='ltr'><strong>fideliterque</strong></span> <span class='ocrx_word' id='word_1_214' title='bbox 1306 2940 1590 3011; x_wconf 77' lang='lat' dir='ltr'><strong>vigilando,</strong></span> <span class='ocrx_word' id='word_1_215' title='bbox 1614 2957 1679 3014; x_wconf 84' lang='lat' dir='ltr'><strong>ne</strong></span> <span class='ocrx_word' id='word_1_216' title='bbox 1703 2938 1846 2993; x_wconf 89' lang='lat' dir='ltr'><strong>illum</strong></span> <span class='ocrx_word' id='word_1_217' title='bbox 1871 2951 2118 3018; x_wconf 74' lang='lat' dir='ltr'><strong>tanquam</strong></span> 
     </span>
    </p>
   </div>
   <div class='ocr_carea' id='block_1_29' title="bbox 531 3031 2115 3106">
    <p class='ocr_par' dir='ltr' id='par_1_29' title="bbox 531 3031 2115 3106">
     <span class='ocr_line' id='line_1_29' title="bbox 531 3031 2115 3106; baseline -0.006 -13"><span class='ocrx_word' id='word_1_218' title='bbox 531 3036 616 3093; x_wconf 78' lang='lat' dir='ltr'><strong>fur</strong></span> <span class='ocrx_word' id='word_1_219' title='bbox 661 3038 711 3092; x_wconf 93' lang='lat' dir='ltr'><strong>in</strong></span> <span class='ocrx_word' id='word_1_220' title='bbox 760 3037 992 3092; x_wconf 78' lang='lat' dir='ltr'><strong>tenebris</strong></span> <span class='ocrx_word' id='word_1_221' title='bbox 1027 3033 1474 3106; x_wconf 88' lang='lat' dir='ltr'><strong>comprehendat,</strong></span> <span class='ocrx_word' id='word_1_222' title='bbox 1517 3033 1629 3088; x_wconf 85' lang='lat' dir='ltr'><strong>sive</strong></span> <span class='ocrx_word' id='word_1_223' title='bbox 1657 3032 1855 3087; x_wconf 86' lang='lat' dir='ltr'><strong>tardius</strong></span> <span class='ocrx_word' id='word_1_224' title='bbox 1875 3031 2115 3104; x_wconf 86' lang='lat' dir='ltr'><strong>venerit,</strong></span> 
     </span>
    </p>
   </div>
   <div class='ocr_carea' id='block_1_30' title="bbox 531 3129 1292 3200">
    <p class='ocr_par' dir='ltr' id='par_1_30' title="bbox 531 3129 1292 3200">
     <span class='ocr_line' id='line_1_30' title="bbox 531 3129 1292 3200; baseline -0.009 -15"><span class='ocrx_word' id='word_1_225' title='bbox 531 3129 644 3185; x_wconf 80' lang='lat' dir='ltr'><strong>sive</strong></span> <span class='ocrx_word' id='word_1_226' title='bbox 671 3129 823 3188; x_wconf 81' lang='lat' dir='ltr'><strong>citius</strong></span> <span class='ocrx_word' id='word_1_227' title='bbox 853 3143 1008 3195; x_wconf 86' lang='lat' dir='ltr'><strong>quam</strong></span> <span class='ocrx_word' id='word_1_228' title='bbox 1032 3138 1292 3200; x_wconf 84' lang='lat' dir='ltr'><strong>speratur.</strong></span> 
     </span>
    </p>
   </div>
   <div class='ocr_carea' id='block_1_31' title="bbox 604 3215 2120 3292">
    <p class='ocr_par' dir='ltr' id='par_1_31' title="bbox 604 3215 2120 3292">
     <span class='ocr_line' id='line_1_31' title="bbox 604 3215 2120 3292; baseline -0.003 -20"><span class='ocrx_word' id='word_1_229' title='bbox 604 3217 827 3292; x_wconf 70' lang='lat' dir='ltr'><strong>CAPUT</strong></span> <span class='ocrx_word' id='word_1_230' title='bbox 871 3217 1039 3272; x_wconf 89' lang='lat' dir='ltr'><strong>lll.——</strong></span> <span class='ocrx_word' id='word_1_231' title='bbox 1078 3218 1126 3269; x_wconf 93' lang='lat'><strong>7.</strong></span> <span class='ocrx_word' id='word_1_232' title='bbox 1171 3216 1304 3290; x_wconf 78' lang='lat' dir='ltr'><strong>Dicit</strong></span> <span class='ocrx_word' id='word_1_233' title='bbox 1329 3216 1509 3280; x_wconf 85' lang='lat' dir='ltr'><strong>etiam.</strong></span> <span class='ocrx_word' id='word_1_234' title='bbox 1536 3215 2120 3292; x_wconf 42' lang='lat' dir='ltr'><strong>sicutadmones,ap_o,-</strong></span> 
     </span>
    </p>
   </div>
   <div class='ocr_carea' id='block_1_32' title="bbox 534 3288 2118 3380">
    <p class='ocr_par' dir='ltr' id='par_1_32' title="bbox 534 3288 2118 3380">
     <span class='ocr_line' id='line_1_32' title="bbox 534 3288 2118 3380; baseline -0.003 -14"><span class='ocrx_word' id='word_1_235' title='bbox 534 3313 702 3367; x_wconf 83' lang='lat' dir='ltr'><strong>slolus</strong></span> <span class='ocrx_word' id='word_1_236' title='bbox 732 3288 946 3374; x_wconf 72' lang='lat' dir='ltr'><strong>l’aulus,</strong></span> <span class='ocrx_word' id='word_1_237' title='bbox 991 3307 1054 3361; x_wconf 82' lang='lat' dir='ltr'><strong>In</strong></span> <span class='ocrx_word' id='word_1_238' title='bbox 1085 3288 1361 3361; x_wconf 83' lang='lat' dir='ltr'><strong>novissimis</strong></span> <span class='ocrx_word' id='word_1_239' title='bbox 1390 3308 1690 3380; x_wconf 82' lang='lat' dir='ltr'><strong>temporibus</strong></span> <span class='ocrx_word' id='word_1_240' title='bbox 1715 3307 1968 3360; x_wconf 88' lang='lat' dir='ltr'><strong>instabunt</strong></span> <span class='ocrx_word' id='word_1_241' title='bbox 1988 3288 2118 3368; x_wconf 65' lang='lat' dir='ltr'><strong>tein-</strong></span> 
     </span>
    </p>
   </div>
   <div class='ocr_carea' id='block_1_33' title="bbox 533 3397 2117 3476">
    <p class='ocr_par' dir='ltr' id='par_1_33' title="bbox 533 3397 2117 3476">
     <span class='ocr_line' id='line_1_33' title="bbox 533 3397 2117 3476; baseline -0.005 -18"><span class='ocrx_word' id='word_1_242' title='bbox 533 3421 658 3476; x_wconf 91' lang='lat' dir='ltr'><strong>pora</strong></span> <span class='ocrx_word' id='word_1_243' title='bbox 676 3401 976 3473; x_wconf 86' lang='lat' dir='ltr'><strong>periculosa,</strong></span> <span class='ocrx_word' id='word_1_244' title='bbox 993 3411 1046 3472; x_wconf 91' lang='lat' dir='ltr'><strong>et</strong></span> <span class='ocrx_word' id='word_1_245' title='bbox 1065 3400 1261 3473; x_wconf 81' lang='lat' dir='ltr'><strong>reliqua</strong></span> <span class='ocrx_word' id='word_1_246' title='bbox 1286 3397 1348 3468; x_wconf 88' lang='lat' dir='ltr'><strong>(ll</strong></span> <span class='ocrx_word' id='word_1_247' title='bbox 1371 3397 1499 3450; x_wconf 83' lang='lat' dir='ltr'><strong>Tim.</strong></span> <span class='ocrx_word' id='word_1_248' title='bbox 1527 3413 1604 3462; x_wconf 87' lang='grc' dir='ltr'><strong>ιιι,</strong></span> <span class='ocrx_word' id='word_1_249' title='bbox 1633 3397 1708 3467; x_wconf 85' lang='grc'><strong>1).</strong></span> <span class='ocrx_word' id='word_1_250' title='bbox 1731 3398 1845 3471; x_wconf 77' lang='lat' dir='ltr'><strong>Sed</strong></span> <span class='ocrx_word' id='word_1_251' title='bbox 1864 3398 2117 3474; x_wconf 74' lang='lat' dir='ltr'><strong>numquid</strong></span> 
     </span>
    </p>
   </div>
   <div class='ocr_carea' id='block_1_34' title="bbox 535 3488 2118 3568">
    <p class='ocr_par' dir='ltr' id='par_1_34' title="bbox 535 3488 2118 3568">
     <span class='ocr_line' id='line_1_34' title="bbox 535 3488 2118 3568; baseline -0.011 -19"><span class='ocrx_word' id='word_1_252' title='bbox 535 3495 655 3549; x_wconf 80' lang='lat' dir='ltr'><strong>ideo</strong></span> <span class='ocrx_word' id='word_1_253' title='bbox 680 3493 838 3548; x_wconf 82' lang='lat' dir='ltr'><strong>docet</strong></span> <span class='ocrx_word' id='word_1_254' title='bbox 868 3501 1125 3562; x_wconf 88' lang='lat' dir='ltr'><strong>tempora,</strong></span> <span class='ocrx_word' id='word_1_255' title='bbox 1176 3505 1294 3558; x_wconf 78' lang='lat' dir='ltr'><strong>qua:</strong></span> <span class='ocrx_word' id='word_1_256' title='bbox 1337 3488 1494 3542; x_wconf 85' lang='lat' dir='ltr'><strong>Pater</strong></span> <span class='ocrx_word' id='word_1_257' title='bbox 1535 3489 1710 3558; x_wconf 86' lang='lat' dir='ltr'><strong>posuit</strong></span> <span class='ocrx_word' id='word_1_258' title='bbox 1750 3491 1802 3541; x_wconf 89' lang='lat' dir='ltr'><strong>in</strong></span> <span class='ocrx_word' id='word_1_259' title='bbox 1839 3502 1940 3564; x_wconf 57' lang='lat' dir='ltr'><strong>goa</strong></span> <span class='ocrx_word' id='word_1_260' title='bbox 1972 3496 2118 3568; x_wconf 71' lang='lat' dir='ltr'><strong>pote.</strong></span> 
     </span>
    </p>
   </div>
   <div class='ocr_carea' id='block_1_35' title="bbox 535 3578 2115 3658">
    <p class='ocr_par' dir='ltr' id='par_1_35' title="bbox 535 3578 2115 3658">
     <span class='ocr_line' id='line_1_35' title="bbox 535 3578 2115 3658; baseline -0.008 -14"><span class='ocrx_word' id='word_1_261' title='bbox 535 3588 704 3644; x_wconf 84' lang='lat' dir='ltr'><strong>state?</strong></span> <span class='ocrx_word' id='word_1_262' title='bbox 733 3595 821 3641; x_wconf 90' lang='lat' dir='ltr'><strong>aut</strong></span> <span class='ocrx_word' id='word_1_263' title='bbox 841 3587 958 3640; x_wconf 89' lang='lat' dir='ltr'><strong>ideo</strong></span> <span class='ocrx_word' id='word_1_264' title='bbox 973 3584 1250 3654; x_wconf 86' lang='lat' dir='ltr'><strong>quisquam</strong></span> <span class='ocrx_word' id='word_1_265' title='bbox 1272 3581 1412 3635; x_wconf 89' lang='lat' dir='ltr'><strong>no&#39;vit</strong></span> <span class='ocrx_word' id='word_1_266' title='bbox 1431 3595 1585 3658; x_wconf 88' lang='lat' dir='ltr'><strong>quam</strong></span> <span class='ocrx_word' id='word_1_267' title='bbox 1616 3580 1770 3650; x_wconf 86' lang='lat' dir='ltr'><strong>longa</strong></span> <span class='ocrx_word' id='word_1_268' title='bbox 1817 3581 1898 3633; x_wconf 90' lang='lat' dir='ltr'><strong>vel</strong></span> <span class='ocrx_word' id='word_1_269' title='bbox 1940 3578 2115 3658; x_wconf 85' lang='lat' dir='ltr'><strong>brevia</strong></span> 
     </span>
    </p>
   </div>
   <div class='ocr_carea' id='block_1_36' title="bbox 533 3655 2118 3745">
    <p class='ocr_par' dir='ltr' id='par_1_36' title="bbox 533 3655 2118 3745">
     <span class='ocr_line' id='line_1_36' title="bbox 533 3655 2118 3745; baseline -0.006 -11"><span class='ocrx_word' id='word_1_270' title='bbox 533 3681 641 3734; x_wconf 87' lang='lat' dir='ltr'><strong>sint</strong></span> <span class='ocrx_word' id='word_1_271' title='bbox 683 3679 866 3745; x_wconf 84' lang='lat' dir='ltr'><strong>eadem</strong></span> <span class='ocrx_word' id='word_1_272' title='bbox 917 3678 1051 3745; x_wconf 90' lang='lat' dir='ltr'><strong>ipsa,</strong></span> <span class='ocrx_word' id='word_1_273' title='bbox 1094 3691 1210 3745; x_wconf 81' lang='lat' dir='ltr'><strong>quae</strong></span> <span class='ocrx_word' id='word_1_274' title='bbox 1242 3655 1506 3728; x_wconf 80' lang='lat' dir='ltr'><strong>latendum</strong></span> <span class='ocrx_word' id='word_1_275' title='bbox 1535 3657 1612 3726; x_wconf 88' lang='lat' dir='ltr'><strong>est</strong></span> <span class='ocrx_word' id='word_1_276' title='bbox 1643 3686 1760 3726; x_wconf 83' lang='lat' dir='ltr'><strong>esse</strong></span> <span class='ocrx_word' id='word_1_277' title='bbox 1797 3655 2118 3726; x_wconf 78' lang='lat' dir='ltr'><strong>novissima?</strong></span> 
     </span>
    </p>
   </div>
   <div class='ocr_carea' id='block_1_37' title="bbox 535 3761 2118 3842">
    <p class='ocr_par' dir='ltr' id='par_1_37' title="bbox 535 3761 2118 3842">
     <span class='ocr_line' id='line_1_37' title="bbox 535 3761 2118 3842; baseline -0.005 -17"><span class='ocrx_word' id='word_1_278' title='bbox 535 3770 778 3839; x_wconf 81' lang='lat' dir='ltr'><strong>Cogitare</strong></span> <span class='ocrx_word' id='word_1_279' title='bbox 826 3768 1016 3836; x_wconf 84' lang='lat' dir='ltr'><strong>quippe</strong></span> <span class='ocrx_word' id='word_1_280' title='bbox 1044 3766 1297 3819; x_wconf 83' lang='lat' dir='ltr'><strong>debemus</strong></span> <span class='ocrx_word' id='word_1_281' title='bbox 1321 3779 1477 3834; x_wconf 92' lang='lat' dir='ltr'><strong>quam</strong></span> <span class='ocrx_word' id='word_1_282' title='bbox 1503 3763 1631 3818; x_wconf 91' lang='lat' dir='ltr'><strong>olim</strong></span> <span class='ocrx_word' id='word_1_283' title='bbox 1657 3761 1857 3834; x_wconf 79' lang='lat' dir='ltr'><strong>dictum</strong></span> <span class='ocrx_word' id='word_1_284' title='bbox 1885 3764 1973 3842; x_wconf 76' lang='lat' dir='ltr'><strong>sit,</strong></span> <span class='ocrx_word' id='word_1_285' title='bbox 2020 3762 2118 3817; x_wconf 57' lang='lat' dir='ltr'><strong>Fic</strong></span> 
     </span>
    </p>
   </div>
   <div class='ocr_carea' id='block_1_38' title="bbox 539 3845 2032 3925">
    <p class='ocr_par' dir='ltr' id='par_1_38' title="bbox 539 3845 2032 3925">
     <span class='ocr_line' id='line_1_38' title="bbox 539 3845 2032 3925; baseline -0.007 -10"><span class='ocrx_word' id='word_1_286' title='bbox 539 3860 668 3924; x_wconf 87' lang='lat' dir='ltr'><strong>lioli,</strong></span> <span class='ocrx_word' id='word_1_287' title='bbox 702 3859 970 3913; x_wconf 81' lang='lat' dir='ltr'><strong>novissima</strong></span> <span class='ocrx_word' id='word_1_288' title='bbox 1013 3857 1137 3909; x_wconf 76' lang='lat' dir='ltr'><strong>liora</strong></span> <span class='ocrx_word' id='word_1_289' title='bbox 1165 3865 1236 3909; x_wconf 89' lang='lat' dir='ltr'><strong>est</strong></span> <span class='ocrx_word' id='word_1_290' title='bbox 1256 3855 1296 3925; x_wconf 93' lang='lat' dir='ltr'><strong>(l</strong></span> <span class='ocrx_word' id='word_1_291' title='bbox 1316 3853 1472 3908; x_wconf 85' lang='lat' dir='ltr'><strong>Joan.</strong></span> <span class='ocrx_word' id='word_1_292' title='bbox 1503 3869 1560 3917; x_wconf 88' lang='lat' dir='ltr'><strong>ll,</strong></span> <span class='ocrx_word' id='word_1_293' title='bbox 1592 3853 1702 3924; x_wconf 87' lang='grc'><strong>18).</strong></span> <span class='ocrx_word' id='word_1_294' title='bbox 2028 3845 2032 3847; x_wconf 67' lang='grc'><em>’</em></span> 
     </span>
    </p>
   </div>
   <div class='ocr_carea' id='block_1_39' title="bbox 602 3945 2115 4018">
    <p class='ocr_par' dir='ltr' id='par_1_39' title="bbox 602 3945 2115 4018">
     <span class='ocr_line' id='line_1_39' title="bbox 602 3945 2115 4018; baseline -0.002 -13"><span class='ocrx_word' id='word_1_295' title='bbox 602 3951 656 4006; x_wconf 91' lang='grc'><strong>8.</strong></span> <span class='ocrx_word' id='word_1_296' title='bbox 698 3949 903 4003; x_wconf 82' lang='lat' dir='ltr'><strong>Rursus</strong></span> <span class='ocrx_word' id='word_1_297' title='bbox 931 3945 1178 4002; x_wconf 88' lang='lat' dir='ltr'><strong>eumdem</strong></span> <span class='ocrx_word' id='word_1_298' title='bbox 1209 3946 1503 4014; x_wconf 87' lang='lat' dir='ltr'><strong>apostolum</strong></span> <span class='ocrx_word' id='word_1_299' title='bbox 1544 3945 1744 4000; x_wconf 81' lang='lat' dir='ltr'><strong>dixisse</strong></span> <span class='ocrx_word' id='word_1_300' title='bbox 1786 3960 2115 4018; x_wconf 85' lang='lat' dir='ltr'><strong>commemo-</strong></span> 
     </span>
    </p>
   </div>
   <div class='ocr_carea' id='block_1_40' title="bbox 531 4037 2115 4110">
    <p class='ocr_par' dir='ltr' id='par_1_40' title="bbox 531 4037 2115 4110">
     <span class='ocr_line' id='line_1_40' title="bbox 531 4037 2115 4110; baseline -0.003 -12"><span class='ocrx_word' id='word_1_301' title='bbox 531 4057 618 4098; x_wconf 81' lang='lat' dir='ltr'><strong>ras</strong></span> <span class='ocrx_word' id='word_1_302' title='bbox 640 4061 653 4098; x_wconf 93' lang='lat'><strong>:</strong></span> <span class='ocrx_word' id='word_1_303' title='bbox 687 4039 766 4094; x_wconf 88' lang='lat' dir='ltr'><strong>De</strong></span> <span class='ocrx_word' id='word_1_304' title='bbox 785 4038 1090 4110; x_wconf 79' lang='lat' dir='ltr'><strong>temporibus</strong></span> <span class='ocrx_word' id='word_1_305' title='bbox 1118 4047 1284 4091; x_wconf 87' lang='lat' dir='ltr'><strong>autem</strong></span> <span class='ocrx_word' id='word_1_306' title='bbox 1311 4047 1357 4091; x_wconf 86' lang='lat' dir='ltr'><strong>et</strong></span> <span class='ocrx_word' id='word_1_307' title='bbox 1386 4037 1648 4108; x_wconf 85' lang='lat' dir='ltr'><strong>momentis</strong></span> <span class='ocrx_word' id='word_1_308' title='bbox 1674 4053 1773 4108; x_wconf 81' lang='lat' dir='ltr'><strong>non</strong></span> <span class='ocrx_word' id='word_1_309' title='bbox 1799 4053 1993 4091; x_wconf 87' lang='lat' dir='ltr'><strong>necesse</strong></span> <span class='ocrx_word' id='word_1_310' title='bbox 2015 4039 2115 4094; x_wconf 85' lang='lat' dir='ltr'><strong>ha-</strong></span> 
     </span>
    </p>
   </div>
   <div class='ocr_carea' id='block_1_41' title="bbox 532 4126 2115 4204">
    <p class='ocr_par' dir='ltr' id='par_1_41' title="bbox 532 4126 2115 4204">
     <span class='ocr_line' id='line_1_41' title="bbox 532 4126 2115 4204; baseline -0.003 -17"><span class='ocrx_word' id='word_1_311' title='bbox 532 4133 701 4188; x_wconf 87' lang='lat' dir='ltr'><strong>bemus</strong></span> <span class='ocrx_word' id='word_1_312' title='bbox 723 4130 935 4185; x_wconf 81' lang='lat' dir='ltr'><strong>scribere</strong></span> <span class='ocrx_word' id='word_1_313' title='bbox 958 4129 1092 4183; x_wconf 84' lang='lat' dir='ltr'><strong>vobis</strong></span> <span class='ocrx_word' id='word_1_314' title='bbox 1111 4144 1230 4183; x_wconf 81' lang='lat' dir='ltr'><strong>:vos</strong></span> <span class='ocrx_word' id='word_1_315' title='bbox 1258 4128 1390 4182; x_wconf 88' lang='lat' dir='ltr'><strong>enim</strong></span> <span class='ocrx_word' id='word_1_316' title='bbox 1417 4126 1516 4196; x_wconf 85' lang='lat' dir='ltr'><strong>ipsi</strong></span> <span class='ocrx_word' id='word_1_317' title='bbox 1538 4127 1802 4197; x_wconf 83' lang='lat' dir='ltr'><strong>diligenter</strong></span> <span class='ocrx_word' id='word_1_318' title='bbox 1833 4127 1970 4182; x_wconf 80' lang='lat' dir='ltr'><strong>scitis</strong></span> <span class='ocrx_word' id='word_1_319' title='bbox 1995 4129 2115 4204; x_wconf 80' lang='lat' dir='ltr'><strong>quia</strong></span> 
     </span>
    </p>
   </div>
   <div class='ocr_carea' id='block_1_42' title="bbox 533 4218 2114 4290">
    <p class='ocr_par' dir='ltr' id='par_1_42' title="bbox 533 4218 2114 4290">
     <span class='ocr_line' id='line_1_42' title="bbox 533 4218 2114 4290; baseline -0.003 -13"><span class='ocrx_word' id='word_1_320' title='bbox 533 4223 639 4277; x_wconf 84' lang='lat' dir='ltr'><strong>dies</strong></span> <span class='ocrx_word' id='word_1_321' title='bbox 662 4221 868 4274; x_wconf 85' lang='lat' dir='ltr'><strong>Domini</strong></span> <span class='ocrx_word' id='word_1_322' title='bbox 895 4221 1021 4274; x_wconf 87' lang='lat' dir='ltr'><strong>sicut</strong></span> <span class='ocrx_word' id='word_1_323' title='bbox 1047 4221 1133 4290; x_wconf 84' lang='lat' dir='ltr'><strong>[ur</strong></span> <span class='ocrx_word' id='word_1_324' title='bbox 1156 4219 1210 4272; x_wconf 87' lang='lat' dir='ltr'><strong>in</strong></span> <span class='ocrx_word' id='word_1_325' title='bbox 1238 4227 1401 4283; x_wconf 85' lang='lat' dir='ltr'><strong>nocte,</strong></span> <span class='ocrx_word' id='word_1_326' title='bbox 1431 4218 1503 4270; x_wconf 89' lang='lat' dir='ltr'><strong>ita</strong></span> <span class='ocrx_word' id='word_1_327' title='bbox 1535 4219 1730 4281; x_wconf 83' lang='lat' dir='ltr'><strong>veniet;</strong></span> <span class='ocrx_word' id='word_1_328' title='bbox 1755 4226 1800 4271; x_wconf 89' lang='lat' dir='ltr'><strong>et</strong></span> <span class='ocrx_word' id='word_1_329' title='bbox 1826 4234 1941 4271; x_wconf 88' lang='lat' dir='ltr'><strong>cum</strong></span> <span class='ocrx_word' id='word_1_330' title='bbox 1966 4219 2114 4273; x_wconf 75' lang='lat' dir='ltr'><strong>dixe-</strong></span> 
     </span>
    </p>
   </div>
   <div class='ocr_carea' id='block_1_43' title="bbox 529 4308 2116 4381">
    <p class='ocr_par' dir='ltr' id='par_1_43' title="bbox 529 4308 2116 4381">
     <span class='ocr_line' id='line_1_43' title="bbox 529 4308 2116 4381; baseline -0.002 -12"><span class='ocrx_word' id='word_1_331' title='bbox 529 4317 656 4381; x_wconf 84' lang='lat' dir='ltr'><strong>rint,</strong></span> <span class='ocrx_word' id='word_1_332' title='bbox 690 4313 804 4366; x_wconf 73' lang='lat' dir='ltr'><strong>Pax</strong></span> <span class='ocrx_word' id='word_1_333' title='bbox 847 4321 893 4366; x_wconf 89' lang='lat' dir='ltr'><strong>et</strong></span> <span class='ocrx_word' id='word_1_334' title='bbox 939 4313 1198 4376; x_wconf 86' lang='lat' dir='ltr'><strong>securitas,</strong></span> <span class='ocrx_word' id='word_1_335' title='bbox 1230 4320 1349 4365; x_wconf 89' lang='lat' dir='ltr'><strong>tunc</strong></span> <span class='ocrx_word' id='word_1_336' title='bbox 1388 4308 1676 4364; x_wconf 81' lang='lat' dir='ltr'><strong>subitaneus</strong></span> <span class='ocrx_word' id='word_1_337' title='bbox 1716 4310 1820 4365; x_wconf 83' lang='lat' dir='ltr'><strong>illis</strong></span> <span class='ocrx_word' id='word_1_338' title='bbox 1855 4313 2116 4379; x_wconf 81' lang='lat' dir='ltr'><strong>apparebit</strong></span> 
     </span>
    </p>
   </div>
   <div class='ocr_carea' id='block_1_44' title="bbox 534 4395 2115 4480">
    <p class='ocr_par' dir='ltr' id='par_1_44' title="bbox 534 4395 2115 4480">
     <span class='ocr_line' id='line_1_44' title="bbox 534 4395 2115 4480; baseline -0.002 -20"><span class='ocrx_word' id='word_1_339' title='bbox 534 4405 784 4468; x_wconf 82' lang='lat' dir='ltr'><strong>interitus,</strong></span> <span class='ocrx_word' id='word_1_340' title='bbox 803 4403 1056 4474; x_wconf 84' lang='lat' dir='ltr'><strong>quomodo</strong></span> <span class='ocrx_word' id='word_1_341' title='bbox 1078 4400 1275 4454; x_wconf 84' lang='lat' dir='ltr'><strong>dolores</strong></span> <span class='ocrx_word' id='word_1_342' title='bbox 1305 4395 1652 4473; x_wconf 81' lang='lat' dir='ltr'><strong>parturientis,</strong></span> <span class='ocrx_word' id='word_1_343' title='bbox 1681 4409 1724 4454; x_wconf 88' lang='lat' dir='ltr'><strong>et</strong></span> <span class='ocrx_word' id='word_1_344' title='bbox 1749 4417 1849 4480; x_wconf 80' lang='lat' dir='ltr'><strong>non</strong></span> <span class='ocrx_word' id='word_1_345' title='bbox 1877 4401 2115 4473; x_wconf 77' lang='lat' dir='ltr'><strong>effugient</strong></span> 
     </span>
    </p>
   </div>
   <div class='ocr_carea' id='block_1_45' title="bbox 530 4492 2112 4567">
    <p class='ocr_par' dir='ltr' id='par_1_45' title="bbox 530 4492 2112 4567">
     <span class='ocr_line' id='line_1_45' title="bbox 530 4492 2112 4567; baseline 0.001 -19"><span class='ocrx_word' id='word_1_346' title='bbox 530 4494 577 4567; x_wconf 94' lang='grc' dir='ltr'><strong>(Ι</strong></span> <span class='ocrx_word' id='word_1_347' title='bbox 599 4493 779 4550; x_wconf 83' lang='lat' dir='ltr'><strong>Thess.</strong></span> <span class='ocrx_word' id='word_1_348' title='bbox 804 4509 861 4561; x_wconf 87' lang='lat' dir='ltr'><strong>v,</strong></span> <span class='ocrx_word' id='word_1_349' title='bbox 892 4493 1024 4564; x_wconf 77' lang='grc'><strong>1-5).</strong></span> <span class='ocrx_word' id='word_1_350' title='bbox 1053 4493 1118 4547; x_wconf 82' lang='grc' dir='ltr'>Ει</span> <span class='ocrx_word' id='word_1_351' title='bbox 1144 4492 1230 4546; x_wconf 91' lang='lat' dir='ltr'><strong>hic</strong></span> <span class='ocrx_word' id='word_1_352' title='bbox 1255 4509 1358 4547; x_wconf 89' lang='lat' dir='ltr'><strong>non</strong></span> <span class='ocrx_word' id='word_1_353' title='bbox 1381 4493 1513 4548; x_wconf 80' lang='lat' dir='ltr'><strong>dixit</strong></span> <span class='ocrx_word' id='word_1_354' title='bbox 1538 4500 1656 4566; x_wconf 90' lang='lat' dir='ltr'><strong>post</strong></span> <span class='ocrx_word' id='word_1_355' title='bbox 1685 4504 1936 4563; x_wconf 87' lang='lat' dir='ltr'><strong>quantum</strong></span> <span class='ocrx_word' id='word_1_356' title='bbox 1973 4503 2112 4549; x_wconf 86' lang='lat' dir='ltr'><strong>tem-</strong></span> 
     </span>
    </p>
   </div>
   <div class='ocr_carea' id='block_1_46' title="bbox 530 4582 2113 4659">
    <p class='ocr_par' dir='ltr' id='par_1_46' title="bbox 530 4582 2113 4659">
     <span class='ocr_line' id='line_1_46' title="bbox 530 4582 2113 4659; baseline 0 -18"><span class='ocrx_word' id='word_1_357' title='bbox 530 4587 676 4659; x_wconf 86' lang='lat' dir='ltr'><strong>poris</strong></span> <span class='ocrx_word' id='word_1_358' title='bbox 705 4587 804 4640; x_wconf 92' lang='lat' dir='ltr'><strong>hoc</strong></span> <span class='ocrx_word' id='word_1_359' title='bbox 842 4583 1073 4639; x_wconf 79' lang='lat' dir='ltr'><strong>futurum</strong></span> <span class='ocrx_word' id='word_1_360' title='bbox 1101 4583 1188 4647; x_wconf 85' lang='lat' dir='ltr'><strong>sit,</strong></span> <span class='ocrx_word' id='word_1_361' title='bbox 1219 4583 1312 4638; x_wconf 84' lang='lat' dir='ltr'><strong>sed</strong></span> <span class='ocrx_word' id='word_1_362' title='bbox 1337 4583 1604 4654; x_wconf 88' lang='lat' dir='ltr'><strong>quomodo</strong></span> <span class='ocrx_word' id='word_1_363' title='bbox 1647 4582 1876 4638; x_wconf 72' lang='lat' dir='ltr'><strong>futurum</strong></span> <span class='ocrx_word' id='word_1_364' title='bbox 1919 4587 2020 4652; x_wconf 85' lang='lat' dir='ltr'><strong>sit;</strong></span> <span class='ocrx_word' id='word_1_365' title='bbox 2061 4587 2113 4642; x_wconf 92' lang='lat' dir='ltr'><strong>id</strong></span> 
     </span>
    </p>
   </div>
   <div class='ocr_carea' id='block_1_47' title="bbox 529 4674 2112 4749">
    <p class='ocr_par' dir='ltr' id='par_1_47' title="bbox 529 4674 2112 4749">
     <span class='ocr_line' id='line_1_47' title="bbox 529 4674 2112 4749; baseline -0.003 -13"><span class='ocrx_word' id='word_1_366' title='bbox 529 4688 635 4749; x_wconf 90' lang='lat' dir='ltr'><strong>est,</strong></span> <span class='ocrx_word' id='word_1_367' title='bbox 665 4693 770 4734; x_wconf 93' lang='lat' dir='ltr'><strong>non</strong></span> <span class='ocrx_word' id='word_1_368' title='bbox 801 4689 994 4749; x_wconf 89' lang='lat' dir='ltr'><strong>quanta</strong></span> <span class='ocrx_word' id='word_1_369' title='bbox 1025 4677 1124 4732; x_wconf 88' lang='lat' dir='ltr'><strong>erit</strong></span> <span class='ocrx_word' id='word_1_370' title='bbox 1152 4678 1321 4730; x_wconf 77' lang='lat' dir='ltr'><strong>a-tatis</strong></span> <span class='ocrx_word' id='word_1_371' title='bbox 1339 4676 1567 4732; x_wconf 82' lang='lat' dir='ltr'><strong>brevitas</strong></span> <span class='ocrx_word' id='word_1_372' title='bbox 1595 4674 1678 4730; x_wconf 92' lang='lat' dir='ltr'><strong>vel</strong></span> <span class='ocrx_word' id='word_1_373' title='bbox 1708 4675 1998 4746; x_wconf 79' lang='lat' dir='ltr'><strong>prolixitas,</strong></span> <span class='ocrx_word' id='word_1_374' title='bbox 2019 4676 2112 4732; x_wconf 84' lang='lat' dir='ltr'><strong>sed</strong></span> 
     </span>
    </p>
   </div>
   <div class='ocr_carea' id='block_1_48' title="bbox 529 4769 2112 4844">
    <p class='ocr_par' dir='ltr' id='par_1_48' title="bbox 529 4769 2112 4844">
     <span class='ocr_line' id='line_1_48' title="bbox 529 4769 2112 4844; baseline -0.001 -17"><span class='ocrx_word' id='word_1_375' title='bbox 529 4771 913 4844; x_wconf 86' lang='lat' dir='ltr'><strong>quantumlibet</strong></span> <span class='ocrx_word' id='word_1_376' title='bbox 929 4769 1261 4824; x_wconf 84' lang='lat' dir='ltr'><strong>intervallum</strong></span> <span class='ocrx_word' id='word_1_377' title='bbox 1279 4769 1347 4822; x_wconf 87' lang='lat' dir='ltr'><strong>sit</strong></span> <span class='ocrx_word' id='word_1_378' title='bbox 1361 4769 1692 4838; x_wconf 87' lang='lat' dir='ltr'><strong>spatiumque</strong></span> <span class='ocrx_word' id='word_1_379' title='bbox 1713 4771 1988 4840; x_wconf 88' lang='lat' dir='ltr'><strong>temporis,</strong></span> <span class='ocrx_word' id='word_1_380' title='bbox 2004 4785 2112 4826; x_wconf 91' lang='lat' dir='ltr'><strong>non</strong></span> 
     </span>
    </p>
   </div>
   <div class='ocr_carea' id='block_1_49' title="bbox 531 4858 2112 4922">
    <p class='ocr_par' dir='ltr' id='par_1_49' title="bbox 531 4858 2112 4922">
     <span class='ocr_line' id='line_1_49' title="bbox 531 4858 2112 4922; baseline -0.001 -6"><span class='ocrx_word' id='word_1_381' title='bbox 531 4871 708 4916; x_wconf 81' lang='lat' dir='ltr'><strong>tamen</strong></span> <span class='ocrx_word' id='word_1_382' title='bbox 749 4860 826 4915; x_wconf 89' lang='lat' dir='ltr'><strong>eis</strong></span> <span class='ocrx_word' id='word_1_383' title='bbox 857 4861 954 4915; x_wconf 91' lang='lat' dir='ltr'><strong>hoc</strong></span> <span class='ocrx_word' id='word_1_384' title='bbox 997 4859 1171 4914; x_wconf 88' lang='lat' dir='ltr'><strong>veniet</strong></span> <span class='ocrx_word' id='word_1_385' title='bbox 1209 4859 1405 4912; x_wconf 89' lang='lat' dir='ltr'><strong>malum</strong></span> <span class='ocrx_word' id='word_1_386' title='bbox 1442 4858 1806 4922; x_wconf 88' lang='lat' dir='ltr'><strong>novissimum,</strong></span> <span class='ocrx_word' id='word_1_387' title='bbox 1851 4860 1948 4913; x_wconf 90' lang='lat' dir='ltr'><strong>nisi</strong></span> <span class='ocrx_word' id='word_1_388' title='bbox 1989 4875 2112 4914; x_wconf 89' lang='lat' dir='ltr'><strong>cum</strong></span> 
     </span>
    </p>
   </div>
   <div class='ocr_carea' id='block_1_50' title="bbox 531 4947 2112 5020">
    <p class='ocr_par' dir='ltr' id='par_1_50' title="bbox 531 4947 2112 5020">
     <span class='ocr_line' id='line_1_50' title="bbox 531 4947 2112 5020; baseline -0.003 -13"><span class='ocrx_word' id='word_1_389' title='bbox 531 4951 784 5016; x_wconf 76' lang='lat' dir='ltr'><strong>dixerint,</strong></span> <span class='ocrx_word' id='word_1_390' title='bbox 815 4949 931 5004; x_wconf 74' lang='lat' dir='ltr'><strong>Pax</strong></span> <span class='ocrx_word' id='word_1_391' title='bbox 955 4959 1000 5004; x_wconf 91' lang='lat' dir='ltr'><strong>et</strong></span> <span class='ocrx_word' id='word_1_392' title='bbox 1027 4949 1287 5004; x_wconf 87' lang='lat' dir='ltr'><strong>securitas.</strong></span> <span class='ocrx_word' id='word_1_393' title='bbox 1317 4947 1516 5014; x_wconf 88' lang='lat' dir='ltr'><strong>Quibus</strong></span> <span class='ocrx_word' id='word_1_394' title='bbox 1546 4949 1722 5003; x_wconf 88' lang='lat' dir='ltr'><strong>verbis</strong></span> <span class='ocrx_word' id='word_1_395' title='bbox 1743 4949 1949 5003; x_wconf 84' lang='lat' dir='ltr'><strong>videtur</strong></span> <span class='ocrx_word' id='word_1_396' title='bbox 1970 4953 2112 5020; x_wconf 88' lang='lat' dir='ltr'><strong>Apo-</strong></span> 
     </span>
    </p>
   </div>
   <div class='ocr_carea' id='block_1_51' title="bbox 531 5041 2111 5110">
    <p class='ocr_par' dir='ltr' id='par_1_51' title="bbox 531 5041 2111 5110">
     <span class='ocr_line' id='line_1_51' title="bbox 531 5041 2111 5110; baseline -0.001 -11"><span class='ocrx_word' id='word_1_397' title='bbox 531 5043 701 5099; x_wconf 88' lang='lat' dir='ltr'><strong>stolus</strong></span> <span class='ocrx_word' id='word_1_398' title='bbox 731 5041 884 5110; x_wconf 81' lang='lat' dir='ltr'><strong>hujus</strong></span> <span class='ocrx_word' id='word_1_399' title='bbox 909 5043 1178 5097; x_wconf 80' lang='lat' dir='ltr'><strong>novissimi</strong></span> <span class='ocrx_word' id='word_1_400' title='bbox 1213 5041 1318 5096; x_wconf 90' lang='lat' dir='ltr'><strong>diei</strong></span> <span class='ocrx_word' id='word_1_401' title='bbox 1354 5041 1437 5096; x_wconf 89' lang='lat' dir='ltr'><strong>vel</strong></span> <span class='ocrx_word' id='word_1_402' title='bbox 1475 5055 1622 5110; x_wconf 89' lang='lat' dir='ltr'><strong>spem</strong></span> <span class='ocrx_word' id='word_1_403' title='bbox 1651 5041 1729 5096; x_wconf 90' lang='lat' dir='ltr'><strong>vel</strong></span> <span class='ocrx_word' id='word_1_404' title='bbox 1773 5043 2013 5097; x_wconf 89' lang='lat' dir='ltr'><strong>timorem</strong></span> <span class='ocrx_word' id='word_1_405' title='bbox 2043 5044 2111 5099; x_wconf 87' lang='lat' dir='ltr'><strong>ab</strong></span> 
     </span>
    </p>
   </div>
   <div class='ocr_carea' id='block_1_52' title="bbox 529 5133 2110 5201">
    <p class='ocr_par' dir='ltr' id='par_1_52' title="bbox 529 5133 2110 5201">
     <span class='ocr_line' id='line_1_52' title="bbox 529 5133 2110 5201; baseline 0.001 -11"><span class='ocrx_word' id='word_1_406' title='bbox 529 5134 634 5190; x_wconf 88' lang='lat' dir='ltr'><strong>hoc</strong></span> <span class='ocrx_word' id='word_1_407' title='bbox 663 5141 845 5188; x_wconf 87' lang='lat' dir='ltr'><strong>nostro</strong></span> <span class='ocrx_word' id='word_1_408' title='bbox 885 5142 1122 5201; x_wconf 90' lang='lat' dir='ltr'><strong>tempore</strong></span> <span class='ocrx_word' id='word_1_409' title='bbox 1166 5133 1455 5190; x_wconf 90' lang='lat' dir='ltr'><strong>removisse</strong></span> <span class='ocrx_word' id='word_1_410' title='bbox 1492 5149 1508 5188; x_wconf 96' lang='lat'><strong>:</strong></span> <span class='ocrx_word' id='word_1_411' title='bbox 1546 5150 1650 5187; x_wconf 91' lang='lat' dir='ltr'><strong>non</strong></span> <span class='ocrx_word' id='word_1_412' title='bbox 1689 5135 1827 5188; x_wconf 88' lang='lat' dir='ltr'><strong>enim</strong></span> <span class='ocrx_word' id='word_1_413' title='bbox 1872 5136 2110 5192; x_wconf 88' lang='lat' dir='ltr'><strong>videmus</strong></span> 
     </span>
    </p>
   </div>
   <div class='ocr_carea' id='block_1_53' title="bbox 528 5222 2109 5297">
    <p class='ocr_par' dir='ltr' id='par_1_53' title="bbox 528 5222 2109 5297">
     <span class='ocr_line' id='line_1_53' title="bbox 528 5222 2109 5297; baseline 0.001 -16"><span class='ocrx_word' id='word_1_414' title='bbox 528 5226 673 5296; x_wconf 90' lang='lat' dir='ltr'><strong>ipsos</strong></span> <span class='ocrx_word' id='word_1_415' title='bbox 699 5230 964 5278; x_wconf 82' lang='lat' dir='ltr'><strong>amatores</strong></span> <span class='ocrx_word' id='word_1_416' title='bbox 993 5223 1146 5293; x_wconf 89' lang='lat' dir='ltr'><strong>hujus</strong></span> <span class='ocrx_word' id='word_1_417' title='bbox 1174 5223 1374 5289; x_wconf 72' lang='lat' dir='ltr'><strong>saeculi,</strong></span> <span class='ocrx_word' id='word_1_418' title='bbox 1403 5222 1593 5292; x_wconf 87' lang='lat' dir='ltr'><strong>quibus</strong></span> <span class='ocrx_word' id='word_1_419' title='bbox 1619 5223 1921 5280; x_wconf 87' lang='lat' dir='ltr'><strong>subitaneus</strong></span> <span class='ocrx_word' id='word_1_420' title='bbox 1943 5242 2109 5297; x_wconf 89' lang='lat' dir='ltr'><strong>appa-</strong></span> 
     </span>
    </p>
   </div>
   <div class='ocr_carea' id='block_1_54' title="bbox 528 5313 1798 5386">
    <p class='ocr_par' dir='ltr' id='par_1_54' title="bbox 528 5313 1798 5386">
     <span class='ocr_line' id='line_1_54' title="bbox 528 5313 1798 5386; baseline -0.004 -11"><span class='ocrx_word' id='word_1_421' title='bbox 528 5319 669 5375; x_wconf 91' lang='lat' dir='ltr'><strong>rebit</strong></span> <span class='ocrx_word' id='word_1_422' title='bbox 693 5317 959 5384; x_wconf 87' lang='lat' dir='ltr'><strong>interitus,</strong></span> <span class='ocrx_word' id='word_1_423' title='bbox 979 5315 1088 5386; x_wconf 88' lang='lat' dir='ltr'><strong>jam</strong></span> <span class='ocrx_word' id='word_1_424' title='bbox 1117 5315 1314 5381; x_wconf 89' lang='lat' dir='ltr'><strong>dicere,</strong></span> <span class='ocrx_word' id='word_1_425' title='bbox 1342 5313 1459 5370; x_wconf 72' lang='lat' dir='ltr'><strong>Pax</strong></span> <span class='ocrx_word' id='word_1_426' title='bbox 1478 5324 1522 5370; x_wconf 88' lang='lat' dir='ltr'><strong>et</strong></span> <span class='ocrx_word' id='word_1_427' title='bbox 1540 5317 1798 5370; x_wconf 83' lang='lat' dir='ltr'><strong>securitas.</strong></span> 
     </span>
    </p>
   </div>
   <div class='ocr_carea' id='block_1_55' title="bbox 595 5403 2110 5478">
    <p class='ocr_par' dir='ltr' id='par_1_55' title="bbox 595 5403 2110 5478">
     <span class='ocr_line' id='line_1_55' title="bbox 595 5403 2110 5478; baseline -0.002 -12"><span class='ocrx_word' id='word_1_428' title='bbox 595 5409 651 5466; x_wconf 88' lang='lat'><strong>9.</strong></span> <span class='ocrx_word' id='word_1_429' title='bbox 691 5407 826 5475; x_wconf 85' lang='lat' dir='ltr'><strong>Quid</strong></span> <span class='ocrx_word' id='word_1_430' title='bbox 860 5421 990 5478; x_wconf 81' lang='lat' dir='ltr'><strong>ergo</strong></span> <span class='ocrx_word' id='word_1_431' title='bbox 1032 5406 1168 5461; x_wconf 87' lang='lat' dir='ltr'><strong>scire</strong></span> <span class='ocrx_word' id='word_1_432' title='bbox 1195 5403 1441 5470; x_wconf 75' lang='lat' dir='ltr'><strong>sufﬁciat,</strong></span> <span class='ocrx_word' id='word_1_433' title='bbox 1484 5407 1612 5461; x_wconf 87' lang='lat' dir='ltr'><strong>satis</strong></span> <span class='ocrx_word' id='word_1_434' title='bbox 1639 5407 1750 5476; x_wconf 90' lang='lat' dir='ltr'><strong>ipse</strong></span> <span class='ocrx_word' id='word_1_435' title='bbox 1783 5406 2110 5464; x_wconf 88' lang='lat' dir='ltr'><strong>demonstrat</strong></span> 
     </span>
    </p>
   </div>
   <div class='ocr_carea' id='block_1_56' title="bbox 523 5497 2109 5574">
    <p class='ocr_par' dir='ltr' id='par_1_56' title="bbox 523 5497 2109 5574">
     <span class='ocr_line' id='line_1_56' title="bbox 523 5497 2109 5574; baseline -0.002 -15"><span class='ocrx_word' id='word_1_436' title='bbox 523 5503 828 5574; x_wconf 79' lang='lat' dir='ltr'><strong>Apostolus,</strong></span> <span class='ocrx_word' id='word_1_437' title='bbox 848 5499 1098 5566; x_wconf 87' lang='lat' dir='ltr'><strong>dicendo,</strong></span> <span class='ocrx_word' id='word_1_438' title='bbox 1119 5497 1194 5551; x_wconf 90' lang='lat' dir='ltr'><strong>De</strong></span> <span class='ocrx_word' id='word_1_439' title='bbox 1210 5500 1512 5570; x_wconf 78' lang='lat' dir='ltr'><strong>temporibus</strong></span> <span class='ocrx_word' id='word_1_440' title='bbox 1529 5508 1575 5552; x_wconf 90' lang='lat' dir='ltr'><strong>et</strong></span> <span class='ocrx_word' id='word_1_441' title='bbox 1591 5500 1848 5554; x_wconf 86' lang='lat' dir='ltr'><strong>momentis</strong></span> <span class='ocrx_word' id='word_1_442' title='bbox 1870 5517 1968 5553; x_wconf 88' lang='lat' dir='ltr'><strong>non</strong></span> <span class='ocrx_word' id='word_1_443' title='bbox 1985 5518 2109 5572; x_wconf 82' lang='lat' dir='ltr'><strong>opus</strong></span> 
     </span>
    </p>
   </div>
   <div class='ocr_carea' id='block_1_57' title="bbox 524 5591 2106 5659">
    <p class='ocr_par' dir='ltr' id='par_1_57' title="bbox 524 5591 2106 5659">
     <span class='ocr_line' id='line_1_57' title="bbox 524 5591 2106 5659; baseline -0.003 -7"><span class='ocrx_word' id='word_1_444' title='bbox 524 5596 763 5652; x_wconf 83' lang='lat' dir='ltr'><strong>habemus</strong></span> <span class='ocrx_word' id='word_1_445' title='bbox 805 5593 943 5649; x_wconf 77' lang='lat' dir='ltr'><strong>vobis</strong></span> <span class='ocrx_word' id='word_1_446' title='bbox 985 5591 1230 5657; x_wconf 88' lang='lat' dir='ltr'><strong>scribere;</strong></span> <span class='ocrx_word' id='word_1_447' title='bbox 1258 5591 1341 5646; x_wconf 86' lang='lat' dir='ltr'><strong>vel</strong></span> <span class='ocrx_word' id='word_1_448' title='bbox 1370 5591 1507 5646; x_wconf 88' lang='lat' dir='ltr'><strong>sicut</strong></span> <span class='ocrx_word' id='word_1_449' title='bbox 1539 5591 1624 5645; x_wconf 88' lang='lat' dir='ltr'><strong>alii</strong></span> <span class='ocrx_word' id='word_1_450' title='bbox 1652 5591 1860 5647; x_wconf 85' lang='lat' dir='ltr'><strong>codices</strong></span> <span class='ocrx_word' id='word_1_451' title='bbox 1893 5593 2106 5659; x_wconf 89' lang='lat' dir='ltr'><strong>habent,</strong></span> 
     </span>
    </p>
   </div>
   <div class='ocr_carea' id='block_1_58' title="bbox 531 5683 2106 5759">
    <p class='ocr_par' dir='ltr' id='par_1_58' title="bbox 531 5683 2106 5759">
     <span class='ocr_line' id='line_1_58' title="bbox 531 5683 2106 5759; baseline -0.002 -15"><span class='ocrx_word' id='word_1_452' title='bbox 531 5689 654 5744; x_wconf 87' lang='lat' dir='ltr'><strong>Non</strong></span> <span class='ocrx_word' id='word_1_453' title='bbox 678 5705 806 5759; x_wconf 85' lang='lat' dir='ltr'><strong>opus</strong></span> <span class='ocrx_word' id='word_1_454' title='bbox 834 5686 1023 5742; x_wconf 82' lang='lat' dir='ltr'><strong>habetis</strong></span> <span class='ocrx_word' id='word_1_455' title='bbox 1059 5685 1196 5742; x_wconf 76' lang='lat' dir='ltr'><strong>vobis</strong></span> <span class='ocrx_word' id='word_1_456' title='bbox 1238 5683 1407 5740; x_wconf 84' lang='lat' dir='ltr'><strong>scribi.</strong></span> <span class='ocrx_word' id='word_1_457' title='bbox 1452 5683 1561 5739; x_wconf 82' lang='lat' dir='ltr'><strong>Nec</strong></span> <span class='ocrx_word' id='word_1_458' title='bbox 1599 5695 1807 5740; x_wconf 79' lang='lat' dir='ltr'><strong>secutus</strong></span> <span class='ocrx_word' id='word_1_459' title='bbox 1850 5687 2106 5756; x_wconf 79' lang='lat' dir='ltr'><strong>adjunxit,</strong></span> 
     </span>
    </p>
   </div>
   <div class='ocr_carea' id='block_1_59' title="bbox 524 5884 612 5944">
    <p class='ocr_par' dir='ltr' id='par_1_59' title="bbox 524 5884 612 5944">
     <span class='ocr_line' id='line_1_59' title="bbox 524 5884 612 5944; baseline 0 -8"><span class='ocrx_word' id='word_1_460' title='bbox 524 5884 612 5944; x_wconf 68' lang='lat' dir='ltr'><strong>sttit</strong></span> 
     </span>
    </p>
   </div>
   <div class='ocr_carea' id='block_1_60' title="bbox 590 5817 2154 5896">
    <p class='ocr_par' dir='ltr' id='par_1_60' title="bbox 590 5817 2154 5896">
     <span class='ocr_line' id='line_1_60' title="bbox 590 5817 2154 5896; baseline 0.01 -34"><span class='ocrx_word' id='word_1_461' title='bbox 590 5825 611 5896; x_wconf 46' lang='grc' dir='ltr'><strong>ι</strong></span> <span class='ocrx_word' id='word_1_462' title='bbox 631 5829 760 5882; x_wconf 56' lang='lat' dir='ltr'><strong>mm,</strong></span> <span class='ocrx_word' id='word_1_463' title='bbox 778 5821 905 5884; x_wconf 81' lang='lat' dir='ltr'><strong>quod</strong></span> <span class='ocrx_word' id='word_1_464' title='bbox 921 5817 1068 5886; x_wconf 75' lang='lat' dir='ltr'><strong>noluit</strong></span> <span class='ocrx_word' id='word_1_465' title='bbox 1088 5819 1369 5884; x_wconf 77' lang='lat' dir='ltr'><strong>prtcdicari.</strong></span> <span class='ocrx_word' id='word_1_466' title='bbox 1394 5817 1485 5870; x_wconf 84' lang='lat' dir='ltr'><strong>sed</strong></span> <span class='ocrx_word' id='word_1_467' title='bbox 1502 5817 1679 5869; x_wconf 83' lang='lat' dir='ltr'><strong>melius</strong></span> <span class='ocrx_word' id='word_1_468' title='bbox 1699 5820 1878 5886; x_wconf 78' lang='lat' dir='ltr'><strong>aliquot</strong></span> <span class='ocrx_word' id='word_1_469' title='bbox 2150 5873 2154 5878; x_wconf 82' lang='lat'><strong>,</strong></span> 
     </span>
    </p>
   </div>
   <div class='ocr_carea' id='block_1_61' title="bbox 1773 407 3778 518">
    <p class='ocr_par' dir='ltr' id='par_1_61' title="bbox 1773 407 3778 518">
     <span class='ocr_line' id='line_1_61' title="bbox 1773 407 3778 518; baseline 0.006 -12"><span class='ocrx_word' id='word_1_470' title='bbox 1773 453 1830 506; x_wconf 85' lang='lat' dir='ltr'><strong>s.</strong></span> <span class='ocrx_word' id='word_1_471' title='bbox 1872 447 2234 506; x_wconf 74' lang='lat' dir='ltr'><strong>AUGUS’I’INI</strong></span> <span class='ocrx_word' id='word_1_472' title='bbox 2273 447 2574 506; x_wconf 84' lang='lat' dir='ltr'><strong>EPISCOPI</strong></span> <span class='ocrx_word' id='word_1_473' title='bbox 2661 414 2666 419; x_wconf 71' lang='grc'><em>’</em></span> <span class='ocrx_word' id='word_1_474' title='bbox 3337 407 3343 413; x_wconf 53' lang='grc'><strong>’</strong></span> <span class='ocrx_word' id='word_1_475' title='bbox 3687 459 3778 518; x_wconf 82' lang='lat' dir='ltr'><strong>sos</strong></span> 
     </span>
    </p>
   </div>
   <div class='ocr_carea' id='block_1_62' title="bbox 2224 561 3778 642">
    <p class='ocr_par' dir='ltr' id='par_1_62' title="bbox 2224 561 3778 642">
     <span class='ocr_line' id='line_1_62' title="bbox 2224 561 3778 642; baseline 0.009 -24"><span class='ocrx_word' id='word_1_476' title='bbox 2224 561 2331 618; x_wconf 81' lang='lat' dir='ltr'><strong>Vos</strong></span> <span class='ocrx_word' id='word_1_477' title='bbox 2357 565 2499 620; x_wconf 85' lang='lat' dir='ltr'><strong>enim</strong></span> <span class='ocrx_word' id='word_1_478' title='bbox 2523 564 2628 639; x_wconf 78' lang='lat' dir='ltr'><strong>ipsi</strong></span> <span class='ocrx_word' id='word_1_479' title='bbox 2655 563 2935 637; x_wconf 85' lang='lat' dir='ltr'><strong>diligenter</strong></span> <span class='ocrx_word' id='word_1_480' title='bbox 2960 565 3110 624; x_wconf 85' lang='lat' dir='ltr'><strong>scitis</strong></span> <span class='ocrx_word' id='word_1_481' title='bbox 3139 576 3389 638; x_wconf 88' lang='lat' dir='ltr'><strong>quantum</strong></span> <span class='ocrx_word' id='word_1_482' title='bbox 3421 573 3669 642; x_wconf 83' lang='lat' dir='ltr'><strong>temporis</strong></span> <span class='ocrx_word' id='word_1_483' title='bbox 3703 591 3778 632; x_wconf 78' lang='lat' dir='ltr'><strong>re-</strong></span> 
     </span>
    </p>
   </div>
   <div class='ocr_carea' id='block_1_63' title="bbox 2222 653 3778 736">
    <p class='ocr_par' dir='ltr' id='par_1_63' title="bbox 2222 653 3778 736">
     <span class='ocr_line' id='line_1_63' title="bbox 2222 653 3778 736; baseline 0.009 -28"><span class='ocrx_word' id='word_1_484' title='bbox 2222 662 2354 719; x_wconf 88' lang='lat' dir='ltr'><strong>stet;</strong></span> <span class='ocrx_word' id='word_1_485' title='bbox 2386 655 2478 710; x_wconf 88' lang='lat' dir='ltr'><strong>sed</strong></span> <span class='ocrx_word' id='word_1_486' title='bbox 2505 657 2596 730; x_wconf 90' lang='lat' dir='ltr'><strong>ait,</strong></span> <span class='ocrx_word' id='word_1_487' title='bbox 2639 653 2737 718; x_wconf 78' lang='lat' dir='ltr'><strong>Vos</strong></span> <span class='ocrx_word' id='word_1_488' title='bbox 2764 658 2895 730; x_wconf 83' lang='lat' dir='ltr'><strong>enim</strong></span> <span class='ocrx_word' id='word_1_489' title='bbox 2922 658 3021 730; x_wconf 87' lang='lat' dir='ltr'><strong>ipsi</strong></span> <span class='ocrx_word' id='word_1_490' title='bbox 3048 658 3310 731; x_wconf 84' lang='lat' dir='ltr'><strong>diligenter</strong></span> <span class='ocrx_word' id='word_1_491' title='bbox 3344 663 3503 727; x_wconf 86' lang='lat' dir='ltr'><strong>scitis,</strong></span> <span class='ocrx_word' id='word_1_492' title='bbox 3532 666 3646 736; x_wconf 85' lang='lat' dir='ltr'><strong>quia</strong></span> <span class='ocrx_word' id='word_1_493' title='bbox 3667 667 3778 723; x_wconf 82' lang='lat' dir='ltr'><strong>hora</strong></span> 
     </span>
    </p>
   </div>
   <div class='ocr_carea' id='block_1_64' title="bbox 2223 741 3780 827">
    <p class='ocr_par' dir='ltr' id='par_1_64' title="bbox 2223 741 3780 827">
     <span class='ocr_line' id='line_1_64' title="bbox 2223 741 3780 827; baseline 0.011 -29"><span class='ocrx_word' id='word_1_494' title='bbox 2223 744 2429 800; x_wconf 88' lang='lat' dir='ltr'><strong>Domini</strong></span> <span class='ocrx_word' id='word_1_495' title='bbox 2465 749 2592 802; x_wconf 87' lang='lat' dir='ltr'><strong>sicut</strong></span> <span class='ocrx_word' id='word_1_496' title='bbox 2624 750 2710 818; x_wconf 76' lang='lat' dir='ltr'><strong>fur</strong></span> <span class='ocrx_word' id='word_1_497' title='bbox 2747 750 2800 802; x_wconf 86' lang='lat' dir='ltr'><strong>in</strong></span> <span class='ocrx_word' id='word_1_498' title='bbox 2830 761 2990 816; x_wconf 84' lang='lat' dir='ltr'><strong>nocte,</strong></span> <span class='ocrx_word' id='word_1_499' title='bbox 3032 752 3100 804; x_wconf 90' lang='lat' dir='ltr'><strong>ita</strong></span> <span class='ocrx_word' id='word_1_500' title='bbox 3139 753 3315 806; x_wconf 76' lang='lat' dir='ltr'><strong>veniet.</strong></span> <span class='ocrx_word' id='word_1_501' title='bbox 3356 753 3467 808; x_wconf 85' lang='lat' dir='ltr'><strong>Hoc</strong></span> <span class='ocrx_word' id='word_1_502' title='bbox 3503 771 3626 827; x_wconf 88' lang='lat' dir='ltr'><strong>ergo</strong></span> <span class='ocrx_word' id='word_1_503' title='bbox 3661 741 3780 816; x_wconf 65' lang='lat' dir='ltr'><strong>scite</strong></span> 
     </span>
    </p>
   </div>
   <div class='ocr_carea' id='block_1_65' title="bbox 2222 829 3780 916">
    <p class='ocr_par' dir='ltr' id='par_1_65' title="bbox 2222 829 3780 916">
     <span class='ocr_line' id='line_1_65' title="bbox 2222 829 3780 916; baseline 0.009 -26"><span class='ocrx_word' id='word_1_504' title='bbox 2222 851 2357 906; x_wconf 84' lang='lat' dir='ltr'><strong>Opus</strong></span> <span class='ocrx_word' id='word_1_505' title='bbox 2386 846 2485 899; x_wconf 85' lang='lat' dir='ltr'><strong>est,</strong></span> <span class='ocrx_word' id='word_1_506' title='bbox 2511 848 2566 893; x_wconf 91' lang='lat' dir='ltr'><strong>ut</strong></span> <span class='ocrx_word' id='word_1_507' title='bbox 2592 849 2778 894; x_wconf 90' lang='lat' dir='ltr'><strong>curent</strong></span> <span class='ocrx_word' id='word_1_508' title='bbox 2803 841 2892 894; x_wconf 82' lang='lat' dir='ltr'><strong>ﬁlii</strong></span> <span class='ocrx_word' id='word_1_509' title='bbox 2932 842 3064 896; x_wconf 81' lang='lat' dir='ltr'><strong>lueis</strong></span> <span class='ocrx_word' id='word_1_510' title='bbox 3089 859 3209 898; x_wconf 81' lang='lat' dir='ltr'><strong>esse</strong></span> <span class='ocrx_word' id='word_1_511' title='bbox 3237 852 3291 899; x_wconf 91' lang='lat' dir='ltr'><strong>et</strong></span> <span class='ocrx_word' id='word_1_512' title='bbox 3315 855 3501 916; x_wconf 88' lang='lat' dir='ltr'><strong>parato</strong></span> <span class='ocrx_word' id='word_1_513' title='bbox 3529 849 3684 903; x_wconf 88' lang='lat' dir='ltr'><strong>corde</strong></span> <span class='ocrx_word' id='word_1_514' title='bbox 3710 829 3780 906; x_wconf 73' lang='lat' dir='ltr'><strong>vi-</strong></span> 
     </span>
    </p>
   </div>
   <div class='ocr_carea' id='block_1_66' title="bbox 2221 927 3782 999">
    <p class='ocr_par' dir='ltr' id='par_1_66' title="bbox 2221 927 3782 999">
     <span class='ocr_line' id='line_1_66' title="bbox 2221 927 3782 999; baseline 0.01 -20"><span class='ocrx_word' id='word_1_515' title='bbox 2221 927 2406 996; x_wconf 87' lang='lat' dir='ltr'><strong>gilare,</strong></span> <span class='ocrx_word' id='word_1_516' title='bbox 2439 929 2526 999; x_wconf 91' lang='lat' dir='ltr'><strong>qui</strong></span> <span class='ocrx_word' id='word_1_517' title='bbox 2573 930 2754 984; x_wconf 90' lang='lat' dir='ltr'><strong>nolunt</strong></span> <span class='ocrx_word' id='word_1_518' title='bbox 2782 930 2850 985; x_wconf 90' lang='lat' dir='ltr'><strong>ab</strong></span> <span class='ocrx_word' id='word_1_519' title='bbox 2879 931 2964 988; x_wconf 84' lang='lat' dir='ltr'><strong>illa</strong></span> <span class='ocrx_word' id='word_1_520' title='bbox 3009 933 3135 986; x_wconf 89' lang='lat' dir='ltr'><strong>hora</strong></span> <span class='ocrx_word' id='word_1_521' title='bbox 3181 935 3316 988; x_wconf 90' lang='lat' dir='ltr'><strong>sicut</strong></span> <span class='ocrx_word' id='word_1_522' title='bbox 3339 951 3369 988; x_wconf 90' lang='lat' dir='ltr'><strong>a</strong></span> <span class='ocrx_word' id='word_1_523' title='bbox 3401 946 3655 992; x_wconf 88' lang='lat' dir='ltr'><strong>nocturno</strong></span> <span class='ocrx_word' id='word_1_524' title='bbox 3681 938 3782 997; x_wconf 82' lang='lat' dir='ltr'><strong>fure</strong></span> 
     </span>
    </p>
   </div>
   <div class='ocr_carea' id='block_1_67' title="bbox 2222 1019 3777 1101">
    <p class='ocr_par' dir='ltr' id='par_1_67' title="bbox 2222 1019 3777 1101">
     <span class='ocr_line' id='line_1_67' title="bbox 2222 1019 3777 1101; baseline 0.012 -30"><span class='ocrx_word' id='word_1_525' title='bbox 2222 1019 2622 1086; x_wconf 83' lang='lat' dir='ltr'><strong>comprehendi.</strong></span> <span class='ocrx_word' id='word_1_526' title='bbox 2651 1021 2782 1076; x_wconf 85' lang='lat' dir='ltr'><strong>Nam</strong></span> <span class='ocrx_word' id='word_1_527' title='bbox 2802 1023 2845 1077; x_wconf 91' lang='lat' dir='ltr'><strong>si</strong></span> <span class='ocrx_word' id='word_1_528' title='bbox 2861 1023 2927 1076; x_wconf 89' lang='lat' dir='ltr'><strong>ad</strong></span> <span class='ocrx_word' id='word_1_529' title='bbox 2944 1026 3234 1101; x_wconf 83' lang='lat' dir='ltr'><strong>cavendum</strong></span> <span class='ocrx_word' id='word_1_530' title='bbox 3264 1026 3364 1082; x_wconf 85' lang='lat' dir='ltr'><strong>hoc</strong></span> <span class='ocrx_word' id='word_1_531' title='bbox 3385 1031 3600 1095; x_wconf 89' lang='lat' dir='ltr'><strong>malum,</strong></span> <span class='ocrx_word' id='word_1_532' title='bbox 3628 1031 3777 1101; x_wconf 79' lang='lat' dir='ltr'><strong>idest,</strong></span> 
     </span>
    </p>
   </div>
   <div class='ocr_carea' id='block_1_68' title="bbox 2223 1097 3784 1193">
    <p class='ocr_par' dir='ltr' id='par_1_68' title="bbox 2223 1097 3784 1193">
     <span class='ocr_line' id='line_1_68' title="bbox 2223 1097 3784 1193; baseline 0.008 -31"><span class='ocrx_word' id='word_1_533' title='bbox 2223 1124 2290 1164; x_wconf 89' lang='lat' dir='ltr'><strong>ne</strong></span> <span class='ocrx_word' id='word_1_534' title='bbox 2314 1110 2442 1164; x_wconf 91' lang='lat' dir='ltr'><strong>hora</strong></span> <span class='ocrx_word' id='word_1_535' title='bbox 2467 1111 2670 1166; x_wconf 90' lang='lat' dir='ltr'><strong>Domini</strong></span> <span class='ocrx_word' id='word_1_536' title='bbox 2695 1122 2938 1184; x_wconf 87' lang='lat' dir='ltr'><strong>tanquam</strong></span> <span class='ocrx_word' id='word_1_537' title='bbox 2967 1117 3048 1169; x_wconf 82' lang='lat' dir='ltr'><strong>fur</strong></span> <span class='ocrx_word' id='word_1_538' title='bbox 3065 1097 3295 1172; x_wconf 80' lang='lat' dir='ltr'><strong>inveniat</strong></span> <span class='ocrx_word' id='word_1_539' title='bbox 3314 1119 3646 1188; x_wconf 79' lang='lat' dir='ltr'><strong>imparatum,</strong></span> <span class='ocrx_word' id='word_1_540' title='bbox 3667 1097 3784 1193; x_wconf 63' lang='lat' dir='ltr'><strong>om;</strong></span> 
     </span>
    </p>
   </div>
   <div class='ocr_carea' id='block_1_69' title="bbox 2222 1205 3783 1282">
    <p class='ocr_par' dir='ltr' id='par_1_69' title="bbox 2222 1205 3783 1282">
     <span class='ocr_line' id='line_1_69' title="bbox 2222 1205 3783 1282; baseline 0.008 -28"><span class='ocrx_word' id='word_1_541' title='bbox 2222 1212 2362 1255; x_wconf 89' lang='lat' dir='ltr'><strong>esset</strong></span> <span class='ocrx_word' id='word_1_542' title='bbox 2392 1217 2550 1258; x_wconf 88' lang='lat' dir='ltr'><strong>nosse</strong></span> <span class='ocrx_word' id='word_1_543' title='bbox 2579 1212 2875 1274; x_wconf 86' lang='lat' dir='ltr'><strong>temporum</strong></span> <span class='ocrx_word' id='word_1_544' title='bbox 2917 1205 3106 1275; x_wconf 84' lang='lat' dir='ltr'><strong>spatia,</strong></span> <span class='ocrx_word' id='word_1_545' title='bbox 3137 1224 3240 1261; x_wconf 89' lang='lat' dir='ltr'><strong>non</strong></span> <span class='ocrx_word' id='word_1_546' title='bbox 3280 1208 3484 1264; x_wconf 89' lang='lat' dir='ltr'><strong>diceret</strong></span> <span class='ocrx_word' id='word_1_547' title='bbox 3521 1212 3783 1282; x_wconf 80' lang='lat' dir='ltr'><strong>Apostolus</strong></span> 
     </span>
    </p>
   </div>
   <div class='ocr_carea' id='block_1_70' title="bbox 2225 1297 3782 1378">
    <p class='ocr_par' dir='ltr' id='par_1_70' title="bbox 2225 1297 3782 1378">
     <span class='ocr_line' id='line_1_70' title="bbox 2225 1297 3782 1378; baseline 0.009 -33"><span class='ocrx_word' id='word_1_548' title='bbox 2225 1309 2326 1347; x_wconf 91' lang='lat' dir='ltr'><strong>non</strong></span> <span class='ocrx_word' id='word_1_549' title='bbox 2349 1309 2483 1364; x_wconf 82' lang='lat' dir='ltr'><strong>Opus</strong></span> <span class='ocrx_word' id='word_1_550' title='bbox 2509 1310 2627 1350; x_wconf 88' lang='lat' dir='ltr'><strong>esse</strong></span> <span class='ocrx_word' id='word_1_551' title='bbox 2656 1307 2714 1351; x_wconf 90' lang='lat' dir='ltr'><strong>ut</strong></span> <span class='ocrx_word' id='word_1_552' title='bbox 2746 1297 2844 1350; x_wconf 89' lang='lat' dir='ltr'><strong>hoc</strong></span> <span class='ocrx_word' id='word_1_553' title='bbox 2873 1299 3149 1365; x_wconf 81' lang='lat' dir='ltr'><strong>scriberet,</strong></span> <span class='ocrx_word' id='word_1_554' title='bbox 3168 1300 3260 1356; x_wconf 88' lang='lat' dir='ltr'><strong>sed</strong></span> <span class='ocrx_word' id='word_1_555' title='bbox 3282 1299 3384 1378; x_wconf 74' lang='lat' dir='ltr'><strong>hoc</strong></span> <span class='ocrx_word' id='word_1_556' title='bbox 3405 1302 3578 1374; x_wconf 86' lang='lat' dir='ltr'><strong>potius</strong></span> <span class='ocrx_word' id='word_1_557' title='bbox 3593 1304 3665 1358; x_wconf 88' lang='lat' dir='ltr'><strong>eis</strong></span> 
     </span>
    </p>
   </div>
   <div class='ocr_carea' id='block_1_71' title="bbox 2222 1375 3780 1462">
    <p class='ocr_par' dir='ltr' id='par_1_71' title="bbox 2222 1375 3780 1462">
     <span class='ocr_line' id='line_1_71' title="bbox 2222 1375 3780 1462; baseline 0.007 -24"><span class='ocrx_word' id='word_1_558' title='bbox 2222 1385 2559 1454; x_wconf 86' lang='lat' dir='ltr'><strong>scribendum</strong></span> <span class='ocrx_word' id='word_1_559' title='bbox 2592 1396 2839 1458; x_wconf 89' lang='lat' dir='ltr'><strong>tauquam</strong></span> <span class='ocrx_word' id='word_1_560' title='bbox 2865 1387 3054 1443; x_wconf 89' lang='lat' dir='ltr'><strong>doctor</strong></span> <span class='ocrx_word' id='word_1_561' title='bbox 3087 1375 3579 1460; x_wconf 85' lang='lat' dir='ltr'><strong>providentissimus</strong></span> <span class='ocrx_word' id='word_1_562' title='bbox 3599 1375 3780 1462; x_wconf 66' lang='lat' dir='ltr'><strong>judica-</strong></span> 
     </span>
    </p>
   </div>
   <div class='ocr_carea' id='block_1_72' title="bbox 2222 1477 3780 1562">
    <p class='ocr_par' dir='ltr' id='par_1_72' title="bbox 2222 1477 3780 1562">
     <span class='ocr_line' id='line_1_72' title="bbox 2222 1477 3780 1562; baseline 0.005 -32"><span class='ocrx_word' id='word_1_563' title='bbox 2222 1486 2318 1531; x_wconf 93' lang='lat' dir='ltr'><strong>ret.</strong></span> <span class='ocrx_word' id='word_1_564' title='bbox 2357 1477 2506 1534; x_wconf 82' lang='lat' dir='ltr'><strong>Nunc</strong></span> <span class='ocrx_word' id='word_1_565' title='bbox 2545 1489 2720 1534; x_wconf 79' lang='lat' dir='ltr'><strong>autem</strong></span> <span class='ocrx_word' id='word_1_566' title='bbox 2761 1494 2860 1533; x_wconf 88' lang='lat' dir='ltr'><strong>nee</strong></span> <span class='ocrx_word' id='word_1_567' title='bbox 2898 1480 3002 1536; x_wconf 89' lang='lat' dir='ltr'><strong>illis</strong></span> <span class='ocrx_word' id='word_1_568' title='bbox 3031 1479 3132 1534; x_wconf 88' lang='lat' dir='ltr'><strong>hoc</strong></span> <span class='ocrx_word' id='word_1_569' title='bbox 3159 1496 3294 1560; x_wconf 83' lang='lat' dir='ltr'><strong>opus</strong></span> <span class='ocrx_word' id='word_1_570' title='bbox 3323 1497 3446 1556; x_wconf 82' lang='lat' dir='ltr'><strong>esse</strong></span> <span class='ocrx_word' id='word_1_571' title='bbox 3473 1483 3780 1562; x_wconf 70' lang='lat' dir='ltr'><strong>monstravit,</strong></span> 
     </span>
    </p>
   </div>
   <div class='ocr_carea' id='block_1_73' title="bbox 2222 1568 3780 1652">
    <p class='ocr_par' dir='ltr' id='par_1_73' title="bbox 2222 1568 3780 1652">
     <span class='ocr_line' id='line_1_73' title="bbox 2222 1568 3780 1652; baseline 0.007 -34"><span class='ocrx_word' id='word_1_572' title='bbox 2222 1568 2411 1637; x_wconf 91' lang='lat' dir='ltr'><strong>quibus</strong></span> <span class='ocrx_word' id='word_1_573' title='bbox 2438 1568 2734 1624; x_wconf 82' lang='lat' dir='ltr'><strong>sufﬁciebat</strong></span> <span class='ocrx_word' id='word_1_574' title='bbox 2761 1579 2817 1624; x_wconf 90' lang='lat' dir='ltr'><strong>ut</strong></span> <span class='ocrx_word' id='word_1_575' title='bbox 2842 1572 3039 1624; x_wconf 89' lang='lat' dir='ltr'><strong>scirent</strong></span> <span class='ocrx_word' id='word_1_576' title='bbox 3067 1572 3337 1644; x_wconf 78' lang='lat' dir='ltr'><strong>imparatis</strong></span> <span class='ocrx_word' id='word_1_577' title='bbox 3357 1584 3517 1644; x_wconf 86' lang='lat' dir='ltr'><strong>atque</strong></span> <span class='ocrx_word' id='word_1_578' title='bbox 3541 1568 3780 1652; x_wconf 52' lang='lat' dir='ltr'><strong>dormiepf</strong></span> 
     </span>
    </p>
   </div>
   <div class='ocr_carea' id='block_1_74' title="bbox 2223 1659 3782 1746">
    <p class='ocr_par' dir='ltr' id='par_1_74' title="bbox 2223 1659 3782 1746">
     <span class='ocr_line' id='line_1_74' title="bbox 2223 1659 3782 1746; baseline 0.006 -36"><span class='ocrx_word' id='word_1_579' title='bbox 2223 1659 2363 1711; x_wconf 90' lang='lat' dir='ltr'><strong>tibus</strong></span> <span class='ocrx_word' id='word_1_580' title='bbox 2395 1659 2575 1713; x_wconf 82' lang='lat' dir='ltr'><strong>horam</strong></span> <span class='ocrx_word' id='word_1_581' title='bbox 2605 1661 2812 1714; x_wconf 89' lang='lat' dir='ltr'><strong>Domini</strong></span> <span class='ocrx_word' id='word_1_582' title='bbox 2834 1662 2970 1716; x_wconf 81' lang='lat' dir='ltr'><strong>sicut</strong></span> <span class='ocrx_word' id='word_1_583' title='bbox 2991 1661 3160 1720; x_wconf 82' lang='lat' dir='ltr'><strong>furem</strong></span> <span class='ocrx_word' id='word_1_584' title='bbox 3186 1679 3306 1722; x_wconf 85' lang='lat' dir='ltr'><strong>esse</strong></span> <span class='ocrx_word' id='word_1_585' title='bbox 3330 1674 3625 1732; x_wconf 82' lang='lat' dir='ltr'><strong>venturam,</strong></span> <span class='ocrx_word' id='word_1_586' title='bbox 3647 1676 3782 1746; x_wconf 70' lang='lat' dir='ltr'><strong>atqup</strong></span> 
     </span>
    </p>
   </div>
   <div class='ocr_carea' id='block_1_75' title="bbox 2223 1745 3781 1836">
    <p class='ocr_par' dir='ltr' id='par_1_75' title="bbox 2223 1745 3781 1836">
     <span class='ocr_line' id='line_1_75' title="bbox 2223 1745 3781 1836; baseline 0.01 -34"><span class='ocrx_word' id='word_1_587' title='bbox 2223 1749 2322 1804; x_wconf 89' lang='lat' dir='ltr'><strong>hoc</strong></span> <span class='ocrx_word' id='word_1_588' title='bbox 2350 1751 2566 1821; x_wconf 80' lang='lat' dir='ltr'><strong>sciendo</strong></span> <span class='ocrx_word' id='word_1_589' title='bbox 2595 1763 2774 1807; x_wconf 90' lang='lat' dir='ltr'><strong>essent</strong></span> <span class='ocrx_word' id='word_1_590' title='bbox 2813 1755 2908 1822; x_wconf 89' lang='lat' dir='ltr'><strong>ipsi</strong></span> <span class='ocrx_word' id='word_1_591' title='bbox 2944 1754 3223 1822; x_wconf 82' lang='lat' dir='ltr'><strong>vigilanter</strong></span> <span class='ocrx_word' id='word_1_592' title='bbox 3251 1758 3420 1830; x_wconf 83' lang='lat' dir='ltr'><strong>parati</strong></span> <span class='ocrx_word' id='word_1_593' title='bbox 3451 1768 3567 1828; x_wconf 71' lang='lat' dir='ltr'><strong>p051</strong></span> <span class='ocrx_word' id='word_1_594' title='bbox 3587 1745 3781 1836; x_wconf 49' lang='lat' dir='ltr'><strong>quanta?</strong></span> 
     </span>
    </p>
   </div>
   <div class='ocr_carea' id='block_1_76' title="bbox 2223 1840 3782 1926">
    <p class='ocr_par' dir='ltr' id='par_1_76' title="bbox 2223 1840 3782 1926">
     <span class='ocr_line' id='line_1_76' title="bbox 2223 1840 3782 1926; baseline 0.009 -34"><span class='ocrx_word' id='word_1_595' title='bbox 2223 1840 2351 1894; x_wconf 91' lang='lat' dir='ltr'><strong>libet</strong></span> <span class='ocrx_word' id='word_1_596' title='bbox 2380 1851 2613 1914; x_wconf 89' lang='lat' dir='ltr'><strong>tempora</strong></span> <span class='ocrx_word' id='word_1_597' title='bbox 2645 1845 2877 1908; x_wconf 89' lang='lat' dir='ltr'><strong>veniret;</strong></span> <span class='ocrx_word' id='word_1_598' title='bbox 2930 1853 2984 1915; x_wconf 75' lang='lat' dir='ltr'><strong>et</strong></span> <span class='ocrx_word' id='word_1_599' title='bbox 3027 1859 3178 1900; x_wconf 89' lang='lat' dir='ltr'><strong>suum</strong></span> <span class='ocrx_word' id='word_1_600' title='bbox 3218 1851 3455 1904; x_wconf 84' lang='lat' dir='ltr'><strong>servavit</strong></span> <span class='ocrx_word' id='word_1_601' title='bbox 3493 1851 3712 1926; x_wconf 68' lang='lat' dir='ltr'><strong>modum,</strong></span> <span class='ocrx_word' id='word_1_602' title='bbox 3735 1863 3782 1926; x_wconf 76' lang='lat' dir='ltr'><strong>ut</strong></span> 
     </span>
    </p>
   </div>
   <div class='ocr_carea' id='block_1_77' title="bbox 2223 1921 3779 2018">
    <p class='ocr_par' dir='ltr' id='par_1_77' title="bbox 2223 1921 3779 2018">
     <span class='ocr_line' id='line_1_77' title="bbox 2223 1921 3779 2018; baseline 0.006 -34"><span class='ocrx_word' id='word_1_603' title='bbox 2223 1931 2347 1985; x_wconf 86' lang='lat' dir='ltr'><strong>licet</strong></span> <span class='ocrx_word' id='word_1_604' title='bbox 2373 1933 2665 1999; x_wconf 87' lang='lat' dir='ltr'><strong>apostolus,</strong></span> <span class='ocrx_word' id='word_1_605' title='bbox 2698 1949 2803 1987; x_wconf 92' lang='lat' dir='ltr'><strong>non</strong></span> <span class='ocrx_word' id='word_1_606' title='bbox 2847 1945 3018 1989; x_wconf 88' lang='lat' dir='ltr'><strong>tamen</strong></span> <span class='ocrx_word' id='word_1_607' title='bbox 3052 1947 3404 2012; x_wconf 59' lang='lat' dir='ltr'><strong>prtesumeret</strong></span> <span class='ocrx_word' id='word_1_608' title='bbox 3445 1921 3578 2014; x_wconf 83' lang='lat' dir='ltr'><strong>alios</strong></span> <span class='ocrx_word' id='word_1_609' title='bbox 3615 1921 3779 2018; x_wconf 52' lang='lat' dir='ltr'><strong>doricis</strong></span> 
     </span>
    </p>
   </div>
   <div class='ocr_carea' id='block_1_78' title="bbox 2223 2013 3782 2112">
    <p class='ocr_par' dir='ltr' id='par_1_78' title="bbox 2223 2013 3782 2112">
     <span class='ocr_line' id='line_1_78' title="bbox 2223 2013 3782 2112; baseline 0.006 -35"><span class='ocrx_word' id='word_1_610' title='bbox 2223 2024 2362 2093; x_wconf 90' lang='lat' dir='ltr'><strong>quod</strong></span> <span class='ocrx_word' id='word_1_611' title='bbox 2387 2026 2655 2094; x_wconf 82' lang='lat' dir='ltr'><strong>Apostolis</strong></span> <span class='ocrx_word' id='word_1_612' title='bbox 2686 2026 2961 2082; x_wconf 87' lang='lat' dir='ltr'><strong>Dominum</strong></span> <span class='ocrx_word' id='word_1_613' title='bbox 2985 2027 3187 2104; x_wconf 67' lang='lat' dir='ltr'><strong>dixisse</strong></span> <span class='ocrx_word' id='word_1_614' title='bbox 3211 2013 3557 2100; x_wconf 82' lang='lat' dir='ltr'><strong>enguoverat,</strong></span> <span class='ocrx_word' id='word_1_615' title='bbox 3589 2013 3782 2112; x_wconf 66' lang='lat' dir='ltr'><strong>Nonest</strong></span> 
     </span>
    </p>
   </div>
   <div class='ocr_carea' id='block_1_79' title="bbox 2220 2115 2597 2169">
    <p class='ocr_par' dir='ltr' id='par_1_79' title="bbox 2220 2115 2597 2169">
     <span class='ocr_line' id='line_1_79' title="bbox 2220 2115 2597 2169; baseline 0 -3"><span class='ocrx_word' id='word_1_616' title='bbox 2220 2124 2434 2166; x_wconf 73' lang='lat' dir='ltr'><strong>vestrum</strong></span> <span class='ocrx_word' id='word_1_617' title='bbox 2453 2115 2597 2169; x_wconf 86' lang='lat' dir='ltr'><strong>scire.</strong></span> 
     </span>
    </p>
   </div>
   <div class='ocr_carea' id='block_1_80' title="bbox 2294 2206 3775 2290">
    <p class='ocr_par' dir='ltr' id='par_1_80' title="bbox 2294 2206 3775 2290">
     <span class='ocr_line' id='line_1_80' title="bbox 2294 2206 3775 2290; baseline 0.007 -32"><span class='ocrx_word' id='word_1_618' title='bbox 2294 2206 2380 2260; x_wconf 88' lang='grc'><strong>10.</strong></span> <span class='ocrx_word' id='word_1_619' title='bbox 2423 2207 2581 2262; x_wconf 87' lang='lat' dir='ltr'><strong>Ponis</strong></span> <span class='ocrx_word' id='word_1_620' title='bbox 2606 2207 2764 2261; x_wconf 90' lang='lat' dir='ltr'><strong>etiam</strong></span> <span class='ocrx_word' id='word_1_621' title='bbox 2809 2208 2949 2280; x_wconf 89' lang='lat' dir='ltr'><strong>quod</strong></span> <span class='ocrx_word' id='word_1_622' title='bbox 2993 2209 3131 2272; x_wconf 86' lang='lat' dir='ltr'><strong>idem</strong></span> <span class='ocrx_word' id='word_1_623' title='bbox 3175 2211 3288 2290; x_wconf 87' lang='lat' dir='ltr'><strong>ipse</strong></span> <span class='ocrx_word' id='word_1_624' title='bbox 3332 2211 3469 2284; x_wconf 69' lang='lat' dir='ltr'><strong>dixit</strong></span> <span class='ocrx_word' id='word_1_625' title='bbox 3501 2215 3775 2285; x_wconf 79' lang='lat' dir='ltr'><strong>apostolus:</strong></span> 
     </span>
    </p>
   </div>
   <div class='ocr_carea' id='block_1_81' title="bbox 2223 2291 3777 2371">
    <p class='ocr_par' dir='ltr' id='par_1_81' title="bbox 2223 2291 3777 2371">
     <span class='ocr_line' id='line_1_81' title="bbox 2223 2291 3777 2371; baseline 0.01 -26"><span class='ocrx_word' id='word_1_626' title='bbox 2223 2291 2345 2350; x_wconf 89' lang='lat' dir='ltr'><strong>Non</strong></span> <span class='ocrx_word' id='word_1_627' title='bbox 2372 2296 2587 2350; x_wconf 85' lang='lat' dir='ltr'><strong>retinetis</strong></span> <span class='ocrx_word' id='word_1_628' title='bbox 2617 2298 2854 2351; x_wconf 84' lang='lat' dir='ltr'><strong>memoria</strong></span> <span class='ocrx_word' id='word_1_629' title='bbox 2883 2300 3000 2369; x_wconf 81' lang='lat' dir='ltr'><strong>quia</strong></span> <span class='ocrx_word' id='word_1_630' title='bbox 3042 2316 3155 2353; x_wconf 91' lang='lat' dir='ltr'><strong>cum</strong></span> <span class='ocrx_word' id='word_1_631' title='bbox 3185 2316 3347 2354; x_wconf 83' lang='lat' dir='ltr'><strong>essem</strong></span> <span class='ocrx_word' id='word_1_632' title='bbox 3384 2303 3524 2371; x_wconf 84' lang='lat' dir='ltr'><strong>apud</strong></span> <span class='ocrx_word' id='word_1_633' title='bbox 3555 2319 3650 2367; x_wconf 80' lang='lat' dir='ltr'><strong>vos,</strong></span> <span class='ocrx_word' id='word_1_634' title='bbox 3688 2305 3777 2360; x_wconf 74' lang='lat' dir='ltr'><strong>lucc</strong></span> 
     </span>
    </p>
   </div>
   <div class='ocr_carea' id='block_1_82' title="bbox 2222 2372 3778 2470">
    <p class='ocr_par' dir='ltr' id='par_1_82' title="bbox 2222 2372 3778 2470">
     <span class='ocr_line' id='line_1_82' title="bbox 2222 2372 3778 2470; baseline 0.008 -34"><span class='ocrx_word' id='word_1_635' title='bbox 2222 2383 2446 2438; x_wconf 80' lang='lat' dir='ltr'><strong>dicebam</strong></span> <span class='ocrx_word' id='word_1_636' title='bbox 2470 2387 2604 2442; x_wconf 81' lang='lat' dir='ltr'><strong>vobis</strong></span> <span class='ocrx_word' id='word_1_637' title='bbox 2619 2388 2644 2440; x_wconf 83' lang='lat'><strong><em>?</em></strong></span> <span class='ocrx_word' id='word_1_638' title='bbox 2668 2386 2735 2440; x_wconf 84' lang='lat' dir='ltr'><strong>Et</strong></span> <span class='ocrx_word' id='word_1_639' title='bbox 2762 2405 2895 2442; x_wconf 87' lang='lat' dir='ltr'><strong>nunc</strong></span> <span class='ocrx_word' id='word_1_640' title='bbox 2919 2389 3042 2464; x_wconf 81' lang='lat' dir='ltr'><strong>guid</strong></span> <span class='ocrx_word' id='word_1_641' title='bbox 3060 2391 3296 2470; x_wconf 79' lang='lat' dir='ltr'><strong>detineat,</strong></span> <span class='ocrx_word' id='word_1_642' title='bbox 3321 2393 3482 2459; x_wconf 72' lang='lat' dir='ltr'><strong>scitis,</strong></span> <span class='ocrx_word' id='word_1_643' title='bbox 3503 2405 3554 2454; x_wconf 81' lang='lat' dir='ltr'><strong>ut</strong></span> <span class='ocrx_word' id='word_1_644' title='bbox 3570 2372 3778 2448; x_wconf 67' lang='lat' dir='ltr'><strong>reveletur</strong></span> 
     </span>
    </p>
   </div>
   <div class='ocr_carea' id='block_1_83' title="bbox 2222 2478 3776 2562">
    <p class='ocr_par' dir='ltr' id='par_1_83' title="bbox 2222 2478 3776 2562">
     <span class='ocr_line' id='line_1_83' title="bbox 2222 2478 3776 2562; baseline 0.007 -32"><span class='ocrx_word' id='word_1_645' title='bbox 2222 2478 2274 2530; x_wconf 87' lang='lat' dir='ltr'><strong>in</strong></span> <span class='ocrx_word' id='word_1_646' title='bbox 2303 2495 2394 2532; x_wconf 90' lang='lat' dir='ltr'><strong>suo</strong></span> <span class='ocrx_word' id='word_1_647' title='bbox 2425 2489 2666 2560; x_wconf 86' lang='lat' dir='ltr'><strong>tempore.</strong></span> <span class='ocrx_word' id='word_1_648' title='bbox 2697 2480 2834 2544; x_wconf 85' lang='lat' dir='ltr'><strong>Nam</strong></span> <span class='ocrx_word' id='word_1_649' title='bbox 2876 2485 3160 2560; x_wconf 75' lang='lat' dir='ltr'><strong>mysterium</strong></span> <span class='ocrx_word' id='word_1_650' title='bbox 3172 2486 3288 2556; x_wconf 84' lang='lat' dir='ltr'><strong>jam</strong></span> <span class='ocrx_word' id='word_1_651' title='bbox 3311 2488 3776 2562; x_wconf 60' lang='lat' dir='ltr'><strong>Operaturiniquitac</strong></span> 
     </span>
    </p>
   </div>
   <div class='ocr_carea' id='block_1_84' title="bbox 2223 2555 3777 2652">
    <p class='ocr_par' dir='ltr' id='par_1_84' title="bbox 2223 2555 3777 2652">
     <span class='ocr_line' id='line_1_84' title="bbox 2223 2555 3777 2652; baseline 0.008 -32"><span class='ocrx_word' id='word_1_652' title='bbox 2223 2569 2318 2633; x_wconf 86' lang='lat' dir='ltr'><strong>tis;</strong></span> <span class='ocrx_word' id='word_1_653' title='bbox 2349 2555 2543 2646; x_wconf 82' lang='lat' dir='ltr'><strong>tantum</strong></span> <span class='ocrx_word' id='word_1_654' title='bbox 2570 2573 2656 2642; x_wconf 84' lang='lat' dir='ltr'><strong>qui</strong></span> <span class='ocrx_word' id='word_1_655' title='bbox 2681 2583 2830 2648; x_wconf 80' lang='lat' dir='ltr'><strong>tenet,</strong></span> <span class='ocrx_word' id='word_1_656' title='bbox 2863 2555 3012 2628; x_wconf 87' lang='lat' dir='ltr'><strong>modo</strong></span> <span class='ocrx_word' id='word_1_657' title='bbox 3035 2555 3212 2650; x_wconf 70' lang='lat' dir='ltr'><strong>teneat,</strong></span> <span class='ocrx_word' id='word_1_658' title='bbox 3241 2555 3405 2652; x_wconf 75' lang='lat' dir='ltr'><strong>donec</strong></span> <span class='ocrx_word' id='word_1_659' title='bbox 3427 2580 3488 2632; x_wconf 90' lang='lat' dir='ltr'><strong>de</strong></span> <span class='ocrx_word' id='word_1_660' title='bbox 3511 2555 3660 2636; x_wconf 81' lang='lat' dir='ltr'><strong>medio</strong></span> <span class='ocrx_word' id='word_1_661' title='bbox 3682 2558 3777 2650; x_wconf 74' lang='lat' dir='ltr'><strong>ﬁat:</strong></span> 
     </span>
    </p>
   </div>
   <div class='ocr_carea' id='block_1_85' title="bbox 2222 2664 3776 2744">
    <p class='ocr_par' dir='ltr' id='par_1_85' title="bbox 2222 2664 3776 2744">
     <span class='ocr_line' id='line_1_85' title="bbox 2222 2664 3776 2744; baseline 0.007 -29"><span class='ocrx_word' id='word_1_662' title='bbox 2222 2673 2270 2715; x_wconf 84' lang='lat' dir='ltr'><strong>et</strong></span> <span class='ocrx_word' id='word_1_663' title='bbox 2297 2671 2413 2718; x_wconf 88' lang='lat' dir='ltr'><strong>tunc</strong></span> <span class='ocrx_word' id='word_1_664' title='bbox 2439 2664 2740 2742; x_wconf 83' lang='lat' dir='ltr'><strong>revelabitur</strong></span> <span class='ocrx_word' id='word_1_665' title='bbox 2764 2667 2851 2738; x_wconf 77' lang='lat' dir='ltr'><strong>ille</strong></span> <span class='ocrx_word' id='word_1_666' title='bbox 2869 2667 3090 2738; x_wconf 84' lang='lat' dir='ltr'><strong>iniquus,</strong></span> <span class='ocrx_word' id='word_1_667' title='bbox 3121 2685 3266 2744; x_wconf 84' lang='lat' dir='ltr'><strong>quem</strong></span> <span class='ocrx_word' id='word_1_668' title='bbox 3289 2668 3540 2744; x_wconf 84' lang='lat' dir='ltr'><strong>Dominus</strong></span> <span class='ocrx_word' id='word_1_669' title='bbox 3557 2671 3776 2742; x_wconf 67' lang='lat' dir='ltr'><strong>Jesusia-</strong></span> 
     </span>
    </p>
   </div>
   <div class='ocr_carea' id='block_1_86' title="bbox 2224 2743 3774 2838">
    <p class='ocr_par' dir='ltr' id='par_1_86' title="bbox 2224 2743 3774 2838">
     <span class='ocr_line' id='line_1_86' title="bbox 2224 2743 3774 2838; baseline 0.009 -33"><span class='ocrx_word' id='word_1_670' title='bbox 2224 2755 2429 2828; x_wconf 70' lang='lat' dir='ltr'><strong>terﬁciet</strong></span> <span class='ocrx_word' id='word_1_671' title='bbox 2459 2757 2640 2832; x_wconf 82' lang='lat' dir='ltr'><strong>spirin</strong></span> <span class='ocrx_word' id='word_1_672' title='bbox 2670 2757 2772 2811; x_wconf 84' lang='lat' dir='ltr'><strong>oris</strong></span> <span class='ocrx_word' id='word_1_673' title='bbox 2797 2759 2878 2812; x_wconf 89' lang='lat' dir='ltr'><strong>sui</strong></span> <span class='ocrx_word' id='word_1_674' title='bbox 2916 2759 2979 2831; x_wconf 91' lang='lat' dir='ltr'><strong>(ll</strong></span> <span class='ocrx_word' id='word_1_675' title='bbox 3009 2743 3186 2826; x_wconf 75' lang='lat' dir='ltr'><strong>Thess.</strong></span> <span class='ocrx_word' id='word_1_676' title='bbox 3215 2778 3271 2828; x_wconf 88' lang='grc' dir='ltr'>ιι,</span> <span class='ocrx_word' id='word_1_677' title='bbox 3305 2764 3425 2819; x_wconf 80' lang='lat'><strong>5-8.</strong></span> <span class='ocrx_word' id='word_1_678' title='bbox 3471 2763 3575 2838; x_wconf 71' lang='lat' dir='ltr'><strong>Viti.</strong></span> <span class='ocrx_word' id='word_1_679' title='bbox 3597 2764 3698 2819; x_wconf 82' lang='lat' dir='ltr'><strong>Lib.</strong></span> 
     </span>
    </p>
   </div>
   <div class='ocr_carea' id='block_1_87' title="bbox 2223 2835 3773 2928">
    <p class='ocr_par' dir='ltr' id='par_1_87' title="bbox 2223 2835 3773 2928">
     <span class='ocr_line' id='line_1_87' title="bbox 2223 2835 3773 2928; baseline 0.007 -33"><span class='ocrx_word' id='word_1_680' title='bbox 2223 2843 2286 2897; x_wconf 88' lang='lat' dir='ltr'><strong>de</strong></span> <span class='ocrx_word' id='word_1_681' title='bbox 2325 2844 2532 2899; x_wconf 86' lang='lat' dir='ltr'><strong>Civitate</strong></span> <span class='ocrx_word' id='word_1_682' title='bbox 2577 2847 2693 2912; x_wconf 86' lang='lat' dir='ltr'><strong>Dei,</strong></span> <span class='ocrx_word' id='word_1_683' title='bbox 2718 2865 2765 2902; x_wconf 90' lang='lat' dir='ltr'><strong>c.</strong></span> <span class='ocrx_word' id='word_1_684' title='bbox 2796 2849 2910 2921; x_wconf 87' lang='grc'><strong>19).</strong></span> <span class='ocrx_word' id='word_1_685' title='bbox 2940 2850 3067 2918; x_wconf 78' lang='lat' dir='ltr'><strong>Qua:</strong></span> <span class='ocrx_word' id='word_1_686' title='bbox 3092 2852 3249 2926; x_wconf 81' lang='lat' dir='ltr'><strong>verba</strong></span> <span class='ocrx_word' id='word_1_687' title='bbox 3279 2835 3564 2924; x_wconf 81' lang='lat' dir='ltr'><strong>apostolica</strong></span> <span class='ocrx_word' id='word_1_688' title='bbox 3605 2835 3773 2928; x_wconf 69' lang='lat' dir='ltr'><strong>utinam</strong></span> 
     </span>
    </p>
   </div>
   <div class='ocr_carea' id='block_1_88' title="bbox 2223 2927 3772 3016">
    <p class='ocr_par' dir='ltr' id='par_1_88' title="bbox 2223 2927 3772 3016">
     <span class='ocr_line' id='line_1_88' title="bbox 2223 2927 3772 3016; baseline 0.006 -27"><span class='ocrx_word' id='word_1_689' title='bbox 2223 2951 2327 2990; x_wconf 88' lang='lat' dir='ltr'><strong>non</strong></span> <span class='ocrx_word' id='word_1_690' title='bbox 2357 2939 2720 3016; x_wconf 77' lang='lat' dir='ltr'><strong>tantummodo</strong></span> <span class='ocrx_word' id='word_1_691' title='bbox 2748 2955 2964 3008; x_wconf 88' lang='lat' dir='ltr'><strong>ponere,</strong></span> <span class='ocrx_word' id='word_1_692' title='bbox 2997 2957 3179 2996; x_wconf 88' lang='lat' dir='ltr'><strong>verum</strong></span> <span class='ocrx_word' id='word_1_693' title='bbox 3210 2944 3376 2997; x_wconf 88' lang='lat' dir='ltr'><strong>etiam</strong></span> <span class='ocrx_word' id='word_1_694' title='bbox 3421 2960 3672 3016; x_wconf 73' lang='lat' dir='ltr'><strong>exponere</strong></span> <span class='ocrx_word' id='word_1_695' title='bbox 3703 2927 3772 3008; x_wconf 51' lang='lat' dir='ltr'><strong>di}</strong></span> 
     </span>
    </p>
   </div>
   <div class='ocr_carea' id='block_1_89' title="bbox 2221 3025 3773 3103">
    <p class='ocr_par' dir='ltr' id='par_1_89' title="bbox 2221 3025 3773 3103">
     <span class='ocr_line' id='line_1_89' title="bbox 2221 3025 3773 3103; baseline 0.005 -24"><span class='ocrx_word' id='word_1_696' title='bbox 2221 3025 2492 3102; x_wconf 82' lang='lat' dir='ltr'><strong>gnareris:</strong></span> <span class='ocrx_word' id='word_1_697' title='bbox 2522 3027 2591 3081; x_wconf 87' lang='lat' dir='ltr'><strong>ita</strong></span> <span class='ocrx_word' id='word_1_698' title='bbox 2618 3041 2745 3082; x_wconf 89' lang='lat' dir='ltr'><strong>sane</strong></span> <span class='ocrx_word' id='word_1_699' title='bbox 2771 3031 2992 3085; x_wconf 88' lang='lat' dir='ltr'><strong>obscura</strong></span> <span class='ocrx_word' id='word_1_700' title='bbox 3015 3042 3136 3086; x_wconf 90' lang='lat' dir='ltr'><strong>sunt</strong></span> <span class='ocrx_word' id='word_1_701' title='bbox 3153 3040 3206 3085; x_wconf 91' lang='lat' dir='ltr'><strong>et</strong></span> <span class='ocrx_word' id='word_1_702' title='bbox 3227 3033 3454 3103; x_wconf 79' lang='lat' dir='ltr'><strong>mystice</strong></span> <span class='ocrx_word' id='word_1_703' title='bbox 3475 3025 3624 3101; x_wconf 87' lang='lat' dir='ltr'><strong>dicta,</strong></span> <span class='ocrx_word' id='word_1_704' title='bbox 3641 3043 3690 3086; x_wconf 89' lang='lat' dir='ltr'><strong>ut</strong></span> <span class='ocrx_word' id='word_1_705' title='bbox 3708 3043 3773 3087; x_wconf 82' lang='lat' dir='ltr'><strong>ta-</strong></span> 
     </span>
    </p>
   </div>
   <div class='ocr_carea' id='block_1_90' title="bbox 2224 3119 3767 3195">
    <p class='ocr_par' dir='ltr' id='par_1_90' title="bbox 2224 3119 3767 3195">
     <span class='ocr_line' id='line_1_90' title="bbox 2224 3119 3767 3195; baseline 0.004 -25"><span class='ocrx_word' id='word_1_706' title='bbox 2224 3131 2343 3170; x_wconf 89' lang='lat' dir='ltr'><strong>men</strong></span> <span class='ocrx_word' id='word_1_707' title='bbox 2365 3126 2614 3186; x_wconf 87' lang='lat' dir='ltr'><strong>appareat</strong></span> <span class='ocrx_word' id='word_1_708' title='bbox 2633 3134 2753 3173; x_wconf 91' lang='lat' dir='ltr'><strong>eum</strong></span> <span class='ocrx_word' id='word_1_709' title='bbox 2779 3119 2906 3173; x_wconf 90' lang='lat' dir='ltr'><strong>nihil</strong></span> <span class='ocrx_word' id='word_1_710' title='bbox 2923 3121 2990 3193; x_wconf 87' lang='lat' dir='ltr'><strong>de</strong></span> <span class='ocrx_word' id='word_1_711' title='bbox 3009 3123 3218 3187; x_wconf 82' lang='lat' dir='ltr'><strong>statutis</strong></span> <span class='ocrx_word' id='word_1_712' title='bbox 3237 3121 3442 3186; x_wconf 73' lang='lat' dir='ltr'><strong>dixisse</strong></span> <span class='ocrx_word' id='word_1_713' title='bbox 3463 3123 3767 3195; x_wconf 86' lang='lat' dir='ltr'><strong>temporibus,</strong></span> 
     </span>
    </p>
   </div>
   <div class='ocr_carea' id='block_1_91' title="bbox 2223 3195 3767 3290">
    <p class='ocr_par' dir='ltr' id='par_1_91' title="bbox 2223 3195 3767 3290">
     <span class='ocr_line' id='line_1_91' title="bbox 2223 3195 3767 3290; baseline 0.003 -29"><span class='ocrx_word' id='word_1_714' title='bbox 2223 3207 2530 3277; x_wconf 87' lang='lat' dir='ltr'><strong>nullumque</strong></span> <span class='ocrx_word' id='word_1_715' title='bbox 2556 3225 2739 3285; x_wconf 86' lang='lat' dir='ltr'><strong>eorum</strong></span> <span class='ocrx_word' id='word_1_716' title='bbox 2783 3197 3115 3266; x_wconf 85' lang='lat' dir='ltr'><strong>intervallum</strong></span> <span class='ocrx_word' id='word_1_717' title='bbox 3145 3214 3486 3290; x_wconf 80' lang='lat' dir='ltr'><strong>spatiumque</strong></span> <span class='ocrx_word' id='word_1_718' title='bbox 3514 3195 3767 3284; x_wconf 72' lang='lat' dir='ltr'><strong>aperuisse.</strong></span> 
     </span>
    </p>
   </div>
   <div class='ocr_carea' id='block_1_92' title="bbox 2224 3293 3770 3384">
    <p class='ocr_par' dir='ltr' id='par_1_92' title="bbox 2224 3293 3770 3384">
     <span class='ocr_line' id='line_1_92' title="bbox 2224 3293 3770 3384; baseline 0.006 -32"><span class='ocrx_word' id='word_1_719' title='bbox 2224 3299 2311 3352; x_wconf 84' lang='lat' dir='ltr'><strong>Ait</strong></span> <span class='ocrx_word' id='word_1_720' title='bbox 2343 3300 2505 3367; x_wconf 90' lang='lat' dir='ltr'><strong>enim,</strong></span> <span class='ocrx_word' id='word_1_721' title='bbox 2530 3311 2587 3380; x_wconf 57' lang='lat' dir='ltr'><strong>gl</strong></span> <span class='ocrx_word' id='word_1_722' title='bbox 2607 3300 2855 3374; x_wconf 65' lang='lat' dir='ltr'><strong>reveletur</strong></span> <span class='ocrx_word' id='word_1_723' title='bbox 2882 3303 2934 3357; x_wconf 89' lang='lat' dir='ltr'><strong>in</strong></span> <span class='ocrx_word' id='word_1_724' title='bbox 2973 3320 3064 3383; x_wconf 72' lang='lat' dir='ltr'><strong>suo</strong></span> <span class='ocrx_word' id='word_1_725' title='bbox 3107 3313 3371 3384; x_wconf 83' lang='lat' dir='ltr'><strong>tempore:</strong></span> <span class='ocrx_word' id='word_1_726' title='bbox 3401 3322 3497 3362; x_wconf 81' lang='lat' dir='ltr'><strong>nec</strong></span> <span class='ocrx_word' id='word_1_727' title='bbox 3529 3293 3650 3361; x_wconf 76' lang='lat' dir='ltr'><strong>dixit</strong></span> <span class='ocrx_word' id='word_1_728' title='bbox 3674 3317 3770 3376; x_wconf 89' lang='lat' dir='ltr'><strong>post</strong></span> 
     </span>
    </p>
   </div>
   <div class='ocr_carea' id='block_1_93' title="bbox 2222 3395 3762 3478">
    <p class='ocr_par' dir='ltr' id='par_1_93' title="bbox 2222 3395 3762 3478">
     <span class='ocr_line' id='line_1_93' title="bbox 2222 3395 3762 3478; baseline 0.003 -31"><span class='ocrx_word' id='word_1_729' title='bbox 2222 3403 2474 3463; x_wconf 87' lang='lat' dir='ltr'><strong>quantum</strong></span> <span class='ocrx_word' id='word_1_730' title='bbox 2503 3397 2755 3465; x_wconf 84' lang='lat' dir='ltr'><strong>temporis</strong></span> <span class='ocrx_word' id='word_1_731' title='bbox 2781 3395 2881 3450; x_wconf 92' lang='lat' dir='ltr'><strong>hoc</strong></span> <span class='ocrx_word' id='word_1_732' title='bbox 2907 3397 3138 3478; x_wconf 80' lang='lat' dir='ltr'><strong>futurum</strong></span> <span class='ocrx_word' id='word_1_733' title='bbox 3163 3399 3252 3453; x_wconf 91' lang='lat' dir='ltr'><strong>sit.</strong></span> <span class='ocrx_word' id='word_1_734' title='bbox 3281 3399 3484 3456; x_wconf 91' lang='lat' dir='ltr'><strong>Deinde</strong></span> <span class='ocrx_word' id='word_1_735' title='bbox 3509 3399 3762 3478; x_wconf 81' lang='lat' dir='ltr'><strong>subjunxit,</strong></span> 
     </span>
    </p>
   </div>
   <div class='ocr_carea' id='block_1_94' title="bbox 2221 3475 3767 3568">
    <p class='ocr_par' dir='ltr' id='par_1_94' title="bbox 2221 3475 3767 3568">
     <span class='ocr_line' id='line_1_94' title="bbox 2221 3475 3767 3568; baseline 0.003 -30"><span class='ocrx_word' id='word_1_736' title='bbox 2221 3483 2340 3538; x_wconf 76' lang='lat' dir='ltr'><strong>lam</strong></span> <span class='ocrx_word' id='word_1_737' title='bbox 2365 3487 2497 3540; x_wconf 87' lang='lat' dir='ltr'><strong>enim</strong></span> <span class='ocrx_word' id='word_1_738' title='bbox 2519 3487 2813 3568; x_wconf 80' lang='lat' dir='ltr'><strong>mysterium</strong></span> <span class='ocrx_word' id='word_1_739' title='bbox 2837 3475 3073 3564; x_wconf 74' lang='lat' dir='ltr'><strong>operatur</strong></span> <span class='ocrx_word' id='word_1_740' title='bbox 3091 3490 3391 3562; x_wconf 84' lang='lat' dir='ltr'><strong>iniquitatis.</strong></span> <span class='ocrx_word' id='word_1_741' title='bbox 3413 3493 3530 3548; x_wconf 76' lang='lat' dir='ltr'><strong>Hoc</strong></span> <span class='ocrx_word' id='word_1_742' title='bbox 3560 3475 3767 3568; x_wconf 64' lang='lat' dir='ltr'><strong>iniquita-</strong></span> 
     </span>
    </p>
   </div>
   <div class='ocr_carea' id='block_1_95' title="bbox 2225 3561 3766 3664">
    <p class='ocr_par' dir='ltr' id='par_1_95' title="bbox 2225 3561 3766 3664">
     <span class='ocr_line' id='line_1_95' title="bbox 2225 3561 3766 3664; baseline 0.005 -36"><span class='ocrx_word' id='word_1_743' title='bbox 2225 3576 2290 3630; x_wconf 84' lang='lat' dir='ltr'><strong>tis</strong></span> <span class='ocrx_word' id='word_1_744' title='bbox 2321 3577 2627 3650; x_wconf 78' lang='lat' dir='ltr'><strong>mysterium</strong></span> <span class='ocrx_word' id='word_1_745' title='bbox 2660 3561 3054 3650; x_wconf 80' lang='lat' dir='ltr'><strong>quomodolibet</strong></span> <span class='ocrx_word' id='word_1_746' title='bbox 3082 3581 3411 3652; x_wconf 85' lang='lat' dir='ltr'><strong>intelligatur</strong></span> <span class='ocrx_word' id='word_1_747' title='bbox 3452 3584 3571 3664; x_wconf 85' lang='lat' dir='ltr'><strong>quid</strong></span> <span class='ocrx_word' id='word_1_748' title='bbox 3613 3561 3690 3664; x_wconf 76' lang='lat' dir='ltr'><strong>sit,</strong></span> <span class='ocrx_word' id='word_1_749' title='bbox 3709 3581 3766 3662; x_wconf 59' lang='lat' dir='ltr'><strong>pb</strong></span> 
     </span>
    </p>
   </div>
   <div class='ocr_carea' id='block_1_96' title="bbox 2221 3668 3763 3748">
    <p class='ocr_par' dir='ltr' id='par_1_96' title="bbox 2221 3668 3763 3748">
     <span class='ocr_line' id='line_1_96' title="bbox 2221 3668 3763 3748; baseline 0.009 -26"><span class='ocrx_word' id='word_1_750' title='bbox 2221 3668 2325 3722; x_wconf 87' lang='lat' dir='ltr'><strong>alio</strong></span> <span class='ocrx_word' id='word_1_751' title='bbox 2355 3669 2450 3735; x_wconf 85' lang='lat' dir='ltr'><strong>sic,</strong></span> <span class='ocrx_word' id='word_1_752' title='bbox 2479 3671 2544 3723; x_wconf 88' lang='lat' dir='ltr'><strong>ab</strong></span> <span class='ocrx_word' id='word_1_753' title='bbox 2569 3670 2671 3724; x_wconf 89' lang='lat' dir='ltr'><strong>alio</strong></span> <span class='ocrx_word' id='word_1_754' title='bbox 2699 3680 2873 3748; x_wconf 82' lang='lat' dir='ltr'><strong>autem</strong></span> <span class='ocrx_word' id='word_1_755' title='bbox 2909 3671 3017 3748; x_wconf 80' lang='lat' dir='ltr'><strong>sic;</strong></span> <span class='ocrx_word' id='word_1_756' title='bbox 3044 3675 3299 3743; x_wconf 88' lang='lat' dir='ltr'><strong>quamdiu</strong></span> <span class='ocrx_word' id='word_1_757' title='bbox 3334 3684 3508 3730; x_wconf 89' lang='lat' dir='ltr'><strong>tamen</strong></span> <span class='ocrx_word' id='word_1_758' title='bbox 3531 3668 3763 3746; x_wconf 72' lang='lat' dir='ltr'><strong>operetur.</strong></span> 
     </span>
    </p>
   </div>
   <div class='ocr_carea' id='block_1_97' title="bbox 2222 3751 3762 3838">
    <p class='ocr_par' dir='ltr' id='par_1_97' title="bbox 2222 3751 3762 3838">
     <span class='ocr_line' id='line_1_97' title="bbox 2222 3751 3762 3838; baseline 0.002 -23"><span class='ocrx_word' id='word_1_759' title='bbox 2222 3762 2485 3816; x_wconf 88' lang='lat' dir='ltr'><strong>occultum</strong></span> <span class='ocrx_word' id='word_1_760' title='bbox 2527 3773 2627 3817; x_wconf 90' lang='lat' dir='ltr'><strong>est.</strong></span> <span class='ocrx_word' id='word_1_761' title='bbox 2659 3763 2840 3834; x_wconf 74' lang='lat' dir='ltr'><strong>Neque</strong></span> <span class='ocrx_word' id='word_1_762' title='bbox 2871 3763 2920 3818; x_wconf 89' lang='lat' dir='ltr'><strong>id</strong></span> <span class='ocrx_word' id='word_1_763' title='bbox 2948 3766 3207 3833; x_wconf 78' lang='lat' dir='ltr'><strong>expressit</strong></span> <span class='ocrx_word' id='word_1_764' title='bbox 3237 3768 3524 3838; x_wconf 78' lang='lat' dir='ltr'><strong>Apostolus</strong></span> <span class='ocrx_word' id='word_1_765' title='bbox 3554 3751 3762 3834; x_wconf 65' lang='lat' dir='ltr'><strong>tanquam</strong></span> 
     </span>
    </p>
   </div>
   <div class='ocr_carea' id='block_1_98' title="bbox 2225 3843 3762 3928">
    <p class='ocr_par' dir='ltr' id='par_1_98' title="bbox 2225 3843 3762 3928">
     <span class='ocr_line' id='line_1_98' title="bbox 2225 3843 3762 3928; baseline 0.001 -22"><span class='ocrx_word' id='word_1_766' title='bbox 2225 3853 2381 3908; x_wconf 92' lang='lat' dir='ltr'><strong>homo</strong></span> <span class='ocrx_word' id='word_1_767' title='bbox 2410 3869 2475 3907; x_wconf 81' lang='lat' dir='ltr'><strong>ex</strong></span> <span class='ocrx_word' id='word_1_768' title='bbox 2503 3869 2685 3908; x_wconf 91' lang='lat' dir='ltr'><strong>eorum</strong></span> <span class='ocrx_word' id='word_1_769' title='bbox 2727 3870 2946 3928; x_wconf 84' lang='lat' dir='ltr'><strong>numero</strong></span> <span class='ocrx_word' id='word_1_770' title='bbox 2987 3855 3178 3924; x_wconf 86' lang='lat' dir='ltr'><strong>quibus</strong></span> <span class='ocrx_word' id='word_1_771' title='bbox 3220 3856 3423 3928; x_wconf 78' lang='lat' dir='ltr'><strong>dictum</strong></span> <span class='ocrx_word' id='word_1_772' title='bbox 3455 3867 3552 3926; x_wconf 83' lang='lat' dir='ltr'><strong>est,</strong></span> <span class='ocrx_word' id='word_1_773' title='bbox 3578 3856 3682 3910; x_wconf 84' lang='lat' dir='ltr'><strong>Non</strong></span> <span class='ocrx_word' id='word_1_774' title='bbox 3703 3843 3762 3908; x_wconf 72' lang='lat' dir='ltr'><strong>est</strong></span> 
     </span>
    </p>
   </div>
   <div class='ocr_carea' id='block_1_99' title="bbox 2221 3931 3761 4016">
    <p class='ocr_par' dir='ltr' id='par_1_99' title="bbox 2221 3931 3761 4016">
     <span class='ocr_line' id='line_1_99' title="bbox 2221 3931 3761 4016; baseline 0.001 -18"><span class='ocrx_word' id='word_1_775' title='bbox 2221 3955 2436 3998; x_wconf 78' lang='lat' dir='ltr'><strong>uestrum</strong></span> <span class='ocrx_word' id='word_1_776' title='bbox 2465 3945 2588 3999; x_wconf 86' lang='lat' dir='ltr'><strong>scire</strong></span> <span class='ocrx_word' id='word_1_777' title='bbox 2615 3955 2837 4016; x_wconf 83' lang='lat' dir='ltr'><strong>tempora</strong></span> <span class='ocrx_word' id='word_1_778' title='bbox 2856 3947 3126 4016; x_wconf 84' lang='lat' dir='ltr'><strong>:quamvis</strong></span> <span class='ocrx_word' id='word_1_779' title='bbox 3140 3949 3284 4001; x_wconf 79' lang='lat' dir='ltr'><strong>eriim</strong></span> <span class='ocrx_word' id='word_1_780' title='bbox 3307 3931 3538 4004; x_wconf 80' lang='lat' dir='ltr'><strong>nonduin</strong></span> <span class='ocrx_word' id='word_1_781' title='bbox 3559 3949 3761 4002; x_wconf 81' lang='lat' dir='ltr'><strong>intereas</strong></span> 
     </span>
    </p>
   </div>
   <div class='ocr_carea' id='block_1_100' title="bbox 2221 4017 3761 4118">
    <p class='ocr_par' dir='ltr' id='par_1_100' title="bbox 2221 4017 3761 4118">
     <span class='ocr_line' id='line_1_100' title="bbox 2221 4017 3761 4118; baseline 0 -29"><span class='ocrx_word' id='word_1_782' title='bbox 2221 4043 2356 4098; x_wconf 89' lang='lat' dir='ltr'><strong>erat,</strong></span> <span class='ocrx_word' id='word_1_783' title='bbox 2382 4033 2592 4106; x_wconf 85' lang='lat' dir='ltr'><strong>quando</strong></span> <span class='ocrx_word' id='word_1_784' title='bbox 2615 4035 2692 4090; x_wconf 90' lang='lat' dir='ltr'><strong>eis</strong></span> <span class='ocrx_word' id='word_1_785' title='bbox 2719 4035 2820 4090; x_wconf 85' lang='lat' dir='ltr'><strong>hoc</strong></span> <span class='ocrx_word' id='word_1_786' title='bbox 2845 4035 3040 4090; x_wconf 89' lang='lat' dir='ltr'><strong>dictum</strong></span> <span class='ocrx_word' id='word_1_787' title='bbox 3057 4022 3167 4103; x_wconf 88' lang='lat' dir='ltr'><strong>est;</strong></span> <span class='ocrx_word' id='word_1_788' title='bbox 3191 4039 3255 4091; x_wconf 85' lang='lat' dir='ltr'><strong>ad</strong></span> <span class='ocrx_word' id='word_1_789' title='bbox 3276 4055 3462 4094; x_wconf 89' lang='lat' dir='ltr'><strong>eorum</strong></span> <span class='ocrx_word' id='word_1_790' title='bbox 3492 4049 3649 4094; x_wconf 75' lang='lat' dir='ltr'><strong>tamen</strong></span> <span class='ocrx_word' id='word_1_791' title='bbox 3670 4017 3761 4118; x_wconf 74' lang='lat' dir='ltr'><strong>col-</strong></span> 
     </span>
    </p>
   </div>
   <div class='ocr_carea' id='block_1_101' title="bbox 2222 4125 3757 4214">
    <p class='ocr_par' dir='ltr' id='par_1_101' title="bbox 2222 4125 3757 4214">
     <span class='ocr_line' id='line_1_101' title="bbox 2222 4125 3757 4214; baseline 0.001 -34"><span class='ocrx_word' id='word_1_792' title='bbox 2222 4125 2415 4196; x_wconf 84' lang='lat' dir='ltr'><strong>legium</strong></span> <span class='ocrx_word' id='word_1_793' title='bbox 2443 4136 2602 4197; x_wconf 88' lang='lat' dir='ltr'><strong>atque</strong></span> <span class='ocrx_word' id='word_1_794' title='bbox 2631 4126 2938 4183; x_wconf 89' lang='lat' dir='ltr'><strong>societatem</strong></span> <span class='ocrx_word' id='word_1_795' title='bbox 2970 4127 3126 4204; x_wconf 86' lang='lat' dir='ltr'><strong>etiam</strong></span> <span class='ocrx_word' id='word_1_796' title='bbox 3153 4127 3331 4202; x_wconf 89' lang='lat' dir='ltr'><strong>ipsum</strong></span> <span class='ocrx_word' id='word_1_797' title='bbox 3361 4146 3463 4212; x_wconf 74' lang='lat' dir='ltr'><strong>non</strong></span> <span class='ocrx_word' id='word_1_798' title='bbox 3489 4129 3757 4214; x_wconf 67' lang='lat' dir='ltr'><strong>ambiguum</strong></span> 
     </span>
    </p>
   </div>
   <div class='ocr_carea' id='block_1_102' title="bbox 2222 4217 2505 4286">
    <p class='ocr_par' dir='ltr' id='par_1_102' title="bbox 2222 4217 2505 4286">
     <span class='ocr_line' id='line_1_102' title="bbox 2222 4217 2505 4286; baseline 0.004 -14"><span class='ocrx_word' id='word_1_799' title='bbox 2222 4217 2505 4286; x_wconf 88' lang='lat' dir='ltr'><strong>pertinere.</strong></span> 
     </span>
    </p>
   </div>
   <div class='ocr_carea' id='block_1_103' title="bbox 2293 4306 3754 4392">
    <p class='ocr_par' dir='ltr' id='par_1_103' title="bbox 2293 4306 3754 4392">
     <span class='ocr_line' id='line_1_103' title="bbox 2293 4306 3754 4392; baseline 0.001 -32"><span class='ocrx_word' id='word_1_800' title='bbox 2293 4307 2378 4361; x_wconf 88' lang='grc'><strong>11.</strong></span> <span class='ocrx_word' id='word_1_801' title='bbox 2417 4306 2547 4362; x_wconf 82' lang='lat' dir='ltr'><strong>Item</strong></span> <span class='ocrx_word' id='word_1_802' title='bbox 2577 4308 2716 4380; x_wconf 87' lang='lat' dir='ltr'><strong>quod</strong></span> <span class='ocrx_word' id='word_1_803' title='bbox 2744 4310 3000 4382; x_wconf 85' lang='lat' dir='ltr'><strong>sequitur,</strong></span> <span class='ocrx_word' id='word_1_804' title='bbox 3027 4307 3247 4365; x_wconf 81' lang='lat' dir='ltr'><strong>Tantum</strong></span> <span class='ocrx_word' id='word_1_805' title='bbox 3265 4315 3356 4384; x_wconf 80' lang='lat' dir='ltr'><strong>qui</strong></span> <span class='ocrx_word' id='word_1_806' title='bbox 3379 4314 3522 4366; x_wconf 83' lang='lat' dir='ltr'><strong>modo</strong></span> <span class='ocrx_word' id='word_1_807' title='bbox 3543 4319 3672 4375; x_wconf 87' lang='lat' dir='ltr'><strong>tenet,</strong></span> <span class='ocrx_word' id='word_1_808' title='bbox 3696 4319 3754 4392; x_wconf 65' lang='lat' dir='ltr'><strong>te-</strong></span> 
     </span>
    </p>
   </div>
   <div class='ocr_carea' id='block_1_104' title="bbox 2221 4400 3749 4474">
    <p class='ocr_par' dir='ltr' id='par_1_104' title="bbox 2221 4400 3749 4474">
     <span class='ocr_line' id='line_1_104' title="bbox 2221 4400 3749 4474; baseline 0.002 -23"><span class='ocrx_word' id='word_1_809' title='bbox 2221 4407 2353 4466; x_wconf 87' lang='lat' dir='ltr'><strong>neat,</strong></span> <span class='ocrx_word' id='word_1_810' title='bbox 2395 4401 2553 4454; x_wconf 89' lang='lat' dir='ltr'><strong>donec</strong></span> <span class='ocrx_word' id='word_1_811' title='bbox 2580 4400 2644 4455; x_wconf 85' lang='lat' dir='ltr'><strong>de</strong></span> <span class='ocrx_word' id='word_1_812' title='bbox 2680 4401 2844 4455; x_wconf 88' lang='lat' dir='ltr'><strong>medio</strong></span> <span class='ocrx_word' id='word_1_813' title='bbox 2873 4403 3000 4474; x_wconf 77' lang='lat' dir='ltr'><strong>ﬁat:</strong></span> <span class='ocrx_word' id='word_1_814' title='bbox 3026 4413 3072 4456; x_wconf 89' lang='lat' dir='ltr'><strong>et</strong></span> <span class='ocrx_word' id='word_1_815' title='bbox 3096 4412 3211 4472; x_wconf 79' lang='lat' dir='ltr'><strong>tunc</strong></span> <span class='ocrx_word' id='word_1_816' title='bbox 3248 4405 3540 4460; x_wconf 83' lang='lat' dir='ltr'><strong>revelabitur</strong></span> <span class='ocrx_word' id='word_1_817' title='bbox 3563 4403 3640 4458; x_wconf 85' lang='lat' dir='ltr'><strong>ille</strong></span> <span class='ocrx_word' id='word_1_818' title='bbox 3669 4400 3749 4456; x_wconf 79' lang='lat' dir='ltr'><strong>iui-</strong></span> 
     </span>
    </p>
   </div>
   <div class='ocr_carea' id='block_1_105' title="bbox 2218 4489 3746 4572">
    <p class='ocr_par' dir='ltr' id='par_1_105' title="bbox 2218 4489 3746 4572">
     <span class='ocr_line' id='line_1_105' title="bbox 2218 4489 3746 4572; baseline 0.003 -31"><span class='ocrx_word' id='word_1_819' title='bbox 2218 4504 2367 4558; x_wconf 84' lang='lat' dir='ltr'><strong>quus,</strong></span> <span class='ocrx_word' id='word_1_820' title='bbox 2396 4506 2542 4560; x_wconf 78' lang='lat' dir='ltr'><strong>quem</strong></span> <span class='ocrx_word' id='word_1_821' title='bbox 2583 4489 2830 4546; x_wconf 86' lang='lat' dir='ltr'><strong>Dominus</strong></span> <span class='ocrx_word' id='word_1_822' title='bbox 2871 4491 3020 4568; x_wconf 79' lang='lat' dir='ltr'><strong>Jesus</strong></span> <span class='ocrx_word' id='word_1_823' title='bbox 3056 4493 3320 4562; x_wconf 84' lang='lat' dir='ltr'><strong>interﬁciet</strong></span> <span class='ocrx_word' id='word_1_824' title='bbox 3349 4496 3522 4572; x_wconf 76' lang='lat' dir='ltr'><strong>spiritu</strong></span> <span class='ocrx_word' id='word_1_825' title='bbox 3561 4495 3649 4548; x_wconf 85' lang='lat' dir='ltr'><strong>oris</strong></span> <span class='ocrx_word' id='word_1_826' title='bbox 3669 4490 3746 4572; x_wconf 75' lang='lat' dir='ltr'><strong>sli.</strong></span> 
     </span>
    </p>
   </div>
   <div class='ocr_carea' id='block_1_106' title="bbox 2219 4567 3748 4653">
    <p class='ocr_par' dir='ltr' id='par_1_106' title="bbox 2219 4567 3748 4653">
     <span class='ocr_line' id='line_1_106' title="bbox 2219 4567 3748 4653; baseline 0.001 -19"><span class='ocrx_word' id='word_1_827' title='bbox 2219 4578 2371 4635; x_wconf 90' lang='lat' dir='ltr'><strong>docet</strong></span> <span class='ocrx_word' id='word_1_828' title='bbox 2402 4596 2499 4635; x_wconf 92' lang='lat' dir='ltr'><strong>nos</strong></span> <span class='ocrx_word' id='word_1_829' title='bbox 2540 4581 2919 4637; x_wconf 79' lang='lat' dir='ltr'><strong>Antichristum</strong></span> <span class='ocrx_word' id='word_1_830' title='bbox 2939 4567 3288 4640; x_wconf 77' lang='lat' dir='ltr'><strong>manifestum</strong></span> <span class='ocrx_word' id='word_1_831' title='bbox 3322 4567 3540 4640; x_wconf 83' lang='lat' dir='ltr'><strong>futurum</strong></span> <span class='ocrx_word' id='word_1_832' title='bbox 3573 4603 3586 4638; x_wconf 88' lang='lat'><strong>:</strong></span> <span class='ocrx_word' id='word_1_833' title='bbox 3615 4567 3748 4653; x_wconf 47' lang='lat' dir='ltr'><strong>siqui:-</strong></span> 
     </span>
    </p>
   </div>
   <div class='ocr_carea' id='block_1_107' title="bbox 2217 4671 3746 4755">
    <p class='ocr_par' dir='ltr' id='par_1_107' title="bbox 2217 4671 3746 4755">
     <span class='ocr_line' id='line_1_107' title="bbox 2217 4671 3746 4755; baseline 0 -29"><span class='ocrx_word' id='word_1_834' title='bbox 2217 4671 2337 4726; x_wconf 90' lang='lat' dir='ltr'><strong>dem</strong></span> <span class='ocrx_word' id='word_1_835' title='bbox 2365 4672 2535 4742; x_wconf 90' lang='lat' dir='ltr'><strong>ipsum</strong></span> <span class='ocrx_word' id='word_1_836' title='bbox 2561 4673 2769 4728; x_wconf 80' lang='lat' dir='ltr'><strong>videtur</strong></span> <span class='ocrx_word' id='word_1_837' title='bbox 2782 4673 3053 4745; x_wconf 87' lang='lat' dir='ltr'><strong>aliquanto</strong></span> <span class='ocrx_word' id='word_1_838' title='bbox 3077 4677 3390 4755; x_wconf 79' lang='lat' dir='ltr'><strong>evidentiori</strong></span> <span class='ocrx_word' id='word_1_839' title='bbox 3414 4674 3746 4747; x_wconf 75' lang='lat' dir='ltr'><strong>signiﬁcatione</strong></span> 
     </span>
    </p>
   </div>
   <div class='ocr_carea' id='block_1_108' title="bbox 2220 4760 3743 4844">
    <p class='ocr_par' dir='ltr' id='par_1_108' title="bbox 2220 4760 3743 4844">
     <span class='ocr_line' id='line_1_108' title="bbox 2220 4760 3743 4844; baseline -0.001 -26"><span class='ocrx_word' id='word_1_840' title='bbox 2220 4765 2452 4835; x_wconf 83' lang='lat' dir='ltr'><strong>tetigisse</strong></span> <span class='ocrx_word' id='word_1_841' title='bbox 2481 4765 2895 4820; x_wconf 74' lang='lat' dir='ltr'><strong>interﬁciendum</strong></span> <span class='ocrx_word' id='word_1_842' title='bbox 2925 4768 3111 4836; x_wconf 80' lang='lat' dir='ltr'><strong>Spiritu</strong></span> <span class='ocrx_word' id='word_1_843' title='bbox 3133 4770 3242 4824; x_wconf 85' lang='lat' dir='ltr'><strong>oris</strong></span> <span class='ocrx_word' id='word_1_844' title='bbox 3263 4769 3467 4823; x_wconf 87' lang='lat' dir='ltr'><strong>Domini</strong></span> <span class='ocrx_word' id='word_1_845' title='bbox 3491 4767 3604 4824; x_wconf 71' lang='lat' dir='ltr'><strong>Iesu</strong></span> <span class='ocrx_word' id='word_1_846' title='bbox 3623 4760 3743 4844; x_wconf 68' lang='lat' dir='ltr'><strong>libri-</strong></span> 
     </span>
    </p>
   </div>
   <div class='ocr_carea' id='block_1_109' title="bbox 2216 4857 3743 4936">
    <p class='ocr_par' dir='ltr' id='par_1_109' title="bbox 2216 4857 3743 4936">
     <span class='ocr_line' id='line_1_109' title="bbox 2216 4857 3743 4936; baseline 0.001 -28"><span class='ocrx_word' id='word_1_847' title='bbox 2216 4857 2314 4917; x_wconf 84' lang='lat' dir='ltr'><strong>sti:</strong></span> <span class='ocrx_word' id='word_1_848' title='bbox 2347 4857 2439 4911; x_wconf 86' lang='lat' dir='ltr'><strong>sed</strong></span> <span class='ocrx_word' id='word_1_849' title='bbox 2471 4865 2588 4926; x_wconf 88' lang='lat' dir='ltr'><strong>post</strong></span> <span class='ocrx_word' id='word_1_850' title='bbox 2613 4869 2863 4936; x_wconf 90' lang='lat' dir='ltr'><strong>quantum</strong></span> <span class='ocrx_word' id='word_1_851' title='bbox 2892 4860 3145 4931; x_wconf 88' lang='lat' dir='ltr'><strong>temporis</strong></span> <span class='ocrx_word' id='word_1_852' title='bbox 3171 4860 3309 4915; x_wconf 91' lang='lat' dir='ltr'><strong>istud</strong></span> <span class='ocrx_word' id='word_1_853' title='bbox 3331 4862 3448 4926; x_wconf 90' lang='lat' dir='ltr'><strong>erit,</strong></span> <span class='ocrx_word' id='word_1_854' title='bbox 3477 4875 3566 4914; x_wconf 89' lang='lat' dir='ltr'><strong>nec</strong></span> <span class='ocrx_word' id='word_1_855' title='bbox 3590 4858 3743 4932; x_wconf 70' lang='lat' dir='ltr'><strong>saltatu</strong></span> 
     </span>
    </p>
   </div>
   <div class='ocr_carea' id='block_1_110' title="bbox 2217 4949 3737 5026">
    <p class='ocr_par' dir='ltr' id='par_1_110' title="bbox 2217 4949 3737 5026">
     <span class='ocr_line' id='line_1_110' title="bbox 2217 4949 3737 5026; baseline -0.001 -24"><span class='ocrx_word' id='word_1_856' title='bbox 2217 4949 2441 5005; x_wconf 85' lang='lat' dir='ltr'><strong>obscure</strong></span> <span class='ocrx_word' id='word_1_857' title='bbox 2465 4949 2671 5006; x_wconf 90' lang='lat' dir='ltr'><strong>locutus</strong></span> <span class='ocrx_word' id='word_1_858' title='bbox 2701 4965 2800 5006; x_wconf 88' lang='lat' dir='ltr'><strong>est.</strong></span> <span class='ocrx_word' id='word_1_859' title='bbox 2832 4951 3083 5018; x_wconf 85' lang='lat' dir='ltr'><strong>Quisnam</strong></span> <span class='ocrx_word' id='word_1_860' title='bbox 3110 4953 3176 5007; x_wconf 85' lang='lat' dir='ltr'><strong>sit</strong></span> <span class='ocrx_word' id='word_1_861' title='bbox 3198 4953 3340 5008; x_wconf 87' lang='lat' dir='ltr'><strong>enim</strong></span> <span class='ocrx_word' id='word_1_862' title='bbox 3370 4970 3449 5026; x_wconf 76' lang='lat' dir='ltr'><strong>qui</strong></span> <span class='ocrx_word' id='word_1_863' title='bbox 3471 4952 3604 5006; x_wconf 87' lang='lat' dir='ltr'><strong>modo</strong></span> <span class='ocrx_word' id='word_1_864' title='bbox 3621 4953 3737 5024; x_wconf 72' lang='lat' dir='ltr'><strong>tenet.</strong></span> 
     </span>
    </p>
   </div>
   <div class='ocr_carea' id='block_1_111' title="bbox 2217 5029 3738 5122">
    <p class='ocr_par' dir='ltr' id='par_1_111' title="bbox 2217 5029 3738 5122">
     <span class='ocr_line' id='line_1_111' title="bbox 2217 5029 3738 5122; baseline -0.001 -29"><span class='ocrx_word' id='word_1_865' title='bbox 2217 5041 2298 5096; x_wconf 88' lang='lat' dir='ltr'><strong>vel</strong></span> <span class='ocrx_word' id='word_1_866' title='bbox 2328 5041 2453 5111; x_wconf 87' lang='lat' dir='ltr'><strong>quid</strong></span> <span class='ocrx_word' id='word_1_867' title='bbox 2481 5051 2661 5109; x_wconf 88' lang='lat' dir='ltr'><strong>teneat,</strong></span> <span class='ocrx_word' id='word_1_868' title='bbox 2689 5043 2772 5098; x_wconf 88' lang='lat' dir='ltr'><strong>vel</strong></span> <span class='ocrx_word' id='word_1_869' title='bbox 2799 5043 2926 5114; x_wconf 90' lang='lat' dir='ltr'><strong>quid</strong></span> <span class='ocrx_word' id='word_1_870' title='bbox 2964 5044 3064 5099; x_wconf 90' lang='lat' dir='ltr'><strong>sibi</strong></span> <span class='ocrx_word' id='word_1_871' title='bbox 3093 5045 3216 5100; x_wconf 90' lang='lat' dir='ltr'><strong>velit</strong></span> <span class='ocrx_word' id='word_1_872' title='bbox 3242 5044 3379 5115; x_wconf 88' lang='lat' dir='ltr'><strong>quod</strong></span> <span class='ocrx_word' id='word_1_873' title='bbox 3409 5045 3496 5105; x_wconf 86' lang='lat' dir='ltr'><strong>ait.</strong></span> <span class='ocrx_word' id='word_1_874' title='bbox 3527 5043 3584 5096; x_wconf 83' lang='lat' dir='ltr'><strong>de</strong></span> <span class='ocrx_word' id='word_1_875' title='bbox 3605 5029 3738 5122; x_wconf 62' lang='lat' dir='ltr'><strong>inedia</strong></span> 
     </span>
    </p>
   </div>
   <div class='ocr_carea' id='block_1_112' title="bbox 2216 5127 3738 5206">
    <p class='ocr_par' dir='ltr' id='par_1_112' title="bbox 2216 5127 3738 5206">
     <span class='ocr_line' id='line_1_112' title="bbox 2216 5127 3738 5206; baseline -0.007 -15"><span class='ocrx_word' id='word_1_876' title='bbox 2216 5135 2322 5204; x_wconf 77' lang='lat' dir='ltr'><strong>ﬁat,</strong></span> <span class='ocrx_word' id='word_1_877' title='bbox 2359 5143 2530 5204; x_wconf 87' lang='lat' dir='ltr'><strong>potest</strong></span> <span class='ocrx_word' id='word_1_878' title='bbox 2554 5137 2776 5206; x_wconf 86' lang='lat' dir='ltr'><strong>quisque</strong></span> <span class='ocrx_word' id='word_1_879' title='bbox 2802 5153 2859 5192; x_wconf 84' lang='lat' dir='ltr'><strong>se</strong></span> <span class='ocrx_word' id='word_1_880' title='bbox 2887 5147 3155 5192; x_wconf 87' lang='lat' dir='ltr'><strong>coarctare</strong></span> <span class='ocrx_word' id='word_1_881' title='bbox 3190 5148 3246 5193; x_wconf 91' lang='lat' dir='ltr'><strong>ut</strong></span> <span class='ocrx_word' id='word_1_882' title='bbox 3284 5136 3545 5206; x_wconf 81' lang='lat' dir='ltr'><strong>intelligat,</strong></span> <span class='ocrx_word' id='word_1_883' title='bbox 3573 5131 3640 5187; x_wconf 88' lang='lat' dir='ltr'><strong>vel</strong></span> <span class='ocrx_word' id='word_1_884' title='bbox 3660 5127 3738 5183; x_wconf 82' lang='lat' dir='ltr'><strong>sli-</strong></span> 
     </span>
    </p>
   </div>
   <div class='ocr_carea' id='block_1_113' title="bbox 2213 5221 3734 5306">
    <p class='ocr_par' dir='ltr' id='par_1_113' title="bbox 2213 5221 3734 5306">
     <span class='ocr_line' id='line_1_113' title="bbox 2213 5221 3734 5306; baseline -0.001 -28"><span class='ocrx_word' id='word_1_885' title='bbox 2213 5236 2472 5296; x_wconf 87' lang='lat' dir='ltr'><strong>quatenus</strong></span> <span class='ocrx_word' id='word_1_886' title='bbox 2496 5228 2814 5296; x_wconf 82' lang='lat' dir='ltr'><strong>suspicetur,</strong></span> <span class='ocrx_word' id='word_1_887' title='bbox 2837 5231 3084 5299; x_wconf 89' lang='lat' dir='ltr'><strong>quoniam</strong></span> <span class='ocrx_word' id='word_1_888' title='bbox 3112 5244 3322 5300; x_wconf 90' lang='lat' dir='ltr'><strong>quoquo</strong></span> <span class='ocrx_word' id='word_1_889' title='bbox 3347 5228 3496 5306; x_wconf 84' lang='lat' dir='ltr'><strong>modo</strong></span> <span class='ocrx_word' id='word_1_890' title='bbox 3522 5221 3734 5306; x_wconf 62' lang='lat' dir='ltr'><strong>scriptu!!!</strong></span> 
     </span>
    </p>
   </div>
   <div class='ocr_carea' id='block_1_114' title="bbox 2213 5315 3732 5396">
    <p class='ocr_par' dir='ltr' id='par_1_114' title="bbox 2213 5315 3732 5396">
     <span class='ocr_line' id='line_1_114' title="bbox 2213 5315 3732 5396; baseline -0.003 -23"><span class='ocrx_word' id='word_1_891' title='bbox 2213 5319 2369 5390; x_wconf 88' lang='lat' dir='ltr'><strong>legit:</strong></span> <span class='ocrx_word' id='word_1_892' title='bbox 2394 5320 2641 5390; x_wconf 90' lang='lat' dir='ltr'><strong>quamdiu</strong></span> <span class='ocrx_word' id='word_1_893' title='bbox 2665 5331 2840 5375; x_wconf 88' lang='lat' dir='ltr'><strong>autem</strong></span> <span class='ocrx_word' id='word_1_894' title='bbox 2863 5329 3044 5392; x_wconf 84' lang='lat' dir='ltr'><strong>teneat,</strong></span> <span class='ocrx_word' id='word_1_895' title='bbox 3069 5329 3122 5376; x_wconf 88' lang='lat' dir='ltr'><strong>et</strong></span> <span class='ocrx_word' id='word_1_896' title='bbox 3143 5315 3257 5391; x_wconf 81' lang='lat' dir='ltr'><strong>post</strong></span> <span class='ocrx_word' id='word_1_897' title='bbox 3277 5331 3463 5392; x_wconf 87' lang='lat' dir='ltr'><strong>quanta</strong></span> <span class='ocrx_word' id='word_1_898' title='bbox 3485 5322 3732 5396; x_wconf 60' lang='lat' dir='ltr'><strong>tempori!!!</strong></span> 
     </span>
    </p>
   </div>
   <div class='ocr_carea' id='block_1_115' title="bbox 2213 5411 3402 5482">
    <p class='ocr_par' dir='ltr' id='par_1_115' title="bbox 2213 5411 3402 5482">
     <span class='ocr_line' id='line_1_115' title="bbox 2213 5411 3402 5482; baseline -0.003 -16"><span class='ocrx_word' id='word_1_899' title='bbox 2213 5412 2380 5482; x_wconf 79' lang='lat' dir='ltr'><strong>Spatia</strong></span> <span class='ocrx_word' id='word_1_900' title='bbox 2410 5411 2473 5464; x_wconf 90' lang='lat' dir='ltr'><strong>de</strong></span> <span class='ocrx_word' id='word_1_901' title='bbox 2499 5411 2660 5465; x_wconf 86' lang='lat' dir='ltr'><strong>medio</strong></span> <span class='ocrx_word' id='word_1_902' title='bbox 2687 5412 2794 5481; x_wconf 80' lang='lat' dir='ltr'><strong>ﬁat,</strong></span> <span class='ocrx_word' id='word_1_903' title='bbox 2829 5411 2914 5466; x_wconf 89' lang='lat' dir='ltr'><strong>hic</strong></span> <span class='ocrx_word' id='word_1_904' title='bbox 2939 5411 3156 5465; x_wconf 89' lang='lat' dir='ltr'><strong>omnino</strong></span> <span class='ocrx_word' id='word_1_905' title='bbox 3187 5420 3402 5466; x_wconf 89' lang='lat' dir='ltr'><strong>tacetur.</strong></span> 
     </span>
    </p>
   </div>
   <div class='ocr_carea' id='block_1_116' title="bbox 2285 5492 3732 5572">
    <p class='ocr_par' dir='ltr' id='par_1_116' title="bbox 2285 5492 3732 5572">
     <span class='ocr_line' id='line_1_116' title="bbox 2285 5492 3732 5572; baseline -0.008 -14"><span class='ocrx_word' id='word_1_906' title='bbox 2285 5502 2507 5560; x_wconf 77' lang='lat' dir='ltr'><strong>CAPUT</strong></span> <span class='ocrx_word' id='word_1_907' title='bbox 2544 5501 2632 5558; x_wconf 76' lang='lat' dir='ltr'><strong>IV.</strong></span> <span class='ocrx_word' id='word_1_908' title='bbox 2650 5502 2826 5558; x_wconf 77' lang='grc'><strong>-12.</strong></span> <span class='ocrx_word' id='word_1_909' title='bbox 2867 5501 2999 5557; x_wconf 82' lang='lat' dir='ltr'><strong>Item</strong></span> <span class='ocrx_word' id='word_1_910' title='bbox 3028 5502 3290 5568; x_wconf 88' lang='lat' dir='ltr'><strong>Dominus,</strong></span> <span class='ocrx_word' id='word_1_911' title='bbox 3323 5501 3502 5572; x_wconf 85' lang='lat' dir='ltr'><strong>inquis,</strong></span> <span class='ocrx_word' id='word_1_912' title='bbox 3527 5498 3571 5550; x_wconf 79' lang='lat' dir='ltr'><strong>in</strong></span> <span class='ocrx_word' id='word_1_913' title='bbox 3590 5492 3732 5548; x_wconf 75' lang='lat' dir='ltr'><strong>Em—</strong></span> 
     </span>
    </p>
   </div>
   <div class='ocr_carea' id='block_1_117' title="bbox 2214 5582 3730 5667">
    <p class='ocr_par' dir='ltr' id='par_1_117' title="bbox 2214 5582 3730 5667">
     <span class='ocr_line' id='line_1_117' title="bbox 2214 5582 3730 5667; baseline -0.009 -17"><span class='ocrx_word' id='word_1_914' title='bbox 2214 5596 2342 5667; x_wconf 75' lang='lat' dir='ltr'><strong>gelio</strong></span> <span class='ocrx_word' id='word_1_915' title='bbox 2370 5596 2595 5666; x_wconf 84' lang='lat' dir='ltr'><strong>increpat</strong></span> <span class='ocrx_word' id='word_1_916' title='bbox 2631 5593 2859 5666; x_wconf 68' lang='lat' dir='ltr'><strong>Iudaeos,</strong></span> <span class='ocrx_word' id='word_1_917' title='bbox 2903 5595 3112 5650; x_wconf 87' lang='lat' dir='ltr'><strong>dicens:</strong></span> <span class='ocrx_word' id='word_1_918' title='bbox 3137 5614 3157 5647; x_wconf 83' lang='grc' dir='ltr'><strong>ι</strong></span> <span class='ocrx_word' id='word_1_919' title='bbox 3189 5594 3254 5648; x_wconf 81' lang='lat' dir='ltr'><strong>Et</strong></span> <span class='ocrx_word' id='word_1_920' title='bbox 3281 5605 3355 5658; x_wconf 87' lang='lat' dir='ltr'><strong>tu,</strong></span> <span class='ocrx_word' id='word_1_921' title='bbox 3391 5593 3432 5646; x_wconf 87' lang='lat' dir='ltr'><strong>si</strong></span> <span class='ocrx_word' id='word_1_922' title='bbox 3465 5582 3730 5664; x_wconf 66' lang='lat' dir='ltr'><strong>cognorim</strong></span> 
     </span>
    </p>
   </div>
   <div class='ocr_carea' id='block_1_118' title="bbox 2215 5687 3726 5768">
    <p class='ocr_par' dir='ltr' id='par_1_118' title="bbox 2215 5687 3726 5768">
     <span class='ocr_line' id='line_1_118' title="bbox 2215 5687 3726 5768; baseline -0.009 -25"><span class='ocrx_word' id='word_1_923' title='bbox 2215 5698 2409 5761; x_wconf 83' lang='lat' dir='ltr'><strong>tempus</strong></span> <span class='ocrx_word' id='word_1_924' title='bbox 2433 5689 2729 5744; x_wconf 83' lang='lat' dir='ltr'><strong>uisitationis</strong></span> <span class='ocrx_word' id='word_1_925' title='bbox 2746 5699 2865 5760; x_wconf 70' lang='lat' dir='ltr'><strong>tute,</strong></span> <span class='ocrx_word' id='word_1_926' title='bbox 2895 5689 3106 5759; x_wconf 78' lang='lat' dir='ltr'><strong>forsitan</strong></span> <span class='ocrx_word' id='word_1_927' title='bbox 3136 5687 3502 5768; x_wconf 75' lang='lat' dir='ltr'><strong>permansisset;</strong></span> <span class='ocrx_word' id='word_1_928' title='bbox 3520 5693 3633 5733; x_wconf 83' lang='lat' dir='ltr'><strong>nunc</strong></span> 
     </span>
    </p>
   </div>
   <div class='ocr_carea' id='block_1_119' title="bbox 2217 5760 3731 5858">
    <p class='ocr_par' dir='ltr' id='par_1_119' title="bbox 2217 5760 3731 5858">
     <span class='ocr_line' id='line_1_119' title="bbox 2217 5760 3731 5858; baseline -0.007 -20"><span class='ocrx_word' id='word_1_929' title='bbox 2217 5760 2320 5838; x_wconf 6' lang='lat' dir='ltr'><strong>tem,</strong></span> <span class='ocrx_word' id='word_1_930' title='bbox 2339 5782 2630 5836; x_wconf 86' lang='lat' dir='ltr'><strong>abscondita</strong></span> <span class='ocrx_word' id='word_1_931' title='bbox 2649 5791 2765 5850; x_wconf 83' lang='lat' dir='ltr'><strong>sunt</strong></span> <span class='ocrx_word' id='word_1_932' title='bbox 2789 5781 2853 5836; x_wconf 89' lang='lat' dir='ltr'><strong>de</strong></span> <span class='ocrx_word' id='word_1_933' title='bbox 2874 5782 3031 5838; x_wconf 87' lang='lat' dir='ltr'><strong>oculis</strong></span> <span class='ocrx_word' id='word_1_934' title='bbox 3059 5760 3153 5856; x_wconf 64' lang='lat' dir='ltr'><strong>tuis</strong></span> <span class='ocrx_word' id='word_1_935' title='bbox 3177 5802 3193 5834; x_wconf 85' lang='grc'>›</span> <span class='ocrx_word' id='word_1_936' title='bbox 3223 5779 3377 5858; x_wconf 56' lang='lat' dir='ltr'><strong>LLuc.</strong></span> <span class='ocrx_word' id='word_1_937' title='bbox 3405 5792 3510 5839; x_wconf 67' lang='grc' dir='ltr'>ιιι,</span> <span class='ocrx_word' id='word_1_938' title='bbox 3528 5769 3624 5856; x_wconf 55' lang='grc' dir='ltr'><strong>ξῆι</strong></span> 
     </span>
    </p>
   </div>
   <div class='ocr_carea' id='block_1_120' title="bbox 2217 5867 3734 5963">
    <p class='ocr_par' dir='ltr' id='par_1_120' title="bbox 2217 5867 3734 5963">
     <span class='ocr_line' id='line_1_120' title="bbox 2217 5867 3734 5963; baseline -0.009 -30"><span class='ocrx_word' id='word_1_939' title='bbox 2217 5877 2318 5933; x_wconf 85' lang='lat' dir='ltr'><strong>hoc</strong></span> <span class='ocrx_word' id='word_1_940' title='bbox 2359 5873 2428 5931; x_wconf 81' lang='lat' dir='ltr'><strong>ad</strong></span> <span class='ocrx_word' id='word_1_941' title='bbox 2466 5885 2674 5948; x_wconf 86' lang='lat' dir='ltr'><strong>tempus</strong></span> <span class='ocrx_word' id='word_1_942' title='bbox 2703 5874 2858 5948; x_wconf 87' lang='lat' dir='ltr'><strong>primi</strong></span> <span class='ocrx_word' id='word_1_943' title='bbox 2880 5876 3136 5960; x_wconf 75' lang='lat' dir='ltr'><strong>adventus</strong></span> <span class='ocrx_word' id='word_1_944' title='bbox 3161 5868 3624 5963; x_wconf 28' lang='lat' dir='ltr'><strong>Dotgliui-pcrtittel,</strong></span> <span class='ocrx_word' id='word_1_945' title='bbox 3650 5867 3734 5913; x_wconf 78' lang='lat' dir='ltr'><strong>ml</strong></span> 
     </span>
    </p>
   </div>
  </div>
