3990 6396
247 486 333 551 909
1365 472 1849 534 EPISTOLARUM
1884 474 2161 531 CLASSIS
2199 475 2286 532 111.

242 602 450 665 secundi,
477 601 541 656 de
568 611 669 668 quo
696 611 831 653 nunc
860 593 1081 666 qurestio
1104 602 1204 647 est.
1230 592 1302 647 De
1329 592 1563 646 secundo
1583 591 1777 659 quippe

244 698 439 752 adventu
467 706 559 744 suo
581 689 729 751 dixit,
771 685 889 740 Non
916 696 984 739 est
1010 696 1221 739 vestrum
1247 687 1373 736 scire
1398 695 1640 751 tempora,
1672 697 1775 735 non

240 788 296 841 de
334 780 606 853 primozde
648 781 734 832 illo
777 781 917 833 enim
960 780 1025 830 ab
1066 794 1131 830 eo
1165 777 1483 845 qnarsicrunt
1530 774 1776 844 Discipuli

239 890 372 945 quem
400 870 696 941 sperabant,
728 884 831 922 non
862 870 929 923 de
959 869 1060 921 isto
1086 884 1239 938 quem
1284 868 1390 937 jam
1425 868 1686 921 videbant.
1715 866 1776 922 Si

239 967 359 1022 enim
382 965 592 1032 primum
610 961 723 1030 ejus
738 961 1018 1015 adventum
1044 959 1210 1013 Judaei
1233 960 1623 1025 cognovissent,
1644 973 1778 1011 nun-

237 1070 371 1126 quam
401 1052 667 1107 Domimnn
697 1052 877 1120 gloriae
902 1051 1287 1105 crucilixissent
1313 1050 1355 1115 (Ι
1384 1048 1498 1101 Cor.
1525 1064 1581 1113 ιι,
1605 1050 1692 1118 8);
1725 1055 1779 1101 et

236 1149 339 1204 ideo
364 1162 461 1201 non
489 1146 669 1206 everti,
705 1145 798 1199 sed
828 1159 1137 1213 permanere
1176 1145 1485 1213 potuissent.
1532 1143 1777 1197 Jamvero

236 1237 355 1309 quod
379 1238 448 1291 ait
471 1236 536 1289 ad
561 1251 671 1299 eos,
697 1233 1049 1289 Paenitentiam
1071 1237 1232 1306 agile;
1254 1237 1499 1304 completa
1523 1244 1639 1288 sunt
1656 1245 1778 1287 tem-

235 1344 359 1399 pora,
388 1327 599 1380 credite‘
627 1325 902 1397 Evangelia
929 1325 1115 1396 (Marc.
1148 1342 1185 1391 t,
1219 1326 1328 1397 15),
1365 1327 1521 1379 etiam
1552 1326 1661 1393 ipse
1690 1326 1779 1378 lir-

233 1420 367 1475 masti
394 1419 458 1473 de
487 1420 548 1471 iis
575 1419 897 1487 temporibus
930 1418 1124 1472 dictum
1156 1433 1273 1472 esse
1301 1418 1621 1473 ludum-um.
1659 1432 1777 1485 qua:

234 1510 455 1564 continuo
478 1517 594 1577 post
613 1524 809 1578 paucos
828 1524 994 1561 annos
1010 1510 1215 1563 fuerant
1242 1511 1545 1574 transitura,
1571 1519 1621 1563 ct
1640 1523 1780 1563 nunc

233 1601 450 1661 novimus
473 1601 578 1666 jam
607 1615 729 1654 esse
755 1610 1036 1665 transacta,
1064 1616 1246 1654 eversa
1269 1602 1472 1655 scilicet
1492 1602 1701 1653 civitate
1722 1599 1774 1652 in

233 1709 315 1762 qua
346 1708 551 1762 regnum
578 1708 762 1747 eorum
786 1694 954 1745 l’uemt
973 1693 1335 1746 constitutum.

290 1785 366 1838 13.
406 1784 629 1840 Proinde
666 1783 807 1853 quod
835 1798 897 1836 ex
927 1782 1142 1837 Daniele
1183 1783 1250 1836 de
1292 1781 1565 1835 interfecta
1610 1780 1776 1835 bestia

233 1876 383 1945 posuit
406 1874 788 1929 Venembilitas
816 1884 925 1940 tua,
957 1883 1011 1928 et
1049 1874 1116 1927 de
1145 1874 1461 1942 reliquarum
1494 1871 1775 1928 besliarum

229 1980 390 2036 regno,
420 1975 471 2019 et
495 1967 634 2020 inter
663 1966 777 2019 ha~c
804 1965 870 2018 de
897 1964 1000 2018 lilio
1024 1965 1253 2017 hominis
1275 1965 1517 2018 veniente
1535 1978 1651 2015 cum
1680 1978 1777 2015 nu-

230 2055 361 2111 bibus
400 2059 547 2123 cmli,
592 2055 927 2119 manifestum
976 2070 1096 2109 esse
1140 2054 1315 2108 dixisti
1372 2051 1780 2121 intelligentibus

225 2143 546 2214 Scriptorum.
564 2145 674 2218 Sed
696 2145 741 2198 si
768 2145 1009 2214 dignatus
1036 2143 1198 2198 fueris
1222 2159 1487 2211 exponere
1512 2141 1778 2211 quomodo

229 2236 312 2289 ista
342 2236 633 2303 pertineant
673 2235 738 2288 ad
782 2236 1203 2305 cognoscendum
1258 2234 1507 2301 temporis
1547 2232 1776 2301 spatium

227 2336 330 2395 post
348 2327 481 2396 quod
506 2328 609 2387 erit
634 2325 922 2387 Salvatoris
948 2325 1226 2389 adventus,
1260 2325 1328 2377 ita
1360 2335 1414 2377 ut
1445 2324 1779 2378 inveniantur

225 2416 323 2477 sine
344 2417 445 2479 ulla
472 2416 816 2485 ambiguitate
858 2414 1171 2479 manifesta;
1218 2414 1422 2470 fatebor
1466 2416 1624 2483 etiam
1664 2415 1778 2483 ipse

226 2520 326 2561 cum
353 2522 533 2576 magna
562 2509 773 2569 actione
801 2505 1109 2575 gratiarum.
1142 2505 1268 2565 illud
1303 2504 1442 2574 quod
1480 2506 1554 2561 ait
1592 2506 1777 2561 Domi-

225 2611 327 2661 nus,
351 2595 467 2651 Non
494 2609 568 2665 est
590 2606 809 2659 vestrum
834 2597 960 2651 scire
979 2606 1223 2665 tempora,
1240 2595 1612 2655 tantummodo
1629 2596 1776 2665 Apu-

223 2686 353 2743 stolis
376 2702 490 2753 esse
512 2688 739 2753 dictata,
758 2702 863 2749 non
892 2685 1118 2756 posteris
1140 2701 1345 2757 eorum,
1374 2686 1465 2756 qui
1489 2700 1552 2743 ea
1568 2686 1775 2743 fuerant

222 2777 472 2846 cognituri.

283 2868 489 2941 CAPUT
533 2870 597 2939 Ν.
625 2899 695 2910 -
720 2870 807 2925 14.
845 2869 1155 2939 Diligentius
1201 2884 1327 2946 ergo
1355 2877 1456 2928 est.
1488 2879 1543 2927 at
1583 2885 1777 2939 exspe-

220 2962 419 3025 ctandus
449 2963 685 3030 Domini,
708 2963 843 3017 sicut
872 2971 1051 3023 sancte
1074 2962 1325 3025 hortaris,
1349 2962 1638 3026 adventus;
1665 2979 1779 3019 ma-

218 3065 453 3122 gnamque
480 3053 618 3119 dicis
645 3068 763 3109 esse
789 3052 1163 3117 beatitudinem
1186 3053 1521 3123 diligentibus
1544 3055 1659 3122 eius
1682 3055 1779 3123 ad-

219 3157 429 3211 venuun,
460 3154 514 3213 et
532 3145 761 3213 adhibes
782 3146 1019 3214 Apostoli
1039 3146 1419 3209 testimonium,
1447 3146 1595 3213 cujus
1617 3146 1776 3217 veqba

219 3233 287 3287 sic
313 3237 456 3304 ponis
476 3255 487 3289 :
511 3235 594 3293 De
622 3246 799 3299 cetera
829 3236 1044 3305 reposita
1073 3246 1147 3299 est
1187 3236 1310 3297 mihi
1338 3252 1523 3293 corona
1544 3237 1774 3304 justitiaa,

215 3340 347 3393 quam
373 3328 544 3383 reddet
573 3328 701 3381 milti
730 3327 976 3391 Dominus
993 3328 1162 3398 justas
1182 3327 1348 3399 jadea:
1365 3329 1415 3383 in
1430 3329 1520 3383 illa
1541 3329 1622 3388 die
1641 3346 1659 3385 :
1677 3348 1777 3385 non

215 3414 360 3485 solum
380 3430 546 3485 autem
572 3404 720 3483 inihi,
752 3418 907 3485 sedet
928 3418 1006 3471 Itis
1033 3418 1117 3487 qui
1144 3419 1358 3486 diligunt
1384 3419 1648 3477 adventum
1675 3420 1780 3475 Do-

216 3505 420 3581 ntitn'tll
454 3507 565 3581 Tim
598 3523 674 3573 tv,
713 3508 788 3578 8).
816 3507 963 3575 Tunc
1007 3492 1170 3577 enim,
1214 3508 1350 3563 sicut
1386 3524 1450 3571 ex
1492 3509 1779 3578 Evangelia

216 3580 611 3669 commemoras,
644 3596 784 3667 Iusti
806 3580 1071 3667 [ttigelmnt
1098 3598 1225 3650 sicut
1248 3601 1323 3663 sol
1344 3599 1394 3651 in
1423 3615 1575 3668 regno
1606 3597 1779 3661 Patris

210 3686 281 3763 sui
307 3685 513 3761 (Matth.
539 3704 660 3753 xui,
688 3676 778 3759 45)
800 3706 811 3738 :
832 3696 885 3741 et
904 3688 1042 3759 quod
1068 3688 1320 3758 propheta
1339 3689 1484 3757 dicit,
1508 3689 1635 3751 Ecce
1650 3692 1779 3755 enim

212 3776 358 3857 caligo
381 3790 427 3834 et
451 3780 672 3851 teneer
694 3782 915 3855 operient
943 3790 1125 3847 terram
1148 3798 1298 3851 super
1316 3792 1486 3851 gentes
1502 3784 1585 3845 ;in
1605 3791 1651 3845 te
1668 3799 1780 3843 vero

210 3860 451 3940 apparebit
481 3873 753 3941 Dominus,
781 3882 825 3926 et
851 3873 1086 3943 ntajestap
1109 3874 1284 3943 ejasin
1306 3885 1351 3927 te
1367 3876 1610 3930 videbitur
1627 3875 1776 3948 (lsai.

215 3975 294 4025 ιι,
326 3963 413 4045 ᾖε
448 3966 573 4027 item
602 3964 752 4043 “quod
779 3965 1032 4033 scriptum
1060 3974 1159 4029 est,
1207 3965 1303 4029 Qui
1344 3982 1455 4017 vero
1499 3976 1780 4037 exrpertant

213 4049 490 4125 Dominum,
520 4053 845 4117 exsultabant
885 4071 997 4117 cum
1041 4056 1252 4118 virtute;
1290 4056 1563 4125 producent
1591 4075 1779 4125 pennas

212 4144 326 4213 sicut
358 4130 560 4219 aquilio,
593 4157 795 4229 cyrrent
833 4155 880 4201 et
915 4163 1012 4200 non
1038 4146 1352 4213 laborabunt,
1385 4149 1708 4202 ambulabunt
1733 4160 1780 4204 et

214 4254 299 4292 von
318 4242 534 4303 esuriem
564 4238 681 4321 (Id.
708 4255 793 4303 XL,
819 4238 929 4310 51).

276 4332 358 4392 15.
401 4332 511 4401 lloc
554 4332 714 4400 plane
759 4332 993 4398 piissime
1034 4339 1084 4387 et
1125 4332 1401 4397 verissime
1444 4331 1594 4396 dicis,
1627 4348 1777 4386 com-

214 4422 456 4481 mendans
478 4438 669 4486 eorum
702 4422 1099 4487 beatitudinem,
1129 4422 1216 4490 qui
1242 4424 1465 4493 diligunt
1498 4425 1776 4479 adventum

215 4508 426 4577 Domini.
462 4514 571 4571 Sed
600 4522 653 4567 et
683 4513 753 4567 illi
782 4512 972 4581 quibus
997 4512 1203 4569 dicebat
1222 4514 1526 4582 Apostolus,
1552 4513 1673 4567 Non
1685 4516 1779 4568 cito

216 4604 496 4663 moveantini
542 4612 727 4667 mente,
769 4603 915 4673 quasi
941 4603 1088 4661 instet
1114 4604 1217 4659 dies
1244 4603 1468 4667 Domini,
1497 4605 1782 4674 diligebant

216 4693 383 4763 utique
419 4697 710 4759 adventum
740 4695 948 4757 Domini
972 4712 987 4749 :
1010 4708 1109 4749 nec
1133 4710 1226 4771 eos
1254 4695 1357 4753 hoc
1384 4696 1563 4752 dicens
1592 4697 1782 4750 Doctor

215 4778 448 4845 Gentium
474 4787 545 4843 ab
572 4786 660 4849 illa
680 4786 961 4851 dilectione
980 4784 1273 4855 frangebat,
1295 4800 1395 4853 qua
1420 4793 1477 4843 ut
1492 4786 1783 4843 inﬂamma-

216 4885 386 4943 rentur
414 4880 656 4947 volebat;
685 4887 737 4932 et
756 4876 877 4955 ideo
900 4877 1108 4943 nolebat
1128 4886 1183 4930 ut
1207 4876 1487 4949 crederent
1511 4878 1588 4931 eis
1619 4892 1646 4931 a
1668 4879 1784 4947 qui-

216 4962 306 5020 bus
318 4968 609 5023 audiebant
626 4969 820 5021 instare
836 4968 975 5021 diem
996 4965 1223 5030 Domini,
1243 4980 1309 5019 ne
1328 4964 1460 5018 forte
1479 4982 1596 5025 cum
1620 4976 1781 5029 trans-

216 5055 333 5114 isset
357 5070 574 5137 tempus
600 5075 704 5129 quo
726 5074 851 5127 eum
890 5058 1222 5137 crediderant
1248 5072 1367 5119 esse
1402 5067 1697 5125 vvnturum,
1728 5068 1784 5115 et

216 5152 414 5217 venisse
462 5136 572 5211 non
616 5158 916 5217 cernerent,
955 5136 1114 5204 etiam
1155 5158 1344 5215 ett-tera
1384 5150 1643 5219 fallaciter
1682 5150 1781 5207 sibi

216 5243 437 5307 promitti
467 5242 809 5307 arbitrantes,
837 5248 891 5294 et
915 5241 981 5295 de
1007 5240 1116 5307 ipsa
1157 5238 1403 5303 mercede
1445 5239 1566 5297 (idci
1590 5239 1782 5309 despe-

214 5342 401 5389 rarent.
446 5332 569 5395 Non
612 5347 739 5401 ergo
784 5331 871 5386 ille
910 5330 1077 5399 diligit
1121 5330 1402 5405 adventum
1436 5329 1660 5391 Domini.
1693 5329 1782 5399 qui

214 5436 325 5476 eum
350 5424 545 5499 asserit
577 5424 947 5497 propinquare,
977 5431 1064 5491 aut
1095 5421 1181 5475 ille
1206 5420 1294 5491 qui
1321 5421 1511 5475 asserit
1542 5435 1648 5481 non
1673 5435 1785 5488 pro-

212 5514 488 5591 pinquare;
519 5516 616 5575 sed
660 5516 747 5577 ille
787 5518 958 5584 potius
999 5513 1088 5585 qui
1128 5528 1272 5579 eum,
1317 5513 1427 5567 sive
1465 5528 1632 5583 prope
1671 5514 1783 5575 sive

209 5603 355 5674 longe
380 5606 469 5670 sit,
496 5604 811 5681 ’sinceritatt;
837 5605 978 5675 ﬁdei,
1012 5606 1257 5669 ﬁrmitate
1283 5606 1415 5675 spei,
1446 5606 1636 5661 ardore
1657 5608 1785 5677 cha-

208 5695 372 5751 ritatis
410 5706 712 5777 cnspectat.
745 5697 872 5783 Nam
904 5697 950 5752 si
982 5705 1123 5751 tanto
1153 5697 1318 5765 magis
1347 5697 1577 5769 diligitur
1602 5700 1783 5757 Domi-

264 5832 277 5863 ¹
313 5831 444 5887 ΗΜ..
470 5831 663 5897 credite
704 5830 966 5897 evangelio.
1008 5838 1060 5880 At
1092 5831 1415 5897 Mssibabent,
1434 5831 1484 5883 in
1518 5835 1780 5897 Evangelia,

206 5893 323 5937 inv?"
384 5913 404 5919 -·
454 5908 564 5939 vom
598 5893 886 5949 ξρξλιμιιρινὶῖιι
912 5896 960 5943 to
985 5894 1246 5953 tinnngt’lt'o.
1374 5902 1377 5907 '
1642 5893 1660 5897 ”
1748 5906 1753 5913 ’

3332 433 3529 574 ’θιοξ

1888 604 2007 651 nos.
2036 600 2234 659 quanto
2273 592 2438 661 magis
2475 591 2708 646 creditur
2733 600 2787 647 et
2813 593 3129 663 prmdicatur
3158 596 3314 653 citius
3343 615 3461 655 esse
3502 589 3507 595 ’

1886 692 2165 745 venturus;
2219 684 2381 751 magis
2423 698 2541 737 eum
2580 683 2865 752 diligi-bant
2910 687 2998 756 qui
3036 687 3148 756 ejus
3175 689 3457 747 adventum

1879 769 1987 837 jam
2021 771 2216 825 instare
2245 772 2508 831 dicebant,
2531 789 2685 841 quam
2710 775 2759 827 hi
2785 793 2914 843 quos
2941 779 3224 846 Apostolus
3247 781 3322 833 eis
3342 797 3459 835 cre-

1884 860 2010 915 dere
2034 862 2362 930 probibebat,
2388 865 2465 919 vel
2490 865 2601 932 ipse
2622 866 2905 933 Apostolus
2923 871 3008 936 qui
3034 870 3133 923 hoc
3152 870 3330 942 utique
3353 888 3457 928 non

1884 954 2148 1008 credebat.
3248 962 3251 969 ’

1952 1044 2176 1099 CAPUT
2214 1045 2300 1099 VI.
2319 1076 2393 1087 -—-
2417 1048 2503 1102 l6.
2544 1048 2596 1103 Si
2624 1059 2798 1103 autem
2827 1067 3049 1107 onerosa
3076 1071 3181 1108 non
3207 1065 3288 1110 est
3316 1056 3456 1112 infir-

1883 1136 2036 1190 mitas
2063 1151 2178 1190 mea
2211 1137 2484 1192 Sauctitati
2526 1147 2647 1217 ture,
2692 1128 2810 1209 pcto
2846 1126 3078 1212 apertius
3100 1162 3201 1199 non
3225 1150 3458 1213 graveris

1882 1238 2149 1293 exponere
2175 1229 2439 1296 quomodo
2464 1230 2660 1285 dixeris
2687 1234 2952 1288 neminem
2999 1250 3150 1304 posse
3180 1248 3456 1307 temporum

1882 1334 2140 1373 mensuras
2160 1322 2427 1391 colligere;
2455 1339 2522 1377 ne
2550 1323 2681 1377 forte
2710 1327 2880 1401 ethoc
2904 1328 3029 1381 mihi
3062 1320 3455 1403 videaturquOd

1884 1412 2039 1465 etiam
2084 1414 2337 1469 Cliaritati
2382 1427 2506 1482 tua},
2538 1426 2592 1472 et
2623 1416 2812 1472 frustra
2842 1419 3061 1488 quilibet
3092 1408 3333 1477 nostrumr
3373 1425 3457 1477 in-

1883 1502 2013 1555 strui
2058 1513 2331 1575 exspectet
2370 1506 2436 1559 ab
2477 1492 2661 1562 altero.
2704 1509 2833 1562 Cum
2880 1511 2978 1564 hoc
3025 1488 3175 1566 enim
3208 1510 3455 1583 dixisses,

1883 1594 2073 1649 deinde
2112 1597 2473 1671 subdidistiet
2502 1600 2620 1653 aisti
2654 1618 2665 1652 :
2696 1600 3023 1672 Evangelia»:
3067 1605 3267 1673 quidem
3311 1596 3451 1672 dicit,

1890 1705 1908 1737 ‹
1934 1686 2010 1740 De
2028 1687 2109 1741 die
2136 1698 2181 1741 et
2206 1693 2331 1743 liora
2356 1674 2498 1743 nemo
2519 1692 2609 1743 scit
2645 1712 2661 1743 ι
2686 1691 2893 1761 (Matth.
2924 1672 3079 1757 xxiv,
3110 1697 3197 1765 36)
3221 1715 3233 1747 :
3258 1714 3346 1766 ego
3366 1714 3460 1749 aa-

1885 1784 2002 1842 tent,
2032 1778 2226 1846 inquis,
2254 1797 2344 1848 pro
2375 1781 2700 1850 possibilitate
2728 1783 3003 1838 intellectus
3035 1776 3128 1838 ntei
3149 1784 3278 1859 dico,
3300 1766 3459 1859 neque

1882 1882 2100 1919 mensem
2127 1884 2283 1938 neque
2309 1886 2496 1946 annum
2524 1873 2762 1925 adrentus
2802 1865 2985 1942 ipsius.
3010 1875 3127 1927 sciri
3171 1858 3331 1946 posse.

1881 1957 2020 2010 enim
2068 1958 2168 2011 hoc
2208 1960 2417 2013 videtur
2444 1944 2654 2025 Sonare,
2689 1971 2933 2032 tanquam
2976 1981 3082 2018 non
3127 1956 3290 2033 possit
3331 1942 3455 2039 sciri

1882 2063 1984 2117 quo
2006 2063 2146 2102 anno
2173 2041 2421 2105 ven'turus
2442 2052 2529 2119 sit,
2558 2052 2651 2107 sed
2678 2054 2845 2121 possit
2864 2055 2984 2107 sciri
3007 2070 3105 2123 qua
3128 2034 3459 2114 hebdomade

1881 2154 2159 2204 annorum,
2196 2143 2276 2195 vel
2318 2158 2418 2210 qua
2448 2142 2647 2197 decade
2670 2161 2682 2205 ;
2707 2152 2953 2216 tanquam
2981 2145 3083 2197 dici
3115 2146 3278 2214 possit
3302 2134 3459 2218 atque

1881 2229 2095 2284 deliniri
2128 2232 2261 2285 intra
2292 2233 2413 2287 illos
2441 2235 2520 2287 vel
2554 2234 2671 2288 illos
2698 2245 2899 2304 septem
2925 2251 3110 2298 annos,
3134 2247 3223 2289 aut
3246 2228 3461 2292 intra'il-

1883 2322 1963 2374 los
1994 2324 2075 2377 vel
2109 2324 2226 2378 illos
2270 2325 2456 2379 decem
2503 2340 2692 2379 annos.
2738 2310 2887 2393 Quod
2932 2328 2974 2381 si
3020 2344 3086 2381 ne
3118 2328 3216 2401 hoc
3245 2320 3458 2398 quidem

1882 2412 2262 2480 comprehendi
2289 2424 2486 2485 potest,
2532 2431 2712 2485 quer
2752 2426 2927 2470 utrum
2969 2416 3045 2471 sic
3079 2400 3262 2471 mitem
3296 2400 3463 2487 possit

1882 2501 2091 2557 deliniri
2120 2514 2325 2573 tempus
2350 2506 2605 2561 adventus
2632 2510 2764 2576 ejus,
2799 2516 2855 2561 ut
2884 2523 3001 2562 cum
3035 2517 3309 2562 venturum
3341 2526 3459 2585 esse

1882 2593 2119 2649 dicamus
2151 2596 2284 2650 intra
2332 2599 2481 2663 istos,
2527 2599 2675 2654 verbi
2717 2600 2905 2668 gratia,
2955 2600 3329 2669 quinquaginta
3374 2590 3461 2655 vel

1882 2695 2093 2744 centum
2122 2704 2308 2754 annos,
2337 2692 2416 2745 vel
2449 2691 2705 2759 quotlibet
2733 2706 2827 2746 seu
2860 2690 3075 2759 majoris
3114 2690 3319 2747 numeri
3364 2709 3459 2747 seu

1884 2777 2103 2832 minoris
2133 2795 2409 2844 annorum,
2450 2781 2540 2835 sed
2575 2782 2623 2834 iu
2668 2797 2771 2849 quo
2804 2797 3009 2847 eorum,
3053 2799 3147 2836 nos
3194 2784 3454 2852 ignorare.

1876 2868 1992 2922 Hoc
2020 2872 2061 2923 si
2086 2871 2194 2940 jam
2223 2873 2688 2940 comprehendisti,
2716 2874 2935 2927 multum
2957 2874 3195 2944 estquod
3217 2890 3458 2945 compre-

1885 2961 2116 3016 hendere
2153 2964 2385 3030 potuisti.
2421 2963 2651 3035 ldipsum
2697 2973 2778 3018 est
2818 2974 2991 3019 autem
3037 2964 3175 3037 quod
3226 2964 3353 3036 rogo
3402 2976 3457 3021 ut

1883 3052 2036 3106 nobis
2089 3053 2345 3123 benignus
2400 3055 2704 3124 impertias,
2754 3055 3011 3111 adhibens
3060 3040 3249 3111 idonea
3286 3040 3457 3112 'docu-

1883 3154 2064 3199 menta
2109 3146 2298 3215 quibus
2341 3146 2389 3200 id
2439 3148 2669 3215 potueris
2699 3146 2979 3217 indagare:
3010 3148 3052 3200 si
3080 3160 3254 3218 autem
3286 3163 3457 3218 neque

1882 3235 1983 3291 hoc
2004 3247 2053 3291 te
2070 3237 2538 3307 comprehendisse
2556 3238 2850 3308 praesumis,
2870 3238 2970 3293 hoc
2988 3216 3154 3294 seniis
3170 3239 3308 3309 quod
3336 3255 3455 3309 ego.

1952 3328 2038 3381 17.
2080 3327 2375 3383 Novissima
2401 3328 2540 3382 enim
2571 3344 2690 3383 esse
2730 3328 2827 3381 ista
2860 3337 3117 3397 tempora,
3160 3331 3340 3383 multis
3370 3328 3458 3403 re-

1882 3434 1998 3473 rum
2038 3419 2202 3489 signis
2239 3421 2634 3489 apparentibus,
2673 3436 2790 3491 quae
2833 3420 3107 3474 Dominum
3153 3422 3461 3497 prardixisse

1882 3510 2125 3579 legimus,
2157 3526 2341 3566 omnes
2368 3513 2456 3581 qui
2495 3527 2557 3566 ea
2599 3512 2883 3574 credimus.
2923 3512 3208 3587 cernimus.
3254 3512 3359 3567 Sed
3404 3523 3459 3567 et

1884 3600 2029 3656 mille
2065 3616 2321 3655 annorum
2354 3611 2581 3671 tempus,
2623 3602 2667 3655 si
2708 3616 2891 3656 eorum
2936 3602 3055 3657 linis
3096 3610 3239 3656 esset
3277 3604 3461 3658 sreculi

1884 3689 2025 3758 ﬁnis,
2066 3704 2244 3761 posset
2277 3695 2574 3749 universum
2606 3694 2705 3747 dici
2734 3694 3077 3748 novissimum
3123 3706 3345 3763 tempus,
3375 3695 3461 3750 vel

1885 3782 2044 3837 etiam
2076 3785 2393 3839 novissimus
2420 3785 2551 3850 dies,
2587 3786 2709 3855 quia
2740 3785 2994 3854 scriptum
3036 3795 3135 3849 est,
3171 3784 3315 3840 Mille
3338 3788 3461 3841 anni

1883 3886 2001 3927 ante
2018 3876 2189 3927 oculos
2216 3886 2347 3936 tuos,
2373 3887 2610 3944 tanquam
2635 3876 2739 3928 dies
2760 3893 2888 3930 unus
2918 3875 3087 3943 (Psal.
3114 3893 3333 3943 Lxxm,
3350 3864 3455 3947 '4);

1885 3977 1944 4021 ut
1966 3966 2217 4036 quidquid
2249 3982 2338 4034 per
2358 3966 2573 4020 eosdem
2603 3966 2744 4019 mille
2772 3952 2940 4019 annos
2969 3976 3259 4035 gereretur,
3283 3969 3461 4022 novis-

1884 4055 2019 4108 simo
2042 4064 2280 4124 tempore
2309 4055 2389 4108 vel
2422 4054 2708 4107 novissimo
2724 4053 2809 4107 die
2834 4055 3097 4107 diceretur
3111 4056 3239 4123 geri.
3267 4057 3457 4110 lterum

1885 4146 2024 4200 enim
2068 4146 2203 4209 dico,
2248 4144 2386 4213 quod
2432 4144 2482 4197 in
2528 4144 2624 4197 hac
2662 4158 2817 4199 eausa
2847 4159 2986 4212 smpe
3020 4144 3296 4223 dicendum
3327 4154 3408 4198 est
3441 4164 3455 4200 :

1884 4238 2280 4291 consideremus
2304 4241 2427 4291 ante
2452 4252 2604 4304 quam
2645 4220 2837 4288 multos
2865 4250 3031 4289 annos
3058 4220 3247 4290 dixerit
3273 4226 3459 4292 beatus

1883 4328 2115 4384 Joannes
2140 4327 2480 4396 evangelista,
2514 4325 2799 4380 Novissima
2825 4328 2948 4378 liora
2976 4338 3066 4381 est.
3096 4327 3227 4382 Nam
3259 4328 3303 4382 si
3336 4310 3461 4384 tunc

1886 4432 2142 4484 essemus,
2192 4418 2291 4471 hoc
2335 4417 2536 4480 audito,
2567 4417 2775 4486 quando
2819 4419 3156 4475 crederemus
3188 4429 3265 4474 tot
3291 4436 3461 4475 annos

1886 4517 2064 4578 postea
2096 4511 2430 4574 transituros,
2464 4523 2525 4563 ac
2554 4523 2655 4563 non
2689 4510 2880 4577 potius,
2913 4511 3027 4578 ipso
3055 4512 3225 4565 adhuc
3251 4512 3456 4567 Joanne

1887 4601 1937 4655 in
1957 4615 2178 4670 corpore
2192 4601 2498 4662 constituto.
2524 4600 2802 4654 Dominum
2831 4617 3162 4670 speraretnus
3182 4617 3300 4657 esse
3326 4619 3455 4657 ven-

1886 4694 2098 4748 turum?
2127 4694 2306 4762 Neque
2334 4694 2473 4747 enim
2516 4693 2667 4758 dixit,
2718 4694 3067 4747 Novissitnum
3109 4703 3314 4761 tempus
3354 4704 3455 4761 est,

1885 4795 1974 4839 aut
2000 4783 2318 4838 novissimus
2345 4798 2533 4845 annus,
2565 4790 2655 4837 aut
2677 4782 2894 4844 mensis,
2917 4792 3007 4834 aut
3034 4782 3179 4847 dies;
3211 4784 3324 4849 sed,
3348 4781 3458 4837 No-

1886 4877 2085 4931 vissima
2114 4876 2238 4929 liora
2254 4885 2326 4929 est
2345 4890 2365 4929 :
2393 4885 2445 4928 et
2467 4889 2591 4931 ecce
2618 4878 2712 4926 ista
2744 4873 2868 4929 hora
2886 4889 3041 4941 quam
3063 4873 3213 4939 longa
3230 4876 3339 4928 est!
3359 4889 3457 4930 nec

1888 4976 2064 5022 tamen
2092 4974 2175 5020 est
2207 4966 2295 5020 ille
2321 4966 2570 5019 mentitus
2606 4983 2619 5017 ε
2651 4963 2742 5018 sed
2776 4962 2955 5031 tuique
2986 4962 3351 5034 intelligendus
3378 4974 3459 5018 est

1888 5061 2072 5113 horam
2105 5073 2200 5127 pro
2225 5068 2462 5127 tempore
2490 5057 2744 5127 posuisse.
2770 5055 2920 5121 Quod
2951 5057 3188 5111 nonnulli
3217 5057 3294 5111 sic
3320 5037 3459 5113 aca-

1891 5152 2056 5220 piunt,
2083 5158 2139 5203 ut
2168 5163 2259 5203 sex
2289 5164 2545 5203 annorum
2578 5147 2733 5200 millia
2762 5147 3088 5200 constituant
3130 5147 3269 5202 velut
3293 5164 3455 5202 unum

1886 5243 2291 5313 dietn,eumque
2313 5242 2362 5294 iu
2391 5250 2564 5309 partes
2582 5237 2719 5292 velut
2747 5237 2905 5292 horas
2925 5239 3200 5293 duodecim
3227 5240 3455 5308 partian-

1890 5343 1993 5397 tur,
2025 5344 2082 5388 ut
2104 5335 2181 5389 sic
2210 5333 2521 5403 quingentos
2546 5344 2712 5383 annos
2740 5338 3036 5399 postremos
3065 5331 3191 5384 hora
3218 5329 3459 5384 videatur

1888 5425 2083 5481 habere
2126 5436 2425 5494 postrema:
2448 5421 2501 5476 in
2530 5422 2719 5492 quibus
2747 5424 2900 5476 annis
2938 5422 3047 5490 jam
3085 5420 3338 5487 Joannes,
3371 5421 3456 5475 in-

1888 5520 2095 5589 quiunt,
2127 5516 2455 5587 loquebatur,
2485 5514 2695 5585 quando
2738 5514 3076 5569 novissimam
3124 5513 3309 5566 horam
3338 5526 3460 5568 esse

1887 5610 2112 5666 dicebat.

1963 5701 2046 5763 18.
2080 5699 2184 5753 Sed
2229 5697 2370 5751 aliud
2410 5704 2492 5750 est
2540 5710 2699 5752 nosse
2741 5694 2960 5765 aliquid,
2989 5694 3130 5749 aliud
3176 5696 3456 5764 suspicari.

1889 5796 1994 5851 Cur
2018 5795 2157 5848 enim
2187 5807 2291 5845 non
2318 5790 2569 5860 potius,si
2601 5805 2693 5844 sex
2724 5804 2977 5841 annorum
3007 5787 3168 5843 millia
3199 5786 3458 5856 deputan-

1892 5888 1991 5941 dlis
2012 5898 2089 5939 εει
2115 5899 2250 5939 unus
2270 5885 2403 5945 dies,
2428 5900 2529 5936 non
2546 5881 2872 5938 duodecima.
2892 5879 2982 5931 5rd
3010 5883 3251 5935 vice~imzi
3277 5892 3459 5945 quarta
