3990 6374
582 458 681 523 θιι

585 590 712 649 pars
732 573 847 645 ejus
874 586 976 628 una
1004 570 1135 627 hora
1159 577 1260 636 est,
1293 567 1344 622 id
1374 574 1476 629 est.
1505 578 1611 620 non
1639 562 1935 634 quingenti,
1961 558 2057 616 sed
2076 558 2174 615 du-

584 667 728 724 centi
766 662 1145 735 quinquaginta
1188 658 1350 713 anni?
1376 656 1541 711 Totus
1579 655 1722 711 enim
1746 654 1880 719 dies,
1904 660 2047 707 totus
2071 649 2175 704 cir-

586 759 822 817 cumitus
875 756 1005 811 solis
1052 752 1229 807 verius
1280 756 1635 818 nuncupatur,
1690 760 1797 802 non
1848 743 1916 799 ab
1957 743 2177 799 Oriente

586 864 757 922 usque
786 849 838 903 in
862 845 1227 907 Occidentem,
1255 841 1348 897 sed
1372 840 1442 897 ab
1464 837 1682 896 Oriente
1712 850 1879 908 usque
1904 836 1956 891 in
1982 833 2175 889 Orien-

586 951 719 1008 tem,
749 941 889 995 unde
918 945 1030 992 toto
1062 933 1151 990 die
1180 943 1416 1003 peracto,
1446 929 1500 986 id
1524 938 1609 987 est
1634 928 1821 999 viginti
1861 936 1917 983 et
1952 932 2179 997 quatuor

587 1031 760 1099 boris,
783 1045 968 1087 rursus
986 1026 1257 1084 exoritur:
1275 1040 1338 1080 ac
1357 1039 1456 1096 per
1478 1021 1579 1077 hoc
1600 1021 1728 1076 hora
1751 1020 1851 1075 ista
1866 1016 2175 1081 novissima,

586 1139 657 1181 ex
693 1136 803 1194 quo
833 1132 1073 1190 tempore
1117 1116 1171 1173 id
1208 1115 1417 1171 locutus
1450 1122 1535 1169 est
1574 1112 1828 1174 Joannes,
1856 1119 1982 1164 ante
2010 1106 2180 1163 ferme

588 1212 923 1286 septuaginta
968 1223 1159 1274 annos,
1192 1217 1250 1264 ut
1292 1206 1594 1269 minimum,
1627 1203 1735 1274 jam
1772 1200 2035 1270 reperitur
2062 1211 2182 1253 esse

588 1312 882 1372 transacta,
908 1311 965 1360 et
988 1299 1225 1357 nondum
1252 1299 1398 1354 venit
1425 1296 1682 1352 terminus
1707 1292 1911 1349 steculi.
1944 1291 2056 1346 Huc
2085 1304 2180 1344 ac-

586 1395 753 1461 cedit,
775 1393 901 1464 quia
939 1391 1183 1460 inspecta
1217 1386 1504 1459 diligenter
1541 1383 1900 1441 ecclesiastica
1937 1378 2179 1445 historia,

588 1484 857 1555 reperitur
879 1478 1114 1538 Joannes
1148 1477 1421 1548 apostolus
1454 1476 1613 1547 lotige
1649 1484 1774 1529 ante
1800 1473 1965 1529 fuisse
1989 1469 2181 1526 defun-

590 1585 729 1640 ctus,
759 1588 919 1644 quam
942 1570 1180 1642 quinque
1220 1568 1386 1622 millia
1423 1566 1695 1638 quingenti
1734 1563 1859 1618 anui
1901 1578 1931 1616 a
1973 1560 2185 1634 generis

591 1666 811 1723 humani
848 1662 1070 1721 exordio
1115 1661 1529 1732 complerentur.
1568 1656 1813 1714 Nondum
1854 1665 1969 1711 erat
2008 1654 2186 1725 itaque

593 1757 730 1814 hora
758 1756 1074 1820 novissima,
1100 1754 1145 1807 si
1171 1766 1261 1808 ses
1294 1750 1516 1806 millium
1541 1764 1803 1804 annorum
1830 1762 1953 1818 pars
1977 1744 2207 1801 duode-‘

594 1848 763 1917 eluta,
785 1847 839 1903 id
870 1856 951 1902 est
975 1844 1247 1917 quingenti
1274 1842 1423 1908 anni,
1444 1842 1583 1896 velut
1609 1840 1762 1895 unius
1783 1838 1928 1893 hora:
1956 1837 2185 1910 spatium

592 1939 901 2011 deputatur.
934 1936 1102 1992 Porro
1129 1936 1173 1988 si
1199 1932 1496 1988 secundum
1522 1931 1826 2001 Scripturas
1851 1944 2013 1983 unum
2042 1926 2186 1982 diem

592 2032 743 2089 mille
774 2042 948 2086 annos
973 2042 1094 2083 esse
1123 2039 1406 2097 ponamus,
1437 2024 1604 2078 multo
1629 2021 1797 2093 magis
1825 2021 1953 2075 olim
1982 2019 2189 2075 transiit

595 2133 705 2179 tam
731 2121 903 2193 longa:
930 2119 1036 2175 diei
1056 2119 1184 2173 hora
1213 2116 1540 2179 novissima;
1571 2128 1677 2168 non
1706 2112 1828 2168 dico
1855 2112 1900 2166 si
1930 2110 2187 2167 vicesima

593 2224 782 2288 quarta
807 2229 930 2285 pars
957 2214 1096 2283 ejus,
1114 2211 1203 2282 qui
1234 2219 1363 2265 sunt
1384 2209 1509 2265 anni
1536 2206 1697 2279 paulo
1716 2206 1942 2277 amplius
1960 2204 2189 2276 quadra-

593 2308 758 2380 ginta,
784 2304 880 2362 sed
919 2304 967 2361 si
1005 2301 1317 2359 duodecima
1363 2300 1668 2370 deputetur,
1700 2314 1819 2369 qua:
1862 2298 1980 2353 illos
2018 2310 2190 2352 annos

593 2396 787 2468 duplos
808 2396 985 2451 habet.
1009 2393 1163 2451 Unde
1200 2387 1627 2448 convenientius'
1646 2390 1736 2445 ille
1772 2388 2044 2460 apostolus
2067 2404 2188 2444 cre-

594 2490 744 2548 ditur
782 2489 968 2545 boram
996 2486 1240 2557 posuisse
1274 2500 1372 2556 pro
1402 2493 1672 2554 tempore;
1700 2497 1821 2553 quae
1859 2480 1988 2537 hora
2026 2495 2189 2552 quam

596 2581 754 2651 longa
780 2580 873 2645 sit,
896 2579 1218 2649 ignoramus,
1239 2577 1361 2646 quia
1386 2590 1490 2631 non
1510 2584 1593 2630 cst
1618 2583 1858 2630 nostrum
1886 2574 2024 2629 scire
2050 2582 2188 2628 tem-

598 2685 752 2741 pora,
793 2684 914 2739 qua:
954 2667 1111 2723 Pater
1150 2667 1326 2737 posuit
1377 2667 1431 2721 in
1475 2680 1571 2720 sua
1618 2663 2190 2736 potestatezquamvis

598 2776 722 2816 eam
752 2759 1094 2815 novissimam
1119 2773 1239 2813 esse
1266 2756 1593 2819 noverimus.
1617 2756 1786 2812 multo
1815 2756 1984 2826 magis
2009 2756 2190 2826 utique

598 2866 722 2916 nos,
743 2867 903 2922 quam
932 2850 1024 2921 qui
1064 2848 1278 2904 fuerunt
1304 2860 1431 2903 ante
1459 2861 1579 2915 nos,
1600 2861 1666 2903 ex
1691 2860 1799 2918 quo
1824 2861 1945 2903 esse
1969 2846 2054 2901 vel
2082 2844 2189 2901 dici

596 2942 763 3011 cepit
784 2941 914 2997 hora
942 2940 1249 2995 novissima.

670 3032 900 3090 CAPUT
938 3031 1050 3087 VII.
1090 3060 1161 3091 —_-
1197 3030 1285 3087 l9.
1317 3027 1471 3097 Quod
1498 3037 1677 3084 autem
1708 3026 1828 3084 ideo
1856 3026 2065 3083 videtur
2088 3026 2192 3084 Ve-

599 3123 863 3180 nerationi
892 3132 995 3177 tute
1013 3119 1397 3191 comprehendi
1423 3134 1532 3174 non
1554 3132 1712 3190 posse
1728 3127 2024 3191 temporum
2043 3132 2193 3172 meno

600 3227 776 3281 soras,
808 3221 867 3267 ut
905 3211 1187 3267 deﬁniatur
1227 3226 1333 3281 quo
1373 3224 1515 3265 anno
1554 3210 1760 3265 futurus
1788 3219 1868 3265 est
1896 3208 2039 3276 linis,
2066 3208 2190 3280 qta'a

600 3304 896 3363 secundum
944 3303 1352 3373 promissionem
1404 3302 1614 3357 Domini
1655 3303 2037 3358 breviabuntur
2075 3301 2193 3359 dies

600 3399 701 3464 illi,
719 3411 938 3468 prorsus
960 3412 1069 3452 non
1092 3395 1349 3466 intelligo.
1369 3394 1425 3449 Si
1447 3396 1589 3449 enim
1613 3395 1691 3449 sic
1708 3394 2108 3462 breviuhuntur,
2136 3403 2195 3450 ut

602 3488 739 3544 tlant
778 3504 844 3544 ex
884 3487 1126 3559 pluribus
1162 3486 1478 3558 pauciores;
1508 3501 1690 3555 qumro
1718 3485 2008 3540 secundum
2034 3502 2192 3555 quam

603 3580 885 3637 veritatem
906 3577 1066 3633 l‘uturi
1093 3584 1248 3634 erant
1273 3577 1473 3647 plures,
1495 3575 1598 3630 nisi
1624 3576 2028 3631 breviarentur?
2054 3576 2195 3631 Heb-

601 3670 861 3727 domades
880 3670 1020 3725 enim
1051 3668 1221 3724 sancti
1246 3665 1480 3722 Danielis
1504 3680 1609 3721 non
1630 3665 1698 3722 ad
1731 3667 1957 3736 primum
1985 3667 2193 3723 Domini

603 3761 913 3823 adventum.
944 3760 1083 3817 sicut
1098 3757 1342 3831 pluribus
1367 3757 1539 3813 visum
1560 3766 1663 3822 est,
1685 3756 1780 3812 sed
1803 3756 1871 3811 ad
1900 3757 2193 3814 secundum

603 3853 782 3923 potius
810 3851 1083 3908 existimas
1124 3850 1408 3921 pertinere.
1438 3847 1584 3904 Itane
1629 3863 1759 3920 ergo
1785 3848 2189 3919 breviabuntur,

605 3952 665 3999 ut
691 3942 774 3998 vel
805 3958 906 3997 uua
928 3942 981 3998 in
1011 3943 1091 3998 eis
1116 3938 1449 3996 ltebdomada
1475 3938 1653 3994 minus
1676 3938 1849 3995 futura
1880 3940 1971 4009 sit,
1988 3950 2041 3997 et
2063 3940 2193 3997 falsa

604 4035 709 4091 erit
736 4034 1034 4107 prophetia,
1052 4048 1173 4103 quae
1203 4040 1348 4087 tanta
1377 4028 1653 4102 diligentia
1684 4046 1965 4088 numerum
1991 4031 2195 4089 hebdo-

602 4125 883 4189 madarum
908 4122 1131 4185 delinire
1155 4122 1381 4189 curavit,
1414 4130 1473 4176 ut
1495 4120 1747 4193 quiddam
1790 4122 1997 4179 diceret
2028 4122 2191 4178 etiam

603 4219 827 4277 dimidio
854 4214 1204 4275 hebdomadis
1246 4213 1616 4286 implendum?
1642 4213 1805 4270 Miror
1843 4214 1890 4269 si
1930 4230 2025 4285 per
2063 4229 2193 4285 pro-

606 4312 845 4383 phetiam
868 4308 1066 4364 Christi
1090 4308 1381 4364 destruitur
1406 4306 1682 4378 prophetia
1710 4306 1960 4363 Dauielis.
1992 4306 2194 4363 Deinde

609 4400 768 4471 quale
794 4407 879 4455 est
915 4406 974 4452 ut
1008 4408 1256 4469 putemus
1282 4400 1556 4468 ignorasse
1585 4397 1877 4464 Danieletn,
1910 4397 1991 4454 vel
2018 4397 2194 4469 potius

609 4492 879 4563 angelum,
907 4504 938 4544 a
966 4505 1075 4560 quo
1119 4488 1220 4543 ista
1262 4487 1473 4543 dicebat
1508 4488 1868 4544 breviaturum
1913 4490 2193 4550 Dominum

611 4583 728 4641 dies
756 4583 897 4645 illos.
924 4590 980 4637 et
1020 4593 1231 4636 errasse
1268 4587 1326 4633 ut
1368 4580 1470 4633 hoc
1500 4579 1736 4644 diceret;
1770 4582 1854 4636 vel
1883 4583 2049 4639 scisse
2071 4587 2194 4656 qui.

612 4674 755 4739 dem,
787 4672 883 4728 sed
916 4671 966 4727 ei
1003 4684 1162 4741 quem
1190 4667 1417 4724 docebat
1444 4668 1605 4725 fuisse
1630 4671 1948 4727 mentitum?
1972 4673 2122 4742 Quod
2147 4677 2194 4733 si

516 4796 532 4833 ~,
610 4764 897 4821 absurdum
918 4773 1021 4829 est,
1049 4777 1147 4818 cur
1164 4777 1271 4818 non
1303 4760 1476 4831 pctius
1511 4761 1778 4820 credimus
1815 4766 2105 4823 secundum
2139 4769 2193 4825 id

512 4850 519 4857 ’
611 4855 754 4927 quod
782 4855 1116 4911 breviaturus
1143 4860 1226 4909 est
1269 4852 1523 4908 Dominus
1558 4852 1673 4909 dies
1717 4854 1857 4926 illos,
1886 4867 1962 4914 tot
1986 4859 2191 4916 hebdo-

613 4947 798 5003 madas
825 4947 1172 5018 prophetasse
1204 4944 1507 5001 Danielem?
1534 4946 1579 5002 si
1611 4956 1785 5004 tamen
1811 4950 1877 5005 ad
1902 4953 2192 5010 secundum

615 5040 827 5095 Domini
846 5040 1129 5096 adventum
1156 5037 1322 5111 (quod
1351 5039 1533 5093 nescio
1560 5039 2001 5108 quemadmodum
2026 5046 2195 5116 possit

613 5128 873 5199 ostendi),
900 5128 988 5184 ille
1008 5144 1258 5185 numerus
1284 5127 1515 5185 refertur
1541 5144 1821 5186 annorum.

684 5220 775 5276 20.
808 5219 1108 5285 Postremo,
1148 5221 1316 5276 multo
1353 5221 1551 5277 certius
1602 5222 1944 5294 securiusque
1996 5226 2193 5284 dicitur

613 5310 828 5373 Domini
876 5308 1160 5365 adventum
1208 5312 1345 5367 intra
1396 5313 1750 5383 septuaginta,
1781 5323 1893 5383 aut,
1921 5326 1979 5371 ut
2022 5319 2194 5389 pluri-

611 5418 783 5470 mum,
816 5401 957 5459 intra
995 5410 1209 5457 centum
1251 5416 1420 5457 annos
1463 5402 1719 5471 futurum,
1749 5406 1795 5460 si
1834 5406 2194 5469 hebdomades

614 5497 731 5552 isne
744 5495 918 5566 ipsum
940 5493 1318 5567 praanuntiant.
1332 5493 1469 5550 Anni
1485 5496 1627 5553 enim
1647 5496 2013 5572 quadringenti
2037 5519 2195 5560 nona.

613 5589 758 5659 ginta
796 5596 922 5644 sunt
948 5587 1002 5643 in
1032 5584 1451 5643 hebdomadibus
1478 5592 1805 5663 septuaginta
1829 5610 1843 5647 :
1865 5609 1896 5647 a
1921 5596 2193 5656 nativitate

613 5689 791 5735 autem
836 5678 1045 5738 Dsmini
1084 5679 1242 5736 hodie
1278 5689 1651 5750 computantur
1693 5683 1821 5741 anui
1862 5685 2030 5745 ferme
2056 5704 2192 5761 qua.

616 5767 882 5837 dringenti
900 5768 1083 5842 viginti
1099 5786 1115 5835 ;
1131 5784 1162 5824 a
1177 5770 1573 5829 resurrectione
1582 5782 1761 5831 autem
1778 5776 1862 5833 vel
1882 5782 2194 5851 ascensione

618 5856 754 5946 ejus,
778 5857 901 5911 anni
930 5856 1047 5930 plus
1070 5857 1245 5927 minus
1271 5860 1495 5916 trecenti
1518 5865 1819 5936 nonaginta.
1844 5868 1922 5928 Ac
1944 5885 2041 5942 per
2067 5872 2191 5946 hoc,

1785 431 1839 503 s
1883 423 2249 503 anausim
2289 421 2585 497 EPISCOPI
3717 447 3802 508 tu

2281 554 2325 609 si
2350 570 2415 610 es
2441 569 2547 625 quo
2569 561 2721 608 natus
2744 560 2827 608 cst
2849 557 3204 623 computetur.
3226 554 3544 627 septuaginta
3560 568 3673 614 sunt
3696 563 3798 617 reli.

2282 644 2400 716 qui;
2432 646 2477 700 si
2502 661 2571 700 ex
2599 658 2707 714 quo
2736 658 2923 714 passus
2947 654 3051 711 est,
3077 644 3288 701 circiter
3306 658 3511 703 centum
3530 663 3771 709 remanent
3797 674 3807 710 :

2284 736 2420 792 intra
2449 752 2585 807 quos
2609 735 2838 791 Danielis
2863 750 3051 792 omnes
3086 734 3460 804 hebdomades,
3488 753 3533 796 st
3559 738 3621 796 de
3652 744 3806 799 novis-

2283 829 2420 885 simo
2445 829 2560 900 ejus
2582 828 2813 884 adventu
2839 827 3165 900 prophetatu:
3192 841 3332 896 sunt,
3361 830 3815 905 implebuutsr.Qui

2285 939 2413 994 ergo
2436 923 2587 990 dicit,
2622 922 2766 979 Intra
2812 931 2891 978 tot
2930 938 3100 978 annos
3142 924 3261 987 erit,
3294 933 3419 979 tunc
3447 922 3624 981 falsum
3646 926 3805 985 dicitsi

2286 1017 2423 1071 ultra
2447 1017 2551 1071 erit
2573 1034 2586 1069 :
2610 1015 2705 1071 sed
2729 1016 2851 1086 quia
2882 1015 3279 1082 breviabuntur,
3312 1016 3581 1085 pauciores
3607 1028 3811 1091 poterunt

2286 1125 2425 1177 esse,
2450 1126 2557 1165 non
2585 1111 2783 1181 plures.
2815 1110 2979 1166 Recte
3003 1111 3180 1181 itaque
3207 1111 3419 1176 dicitur,
3448 1111 3583 1169 Intra
3606 1112 3691 1170 bos
3712 1116 3810 1183 erit,

2286 1200 2537 1272 quoniam
2574 1200 2957 1272 quantumlibet
2997 1201 3320 1265 brevientur,
3367 1217 3544 1259 verum
3582 1205 3808 1276 eritzipsa

2288 1306 2516 1363 namque
2540 1291 2797 1348 breviatio
2825 1292 2871 1348 si
2909 1308 2976 1349 eo
3008 1292 3168 1348 modo
3188 1292 3520 1365 intelligenda
3540 1303 3683 1350 estut
3704 1311 3807 1367 pau-

2287 1382 2462 1439 ciores
2485 1381 2634 1444 Ilant.
2655 1382 2789 1437 ultra
2809 1398 2905 1439 eos
2922 1382 3065 1439 diem
3090 1382 3300 1439 Domini
3321 1385 3498 1440 venire
3515 1399 3611 1441 non
3635 1388 3808 1457 patitur,

2288 1473 2383 1531 sed
2420 1476 2588 1546 magis
2612 1478 2884 1548 magisque
2915 1476 3052 1531 intra
3079 1490 3177 1532 eos
3202 1486 3402 1547 quanto
3425 1474 3613 1533 fuerint
3636 1481 3811 1548 paucio-

2290 1584 2397 1625 res.
2428 1567 2545 1624 Non
2585 1569 2745 1639 igitur
2792 1570 2893 1625 ista
2933 1568 3190 1625 breviatio
3236 1566 3415 1624 turbat
3450 1580 3812 1641 computatorctu

2289 1660 2380 1731 qui
2405 1674 2471 1715 eo
2490 1659 2650 1715 modo
2671 1659 2957 1727 deﬁnierit,
2989 1668 3048 1715 ut
3085 1659 3228 1715 dicat
3264 1660 3403 1715 intra
3428 1669 3507 1716 tot
3538 1675 3689 1717 annos
3703 1662 3811 1719 diem

2293 1751 2502 1807 Domini
2536 1767 2657 1809 esse
2687 1761 2999 1817 venturum;
3030 1751 3123 1809 sed
3152 1751 3368 1823 adjuvat
3396 1753 3583 1822 potius,
3607 1754 3810 1825 quoniam

2292 1854 2491 1917 quanto
2532 1845 2701 1916 magis
2742 1844 2809 1899 ad
2856 1845 3175 1917 paucitatem
3218 1842 3524 1914 redigentur
3556 1843 3813 1912 dies,tanto

2293 1935 2462 2006 magis
2506 1935 2609 1991 erit
2651 1937 2811 2003 intra,
2856 1943 2911 1989 et
2952 1934 3088 1990 ultra
3132 1948 3253 1989 esse
3301 1947 3408 1990 non
3437 1934 3617 2005 poterit
3649 1952 3662 1988 :
3690 1944 3814 2006 auiae

2293 2031 2415 2088 ideo
2432 2048 2618 2089 verum
2661 2034 2766 2089 erit
2801 2032 2943 2105 quod
2988 2034 3057 2088 ita
3098 2032 3372 2098 delinitur,
3400 2042 3457 2088 ut
3482 2033 3688 2099 dicatur,
3706 2030 3813 2086 Intra

2294 2132 2373 2180 tot
2407 2140 2579 2181 annos
2619 2124 2744 2193 erit,
2784 2125 3027 2196 quamvis
3075 2124 3346 2180 nesciatur
3390 2138 3495 2196 quo
3538 2137 3666 2179 anno
3701 2122 3812 2179 lutu-

2294 2231 2412 2272 rum
2435 2217 2523 2273 sit.

2363 2307 2427 2364 2|
2440 2349 2455 2364 .
2484 2308 2714 2365 Proinde
2736 2317 2845 2365 tota
2865 2310 3090 2381 qumstio
3104 2318 3187 2366 est
3210 2318 3389 2366 utrum
3411 2308 3625 2365 Danielis
3646 2305 3815 2363 Hebdo-

2298 2399 2485 2456 mades
2510 2400 2683 2472 primo
2707 2401 2937 2457 adventu
2968 2401 3177 2458 Domini
3207 2402 3440 2473 impleta
3462 2404 3581 2468 sint,
3607 2416 3668 2455 an
3689 2399 3812 2455 linem

2294 2493 2476 2549 steculi
2527 2493 2981 2564 pr0phetaverint,
3009 2508 3077 2549 an
3121 2492 3191 2549 ad
3231 2503 3512 2566 utrumque
3549 2492 3809 2564 pertineant

2293 2583 2477 2656 Neque
2518 2584 2662 2641 enim
2702 2585 2793 2656 qui
2829 2585 2992 2641 etiam
3033 2585 3135 2641 hoc
3174 2595 3449 2657 saperent,
3474 2584 3725 2642 deluentnt
3750 2582 3811 2637 di-

2294 2687 2498 2743 centes,
2532 2685 2773 2748 tempore
2801 2677 2956 2748 primi
2985 2676 3251 2733 adventus
3273 2676 3469 2733 Christi
3492 2689 3605 2733 esse
3622 2673 3811 2743 comple-

2296 2776 2398 2833 tas,
2423 2778 2477 2823 et
2503 2768 2626 2823 inde
2650 2783 2817 2839 usque
2840 2766 2906 2823 ad
2929 2767 3085 2823 tinem
3112 2768 3295 2824 saeculi
3322 2766 3532 2824 totidem
3552 2781 3712 2823 rursus
3722 2778 3811 2820 esse

2295 2858 2657 2929 complendas.
2687 2858 2950 2931 Equidem
2978 2860 3129 2916 video
3154 2861 3284 2932 quia
3319 2861 3367 2917 si
3412 2860 3598 2933 primus
3630 2875 3706 2915 est
3731 2873 3811 2913 non

2294 2950 2585 3021 complevit
2606 2949 2887 3016 adventus,
2906 2966 3126 3008 necesse
3148 2963 3235 3008 est
3263 2963 3323 3008 ut
3345 2951 3595 3009 secundus
3612 2963 3813 3005 caseum-

2296 3040 2474 3113 pleat;
2501 3041 2753 3113 quoniam
2783 3042 3061 3115 prophetia
3096 3043 3183 3099 illa
3216 3058 3324 3098 non
3363 3051 3529 3113 potest
3551 3056 3657 3098 esse
3675 3038 3810 3094 falsa:

2296 3148 2417 3205 qua:
2440 3134 2487 3190 si
2508 3143 2748 3206 tempore
2773 3135 2928 3207 primi
2947 3134 3208 3205 adventus
3233 3136 3446 3207 impleta
3470 3144 3565 3201 est,
3593 3149 3682 3191 non
3706 3131 3812 3202 cogit

2297 3224 2515 3297 intelligi
2538 3226 2679 3297 quod
2709 3227 2869 3282 etiam
2896 3226 2965 3282 de
2992 3227 3096 3284 line
3115 3227 3301 3283 steculi
3323 3226 3627 3298 implebitur.
3652 3227 3714 3280 Ac
3741 3235 3812 3293 per

2298 3319 2401 3375 hoc
2445 3319 2709 3375 incertum
2747 3328 2848 3386 est,
2876 3319 3086 3376 etiamsi
3124 3334 3315 3375 verum
3342 3329 3456 3385 est;
3484 3332 3637 3388 neque
3660 3329 3810 3385 negan-

2297 3408 2422 3465 dum
2450 3409 2686 3481 quidem,
2711 3409 2806 3466 sed
2844 3426 3017 3482 neque
3058 3412 3484 3482 praesumendqu
3523 3418 3596 3464 est
3631 3405 3676 3463 id
3705 3406 3811 3460 tutu.

2298 3519 2439 3560 rum.
2484 3503 2824 3576 Relinquitur
2864 3506 3061 3576 itaque,
3102 3514 3161 3559 ut
3202 3504 3297 3576 qui
3337 3504 3448 3558 vult
3488 3514 3657 3573 cogere
3695 3499 3808 3553 istam

2300 3592 2632 3665 prophetiam
2662 3592 2807 3650 credi
2835 3594 3017 3650 saeculi
3044 3595 3148 3649 fine
3176 3592 3562 3665 complendam.
3583 3584 3807 3647 contettdal

2297 3696 2554 3757 quantum
2583 3694 2780 3757 potest,
2806 3694 2863 3742 et
2888 3686 3136 3741 ostendat
3161 3684 3209 3740 si
3238 3694 3430 3756 potest,
3451 3685 3609 3756 primo
3630 3680 3806 3736 adventu

2301 3774 2511 3833 Domini
2540 3792 2647 3833 non
2670 3777 2835 3833 fuisse
2860 3776 3203 3849 completam,
3236 3786 3421 3833 contra
3445 3786 3518 3831 tot
3541 3772 3805 3845 exposita-es

2299 3860 2599 3918 divinorum
2628 3860 2981 3932 eloquiorum,
3005 3863 3095 3932 qui
3117 3861 3260 3917 hunc
3284 3876 3391 3919 non
3412 3860 3572 3916 solum
3594 3860 3807 3925 computa-

2301 3951 2450 4006 tione
2474 3959 2794 4021 temporum,
2824 3965 3007 4007 verum
3032 3952 3193 4006 etiam
3221 3951 3384 4007 rebus
3411 3948 3532 4021 ipsis
3556 3944 3803 4015 completam

2301 4042 2464 4100 fuisse
2503 4041 2889 4108 demonstrant,
2916 4044 3146 4100 maxime
3188 4044 3335 4116 quod
3375 4044 3444 4099 ibi
3487 4043 3706 4112 scriptura
3720 4042 3801 4095 est.

2301 4132 2372 4189 Et
2413 4144 2631 4205 ungatur
2668 4134 2889 4191 Sanctus
2925 4145 3252 4192 sanctorum:
3280 4136 3363 4192 vel
3402 4142 3602 4206 propter
3621 4126 3733 4202 (ιιοά
3763 4124 3802 4179 in

2301 4225 2489 4281 eadem
2536 4226 2812 4297 prophetia
2842 4226 3035 4281 hebrzei
3078 4226 3294 4283 codices
3326 4225 3609 4298 expressius
3636 4219 3800 4278 habent.

2304 4314 2575 4370 Occidetur
2600 4315 2849 4383 Christus,
2883 4325 2933 4369 et
2973 4332 3073 4370 non
3110 4316 3203 4371 erit
3228 4318 3342 4386 ejus
3365 4314 3517 4390 (Dan.
3543 4308 3698 4377 1136.
3712 4304 3798 4372 96)-

2303 4407 2355 4463 id
2378 4415 2483 4475 est,
2511 4423 2616 4462 non
2649 4407 2752 4465 erit
2782 4407 2897 4477 ejus
2924 4407 3181 4472 civitatis;
3203 4408 3450 4479 quoniam
3490 4407 3560 4461 sic
3598 4402 3798 4457 alienato!

2302 4508 2387 4554 est
2436 4513 2466 4551 a
2516 4496 2747 4561 ludatis,
2793 4498 2882 4568 qui
2922 4512 3043 4553 eum
3092 4508 3373 4569 propterea
3415 4498 3700 4552 Salvatoreot
3737 4499 3797 4540 ηε

2302 4588 2739 4659 demptoremque
2762 4603 2915 4643 suum
2934 4603 3040 4643 non
3059 4604 3182 4645 esse
3202 4589 3549 4653 crediderunt,
3570 4582 3672 4655 quia
3694 4574 3797 4633 occi-

2302 4683 2432 4740 dere
2453 4692 2754 4755 potuerunt.
2785 4681 2968 4754 Neque
2995 4684 3137 4739 enim
3172 4684 3227 4739 in
3261 4682 3365 4739 llnc
3395 4680 3563 4738 διερειιὶ
3584 4669 3795 4744 urgendus

2302 4784 2396 4831 aut
2420 4774 2743 4831 occidendus
2769 4783 2854 4830 est
2874 4772 3137 4838 Christus,
3169 4784 3229 4829 ut
3255 4777 3351 4830 ista
3381 4770 3629 4845 prophetia
3651 4761 3791 4821 Danie-

2301 4868 2368 4923 lis
2396 4877 2523 4923 tunc
2540 4875 2878 4939 exspectetur
2904 4865 3167 4937 implenda
3184 4908 3201 4935 ,
3229 4882 3348 4937 qua:
3370 4863 3585 4922 nondum
3605 4853 3796 4914 cludatur

2300 4959 2535 5032 impleta.

2371 5050 2598 5107 CAPUT
2623 5048 2756 5107 VIII.
2789 5049 2967 5105 —22.
2998 5049 3149 5118 Quod
3177 5059 3351 5105 autem
3373 5047 3438 5103 de
3460 5043 3606 5116 signis
3620 5048 3792 5104 erant”

2302 5142 2419 5198 licis
2444 5151 2496 5199 et
2525 5141 2868 5214 propheticis,
2890 5156 3009 5212 qua:
3051 5141 3162 5197 tieri
3200 5139 3480 5199 cernimus.
3509 5132 3787 5206 propinqmﬂn

2304 5233 2512 5290 Domini
2532 5234 2818 5289 adventum
2838 5247 3053 5303 sperare
3072 5231 3378 5292 debeamus,
3395 5228 3505 5299 quis
3523 5218 3684 5292 negat?
3698 5228 3797 5289 qm”.

2304 5324 2431 5381 tidie
2454 5325 2649 5397 quippe
2676 5324 2845 5394 magis
2869 5324 3141 5395 magisque
3157 5324 3213 5377 lit
3233 5321 3506 5393 proximus.
3533 5311 3624 5371 Sed
3639 5310 3790 5383 quanto

2304 5419 2583 5475 intervallo
2609 5420 2943 5491 propinquet,
2967 5421 3089 5489 hoc,
3102 5420 3297 5477 dictum
3314 5428 3412 5482 est.
3432 5430 3525 5472 non
3542 5419 3607 5468 es!
3626 5412 3789 5461 tam“

2301 5512 2449 5567 scire.
2477 5510 2609 5569 Vide
2651 5511 2863 5583 quando
2898 5512 3032 5568 dixit
3071 5512 3369 5584 Apostolus.
3401 5506 3540 5565 Nm
3566 5500 3673 5558 enim
3693 5505 3784 5566 νη·

2303 5602 2416 5673 pior
2441 5611 2515 5656 est
2550 5611 2720 5657 nostra
2753 5603 2912 5668 salus,
2935 5620 3084 5675 quam
3111 5621 3224 5659 cum
3249 5601 3549 5658 credidinuts.
3570 5591 3673 5648 N03

2302 5693 2469 5755 cessit,
2494 5692 2601 5747 dies
2628 5701 2791 5748 autem
2819 5674 3235 5767 appropinquavit
3260 5693 3425 5767 (Rom.
3462 5703 3560 5753 xtu,
3593 5681 3663 5769 lli

2302 5791 2359 5839 et
2394 5796 2520 5841 ecce
2553 5794 2683 5854 quot
2716 5765 3223 5843 aunitransierunt!
3252 5765 3344 5839 nec
3371 5793 3529 5835 tamen
3550 5768 3667 5845 quod
3685 5765 3781 5864 dixit

2302 5875 2491 5933 falsum
2516 5884 2618 5931 est.
2650 5875 2859 5943 Quanto
2882 5877 3049 5949 magis
3071 5893 3213 5935 nunc
3236 5872 3496 5935 dicendum
3517 5872 3588 5923 αι
3610 5864 3778 5932 Ρτ⁰Ρ⁸⁹’

3295 6002 3453 6043 ..ᾖε
3528 5996 3536 6003 .
3608 5993 3618 6003 .
