3990 6380
525 299 653 335 δἐἰ-κει
674 309 678 313 ’
780 290 876 313 4.-.

393 337 444 347 ιι..

221 353 320 416 913

217 483 377 543 quare
407 462 610 522 Domini
635 459 948 524 adventum;
973 453 1186 528 quando
1217 460 1396 507 tantus
1417 457 1500 505 est
1524 448 1591 503 ad
1632 447 1792 503 linem

217 539 379 619 lactus
399 554 676 614 accessus!
700 549 986 624 Apostolus
1003 556 1171 611 certe,
1198 543 1443 615 Spiritus,
1468 539 1658 610 inquit,
1685 553 1796 591 ma-

217 652 391 722 nifeste
415 646 534 702 dicit
558 645 677 716 quia
701 642 754 696 in
783 637 1061 695 novissimis
1095 633 1401 705 temporibus
1427 630 1654 685 recedent
1677 627 1792 700 qui-

217 743 332 796 dam
382 757 416 793 a
463 737 563 807 ﬁde
603 734 660 806 (l
688 731 820 789 Tim.
871 746 944 795 iv,
991 728 1064 798 l).
1113 723 1358 782 Nondum
1413 721 1594 791 utique
1643 725 1797 774 erant

219 831 402 888 eadem
461 837 722 896 tempora,
783 820 1152 877 haereticorum
1203 814 1408 871 scilicet
1479 821 1535 865 et
1586 809 1793 873 talium,

219 921 398 991 quales
426 916 614 974 eodem
642 927 894 970 sermone
920 906 1210 972 describit;
1237 904 1330 962 sed
1357 904 1468 974 jam
1492 908 1753 956 venerunt
1779 914 1794 953 :

218 1028 276 1067 ac
323 1025 420 1081 per
462 1008 560 1063 hoc
609 1006 662 1060 in
695 1001 1001 1060 novissimis
1026 998 1354 1070 temporibus
1377 994 1620 1049 videmur
1638 991 1796 1046 etiam

220 1119 309 1173 per
325 1079 482 1171 ipsos
507 1097 578 1154 de
606 1097 713 1152 line
741 1094 924 1150 stecnli
944 1089 1292 1147 commoneri.
1315 1086 1550 1154 Itemque
1574 1081 1697 1136 alibi
1719 1079 1804 1136 dio

220 1207 363 1257 cens,
397 1189 508 1244 Hoc
536 1197 707 1265 autem
731 1186 928 1250 scitote,
955 1182 1195 1254 quoniam
1231 1180 1284 1232 in
1323 1175 1602 1230 novissimis
1629 1171 1801 1226 diebus

221 1283 471 1342 instabunt
497 1262 726 1352 tempora
749 1293 903 1340 sava,
931 1274 1039 1338 vel,
1067 1273 1203 1326 sicut
1228 1269 1315 1324 alii
1345 1265 1556 1322 codices
1583 1262 1798 1328 habent,

222 1378 497 1452 periculosa
519 1390 539 1429 :
559 1372 754 1429 deinde
769 1369 944 1441 qualia
967 1366 1139 1421 futura
1157 1362 1264 1420 sint
1283 1361 1610 1432 exprimens,
1641 1354 1803 1409 Erunt

221 1473 348 1526 enim
390 1467 642 1525 homines,
673 1461 864 1534 inquit,
892 1460 1084 1528 seipsos
1106 1463 1349 1515 amantes,
1374 1459 1622 1504 amatores
1651 1462 1803 1516 pecu-

224 1565 334 1624 nia,
360 1560 503 1621 elati.
530 1555 755 1629 superbi,
787 1548 1086 1622 blasphemi,
1113 1544 1400 1623 parentibus
1435 1558 1534 1595 non
1573 1537 1805 1594 obedien-

225 1668 310 1722 tes,
331 1652 547 1723 ingrati,
575 1647 788 1710 scelesti,
814 1642 1102 1715 irreligiosi,
1127 1639 1237 1695 sine
1260 1635 1544 1703 aﬂ'ectione,
1569 1632 1809 1686 detracto-

226 1765 318 1814 res,
344 1722 736 1805 incontinentes,
767 1737 1004 1798 immites,
1025 1733 1132 1788 sine
1155 1728 1473 1800 benignitate,
1503 1722 1804 1795 proditores,

227 1853 478 1911 procaces,
507 1833 703 1898 omenti,
728 1831 1040 1899 voluptatum
1065 1832 1313 1878 amatores
1339 1819 1498 1889 magis
1517 1831 1668 1887 quant
1691 1811 1805 1877 Dei,

227 1904 459 1988 habentes
489 1926 703 1999 speciem
729 1921 949 1994 pietatis,
975 1917 1206 1972 uirtutem
1235 1920 1400 1965 autem
1424 1910 1532 1978 ejus
1561 1904 1814 1974 abnegau-

228 2036 316 2080 tes.
340 1997 534 2077 Mirum
561 2019 606 2073 si
634 2017 767 2071 tales
793 2013 1036 2069 homines
1070 2004 1351 2077 aliquando
1378 1999 1678 2056 defuerunt.
1708 1997 1812 2051 Deo

232 2124 380 2192 nique
404 2117 536 2190 quia
565 2124 619 2170 ει
647 2121 773 2168 ιιιιιε
798 2116 971 2169 erant,
1001 2101 1238 2172 adjuugit
1264 2113 1326 2153 ac
1353 2096 1499 2156 dicit,
1527 2092 1592 2146 Et
1614 2092 1703 2144 hos
1727 2089 1815 2142 de-

232 2181 343 2268 vita.
377 2181 464 2266 Eis
501 2209 579 2263 his
617 2205 748 2260 enim
786 2209 901 2258 sunt
937 2199 1022 2272 qui
1069 2199 1326 2266 penetrant
1352 2190 1546 2242 domos.
1577 2183 1690 2238 Non
1719 2181 1812 2246 ait,

232 2299 614 2362 Peuctrabunt,
645 2304 893 2364 tanquam
937 2297 991 2346 et
1028 2286 1116 2340 hic
1162 2283 1390 2337 futurum
1432 2273 1813 2346 prmnuntians,

231 2396 364 2452 sicut
386 2404 553 2463 supra
571 2361 798 2449 dixerat,
822 2379 1091 2437 Instabunt
1121 2386 1346 2444 tempora
1375 2365 1693 2441 periculosa;
1721 2361 1818 2418 sed

233 2486 321 2550 ait,
363 2453 648 2537 Perietrant
686 2475 882 2536 domos,
925 2480 971 2524 et
1008 2468 1230 2539 Captivos
1270 2463 1460 2515 ducunt
1500 2453 1820 2510 mulierculas

237 2548 464 2646 (ll-Tim.
498 2588 577 2637 ιιι,
607 2569 724 2640 1-6)
745 2584 757 2620 :
778 2580 882 2621 non
905 2565 1000 2629 ait,
1031 2561 1254 2623 Ducem,
1284 2554 1388 2619 vel,
1417 2548 1626 2606 ducturi
1662 2555 1817 2610 sunt;

237 2669 347 2736 sed,
363 2669 482 2738 jam
504 2666 714 2720 ducunt.

420 2757 539 2814 Nec
569 2751 831 2826 putandus
860 2757 941 2803 est
964 2746 1068 2802 hoc
1095 2744 1232 2804 loco,
1257 2755 1353 2812 pro
1384 2734 1638 2807 temporis
1663 2731 1824 2786 futuri

242 2852 429 2917 verbis,
479 2822 756 2919 praisentis
800 2838 1055 2910 temporis
1080 2834 1241 2890 verba
1284 2830 1555 2900 posuisse;
1585 2822 1825 2895 quando-

241 2910 454 3016 quidem
483 2910 605 2994 illos
625 2937 692 2990 ab
712 2950 778 2988 eo
798 2931 883 2987 cui
913 2928 1119 2989 scribit,
1148 2921 1333 2980 evitari
1360 2916 1696 2974 admouebat.
1719 2910 1828 2968 Nec

242 3007 412 3104 tamen
438 3033 638 3086 frustra
655 3026 816 3090 dixit,
841 3021 906 3077 In
923 3016 1203 3075 novissimis
1228 3013 1402 3067 diebus
1427 3007 1682 3064 instabunt
1699 3014 1828 3058 tem-

243 3101 362 3198 pora
406 3123 803 3197 periculosa;et
831 3116 954 3172 hinc
979 3127 1040 3167 ea
1070 3104 1364 3180 periculosa
1404 3101 1574 3155 futura
1609 3098 1831 3152 demen-

243 3185 418 3274 strans
447 3213 587 3270 tales
613 3208 859 3265 homines
899 3203 1103 3259 futuros
1131 3211 1249 3254 esse
1284 3191 1547 3266 praidixit,
1581 3186 1682 3242 nisi
1710 3185 1833 3256 quia

246 3320 386 3366 tanto
437 3308 624 3379 plures
668 3308 853 3364 erunt,
901 3294 1175 3365 magisque
1218 3284 1593 3345 abundabunt,
1635 3285 1834 3350 quanto

244 3403 410 3474 magis
439 3370 847 3471 -propiuquatur
888 3387 957 3444 ad
1005 3387 1186 3440 linem.
1235 3377 1484 3434 Videmus
1530 3386 1658 3444 ergo
1705 3370 1837 3424 tales

249 3467 382 3552 nunc
409 3467 713 3548 abundare.
742 3482 847 3541 Sed
869 3478 1017 3552 quid,
1039 3476 1086 3532 si
1107 3469 1521 3528 abundantiores
1547 3470 1702 3520 erunt
1721 3467 1840 3530 post

247 3604 362 3656 nos,
393 3595 458 3643 et
488 3581 706 3638 omnino
748 3567 1188 3632 abundantissimi
1232 3561 1443 3636 quando
1479 3561 1588 3628 jam
1625 3558 1840 3626 jamque

250 3646 362 3750 ipse
390 3676 528 3732 linis
553 3671 788 3737 instabit,
813 3667 902 3739 qui
931 3661 1183 3736 quamdiu
1207 3655 1379 3711 aberit
1407 3649 1709 3724 ignoratur?
1736 3646 1842 3701 No-

252 3739 465 3828 vissimi
487 3766 681 3838 quippe
704 3762 818 3818 dies
847 3757 971 3814 dicti
1003 3760 1147 3815 sunt,
1180 3758 1231 3805 et
1261 3747 1314 3802 in
1341 3746 1469 3838 ipsis
1499 3741 1683 3813 primis
1702 3739 1845 3808 Apo-

253 3837 520 3918 stolorum
550 3855 764 3916 diebus,
794 3864 914 3906 cum
944 3841 1154 3902 Domini
1184 3841 1239 3896 in
1265 3837 1460 3894 cmlum
1490 3844 1676 3888 recens
1704 3837 1845 3882 esset

253 3966 540 4016 ascensus,
572 3945 784 4019 quando
824 3940 913 3997 die
956 3939 1299 3994 Pentecostes
1341 3927 1483 3984 misit
1526 3922 1847 3996 promissum

255 4014 814 4117 Spiritumsauctum,
846 4041 900 4088 et
943 4027 1158 4101 quidam
1200 4021 1483 4092 stupebant
1524 4014 1849 4069 admirantes

259 4099 481 4205 qui
506 4128 700 4201 linguis
725 4099 860 4197 quas
885 4099 989 4178 non
1015 4117 1331 4175 didicerant,
1353 4106 1720 4194 loquebantur,
1740 4099 1852 4171 qui-

261 4230 381 4284 dam
395 4183 548 4282 Ivero
573 4183 873 4282 iiridci'itcs,
901 4220 1077 4270 musto
1103 4208 1290 4281 plenos
1312 4218 1432 4260 esse
1455 4183 1717 4256 dicebant.
1737 4195 1852 4262 Quo

263 4320 346 4376 die
367 4319 571 4376 Petrus
597 4314 817 4382 loquens
843 4307 909 4362 ad
936 4306 1056 4361 illos
1080 4301 1172 4373 qui
1197 4299 1265 4355 de
1291 4297 1391 4353 bac
1414 4310 1474 4350 re
1500 4291 1645 4346 varie
1666 4302 1852 4344 move-

267 4412 469 4469 bantur
492 4427 507 4464 :
532 4406 652 4463 Non
670 4381 814 4460 enim
838 4401 989 4463 sicut,
1017 4396 1208 4466 inquit,
1233 4385 1580 4462 suspicamini,
1604 4381 1726 4436 ebrii
1740 4388 1857 4434 sunt

266 4504 370 4569 isti,
392 4516 515 4557 eum
545 4499 610 4554 sit
640 4498 766 4550 hora
793 4491 891 4546 diei
915 4489 1080 4544 tertia.
1107 4484 1212 4541 Sed
1239 4479 1479 4536 attendite
1501 4472 1739 4546 quoniam
1763 4472 1858 4524 hoe

270 4561 508 4665 estquod
530 4591 722 4644 dictum
747 4593 819 4640 est
854 4598 943 4654 per
979 4578 1296 4651 praphetam,
1340 4570 1452 4624 Erit
1486 4568 1538 4621 in
1582 4561 1861 4619 novissimis

275 4660 472 4748 diebus,
502 4679 624 4734 dicit
661 4676 930 4738 Dominus,
962 4668 1221 4737 effundam
1259 4664 1321 4717 de
1350 4660 1548 4730 Spiritu
1577 4671 1685 4709 meo
1710 4668 1863 4724 super

277 4791 479 4832 omnem
505 4787 731 4835 carnem,
761 4777 866 4824 etc.
899 4764 1035 4836 (Act.
1065 4777 1124 4826 ιι.
1160 4761 1208 4824 1,
1239 4756 1348 4828 17).

347 4866 444 4922 ει.
480 4863 601 4920 Jam
656 4870 782 4916 tunc
832 4870 960 4927 ergo
1000 4859 1153 4909 erant
1183 4848 1296 4905 dies
1322 4842 1623 4907 novissimi;
1669 4845 1868 4910 quanto

283 4959 455 5030 magis
487 4968 649 5015 nunc.
686 4948 894 5006 etiamsi
925 4954 1126 5001 tantum
1160 4942 1363 4996 dictum
1411 4932 1667 4991 remansit
1703 4942 1870 4999 usque

286 5052 340 5108 in
369 5020 554 5110 linem,
582 5050 836 5117 quantum
865 5038 931 5093 ad
961 5037 1102 5092 hunc
1124 5031 1260 5089 diem
1283 5045 1312 5084 a
1331 5026 1538 5083 Domini
1560 5020 1873 5078 ascensione

183 5125 190 5129 ’
291 5113 616 5196 transactum
639 5141 742 5198 est,
767 5131 850 5186 vel
872 5126 1068 5198 aliquid
1091 5125 1205 5180 sive
1230 5121 1403 5178 minus
1424 5124 1590 5173 restet
1616 5113 1727 5168 sive
1753 5125 1873 5166 am-

293 5231 469 5303 plius?
495 5228 638 5300 quod
669 5224 908 5297 profecto
933 5219 1216 5300 nescimus,
1250 5213 1370 5284 quia
1396 5215 1606 5266 nonest
1635 5213 1876 5260 nostrum

295 5295 437 5379 scire
461 5295 704 5392 tempora
726 5317 810 5371 vel
837 5297 1126 5376 momenta,
1155 5321 1272 5380 qua:
1308 5305 1466 5359 Pater
1494 5297 1672 5369 posuit
1700 5295 1752 5350 in
1782 5308 1877 5348 sua

299 5421 562 5485 potestate
577 5390 603 5464 ﬁ:
632 5423 756 5466 cum
781 5416 960 5463 tamen
987 5403 1234 5463 sciamus,
1269 5395 1321 5450 in
1345 5390 1648 5449 novissimis
1677 5395 1883 5454 tempo-

301 5505 468 5567 ribus,
516 5503 570 5558 in
599 5497 900 5556 novissimis
928 5491 1135 5554 diebus,
1168 5491 1219 5544 in
1270 5484 1555 5541 novissima
1607 5481 1736 5534 liora
1786 5489 1884 5531 nos

302 5612 484 5668 agere,
515 5595 654 5652 sicut
680 5589 956 5663 Apostoli;
987 5584 1084 5641 sed
1134 5583 1299 5638 multo
1341 5577 1507 5649 magis
1552 5575 1640 5645 qui
1671 5571 1888 5626 fuerunt

308 5665 430 5760 post
458 5689 574 5746 illos
593 5695 718 5742 ante
738 5698 856 5751 nos,
883 5689 938 5739 et
959 5678 1124 5734 multo
1144 5673 1312 5745 magis
1333 5685 1449 5733 nos,
1473 5676 1526 5722 et
1546 5665 1713 5736 magis
1728 5674 1887 5731 quam

310 5755 416 5839 nos
433 5782 519 5854 qui
549 5787 706 5838 erunt
746 5784 866 5851 psit
908 5786 1026 5840 nos,
1066 5768 1240 5829 donec
1280 5763 1347 5821 ad
1377 5760 1493 5823 illos
1529 5759 1768 5816 veniatur
1795 5755 1888 5826 qui

1361 329 1835 392 ΕριετοιιΑιιυιι
1875 326 2145 384 L'LASSIS
2181 321 2268 379 Ill.

3380 313 3486 371 9H

1899 452 2075 507 erunt,
2102 440 2145 496 si
2173 439 2278 494 dici
2308 445 2500 508 potest,
2540 434 2950 492 novissimorum
2987 431 3280 495 novissimi,
3321 440 3485 501 atque

1897 536 1964 589 ad
1995 536 2166 604 ipsum
2211 531 2430 586 omnino
2473 528 2841 591 novissimum,
2894 541 3052 594 quem
3095 524 3210 578 vult
3259 524 3482 595 intelligi

1901 624 2176 687 Dominus,
2205 621 2295 676 ubi
2327 620 2476 685 dicit,
2520 617 2588 673 Et
2612 617 2916 672 resuscitabo
2956 632 3069 669 eum
3114 614 3167 668 in
3214 616 3484 669 novissimo

1901 714 1983 768 die
2016 710 2192 785 (Joan.
2217 726 2292 775 vi,
2321 708 2412 781 ιο)
2448 725 2462 762 :
2495 708 2580 779 qui
2612 722 2772 778 quam
2822 705 2979 774 longe
3028 702 3188 769 absit,
3237 716 3488 775 compre-

1902 803 2062 860 hendi
2091 817 2195 857 non
2229 809 2419 871 potest.

1973 891 2198 950 CAPUT
2234 890 2326 948 IX.
2354 919 2425 931 —
2446 888 2538 944 25.
2579 887 2738 959 Signa
2763 900 2883 958 qum
2907 886 2961 940 in
2987 882 3278 954 Evangelia
3313 880 3492 938 latura

1906 983 2156 1057 praedicta
2178 989 2318 1044 sunt,
2360 981 2496 1035 sicut
2535 983 2918 1034 commemorat
2951 974 3217 1031 Sanctitas
3261 983 3376 1037 tua,
3403 987 3494 1030 se-

1905 1075 2138 1130 cundum
2166 1073 2360 1128 Lucam
2390 1070 2539 1145 (Luc.
2571 1085 2682 1132 xxi,
2713 1067 2895 1137 7-55),
2923 1066 3112 1122 eadem
3138 1072 3264 1120 sunt
3292 1078 3490 1120 secun-

1899 1169 2032 1224 dum
2068 1162 2619 1236 Mattbazum(Matth.
2668 1176 2817 1226 xxxv,
2865 1155 3060 1229 l-ﬂ),
3102 1167 3156 1212 et
3197 1155 3492 1212 secundum

1908 1260 2138 1316 Marcum
2164 1257 2358 1328 (Mare.
2391 1254 2528 1324 sui).
2560 1253 2621 1307 lli
2641 1252 2785 1308 enim
2812 1261 2922 1305 tres
2949 1257 3167 1304 narrant
3194 1263 3312 1318 qua:
3338 1247 3494 1301 dixe-

1909 1352 1980 1407 rit
2003 1350 2278 1416 Dominus,
2307 1363 2428 1404 cum
2460 1347 2815 1415 interrogatus
2842 1349 2984 1398 esset
3007 1357 3035 1393 a
3057 1340 3335 1410 discipulis
3355 1338 3490 1403 suis,

1911 1441 2123 1513 quando
2149 1440 2321 1495 futura
2359 1445 2538 1493 essent
2570 1451 2691 1506 qum
2728 1434 2797 1489 de
2824 1431 3006 1500 templi
3048 1431 3332 1486 eversione
3361 1439 3496 1498 pra:-

1912 1536 2136 1600 dixemt,
2169 1542 2223 1588 ct
2256 1531 2397 1603 quod
2419 1532 2626 1600 signum
2656 1535 2800 1584 essm
2826 1525 3084 1580 adventus
3112 1523 3251 1591 ejus,
3283 1531 3338 1576 et
3365 1536 3500 1576 cou-

1913 1624 2282 1683 summationis
2329 1622 2528 1679 smculi.
2577 1619 2690 1675 Non
2719 1617 2863 1673 enim
2891 1615 3190 1685 discrepant
3237 1613 3419 1675 rebus,
3453 1609 3502 1668 si

1915 1718 2054 1774 alius
2080 1714 2277 1786 aliquid
2298 1713 2426 1769 dicit
2453 1710 2595 1783 quod
2616 1709 2751 1764 alius
2781 1715 2940 1770 tacet,
2973 1714 3064 1759 aut
3100 1704 3206 1758 alio
3237 1702 3394 1756 modo
3419 1699 3505 1754 di-

1917 1810 2025 1866 cil:
2061 1809 2227 1878 magis
2253 1816 2429 1860 autem
2458 1802 2647 1858 collata
2687 1799 2910 1854 invicem
2949 1797 3155 1864 juvant,
3186 1803 3243 1848 ut
3279 1789 3504 1860 legentis

1921 1902 2219 1956 intellectus
2248 1905 2479 1968 regatur.
2528 1893 2634 1949 Sed
2672 1892 2739 1946 de
2764 1890 3011 1945 omnibus
3049 1888 3320 1956 disputare
3361 1897 3504 1939 nunc

1921 1994 2132 2064 longum
2163 1999 2264 2046 est.
2291 1985 2741 2056 lntermgantibus
2769 1983 2909 2038 enim
2933 1980 3189 2036 Dominus
3203 1994 3265 2032 ea
3289 1992 3508 2047 responv

1921 2085 2017 2148 dit,
2045 2099 2161 2154 qua:
2185 2082 2294 2152 jam
2321 2097 2384 2136 ex
2408 2080 2498 2134 illo
2520 2087 2759 2146 tempore
2785 2074 2990 2129 fuerant
3010 2078 3279 2135 secutura,
3297 2070 3408 2123 sive
3437 2068 3508 2124 dc

1923 2173 2131 2230 excidio
2145 2170 2461 2233 Jerusalem,
2486 2167 2623 2222 unde
2647 2175 2761 2220 orta
2793 2177 2875 2220 est
2895 2163 3058 2233 ipsius
3077 2158 3507 2230 interrogationis

1924 2265 2161 2329 occasio;
2207 2264 2320 2318 sive
2355 2261 2424 2317 de
2450 2259 2677 2314 adventu
2703 2272 2801 2312 suo
2823 2271 2918 2328 per
2952 2253 3264 2318 Ecclesiam,
3308 2252 3358 2305 in
3401 2265 3507 2321 qua

1927 2373 2093 2427 usque
2120 2354 2184 2410 ad
2209 2355 2365 2408 tinem
2396 2352 2579 2407 venire
2605 2365 2712 2404 non
2750 2357 2922 2402 cessat
2951 2363 2966 2401 :
3011 2345 3064 2399 in
3095 2344 3206 2398 suis
3238 2342 3380 2398 enim
3416 2357 3510 2398 ve-

1929 2449 2080 2503 niens
2105 2443 2428 2517 agnoscitur,
2459 2442 2585 2496 dum
2613 2442 2728 2509 ejus
2757 2436 2992 2508 quotidie
3018 2434 3252 2490 membra
3277 2448 3510 2487 uascunn

1930 2551 2049 2606 tur;
2081 2539 2148 2594 de
2167 2552 2272 2608 quo
2298 2538 2525 2590 adventu
2551 2533 2644 2596 ait,
2684 2530 2878 2584 Amodo
2907 2526 3131 2582 videbitis
3182 2523 3375 2579 Filium
3416 2524 3511 2576 ho-

1931 2633 2079 2686 minis
2097 2630 2366 2684 venientem
2391 2627 2442 2680 in
2460 2624 2670 2678 nubibus
2690 2620 2898 2695 (Matth.
2924 2633 3074 2678 xxvr,
3090 2614 3182 2686 65)
3207 2633 3219 2670 ι
3239 2615 3307 2669 de
3323 2613 3514 2682 quibus

1932 2722 2159 2778 nubibus
2212 2719 2411 2773 dictum
2461 2725 2544 2771 est
2593 2729 2688 2783 per
2737 2714 3070 2782 prophetam,
3115 2705 3372 2760 Mandabo
3413 2720 3513 2757 nu-

1935 2812 2075 2867 bibus
2113 2808 2234 2864 meis
2271 2823 2332 2861 ne
2371 2805 2546 2877 pluant
2583 2819 2734 2872 super
2774 2817 2885 2855 eam
2917 2800 2936 2870 (
2965 2796 3091 2852 Isai.
3137 2813 3166 2849 v
3191 2839 3207 2863 ,
3251 2793 3325 2866 6)
3357 2813 3370 2848 :
3399 2793 3517 2849 sive

1935 2907 2002 2961 de
2031 2905 2147 2975 ipso
2178 2903 2302 2966 line,
2349 2899 2402 2954 in
2441 2911 2546 2968 quo
2591 2894 2869 2966 apparebit
2909 2892 3058 2947 vivos
3089 2887 3421 2961 judicaturus
3461 2893 3517 2940 et

1937 3005 2195 3052 lliOl'lllOS.

2009 3087 2099 3142 ‘26.
2129 3087 2258 3141 Cum
2289 3085 2467 3153 itaque
2496 3080 2643 3151 signa
2670 3077 2830 3141 dicat,
2862 3090 2979 3146 qua:
3003 3073 3069 3129 ad
3097 3073 3195 3128 ista
3223 3072 3320 3126 tria
3351 3067 3517 3140 perti-

1942 3189 2088 3244 nent,
2113 3178 2164 3234 id
2186 3185 2287 3243 est,
2313 3175 2378 3228 ad
2409 3172 2674 3229 excidium
2699 3170 2838 3224 illius
2859 3165 3119 3229 civitatis;
3142 3163 3209 3218 ad
3235 3161 3522 3216 adventum

1942 3274 2058 3342 ejus
2083 3272 2136 3325 in
2165 3283 2391 3339 corpore
2419 3281 2537 3328 suo,
2559 3263 2700 3335 quod
2729 3270 2811 3316 est
2839 3257 3116 3322 Ecclesia;
3140 3254 3204 3310 ad
3235 3253 3522 3308 adventum

1943 3367 2057 3436 ejus
2080 3365 2130 3419 in
2164 3362 2338 3432 capite
2369 3358 2641 3421 Ecclesize,
2673 3352 2814 3426 quod
2850 3360 2932 3408 est
2973 3351 3086 3420 ipse
3130 3365 3142 3399 ε
3172 3346 3313 3417 quod
3339 3359 3527 3401 eorum

1945 3460 2216 3530 signorum
2242 3452 2308 3508 ad
2335 3451 2476 3521 quod
2505 3450 2693 3504 horum
2718 3447 2875 3502 trium
2905 3440 3240 3498 referendum
3281 3439 3369 3504 sit,
3409 3436 3530 3490 dili-

1947 3550 2090 3621 gcnli
2115 3545 2542 3604 consideratione
2586 3538 2909 3595 cernendum
2948 3545 3050 3599 est,
3104 3549 3171 3588 ne
3214 3531 3349 3586 forte
3389 3527 3532 3596 quod

1949 3641 2179 3714 pertinet
2201 3637 2266 3691 ad
2293 3634 2627 3690 eversionem
2670 3627 2984 3692 Jerusalem,
3039 3623 3106 3679 ad
3149 3622 3307 3677 linem
3353 3618 3534 3674 saeculi

1951 3729 2292 3788 referendum
2318 3736 2601 3799 putemus;
2631 3733 2719 3777 aut
2745 3737 2776 3777 e
2803 3719 3070 3775 contrario
3097 3715 3235 3787 quod
3263 3713 3330 3769 ad
3375 3711 3535 3768 finem

1953 3821 2132 3877 saeculi
2159 3819 2407 3891 pertinet,
2426 3815 2754 3870 alﬁrmemus
2776 3811 2842 3866 ad
2859 3808 3088 3864 civitatis
3108 3805 3246 3862 illius
3271 3802 3537 3859 excidium

1955 3914 2251 3985 pertinere;
2281 3919 2372 3962 aut
2412 3905 2553 3978 quod
2597 3904 2827 3974 pertinet
2869 3901 2935 3954 ad
2983 3900 3099 3969 ejus
3148 3897 3436 3951 adventum
3482 3894 3540 3948 iu

1955 4017 2180 4073 corpore
2205 4015 2323 4065 suo,
2348 3997 2490 4068 quod
2526 4004 2609 4051 est
2629 3993 2884 4056 Ecclesia,
2913 3990 3152 4044 dicamus
3182 3988 3448 4055 pertinere
3472 3985 3542 4041 ad

1957 4096 2074 4167 ejus
2099 4093 2380 4148 adventum
2412 4086 2756 4142 novissimum
2789 4083 2843 4137 in
2877 4094 3102 4148 corpore
3130 4091 3246 4139 suo,
3277 4076 3417 4147 quod
3458 4084 3545 4130 est

1961 4166 2120 4259 caput
2162 4181 2448 4244 Ecclesiae;
2479 4187 2571 4232 aut
2599 4189 2784 4231 rursus
2827 4171 2969 4244 quod
2997 4169 3226 4241 pertinet
3251 4167 3316 4222 ad
3347 4166 3547 4221 adven-

1962 4258 2075 4332 tum
2101 4274 2216 4345 ejus
2242 4270 2586 4327 novissimuin
2619 4281 2715 4336 per
2739 4264 2993 4333 seipsum,
3026 4260 3092 4315 ad
3120 4273 3242 4314 cum
3274 4258 3547 4329 pertinere

1964 4378 2336 4424 asseveremus
2359 4360 2643 4416 adventum
2667 4357 2756 4426 qui
2781 4362 2863 4410 est
2886 4370 2981 4424 per
3011 4352 3326 4408 Ecclesiam.
3355 4350 3411 4404 1ιι
3431 4348 3550 4419 qui-

1967 4461 2064 4515 bus
2093 4455 2340 4513 omnibus
2376 4460 2499 4508 sunt
2526 4446 2766 4520 quaedam
2802 4443 3104 4509 manifesta,
3133 4441 3376 4511 quardam
3420 4454 3550 4494 vero

1969 4551 2047 4606 sic
2074 4548 2321 4612 obscura,
2362 4551 2424 4599 ut
2466 4542 2547 4596 vel
2579 4538 2900 4594 laboriosum
2931 4535 3000 4590 sit
3025 4550 3086 4589 ea
3121 4533 3431 4601 dijudicare,
3459 4529 3546 4584 vel

1969 4639 2332 4702 temerarium,
2358 4631 2610 4705 quamdiu
2637 4645 2742 4684 non
2770 4626 3150 4696 intelliguntur,
3169 4622 3236 4676 de
3255 4621 3335 4675 liis
3351 4617 3551 4689 aliquid

1971 4731 2213 4789 delinire.

2041 4823 2132 4879 27.
2171 4819 2300 4887 Quis
2325 4815 2467 4872 enim
2496 4828 2601 4870 non
2631 4812 2807 4868 videat
2828 4808 2892 4864 ad
2922 4808 3064 4862 illam
3090 4803 3356 4860 civitatem
3383 4802 3550 4872 perti-

1975 4929 2104 4971 nere
2132 4909 2276 4982 quod
2303 4907 2501 4963 dictum
2530 4914 2630 4967 est,
2658 4901 2784 4959 Cum
2808 4908 2973 4953 autem
3008 4895 3225 4952 videritis
3250 4893 3558 4948 circumdari

1977 5009 2040 5062 ab
2060 5003 2279 5060 exercitu
2304 4996 2614 5063 Jerusalem,
2643 5004 2760 5049 tune
2786 4992 2963 5046 scitote
2987 4989 3107 5059 quia
3133 4986 3560 5060 apprOpinquauit

1981 5095 2221 5151 desolatio
2248 5093 2356 5164 ejus
2382 5089 2533 5160 (Luc.
2562 5101 2677 5150 xxi,
2697 5083 2823 5154 20)?
2848 5083 2978 5138 Item
3003 5082 3123 5153 quis
3150 5095 3258 5137 non
3284 5079 3462 5136 videat
3485 5077 3556 5134 ad

1982 5191 2265 5245 adventum
2289 5181 2498 5240 Domini
2520 5176 2863 5234 novissimum
2892 5173 3159 5245 pertinere
3185 5172 3326 5245 quod
3356 5171 3561 5226 dictum

1985 5294 2086 5351 est,
2115 5280 2240 5338 Cum
2259 5276 2482 5333 videritis
2520 5273 2626 5327 haec
2655 5271 2783 5340 ﬁeri,
2810 5269 2984 5324 scitote
3009 5268 3247 5340 quoniam
3289 5280 3445 5334 prope
3488 5267 3564 5318 est

1985 5389 2199 5447 regnum
2226 5369 2359 5424 Dei?
2382 5364 2515 5421 lllud
2544 5373 2721 5418 autem
2740 5361 2882 5433 quod
2915 5360 3113 5415 dictum
3150 5365 3251 5420 est,
3293 5352 3383 5409 Va:
3427 5368 3562 5423 prae-

1990 5466 2256 5543 gnantibus
2277 5471 2321 5517 et
2350 5458 2681 5515 nutrientibus
2705 5457 2759 5510 in
2796 5453 2897 5509 illis
2921 5451 3114 5506 diebus.
3145 5449 3299 5502 Orate
3323 5455 3489 5501 autem
3509 5453 3564 5498 ut

1992 5540 2090 5619 non
2119 5561 2209 5630 ﬁat
2237 5556 2359 5628 fuga
2386 5563 2548 5608 vestra
2576 5551 2734 5604 hieme
2764 5548 2841 5601 vel
2862 5545 3086 5601 sabbato.
3121 5540 3234 5595 Erit
3269 5542 3403 5593 enim
3449 5547 3562 5598 tunc

1992 5649 2250 5710 tribulatio
2278 5661 2483 5719 magna,
2509 5642 2674 5714 qualis
2694 5655 2792 5693 non
2821 5637 2918 5707 fuit
2943 5634 3005 5686 ab
3027 5631 3170 5686 initio
3190 5630 3385 5694 mun'ti,
3413 5643 3569 5728 nequ

1994 5747 2077 5817 ﬁet
2096 5759 2114 5810 ;
2134 5739 2210 5796 sic
2224 5745 2306 5794 est
2327 5717 2554 5809 positum
2565 5728 2854 5789 secundum
2871 5721 3194 5789 Matthmum,
3214 5731 3264 5776 ct
3283 5717 3572 5808 secundus
