3990 6372
269 419 354 479 917
1431 410 1785 472 EPISTOLAI

1894 415 1906 473 ι
1943 415 2222 476 CLASSIS
2261 416 2346 472 ΙΙΙ.

266 536 312 590 il
335 531 581 587 anteriora
621 542 681 583 se
728 527 1038 593 ostendens;
1070 524 1367 583 deiiciendo
1405 527 1460 584 in
1506 528 1803 599 posteriora

263 621 500 690 respiciat.
530 618 673 687 Quod
703 619 748 673 si
777 618 829 673 in
856 619 999 675 omni
1026 618 1380 683 tribulatione,
1411 630 1609 689 quanto
1637 619 1803 690 magis

261 719 309 775 iu
332 715 407 770 illa
428 712 712 769 cavendum
735 712 946 781 principi
976 710 1176 777 debuit,
1199 727 1315 779 qua:
1333 711 1450 765 talis
1474 710 1648 765 futura
1672 726 1805 781 pra:-

258 810 375 865 dicta
400 815 478 860 est
519 804 588 859 illi
614 803 832 869 civitati,
863 802 1036 872 qualis
1076 818 1181 857 non
1208 801 1307 857 l'uit
1334 802 1403 857 ab
1430 802 1605 868 initio,
1633 806 1803 873 neque

259 900 362 959 lict;
390 907 442 952 et
467 898 509 950 si
535 900 585 951 in
615 898 732 961 ista,
759 905 954 965 quanto
981 896 1147 964 magis
1172 895 1223 949 in
1251 896 1357 961 illa,
1377 911 1495 966 qum
1513 896 1799 952 novissima

258 990 407 1045 l‘utnra
434 992 519 1042 est
539 987 650 1041 orbi
674 994 847 1049 terrae,
881 986 933 1059 id
960 996 1045 1041 est
1069 986 1323 1041 Ecclesia:
1347 994 1460 1041 toto
1484 986 1615 1042 orbe
1640 986 1800 1041 ditiu-

256 1083 345 1137 sael
380 1080 503 1136 Nam
527 1089 581 1135 et
607 1082 720 1149 ipse
750 1079 940 1145 Lucas,
968 1086 1072 1135 non
1101 1080 1323 1150 quidem
1343 1078 1556 1150 quartdo
1579 1096 1608 1133 a
1637 1080 1798 1136 disci-

254 1173 370 1241 pulis
392 1172 498 1225 suis
537 1170 604 1227 dc
627 1171 854 1226 adventu
880 1185 977 1225 suo
1010 1171 1261 1225 Dominus
1304 1171 1656 1242 interrogatus
1678 1175 1758 1226 est
1779 1212 1796 1239 ,

254 1262 324 1316 ubi
353 1264 443 1317 hoc
463 1262 737 1317 Matthaaus
764 1263 1201 1317 commemoravit
1226 1271 1279 1316 et
1308 1262 1528 1326 Marcus,
1570 1263 1664 1318 sed
1692 1264 1798 1317 alio

250 1354 351 1409 loco
392 1353 767 1411 ubi.Pbarisaei
806 1354 1129 1422 quaesierunt
1154 1353 1225 1409 ab
1269 1353 1360 1407 illo
1384 1352 1597 1423 quando
1626 1355 1799 1409 veniet

248 1458 443 1514 regnum
468 1444 581 1509 Dei,
606 1446 708 1500 tale
726 1445 923 1514 aliquid
940 1461 1060 1499 eum
1084 1445 1281 1500 dixisse
1298 1447 1530 1499 narravit
1554 1464 1568 1501 :
1594 1444 1660 1500 1η
1682 1446 1794 1512 illo,

247 1538 409 1606 inquit,
442 1536 587 1599 hora,
617 1538 703 1605 qui
740 1538 891 1607 fuerit
918 1538 970 1591 in
996 1548 1142 1603 lecto,
1170 1546 1214 1591 et
1242 1552 1361 1590 vasa
1395 1538 1507 1605 ejus
1533 1537 1585 1589 in
1610 1536 1789 1603 domo,

245 1647 296 1683 ne
328 1627 584 1681 descendat
611 1628 784 1683 tollere
820 1628 947 1693 illa;
975 1638 1022 1682 et
1045 1628 1135 1696 qui
1174 1628 1228 1681 in
1255 1643 1397 1698 agro,
1429 1627 1659 1681 similiter
1696 1636 1795 1681 nan

244 1720 387 1777 redeat
414 1730 541 1772 retro
584 1717 730 1786 (Luc.
764 1735 888 1781 xvlt,
920 1717 1138 1789 20-51).

301 1811 379 1865 55.
418 1809 517 1864 Sed
560 1825 702 1864 nunc
743 1818 959 1879 propter
1001 1808 1448 1877 computationem
1498 1797 1810 1878 temporum‘

241 1904 296 1957 de
321 1903 537 1957 Danielis
584 1902 1011 1957 Hebdomadibus
1049 1902 1241 1969 agitur,
1271 1908 1389 1970 qtue
1414 1900 1457 1953 si
1487 1900 1627 1954 circa
1654 1908 1791 1954 tem-

239 2009 346 2063 pora
371 1994 517 2064 primi
544 1993 806 2048 adventus
851 1991 1058 2047 Domini
1086 1994 1363 2060 completa:
1392 2006 1493 2044 non
1523 2001 1665 2056 sunt,
1707 1998 1790 2044 at-

238 2100 323 2154 que
344 2083 392 2137 in
416 2084 513 2137 line
535 2083 868 2153 complenda:
892 2093 1031 2146 sunt,
1058 2082 1340 2151 Apostolos
1369 2083 1468 2135 hoc
1496 2082 1785 2150 ignorasse,

238 2174 306 2228 vel
344 2175 501 2239 scisse
526 2174 761 2242 quidem,
796 2173 890 2228 sed
926 2173 1118 2227 docere
1162 2172 1454 2242 prohibitos
1483 2172 1645 2227 fuisse
1673 2173 1790 2241 quis

234 2244 430 2321 credat?
474 2265 788 2333 Quanquam
832 2265 874 2318 si
907 2264 1007 2319 hoc
1050 2264 1117 2317 ita
1163 2272 1264 2327 est,
1313 2262 1510 2317 utiliter
1540 2263 1787 2317 nesciunt

231 2367 393 2428 gentes
419 2359 562 2429 quod
596 2359 845 2411 Dominus
867 2358 1061 2412 docere
1088 2357 1353 2425 prohibuit
1378 2373 1471 2412 eos
1498 2373 1632 2426 quos
1656 2373 1787 2426 gen-

232 2449 343 2505 tium
390 2450 558 2503 voluit.
597 2464 717 2504 esse
745 2448 1011 2503 doctores.
1064 2447 1119 2503 Si
1161 2457 1333 2502 autem
1361 2448 1468 2516 jam
1511 2449 1788 2519 completa)

229 2549 350 2602 sunt,
393 2540 509 2609 quia
560 2539 668 2607 jam
700 2550 781 2593 εει
820 2549 1009 2593 unctus
1043 2539 1269 2595 Sanctus
1310 2549 1613 2595 sanctorum
1636 2582 1650 2605 ,
1679 2542 1787 2609 jam

228 2632 412 2691 occisus
437 2639 516 2685 est
555 2630 815 2697 Christus,
848 2638 904 2684 ut
945 2645 1050 2685 non
1083 2639 1224 2685 esset
1266 2631 1491 2685 civitatis
1515 2631 1651 2701 ejus,
1678 2632 1785 2701 jam

227 2722 283 2777 de
304 2724 488 2793 templo
547 2724 638 2778 illo
680 2723 942 2777 sublatum
984 2733 1066 2779 est
1108 2725 1443 2801 sacrilicium,
1476 2727 1677 2779 sublata
1709 2734 1789 2779 est

226 2816 395 2875 InCIiu,
427 2816 627 2871 merito
672 2816 939 2885 Apostolis
963 2816 1029 2869 de
1055 2816 1157 2871 line
1185 2816 1541 2885 qunercnlibns
1569 2833 1787 2885 respou-

221 2920 323 2962 Stlm
347 2916 442 2973 est,
471 2907 538 2961 Ν
542 2924 605 2961 on
637 2919 707 2962 est
738 2919 951 2962 vestrum
970 2909 1098 2962 scire
1122 2920 1364 2978 teutpora,
1396 2926 1509 2979 qum
1536 2908 1690 2963 Pater
1734 2912 1785 2962 in

218 3010 296 3050 tuo
321 3008 567 3068 potestate
612 2999 818 3066 posuit;
848 2999 1096 3067 quoniam
1129 3010 1362 3068 tempora
1392 3015 1507 3067 qua:
1554 3016 1646 3068 per
1687 3002 1784 3054 lia~

222 3088 355 3143 nielis
377 3089 712 3167 prepltetiam
733 3087 870 3143 scire
898 3098 1158 3159 poterant,
1184 3105 1285 3143 non
1304 3090 1370 3145 ad
1392 3089 1549 3145 linem
1574 3092 1780 3157 sreculi,

226 3179 283 3237 de
308 3197 405 3251 quo
429 3182 774 3252 quaesieram,
806 3183 1160 3252 pertinebant.

284 3273 494 3331 CAPUT
522 3275 596 3330 Χ.
626 3304 698 3315 -
734 3276 821 3330 54.
863 3275 1019 3344 Signa
1069 3290 1195 3330 vero
1228 3275 1297 3330 de
1342 3274 1478 3329 coelo
1505 3285 1558 3329 et
1600 3284 1739 3331 terra
1766 3320 1779 3342 ,

223 3365 455 3435 numquid
483 3366 688 3435 majora
720 3381 817 3422 nos
841 3366 1094 3431 vidimus,
1122 3381 1279 3435 quam
1308 3367 1393 3435 qui
1419 3364 1635 3421 fuerunt
1663 3377 1784 3423 ante

223 3456 339 3511 nos?
363 3456 548 3512 Nonne
592 3458 634 3511 si
676 3458 907 3522 gentium
954 3458 1157 3525 legatur
1186 3456 1423 3521 historia,
1468 3465 1610 3510 tanta
1652 3458 1782 3513 mira

223 3548 541 3615 reperiuntur
562 3549 801 3603 extitisse
821 3548 888 3604 de
907 3549 1043 3604 curio
1071 3560 1331 3615 terraque,
1357 3558 1413 3604 ut
1432 3550 1605 3619 aliqua
1625 3552 1781 3605 etiam

221 3652 314 3693 non
334 3641 658 3695 credantur?
689 3640 816 3706 Sed,
850 3650 905 3696 ιιι
936 3642 1096 3695 multa
1128 3644 1366 3697 omittam
1392 3660 1507 3713 qua:
1541 3646 1782 3715 persequi

219 3729 412 3789 tomum
455 3741 560 3793 est,
608 3733 741 3786 duos
782 3733 921 3787 soles
949 3734 1159 3802 quando
1204 3750 1299 3788 nos
1344 3736 1611 3789 vidimus?
1650 3750 1785 3805 quos

220 3822 346 3879 visos
372 3823 563 3878 litteris
592 3824 973 3877 mandaverunt
994 3825 1079 3893 qui
1105 3834 1228 3878 tunc
1250 3824 1477 3889 fuerunt,
1498 3836 1781 3896 antequam

219 3911 456 3975 Douiinns
500 3915 738 3969 venisset
766 3916 816 3968 in
844 3930 1024 3969 carne.
1055 3915 1277 3981 Quando
1317 3932 1413 3969 nos
1444 3917 1666 3971 vidimus
1692 3933 1782 3972 so-

216 4003 310 4059 lem
350 4008 425 4063 sic
449 4009 813 4071 obscuratum,
860 4009 1302 4077 quemadmodum
1343 4009 1655 4063 obseuratus
1678 4019 1778 4076 est,

212 4108 321 4155 cum
350 4096 554 4154 Lumen
584 4098 765 4152 mundi
808 4098 1060 4166 pelideret
1096 4099 1147 4152 in
1178 4099 1358 4165 ligno?
1388 4100 1489 4153 nisi
1534 4103 1665 4153 lcrte
1691 4102 1783 4155 de-

211 4184 367 4245 fcctus
392 4192 520 4245 solis
548 4199 603 4245 et
630 4190 786 4253 inme,
816 4206 949 4261 quos
973 4203 1364 4245 consueverunt
1390 4202 1782 4260 computalores

211 4280 428 4336 siderum
473 4292 736 4338 aunotarc
785 4290 943 4352 atque
995 4282 1317 4351 praedicere,
1364 4282 1503 4337 inter
1544 4284 1781 4339 cmlestia

213 4374 433 4441 prodigia
462 4374 880 4436 numerabimus,
907 4374 1027 4443 quia
1046 4374 1224 4449 lunam
1252 4374 1447 4443 smpius
1473 4374 1523 4427 in
1553 4389 1646 4429 sua
1670 4376 1784 4443 ple-

210 4464 454 4526 nitudine.
485 4466 655 4521 solem
700 4482 827 4523 vero
869 4467 1058 4528 rarius,
1109 4464 1202 4521 sed
1248 4474 1427 4527 tamen
1472 4452 1696 4532 vidimus
1724 4468 1777 4521 in

210 4555 308 4629 line
334 4560 469 4613 luna:
494 4559 786 4615 secundum
809 4576 991 4614 eorum
1019 4570 1326 4628 computum
1351 4558 1628 4614 defecisse.
1662 4558 1779 4615 Non

207 4659 313 4703 erat
353 4652 475 4706 talis
505 4653 634 4707 solis
679 4652 771 4706 ille
814 4651 1074 4711 defectus.
1116 4651 1330 4721 quando
1373 4652 1655 4707 cruciﬁxus
1698 4661 1783 4709 est

205 4736 461 4803 Christus.
509 4750 564 4798 et
604 4744 722 4799 ideo
750 4758 875 4798 vere
900 4742 1156 4797 mirabilis
1183 4754 1296 4799 erat
1326 4751 1382 4797 et
1422 4744 1775 4813 prodigiosus.

208 4827 400 4887 Pascha
415 4834 613 4903 quippe
632 4832 803 4887 fuerat
824 4833 1150 4896 Judmorum.
1170 4832 1310 4903 quod
1333 4833 1540 4887 nonnisi
1564 4834 1618 4887 in
1640 4834 1779 4889 lunai

206 4919 524 4988 plenitudine
551 4926 853 4981 celebratur
884 4943 899 4979 :
931 4925 1221 4980 secundum
1252 4927 1645 4995 astrologorum
1676 4942 1776 4982 au-

207 5015 304 5067 tem
342 5031 593 5072 numeros
618 5028 825 5072 certum
864 5027 946 5071 est
973 5018 1161 5082 solem.
1210 5018 1419 5085 quando
1467 5019 1587 5072 luna
1620 5017 1775 5086 plena

203 5112 297 5167 εει.
325 5120 429 5163 non
477 5124 632 5177 posse
676 5108 923 5183 deiicere,
966 5108 1058 5167 sed
1088 5108 1300 5177 quando
1343 5108 1463 5163 linis
1491 5117 1574 5164 est
1601 5108 1774 5175 inme;

203 5208 309 5251 non
327 5199 539 5267 quidem
560 5215 789 5273 semper,
814 5199 907 5255 sed
934 5201 1088 5269 aliter
1110 5214 1401 5268 nunquam,
1432 5214 1550 5253 cum
1580 5214 1774 5269 secun-

204 5284 318 5341 dum
350 5288 465 5345 illos
512 5307 757 5346 numeros
798 5290 993 5345 deﬁcit.
1042 5291 1177 5359 Quid
1224 5306 1351 5360 ergo
1399 5290 1499 5345 tale
1543 5307 1773 5365 unquam

200 5378 467 5449 quisquam
513 5382 749 5437 meminit
792 5383 1102 5453 apparuisse
1142 5382 1209 5436 de
1251 5381 1409 5446 caelo,
1438 5396 1505 5449 ex,
1529 5398 1636 5451 quo
1668 5368 1773 5435 Do-

204 5467 368 5525 minus
395 5472 484 5526 illa
529 5474 790 5542 prmdixit,
838 5475 995 5543 quale
1043 5473 1287 5543 apparuit
1329 5472 1541 5541 quando
1590 5487 1773 5541 passus

193 5561 305 5613 est?
326 5560 506 5629 Quare
526 5566 568 5621 si
595 5568 922 5634 apparebunt
948 5567 1107 5620 etiam
1139 5566 1283 5629 talia,
1315 5566 1359 5619 si
1388 5581 1493 5619 non
1520 5565 1771 5639 spiritua-

192 5646 304 5705 liter
320 5653 503 5721 potius
519 5657 856 5726 intelligenda
876 5667 1018 5723 sunt,
1045 5667 1167 5712 tunc
1189 5657 1538 5726 apparebunt,
1561 5656 1772 5727 quando

182 5738 312 5803 linis
330 5744 407 5801 sic
439 5749 884 5823 appropinquabit
914 5759 970 5803 ut
996 5748 1223 5803 debeant
1258 5762 1534 5819 apparere.

269 5833 356 5892 35.
384 5835 545 5894 Beilis
590 5849 763 5894 autem
797 5856 889 5910 per
916 5838 1124 5895 diversa
1153 5837 1426 5895 intervalla
1470 5846 1769 5910 temporum

1914 539 1968 586 et
1999 532 2234 586 locorum
2276 534 2486 600 quando
2515 550 2620 589 non
2651 542 2789 591 terra
2838 538 3064 593 contrita
3092 539 3208 595 est?
3247 538 3401 608 Nam,
3433 552 3492 599 ut

1912 621 2069 675 nimis
2105 623 2317 686 antiqua
2348 634 2679 694 praeteream,
2711 628 2811 681 sub
2850 628 3170 698 imperatore
3212 632 3486 703 Gallieno,

1911 718 2033 767 eum
2064 712 2328 769 Romanas
2356 716 2651 784 provincias
2674 720 2942 775 barbaries
2972 738 3346 794 usquequaque
3370 739 3492 796 per-

1910 802 2144 865 Vaderet.
2188 821 2343 875 quam
2373 810 2567 864 multos
2595 810 2784 867 fratres
2824 822 3035 868 nostros
3062 816 3148 885 qui
3190 825 3313 871 tunc
3336 826 3493 876 erant

1909 894 1963 949 in
1985 909 2165 959 carne,
2187 906 2429 965 putamus
2449 901 2796 971 propinquum
2816 903 2977 961 linem
2994 906 3211 968 credere
3231 910 3486 980 potuisse,

1907 989 2153 1057 quoniam
2182 989 2336 1060 longe
2377 1005 2491 1060 post
2516 995 2875 1051 ascensionem
2907 997 3112 1052 Domini
3140 998 3485 1057 factum’esti

1905 1093 1969 1133 ac
1994 1092 2089 1147 per
2118 1079 2216 1135 hoc
2258 1081 2415 1135 etiam
2458 1082 2555 1136 ista
2582 1084 2755 1154 qualia
2798 1084 2968 1141 l‘utura
3007 1088 3129 1148 sint.
3167 1103 3287 1145 eum
3327 1090 3488 1148 fuerit

1904 1173 2123 1228 omnino
2151 1174 2268 1229 linis
2291 1176 2585 1255 proximus,
2613 1179 2942 1247 ignoramus;
2970 1180 3015 1236 si
3043 1189 3217 1237 tamen
3239 1181 3355 1240 haec
3373 1200 3485 1255 non

1905 1266 1976 1321 ita
2008 1266 2258 1335 prtedicta
2290 1252 2432 1333 sunt,
2465 1280 2521 1324 ut
2550 1271 2600 1324 in
2640 1271 2877 1327 Ecclesia
2919 1275 3093 1343 potius
3137 1276 3352 1346 intelligi
3387 1252 3484 1335 de-

1904 1356 2077 1412 beant.
2129 1358 2253 1419 Dum
2279 1361 2474 1430 quippe
2500 1370 2684 1431 gentes
2709 1373 2851 1429 sunt,
2880 1373 2934 1419 et
2957 1365 3062 1419 duo
3092 1382 3249 1443 regina
3274 1382 3289 1431 ;
3318 1383 3482 1425 unum

1901 1449 2103 1507 scilicet
2127 1450 2343 1517 Christi,
2374 1453 2595 1507 alterum
2623 1454 2837 1522 diaboli,
2859 1455 2929 1511 de
2955 1459 3145 1527 quibus
3165 1459 3265 1515 dici
3287 1463 3479 1532 potuit,

1901 1538 2151 1610 Exsurget
2174 1557 2294 1611 gens
2322 1560 2470 1613 super
2504 1555 2717 1615 gentem,
2745 1555 2793 1599 et
2816 1564 3025 1617 regnum
3054 1563 3205 1617 super
3226 1569 3438 1623 regnum
3460 1568 3483 1609 :

1899 1631 2038 1702 quod
2071 1648 2172 1685 non
2200 1634 2391 1687 desinit
2420 1634 2556 1701 fieri,
2600 1652 2663 1690 ex
2702 1652 2809 1705 quo
2833 1638 3029 1692 dictum
3060 1648 3161 1706 est,
3198 1641 3343 1711 Agite
3372 1660 3478 1710 pae-

1899 1725 2187 1799 nitentiam;
2207 1729 2625 1798 appropinquavit
2640 1730 2770 1784 enim
2788 1748 2993 1801 regnum
3009 1734 3245 1787 caelorum
3265 1735 3474 1804 (Matth.

1899 1832 1975 1881 lll,
2004 1817 2082 1885 2);
2110 1818 2262 1885 Quod
2294 1820 2409 1873 vide
2448 1821 2658 1890 quando
2684 1821 2880 1876 dictum
2912 1832 3009 1888 est,
3040 1835 3093 1878 et
3132 1841 3194 1878 ex
3226 1826 3311 1878 illo
3349 1837 3480 1895 quot

1897 1910 2018 1962 anni
2052 1911 2404 1975 transierunt;
2435 1922 2487 1966 et
2513 1922 2686 1966 tamen
2716 1915 2990 1968 verissime
3020 1916 3217 1970 dictum
3239 1927 3335 1973 est.
3370 1918 3477 1973 No-

1898 1999 2126 2055 vissimis
2167 2002 2306 2055 enim
2352 2003 2538 2057 diebus
2584 2005 2836 2059 Dominus
2867 2022 2961 2074 per
3004 2008 3259 2077 virginem
3289 2012 3472 2066 venit:

1896 2107 1995 2146 nec
2020 2092 2284 2147 diceretur
2329 2096 2425 2148 ista
2455 2094 2581 2149 hora
2612 2096 2916 2159 novissima,
2965 2099 3063 2152 nisi
3092 2115 3258 2167 regno
3282 2117 3477 2169 appro-

1896 2182 2182 2251 pinquante
2203 2186 2479 2249 caelorum,
2511 2202 2605 2254 per
2622 2202 2778 2256 quam
2802 2195 2962 2263 totam
2988 2188 3173 2242 horam
3205 2190 3334 2263 linnt
3353 2208 3473 2260 quae

1896 2273 2146 2327 Dominus
2197 2276 2576 2345 propinquante
2619 2291 2714 2330 suo
2766 2260 2926 2347 regno
2972 2277 3143 2332 futura
3186 2260 3468 2348 prmdixil:

1894 2366 1987 2420 sed
2021 2366 2132 2420 lucc
2160 2366 2288 2421 liora
2314 2378 2508 2437 quanto
2535 2368 2705 2436 spatio
2732 2370 3095 2437 protendatur,
3128 2372 3170 2426 si
3202 2374 3473 2440 Apostolis

1893 2456 2089 2512 dictum
2116 2467 2215 2518 est,
2249 2459 2366 2513 Non
2392 2469 2462 2513 est
2498 2470 2709 2514 vestrum
2732 2462 2898 2525 scire;
2923 2474 3118 2531 quanto
3145 2448 3313 2533 magis
3347 2465 3472 2535 qui-

1894 2546 2020 2601 libet
2044 2548 2221 2613 homo,
2246 2550 2413 2618 qualis
2434 2566 2531 2619 ego
2552 2565 2666 2604 sum
2685 2594 2699 2617 ,
2722 2552 2932 2605 modum
2955 2540 3106 2606 suum
3132 2553 3289 2609 debet
3303 2570 3471 2624 agno-

1891 2654 2061 2703 scere,
2076 2655 2143 2694 ne
2161 2641 2277 2707 plus
2293 2642 2461 2709 sapiat
2480 2656 2637 2711 quam
2659 2652 2866 2710 oportet
2880 2659 3067 2712 s-iperc
3086 2645 3258 2714 (Rom.
3275 2661 3368 2710 xu,
3385 2648 3439 2711 5)
3452 2687 3465 2702 .

1959 2733 2184 2788 CAPUT
2223 2733 2313 2787 XI.
2335 2764 2405 2773 —
2428 2736 2517 2789 56.
2558 2735 2662 2790 Sed
2701 2736 2926 2805 conﬁteri
2954 2754 3059 2801 nos,
3092 2738 3286 2807 inquis,
3325 2756 3471 2807 paena

1891 2833 2060 2877 nostra
2084 2824 2334 2891 compellit
2356 2824 2532 2878 adesse
2553 2827 2664 2894 jam
2701 2830 2870 2893 ﬁnem,
2918 2829 3034 2879 dion
3063 2830 3298 2897 impletur
3335 2834 3470 2897 quod

1891 2916 2278 2982 prtcnuutiatum
2302 2926 2372 2969 est
2394 2932 2412 2969 :
2434 2935 2451 2966 ι
2490 2917 2830 2970 Aresceulilms
2852 2904 3131 2972 hominibus
3160 2936 3264 2989 pra;
3292 2923 3469 2975 timore

1890 3016 1934 3058 et
1948 3009 2311 3073 exspectatione
2326 3026 2437 3078 qua:
2447 3011 2788 3078 supervenient
2804 3012 3028 3064 universo
3047 3013 3152 3065 orbi
3174 3033 3191 3063 ι
3205 3054 3215 3065 .
3230 3012 3461 3078 Nullum,

1888 3099 2080 3167 inquis.
2113 3101 2342 3168 patriam,
2378 3100 2571 3153 nullum
2610 3102 2775 3153 locum
2805 3103 2983 3155 nostris
3029 3088 3330 3172 temporibus
3371 3122 3469 3159 non

1890 3190 2053 3259 afﬂigi
2095 3199 2179 3241 aut
2206 3190 2436 3243 tribulari
2461 3200 2647 3243 certum
2662 3202 2771 3255 est;
2800 3192 2927 3245 sicut
2950 3192 3139 3245 dictum
3170 3202 3265 3259 cst,
3295 3212 3313 3244 ι
3350 3193 3467 3249 Pro:

1889 3281 2083 3345 timore,
2104 3290 2147 3332 et
2170 3282 2536 3351 exspectatione
2550 3298 2660 3352 qua:
2674 3284 3015 3349 supervenient
3031 3284 3255 3337 uniuerso
3277 3284 3401 3337 orbi.
3438 3304 3455 3336 ι

1887 3371 1942 3427 Si
1968 3389 2091 3442 ergo
2122 3373 2217 3426 ista
2248 3374 2383 3427 mala
2410 3390 2527 3443 qua:
2558 3390 2699 3428 nunc
2729 3375 2922 3443 patitur
2946 3390 3113 3443 genus
3140 3374 3460 3438 humanum,

1887 3474 2029 3518 certa
2056 3476 2172 3518 sunt
2202 3464 2522 3533 iudieia.jam
2554 3462 2831 3518 Dominum
2864 3480 2979 3517 esse
3006 3476 3301 3525 venturum,
3335 3463 3463 3533 quid

1888 3566 1968 3621 est
1990 3558 2128 3625 quoii
2157 3560 2230 3612 ait
2259 3559 2567 3625 Apostolus,
2596 3557 2721 3611 Cum
2751 3558 2984 3621 dixerint,
3020 3558 3133 3627 I’ua‘
3155 3570 3199 3611 et
3224 3560 3467 3612 securitas

1890 3648 1943 3717 (Ι
1991 3648 2164 3703 Thess.
2209 3665 2261 3708 v.
2302 3648 2404 3716 5)?
2447 3646 2579 3702 Cum
2625 3650 2763 3701 enim
2813 3636 3027 3701 dixisset
3079 3648 3464 3719 Evangelium,

1887 3742 2219 3795 arescentibus
2275 3742 2555 3795 hominibus
2600 3757 2707 3811 pra:
2750 3742 2923 3794 timore
2967 3750 3012 3792 et
3053 3740 3465 3817 exspectatione;

1887 3832 2136 3885 continuo
2153 3832 2440 3900 subjunxit,
2473 3830 2609 3884 Nam
2634 3834 2830 3885 virtutes
2852 3832 3087 3883 coriorum
3113 3816 3467 3907 mouebantur:

1886 3930 1934 3974 et
1960 3933 2075 3975 tunc
2104 3922 2333 3975 ridebunt
2374 3920 2564 3974 Filium
2594 3922 2805 3974 hominis
2835 3922 3100 3973 venientem
3132 3922 3181 3973 iu
3200 3920 3327 3973 nube
3349 3936 3465 3973 cum

1890 4021 2128 4080 potestate
2162 4028 2346 4079 magna
2373 4021 2417 4064 et
2446 4014 2719 4079 majestate.
2782 4070 2783 4075 η

1959 4104 2044 4155 57.
2090 4101 2373 4155 Videamus
2419 4106 2593 4169 itaque
2639 4117 2705 4153 ne
2751 4100 2885 4153 forte
2927 4100 3114 4152 melius
3146 4098 3466 4167 intelligatur

1887 4207 1992 4246 non
2022 4208 2080 4244 ea
2114 4191 2270 4245 modo
2298 4192 2499 4261 impleri
2540 4207 2655 4260 qua:
2687 4190 2931 4260 praxlicta
2962 4199 3083 4241 sunt
3114 4189 3215 4243 illis
3246 4188 3418 4242 verbis
3439 4227 3459 4256 ,

1887 4285 1979 4339 sed
2009 4296 2127 4337 tunc
2159 4286 2331 4352 potius
2357 4299 2475 4353 esse
2504 4294 2743 4353 ventura,
2774 4282 2983 4352 quando
3015 4284 3090 4335 sic
3118 4284 3217 4336 erit
3244 4281 3466 4335 tribula-

1888 4378 1960 4432 tio
2004 4377 2251 4431 uuiverso
2292 4378 2444 4445 urbi;
2495 4386 2553 4431 ut
2594 4376 2661 4429 ad
2709 4376 2998 4429 Ecclesium
3043 4359 3303 4447 pertineat
3345 4389 3465 4444 qua:

1886 4469 2132 4521 universo
2152 4468 2281 4533 orbe
2310 4462 2663 4535 trilmlabitur,
2692 4466 2873 4519 uo:iad
2901 4482 2993 4520 eos
3020 4468 3105 4535 qui
3136 4460 3461 4520 tribulabuut

1886 4574 2022 4631 cant.
2046 4630 2049 4631 ν
2076 4558 2174 4627 ipsi
2202 4558 2342 4613 enim
2373 4558 2560 4612 dicturi
2590 4565 2732 4621 sunt,
2767 4542 2879 4611 Paa:
2904 4567 2945 4610 et
2976 4544 3255 4619 securitas;
3297 4567 3351 4608 nt
3381 4571 3467 4611 re-

1886 4630 2130 4725 pentinus
2160 4650 2260 4717 illis
2303 4632 2641 4725 superveniat
2670 4632 2946 4729 interitus,
2981 4658 3031 4701 et
3076 4663 3166 4699 vos
3204 4632 3463 4701 adventus

1885 4738 2093 4815 Domini
2138 4739 2274 4794 sicut
2304 4739 2400 4815 ‘l'ur
2438 4740 2487 4791 in
2520 4750 2675 4815 nocle
2714 4738 3123 4809 comprehendat
3151 4755 3164 4801 ;
3196 4735 3403 4804 quando
3429 4752 3464 4793 c

1884 4814 2151 4911 contrario
2181 4812 2590 4909 gaudebunthel
2613 4812 2951 4911 csSItltaitttnt
2980 4831 3067 4900 qui
3094 4830 3317 4897 diligunt
3342 4844 3462 4883 ma-

1883 4900 2273 5001 nifestaiionem
2318 4900 2542 4977 Domini.
2579 4900 2739 5004 ﬁnite
2770 4921 3095 5004 autentwista
3142 4922 3299 4982 mala,
3341 4936 3460 4990 quae

1882 4996 2130 5091 tanquam
2156 4996 2361 5091 stunma
2386 5022 2439 5069 et
2476 4996 2713 5095 extrema
2740 4996 3044 5094 ert-duntur,
3082 5006 3287 5081 utrique
3314 5013 3459 5083 genti

1882 5088 1933 5183 et
1954 5088 2167 5183 utrique
2188 5088 2391 5183 regno,
2415 5092 2470 5160 et
2732 5088 2951 5183 scilicet,
2982 5114 3027 5157 et
3052 5105 3275 5183 diaboli,
3310 5104 3459 5175 vide-

1882 5176 2005 5278 tinxi
2030 5174 2149 5250 esse
2179 5178 2477 5281 communia
2508 5213 2519 5247 :
2764 5174 2956 5265 quippe
2984 5180 3066 5273 bis
3095 5190 3145 5249 et
3176 5186 3293 5249 boni
3326 5192 3463 5250 allii-

1878 5271 2072 5365 giu'nlur
2112 5298 2165 5342 et
2204 5271 2363 5353 mali;
2410 5272 2505 5340 nec
2534 5271 2613 5340 est
2642 5271 2730 5356 qui
2773 5278 2931 5353 dicat,
2970 5271 3082 5342 Pun}
3108 5272 3151 5340 ei
3178 5278 3455 5365 securim],

1880 5378 2195 5459 ubicumque
2212 5364 2542 5450 contingunt,
2566 5381 2645 5434 vel
2662 5370 2911 5451 metuitur
2934 5366 2998 5434 ne
3019 5366 3346 5451 (tantingant.
3367 5372 3455 5435 In-

1881 5454 1959 5529 ter
1972 5456 2091 5544 qua:
2108 5456 2281 5525 tamen
2300 5454 2435 5525 mala
2454 5472 2624 5525 adhuc
2655 5454 3027 5543 usquequmiué
3062 5458 3460 5558 l'rcq'u'ieutantur

1882 5564 2149 5635 luxuriosa
2178 5563 2438 5621 convivia,
2486 5562 2651 5617 fervet
2674 5565 2973 5623 Cill’lOsllilS,
3006 5562 3220 5629 avaritia
3250 5577 3459 5631 grassa-

1882 5665 1987 5721 tur,
2022 5642 2357 5722 pcrstrepunt
2382 5644 2562 5707 lascivi
2601 5640 2806 5720 cautus,
2834 5670 3048 5723 organa,
3095 5644 3255 5717 tibiae,
3287 5652 3415 5724 lyra:
3438 5693 3455 5721 ,

1880 5746 2127 5810 citharas,
2177 5753 2415 5813 tesserze,
2474 5746 2635 5799 multa
2686 5755 2739 5800 et
2785 5746 2923 5797 varia
2967 5760 3158 5813 genera
3205 5757 3457 5798 sanorum

1881 5850 2039 5910 atque
2064 5830 2307 5893 ludorum
2337 5856 2350 5893 :
2382 5838 2602 5895 hoccine
2631 5834 2712 5893 ea
2740 5852 2979 5894 arescere
3014 5853 3121 5908 prie
3150 5836 3356 5899 timore,
3389 5850 3481 5894 an.

3004 6094 3040 6112 κ
