3990 6414
590 350 695 410 9l9

589 452 767 537 potius
808 465 1116 523 madescere
1144 481 1253 538 prae
1299 465 1552 521 libidine!
1592 462 1698 519 Sed
1739 462 1855 516 haec
1892 459 1985 515 lilii
2012 468 2163 515 tene—

584 557 801 613 brarum
846 558 1199 615 abundantius
1242 557 1534 625 habebam,
1574 564 1629 612 et
1655 553 2001 622 exercebant,
2041 568 2165 610 cum

558 647 840 715 .diserint,
872 649 992 707 Pax
1014 661 1061 707 et
1086 652 1345 707 securitas.

656 740 745 796 58.
784 740 922 810 Quid
952 743 1048 813 ipsi
1075 742 1165 796 lilii
1192 742 1325 798 lucis
1348 750 1403 797 et
1428 740 1519 798 ﬁlii
1548 741 1676 811 diei,
1703 742 1792 815 qui
1820 755 1926 797 non
1965 748 2091 797 sunt
2110 738 2166 796 in

582 831 843 893 tenebris.
871 841 927 887 ut
951 849 1044 889 eos
1070 842 1320 905 tanquam
1350 832 1435 889 fur
1461 834 1575 890 dies
1596 833 1686 891 ille
1710 832 2167 906 comprehendat?

560 939 762 982 anonne
794 926 969 981 adlme
992 936 1212 981 utuntur
1236 926 1340 983 hoc
1368 927 1566 982 mundo
1604 936 1853 999 tanquam
1882 942 1986 983 non
2013 936 2169 983 uten-

582 1018 699 1072 tes?
726 1017 857 1084 Quia
893 1018 993 1072 etsi
1022 1026 1146 1073 ante
1184 1019 1379 1073 multos
1402 1033 1588 1079 annos.
1629 1019 2000 1090 Apostolorum
2029 1028 2165 1073 tem-

580 1111 798 1181 poribus
832 1111 1033 1166 dictum
1058 1121 1161 1175 est,
1208 1113 1290 1181 pia
1334 1121 1507 1167 tamen
1538 1110 1893 1167 sollicitudine
1933 1111 2166 1182 cogitant

577 1204 720 1276 quod
756 1204 955 1259 dictum
981 1216 1085 1272 est,
1130 1204 1353 1275 Tempus
1382 1206 1525 1260 breve
1567 1214 1638 1258 est
1680 1204 1700 1276 (
1719 1205 1735 1259 Ι
1765 1202 1881 1259 Cor.
1913 1218 2008 1263 \lll.
2034 1202 2162 1274 29).

580 1295 764 1351 Nonne
790 1312 818 1349 a
843 1296 1072 1351 maxima
1106 1308 1253 1365 parte
1275 1313 1461 1351 eorum
1485 1297 1800 1360 novellatur,
1832 1295 2124 1350 :udilicatur
2145 1336 2161 1360 ,

577 1386 791 1452 emitur,
839 1388 1159 1457 possidetur,
1188 1400 1443 1459 geruntur
1468 1388 1643 1445 adhuc
1671 1388 1922 1454 honores,
1961 1388 2165 1443 ducun-

576 1486 665 1533 tur
692 1480 917 1533 uxores?
949 1482 1021 1535 tte
1049 1481 1111 1534 iis
1135 1481 1346 1551 loquor,
1378 1481 1465 1551 qui
1492 1487 1862 1549 exspectantes
1886 1480 2163 1536 hominum

576 1587 752 1636 suum,
780 1572 992 1643 quando
1023 1575 1199 1628 veniat
1223 1591 1251 1627 a
1280 1573 1476 1643 nuptiis
1503 1572 1653 1643 (Luc.
1701 1588 1793 1638 xu,
1824 1572 1939 1644 56),
1971 1588 2075 1627 non
2102 1587 2164 1629 se

576 1672 753 1719 tamen
782 1665 1051 1720 abstinent
1087 1683 1115 1719 a
1144 1666 1444 1719 carnalibus
1471 1666 1686 1734 nuptiis,
1718 1665 1811 1721 sed
1837 1665 2162 1720 obedientis-

576 1757 709 1811 sima
726 1756 983 1811 charitate
999 1757 1221 1813 audiunt
1242 1759 1552 1827 Apostolum
1574 1759 1967 1829 prtecipientem
1985 1775 2163 1831 quem-

577 1847 861 1902 admodum
893 1852 1071 1903 vivere
1098 1848 1328 1904 debeant
1354 1864 1546 1903 uxores
1584 1864 1706 1903 cum
1737 1849 1883 1913 viris,
1915 1850 2012 1904 viri
2040 1864 2162 1905 cum

578 1939 850 2002 uxoribus,
901 1941 989 1994 lilii
1034 1955 1153 1995 eum
1188 1940 1516 2011 parentibus,
1557 1950 1806 2012 parentes
1845 1957 1966 1996 cum
1999 1940 2119 1997 filiis
2142 1981 2158 2006 ,

575 2031 719 2087 servi
761 2046 880 2086 cum
928 2032 1177 2097 dominis,
1225 2032 1426 2087 domini
1475 2048 1594 2087 cum
1640 2034 1855 2088 servis:
1887 2048 2061 2089 nonne
2104 2033 2160 2089 hi

573 2135 763 2178 omnes
792 2122 844 2176 in
891 2122 972 2177 his
1000 2123 1248 2177 omnibus
1294 2132 1514 2177 utuntur
1558 2123 1660 2179 hoc
1688 2123 1925 2178 mundo?
1954 2126 2118 2181 Arant
2140 2167 2156 2193 ,

572 2212 842 2282 navigant,
859 2223 1187 2284 comparant.
1202 2224 1477 2285 generant,
1498 2214 1743 2280 militant,
1762 2215 2156 2271 administrant.

572 2304 708 2360 Puto
732 2306 872 2375 quod
901 2321 1006 2361 non
1033 2316 1188 2361 erunt
1210 2306 1308 2371 sic,
1337 2306 1551 2377 quando
1574 2315 1742 2371 erant,
1770 2323 1887 2377 qua:
1919 2307 1970 2361 in
1994 2307 2161 2363 Evan-

571 2390 711 2467 gelio
741 2395 992 2466 praedicta
1031 2406 1174 2463 sunt,
1212 2398 1359 2467 signa
1397 2396 1450 2450 in
1479 2396 1602 2463 sole,
1630 2406 1677 2451 et
1715 2396 1859 2463 luna,
1888 2406 1935 2451 et
1959 2396 2118 2453 stellis
2140 2439 2156 2465 ,

571 2498 620 2541 et
658 2488 711 2541 in
750 2489 895 2544 terris
933 2506 1165 2561 pressura
1194 2490 1435 2561 gentium,
1481 2505 1588 2559 prae
1632 2490 1927 2560 confusione
1968 2492 2160 2546 sonitus

570 2580 730 2634 maris
758 2589 804 2634 et
839 2582 1122 2650 fluctuum;
1148 2580 1481 2635 arescentibus
1506 2580 1788 2635 hominibus
1814 2598 1918 2652 pra'
1944 2583 2121 2636 timore
2142 2623 2156 2647 ,

570 2681 619 2725 et
656 2673 1025 2741 exspectatione
1052 2689 1165 2742 qua:
1188 2673 1535 2743 supervenient
1574 2673 1801 2727 uniuerso
1827 2673 1934 2727 orbi
1972 2684 1996 2729 :
2036 2690 2155 2728 nam

570 2764 776 2819 virtutes
796 2765 1034 2821 rectorum
1065 2769 1411 2821 movebuntur.
2133 2813 2141 2823 .

642 2856 731 2911 59.
774 2856 899 2912 Haec
922 2857 1119 2929 quippe
1149 2858 1200 2913 in
1232 2859 1468 2915 Ecclesia
1511 2859 1703 2914 melius
1728 2858 1976 2915 existimo
2002 2860 2160 2917 intel-

572 2948 687 3020 ligi,
733 2964 802 3005 ne
832 2949 1089 3005 Dominus
1115 2949 1271 3006 Jesus
1309 2952 1767 3021 appropinquante
1795 2950 2029 3007 secundo
2067 2951 2164 3007 ad-

569 3052 729 3097 ventu
751 3056 849 3097 suo
864 3058 925 3098 ea
949 3057 1044 3113 pro
1074 3058 1266 3115 magno
1293 3043 1597 3113 praedixisse
1619 3043 1875 3109 videatur,
1899 3060 2017 3115 quae
2038 3043 2163 3101 huic

569 3135 772 3193 mundo
797 3146 850 3192 et
878 3148 1001 3193 ante
1028 3140 1255 3207 primum
1297 3138 1413 3207 ejus
1459 3138 1747 3195 adventum
1774 3147 2163 3195 consueverant

571 3229 806 3290 evenire,
833 3238 887 3284 et
911 3228 1227 3285 irrideamur
1253 3231 1321 3285 ab
1354 3230 1433 3286 eis
1460 3229 1551 3301 qui
1580 3229 1714 3296 lure,
1751 3246 1869 3301 qua:
1896 3230 2039 3286 velut
2062 3245 2160 3286 no-

570 3320 793 3374 vissima
840 3329 893 3375 et
934 3320 1169 3375 omnium
1219 3321 1448 3376 maxima
1498 3320 1880 3389 horrescimus,
1929 3322 2078 3392 plura
2107 3322 2160 3377 in

573 3411 791 3467 historia
824 3412 1082 3482 gentium,
1111 3420 1165 3467 et
1192 3411 1362 3466 multo
1400 3410 1599 3479 majora
1631 3413 1890 3482 legerunt.
1922 3412 2161 3468 Ecclesia

571 3516 653 3560 est
683 3504 822 3559 enim
853 3505 932 3560 sol
958 3513 1013 3559 et
1054 3504 1177 3558 luna
1222 3512 1275 3558 et
1299 3504 1489 3564 stellm.
1529 3503 1615 3559 cui
1644 3503 1841 3558 dictum
1866 3512 1949 3560 est
1979 3523 1993 3559 :
2024 3504 2161 3575 Spe-

572 3596 709 3650 ciosa
733 3595 860 3651 sicut
899 3596 1041 3662 luna,
1084 3595 1239 3650 electa
1266 3595 1395 3649 sicut
1424 3594 1502 3650 sol
1529 3593 1699 3667 (Cant.
1728 3610 1802 3660 vr,
1830 3596 1910 3666 9).
1951 3595 2032 3651 Ab
2061 3595 2163 3653 hac

572 3685 823 3741 aduratur
848 3685 1045 3756 Joseph
1082 3696 1263 3741 noster
1289 3686 1339 3740 in
1372 3685 1474 3740 hoc
1502 3684 1721 3750 mundo,
1742 3686 1887 3742 velut
1916 3686 1970 3741 in
1998 3685 2162 3758 [Egy-

572 3786 697 3845 pto,
746 3793 812 3832 ex
856 3776 1156 3832 lnnnillimo
1204 3776 1565 3831 sublimatus:
1597 3791 1721 3831 nam
1770 3776 1916 3830 illum
1960 3775 2160 3847 Joseph

572 3878 745 3923 mater
771 3875 916 3923 certe
945 3867 1169 3924 adorare
1208 3882 1313 3922 non
1361 3866 1553 3937 potuit,
1599 3882 1720 3939 qua:
1761 3875 1884 3922 ante
1912 3866 2160 3923 defuncta

573 3969 657 4015 est
704 3956 854 4030 (Gen.
888 3975 1048 4023 xxxv,
1098 3958 1186 4029 l9)
1215 3974 1374 4029 quam
1419 3957 1584 4013 Jacob
1626 3958 1861 4014 venisset
1884 3958 1951 4013 ad
1992 3958 2158 4015 lilium

572 4051 687 4121 (Id.
718 4050 891 4123 xsvr),
921 4060 979 4107 ιιι
1018 4051 1157 4107 illius
1185 4051 1376 4107 somnii
1401 4050 1694 4122 prophetici
1722 4050 1832 4124 (ld.
1862 4068 2067 4120 xsxvu,
2098 4053 2155 4126 9)

569 4142 769 4199 veritas
782 4141 1118 4211 adimplenda
1129 4140 1344 4198 Christo
1357 4141 1581 4197 Domino
1593 4152 1915 4198 servaretur.
1935 4143 2160 4213 Quando

569 4238 711 4291 enim
739 4236 818 4293 sol
837 4235 1227 4301 obscurabitur,
1254 4244 1309 4291 et
1333 4234 1456 4291 luna
1473 4250 1577 4290 non
1603 4234 1751 4290 dabit
1774 4236 1952 4291 lumen
1973 4252 2153 4305 suum,

571 4335 626 4381 et
653 4328 819 4383 stellae
846 4326 1039 4383 cadent
1065 4327 1133 4383 de
1169 4328 1326 4393 ctelo,
1352 4336 1407 4383 et
1434 4327 1656 4383 virtutes
1683 4327 1939 4383 caelorum
1966 4343 2155 4386 move-

570 4412 787 4485 buntur,
830 4420 965 4475 sicut
1007 4419 1076 4474 ab
1118 4420 1236 4475 aliis
1277 4418 1486 4475 duobus
1515 4418 1866 4491 Evangelistis
1897 4420 1984 4476 hie
2009 4421 2157 4478 locus

569 4522 1021 4568 commemoratus
1047 4520 1148 4578 est,
1194 4510 1430 4567 Ecclesia
1477 4526 1583 4566 non
1623 4509 1936 4581 apparebit;
1981 4511 2158 4581 impiis

570 4613 697 4661 tunc
725 4604 1153 4676 persecutoribus
1181 4606 1315 4659 ultra
1351 4604 1567 4659 modum
1595 4603 1958 4672 saevientibus,
1989 4614 2045 4661 et
2072 4621 2159 4663 re-

567 4706 717 4753 moto
748 4697 957 4763 timore,
990 4706 1241 4769 tanquam
1281 4694 1551 4751 arridente
1589 4695 1772 4751 uutndi
1799 4696 2043 4752 felicitate
2068 4696 2154 4754 di-

568 4788 831 4853 centibus,
882 4786 996 4843 Pax
1038 4797 1085 4841 et
1131 4788 1373 4843 securitas
1410 4802 1429 4843 :
1462 4794 1588 4843 tunc
1635 4788 1805 4845 stellae
1849 4788 2041 4846 cadent
2085 4790 2153 4848 de

568 4879 742 4945 uelo,
796 4887 851 4935 et
892 4879 1118 4935 virtutes
1164 4878 1421 4935 oculorum
1469 4878 1854 4945 movebuntur;
1903 4882 2154 4953 quoniam

569 4971 745 5036 multi,
776 4973 865 5044 qui
892 4974 1058 5044 gratia
1101 4971 1307 5045 fulgere
1331 4970 1667 5036 videbantur,
1714 4974 2155 5045 persequentibus

568 5059 764 5117 cedent
799 5070 855 5116 et
877 5062 1087 5129 cadent,
1121 5073 1178 5120 et
1203 5062 1418 5136 quidem
1457 5062 1642 5119 ﬁdeles
1670 5064 1940 5122 fortissimi
1969 5067 2154 5123 turba-

565 5155 788 5212 buntur.
820 5153 943 5210 Ideo
980 5167 1155 5213 autem
1181 5157 1476 5214 secundum
1504 5156 1811 5214 Matthaaum
1835 5167 1892 5215 et
1917 5158 2151 5216 Marcum

564 5256 691 5321 post
731 5246 1123 5305 tribulationem
1154 5249 1361 5307 dierum
1399 5250 1610 5307 illorum
1638 5248 1831 5307 dicitur
1867 5250 1971 5308 hoc
2011 5249 2154 5309 futu-

563 5353 707 5411 rum,
746 5355 855 5397 non
884 5339 1004 5411 quia
1032 5349 1294 5398 transacta
1328 5351 1435 5399 tota
1485 5342 1573 5399 illa
1604 5342 1974 5413 persecutione
2005 5345 2151 5402 aecio

565 5431 694 5489 dent
718 5431 855 5499 ista;
884 5432 979 5490 sed
1004 5432 1127 5505 quia
1168 5434 1434 5505 praecedet
1476 5435 1763 5498 tribulatio.
1815 5445 1875 5493 ut
1901 5445 2153 5509 sequatur

564 5526 916 5595 quorumdam
958 5525 1188 5584 defectio
1215 5545 1227 5579 :
1250 5535 1305 5583 et
1325 5528 1446 5601 quia
1474 5543 1570 5599 per
1593 5543 1783 5584 omnes
1807 5528 1923 5585 dies
1943 5529 2062 5585 illos
2077 5530 2150 5586 ita

566 5627 673 5683 net,
708 5631 985 5691 preptcrca
1010 5630 1129 5692 post
1148 5620 1541 5678 tribulationem
1564 5621 1768 5679 dierum
1790 5622 2024 5693 illorum,
2052 5622 2149 5681 sed

568 5725 745 5768 tamen
773 5713 826 5766 in
857 5714 1056 5770 eisdem
1087 5715 1275 5770 diebus
1303 5715 1414 5772 ﬁet.

532 5883 543 5894 ο
637 5804 726 5859 ω.
755 5805 908 5872 Quod
937 5823 1064 5879 ergo
1091 5808 1291 5865 dictum
1317 5802 1402 5869 est
1428 5808 1716 5867 secundum
1745 5809 1970 5878 Lucam,
2004 5809 2067 5868 Et
2093 5810 2150 5867 in

1817 346 1877 402 S.
1917 340 2282 401 AUGUSTlNl
2320 342 2617 407 EPISCOPI

2458 475 2694 527 pressura
2734 464 2955 535 gentium
2977 506 2992 530 ,
3021 476 3210 539 gentes
3249 470 3415 530 voluit
3447 476 3677 552 intelligi.
3710 501 3797 547 non

2273 549 2601 619 pertinentes
2637 552 2707 608 ad
2739 569 2923 612 semen
2958 557 3219 627 Abrahae,
3246 563 3301 619 in
3328 579 3432 635 quo
3470 549 3799 637 benedin

2272 658 2460 701 omnes
2486 656 2671 718 gentes
2697 648 2809 721 (Μ.
2834 666 2967 716 nu.
2990 654 3081 725 18)
3099 695 3117 719 .
3141 657 3237 714 sed
3263 671 3448 730 gentes
3469 680 3583 735 qua
3603 669 3665 725 sti
3700 674 3802 730 sisi-

2272 742 2439 793 stram
2468 739 2713 809 stabunt,
2737 744 2950 815 quando
2970 750 3436 821 congregabantur
3460 766 3579 815 ante
3597 759 3797 825 iudice-

2273 830 2521 929 vivorum
2549 842 2603 929 et
2624 846 2955 929 mortuorum
2992 855 3182 900 omnes
3218 855 3427 916 gentes.
3454 847 3672 924 Utraque
3704 874 3801 929 pars

2273 921 2416 977 enim
2438 923 2539 978 erit
2566 924 2617 981 in
2643 928 2889 984 omnibus
2915 932 3163 1001 gentibus
3183 948 3202 997 ς
3227 950 3335 991 uua
3358 954 3479 1008 quae
3737 951 3803 1007 at.

2274 1022 2385 1070 tera
2434 1032 2553 1088 qua:
2606 1031 2910 1088 prematur:
2964 1042 3065 1081 una
3117 1043 3240 1099 quae
3280 1028 3456 1099 dicat,
3504 1032 3614 1092 Pas
3652 1049 3693 1094 et
3732 1060 3797 1098 se.

2271 1107 2495 1173 caritas;
2512 1110 2679 1167 altera
2711 1113 2763 1168 in
2792 1131 2894 1185 qtta
2919 1118 3000 1173 sol
3024 1120 3363 1190 obscuretur,
3386 1132 3444 1181 et
3480 1142 3582 1183 non
3602 1129 3681 1186 det
3704 1132 3799 1193 lstts

2272 1198 2453 1257 lumen
2482 1215 2657 1271 suum,
2684 1215 2736 1261 et
2757 1206 2826 1263 de
2839 1223 2941 1276 qua
2969 1209 3159 1267 cadant
3182 1213 3378 1285 stellae,
3404 1219 3534 1275 etin
3557 1238 3651 1293 qua
3670 1226 3801 1283 virtu-

2271 1303 2352 1349 tes
2377 1294 2635 1352 coslorum
2659 1310 2990 1357 moveantur.

2340 1384 2429 1441 41.
2485 1385 2550 1441 Et
2586 1398 2705 1443 tunc
2733 1389 2963 1448 videbunt
2997 1392 3191 1451 Filiam
3229 1399 3448 1458 hominis
3484 1404 3724 1462 venientem
3756 1411 3798 1467 is

2269 1475 2399 1531 nube
2437 1494 2552 1533 cum
2590 1490 2833 1551 potestate
2869 1500 3052 1558 magna
3088 1498 3137 1542 et
3182 1491 3465 1564 majestate.
3507 1495 3644 1563 Quod
3680 1500 3802 1557 vides

2269 1565 2476 1658 duobus
2496 1570 2667 1627 modis
2690 1573 2856 1643 accipi
2884 1590 3075 1645 posse;
3101 1579 3215 1635 sive
3246 1581 3299 1637 in
3326 1581 3559 1640 Ecclesia
3591 1597 3797 1658 uiti-[uiua

2269 1657 2322 1711 in
2351 1658 2490 1714 nube
2513 1663 2833 1731 venientem,
2865 1666 3003 1721 sicut
3028 1670 3187 1725 etiam
3220 1688 3365 1728 nunc
3393 1676 3569 1731 venire
3592 1657 3799 1740 nemea-

2268 1756 2371 1813 sat,
2398 1751 2687 1807 secundum
2720 1753 2770 1809 id
2790 1756 2928 1828 quod
2953 1758 3048 1824 ait,
3075 1759 3274 1816 Amodo
3294 1763 3516 1822 uidebitis
3542 1766 3708 1825 Filium
3723 1774 3797 1828 Ito-

2267 1840 2419 1895 minis
2442 1843 2694 1898 sedentem
2721 1862 2753 1899 a
2779 1847 2968 1903 dextris
2989 1851 3216 1915 uirtutis,
3242 1864 3291 1908 et
3320 1856 3585 1913 perdentem
3610 1860 3656 1915 in
3677 1865 3799 1918 nui.

2267 1930 2360 1985 bus
2382 1935 2495 1988 cali
2508 1949 2530 1999 ;
2553 1934 2647 1991 sed
2675 1936 2793 1992 ideo
2820 1950 2946 1996 tunc
2967 1956 3088 1997 cum
3128 1953 3393 2013 potestate
3422 1965 3598 2020 magna
3628 1962 3678 2008 et
3706 1972 3796 2011 ms-

2260 2021 2477 2092 jestato,
2496 2026 2616 2096 quia
2638 2027 2807 2097 major
2823 2038 3057 2099 potestas
3074 2043 3128 2089 et
3147 2036 3401 2108 maiestas
3418 2039 3555 2094 illius
3569 2046 3797 2111 apparebit

2265 2116 2483 2181 sanctis,
2510 2118 2704 2188 quibus
2730 2135 2972 2192 magnam
2996 2128 3247 2182 virtutem
3275 2128 3443 2190 dabit.
3470 2148 3535 2189 ne
3557 2144 3685 2191 tanta
3703 2152 3796 2207 per-

2265 2208 2538 2264 secutione
2580 2210 2859 2268 vincantur
2894 2231 2908 2267 :
2951 2216 3064 2271 sive
3106 2217 3159 2273 in
3201 2233 3432 2290 corpore
3469 2238 3595 2291 suo,
3635 2227 3680 2281 in
3709 2244 3792 2296 quo

2265 2298 2417 2354 sedet
2433 2300 2501 2354 ad
2521 2300 2795 2358 dexteram
2818 2304 3006 2373 Patris,
3026 2307 3078 2361 in
3099 2325 3208 2379 quo
3229 2311 3390 2366 etiam
3412 2323 3637 2370 mortuus
3655 2326 3794 2382 est,ct

2266 2393 2572 2457 resurrexit,
2596 2404 2650 2448 et
2667 2396 2909 2451 ascendit
2936 2398 2987 2454 in
3007 2401 3225 2465 cretum,
3246 2404 3532 2461 secundum
3552 2409 3676 2477 quod
3694 2410 3797 2467 actio

2266 2488 2412 2550 ptum
2424 2493 2507 2538 est
2522 2483 2572 2537 in
2590 2485 2809 2541 Actibus
2820 2489 3219 2560 Apostolorum,
3243 2493 3337 2551 llis
3354 2498 3497 2551 dictis
3514 2498 3654 2555 nubes
3665 2517 3794 2557 mce-

2266 2572 2340 2641 pit
2357 2589 2491 2641 eum,
2510 2584 2555 2628 et
2572 2576 2799 2632 sublatus
2819 2589 2889 2633 est
2909 2579 2971 2634 ab
2991 2583 3081 2637 eis.
3107 2582 3174 2638 Et
3198 2585 3324 2655 quia
3342 2587 3447 2642 illic
3465 2594 3614 2644 etiam
3633 2590 3793 2652 dictum

2264 2674 2349 2719 est
2373 2664 2444 2719 ab
2458 2665 2675 2738 Angelis
2694 2710 2709 2731 ,
2736 2669 2826 2724 Sic
2852 2672 3011 2727 veniet
3026 2715 3041 2738 ,
3064 2679 3489 2746 quemadmodum
3514 2682 3684 2738 ridistis
3705 2699 3793 2740 eam

2265 2766 2461 2812 euntem
2488 2758 2542 2814 in
2569 2760 2749 2816 calum
2775 2761 2910 2836 (Act.
2933 2781 2973 2834 ι,
3000 2767 3056 2835 9,
3080 2767 3192 2844 ll),
3218 2773 3411 2828 merito
3428 2775 3791 2841 cretlendusest.

2267 2863 2373 2904 non
2399 2850 2518 2906 solu
2540 2870 2570 2904 ιι
2604 2854 2655 2906 in
2685 2861 2878 2911 multm
2919 2877 3176 2928 ρει-ιονιξ,
3209 2878 3397 2921 verum
3422 2865 3575 2923 etiam
3600 2868 3645 2925 iu
3681 2869 3791 2930 ιιιιδι

2265 2950 2557 3011 venturus;
2598 2948 2849 3019 quoniam
2886 2951 2967 3008 sic
3006 2954 3184 3011 veniet
3216 2956 3358 3014 sicut
3393 2958 3540 3026 abiit,
3573 2968 3623 3017 et
3660 2961 3793 3019 uultus

2266 3047 2390 3088 eum
2411 3039 2645 3109 suscepit
2668 3040 2974 3101 abeuntem.

2335 3122 2426 3180 42.
2453 3124 2557 3182 Sed
2600 3126 2789 3185 horum
2816 3132 3045 3190 duorum
3076 3137 3205 3208 quid
3234 3137 3322 3195 hic
3345 3140 3520 3212 potius
3538 3140 3788 3212 elichth

2268 3216 2358 3283 sit,
2379 3217 2620 3287 judicare
2639 3220 2853 3279 difficile
2876 3235 2977 3281 est.
3005 3226 3310 3300 Promptior
3322 3231 3533 3301 quidem
3550 3246 3711 3288 senm
3723 3240 3788 3288 est

2267 3319 2326 3365 ut
2350 3312 2575 3383 quisque
2600 3329 2722 3370 cum
2760 3316 2987 3374 audierit
3012 3321 3092 3375 vel
3118 3322 3345 3392 legerit,
3384 3324 3447 3378 Et
3469 3334 3581 3379 tunc
3602 3324 3787 3378 sidebant

2267 3400 2462 3457 Filium
2488 3403 2706 3462 hominis
2729 3408 2999 3463 venientem
3026 3415 3081 3465 tn
3100 3413 3231 3467 nube
3256 3431 3369 3468 cum
3394 3424 3619 3484 potestate
3640 3428 3785 3482 magno

2267 3502 2315 3547 et
2354 3495 2617 3564 majestate
2638 3538 2653 3561 ,
2686 3498 2856 3568 ipsum
2886 3516 3102 3570 prorsus
3127 3503 3359 3574 accipiat
3381 3506 3493 3575 ejus
3517 3504 3783 3570 adventum,

2266 3599 2376 3641 non
2402 3602 2496 3656 per
2515 3586 2806 3644 Ecclesium
2829 3629 2845 3656 ,
2871 3592 2966 3646 sed
3000 3607 3095 3663 per
3120 3593 3357 3665 seipsum
3376 3638 3393 3662 ,
3420 3595 3615 3667 quando
3638 3601 3785 3650 vento-

2268 3694 2361 3735 rus
2388 3691 2465 3735 est
2499 3683 2563 3733 ad
2593 3696 2740 3738 v.vos
2763 3693 2818 3738 ct
2842 3684 3417 3755 mortuosjndicandos
3440 3706 3454 3743 :
3478 3687 3564 3744 sed
3582 3685 3781 3758 quoniam

2265 3772 2554 3845 Scriptum:
2578 3777 2877 3835 scrutanda:
2900 3788 3043 3846 sunt,
3063 3796 3363 3839 necearum
3385 3782 3641 3854 superﬁcie
3658 3778 3782 3836 deho-

2266 3881 2387 3921 mus
2410 3881 2532 3923 esse
2574 3870 2840 3937 contenti,
2868 3886 2986 3940 qtae
3022 3872 3089 3926 ad
3131 3874 3557 3930 exercitationem
3592 3880 3778 3928 nostram

2267 3958 2338 4013 ita
2366 3958 2685 4015 modificata:
2708 3971 2856 4027 sunt,
2890 3972 2949 4017 ut
2974 3963 3135 4019 aliius
3161 3980 3222 4021 se
3250 3964 3507 4035 penetrari
3534 3964 3691 4026 velint,
3713 3960 3779 4016 di-

2263 4047 2492 4120 ligenter
2523 4060 2650 4106 sunt
2672 4049 2997 4121 inspicienda
3026 4057 3323 4125 sequentia.
3353 4057 3480 4112 Cum
3506 4054 3631 4110 enim
3651 4051 3778 4108 ditis-

2265 4148 2368 4206 set,
2392 4138 2460 4194 Et
2488 4149 2608 4195 tunc
2631 4141 2863 4197 videbunt
2892 4142 3083 4199 Filium
3113 4145 3335 4203 hominis
3356 4138 3778 4201 venimtanintutlt

2262 4246 2377 4285 cum
2404 4241 2647 4302 potestate
2673 4249 2858 4304 magna
2885 4244 2933 4289 et
2954 4237 3252 4307 majestate;
3277 4236 3510 4309 adjuuxit
3529 4245 3668 4305 atque
3688 4232 3771 4297 aii.

2266 4322 2364 4381 llis
2398 4335 2567 4380 autem
2597 4326 2710 4396 ﬁeri
2737 4327 3085 4398 incipientibus
3106 4372 3123 4394 ,
3154 4331 3384 4402 respicite
3405 4340 3453 4385 et
3474 4330 3616 4384 levate
3645 4323 3773 4392 rapi.

2263 4426 2444 4479 uestro,
2466 4419 2706 4491 quoniam
2728 4419 3103 4491 appropinquat
3121 4421 3395 4495 redemptio
3420 4429 3586 4477 uestra.
3600 4415 3657 4472 Et
3673 4412 3772 4468 dixit

2260 4508 2365 4564 illis
2387 4509 2763 4565 similitudinem
2787 4525 2808 4564 :
2846 4509 3019 4566 Videte
3045 4509 3315 4581 ﬁenlneam
3339 4522 3385 4567 et
3408 4526 3565 4567 omnes
3579 4507 3769 4566 urbem;

2261 4617 2376 4655 cum
2396 4600 2681 4672 producunt
2694 4602 2811 4673 jam
2833 4618 2896 4657 ea:
2912 4619 2968 4657 se
2989 4604 3232 4672 fructum.
3254 4605 3391 4659 scitis
3406 4601 3620 4675 quoniam
3641 4608 3763 4667 PWP

2262 4703 2333 4747 est
2361 4703 2510 4748 testas
2530 4707 2551 4748 :
2575 4693 2645 4747 ita
2668 4703 2715 4747 et
2732 4708 2817 4747 vos
2836 4710 2953 4747 cum
2972 4693 3195 4748 uideritis
3223 4695 3331 4749 lucc
3348 4693 3473 4764 ﬁeri,
3497 4690 3648 4747 scim
3666 4698 3764 4756 σιο-

2260 4784 2396 4836 niam
2424 4799 2580 4855 prope
2604 4793 2675 4837 est
2703 4800 2910 4853 regnum
2942 4782 3054 4838 Dei.
3082 4784 3217 4839 Cum
3245 4800 3371 4854 ergo
3394 4781 3515 4839 dicit
3533 4820 3551 4846 ,
3572 4775 3680 4835 σιω
3706 4770 3762 4827 ιε’

2259 4877 2432 4931 deritis
2469 4878 2577 4932 lucc
2614 4878 2725 4947 ﬁeri
2745 4894 2766 4943 ;
2788 4893 2907 4949 quo:
2952 4877 3246 4950 intelligere
3276 4876 3572 4948 poterimus.
3600 4868 3683 4927 ubi
3712 4878 3760 4921 et

2257 4983 2377 5039 qua:
2404 4983 2562 5038 supra
2588 4978 3000 5025 commemorata
3020 4969 3175 5025 sunt?
3197 4969 3253 5026 ln
3276 4969 3353 5024 his
3368 4977 3447 5025 est
3463 4974 3618 5022 autem
3634 4958 3758 5014 etiam

2258 5061 2399 5134 quod
2421 5062 2525 5129 ait,
2556 5059 2620 5116 Et
2655 5072 2772 5116 tunc
2808 5060 3041 5116 videbunt
3076 5060 3272 5117 Filium
3306 5059 3511 5116 hominis
3542 5052 3759 5109 veniat!!!

2257 5153 2312 5209 in
2336 5152 2465 5209 nube
2482 5169 2597 5208 cum
2616 5162 2861 5222 potestate
2876 5169 3060 5225 mgna
3070 5162 3121 5209 et
3140 5153 3409 5224 majestate.
3423 5137 3756 5225 Proinde“

2260 5245 2364 5303 hoc
2385 5261 2508 5302 cum
2535 5261 2708 5302 Visum
2736 5245 2917 5311 fuerit,
2947 5223 3052 5303 non
3068 5246 3183 5317 jam
3214 5223 3315 5303 erit
3336 5253 3540 5316 regnum
3564 5233 3661 5297 Dei.
3677 5223 3752 5285 σαι

2260 5352 2427 5411 prope
2444 5337 2568 5393 erit.

2327 5430 2417 5485 ts.
2450 5428 2605 5486 llunc
2628 5428 2868 5486 ordinem
2894 5429 3139 5487 videmus
3155 5439 3211 5487 et
3240 5428 3369 5487 duos
3390 5425 3510 5482 alios
3536 5408 3750 5485 οηηιοιίο

2256 5532 2367 5581 stas
2389 5533 2586 5578 tenere.
2611 5521 2765 5595 Apud
2790 5522 3022 5579 Marcum
3043 5522 3187 5579 enim
3209 5537 3325 5579 curn
3343 5519 3522 5577 dictum
3542 5516 3673 5605 esset.

2253 5617 2459 5672 virtutes
2484 5632 2599 5689 quae
2621 5626 2739 5672 sunt
2756 5616 2809 5671 in
2834 5614 2993 5679 caelis,
3020 5614 3365 5677 movebuntur;
3382 5607 3577 5669 Ettttns,
3595 5597 3743 5698 ἱηφξιο

2254 5710 2488 5767 videbunt
2518 5710 2707 5766 Filium
2731 5710 2946 5765 hominis
2967 5710 3239 5765 uenientem
3266 5709 3315 5763 in
3337 5702 3527 5761 nubilis:
3548 5705 3640 5749 cum
3660 5698 3741 5741 ’τ’
3775 5756 3782 5765 ,

2255 5815 2361 5861 tote
2384 5804 2543 5865 multa
2566 5813 2613 5860 ct
2627 5804 2810 5876 gloria.
2843 5800 3041 5860 Deinde
3068 5798 3331 5873 subiungit
3352 5789 3477 5868 quod
3496 5788 3637 5848 Luc”
3656 5785 3738 5835 ποι
