3990 6384
177 506 296 564 dixit
318 523 332 560 :
360 504 430 561 ει
455 513 574 560 tunc
590 504 747 559 mittet
764 502 980 576 Angelos
1005 518 1122 558 suos
1145 510 1194 557 et
1211 502 1526 575 congregabit
1549 503 1732 558 electos

175 615 280 654 suos
309 614 340 650 a
370 606 579 668 quatuor
614 596 788 659 sentis.
821 613 854 649 a
886 611 1081 651 sumina
1110 602 1257 648 terra:
1291 610 1446 660 usque
1486 593 1554 648 ad
1590 609 1731 647 sum-

175 706 293 744 tuum
312 687 441 743 ccli.
470 687 618 744 'l'unc
643 686 784 758 quod
815 686 904 743 ille
945 685 1014 742 de
1053 687 1154 740 ﬁcu
1181 694 1237 740 et
1270 683 1338 740 de
1363 685 1482 739 aliis
1521 682 1730 739 arbori-

176 781 278 848 bus,
305 781 407 836 iste
439 779 511 834 de
547 779 660 835 sola
688 779 788 834 ﬁcu
829 792 1072 848 ponens:
1111 776 1155 830 Α
1179 776 1278 845 ficu
1316 785 1483 830 autem
1517 775 1729 842 discite,

175 872 355 943 inquit.
381 871 696 941 parabolam.
728 868 854 925 Cum
887 870 1002 941 jam
1035 885 1205 922 ramus
1243 866 1350 939 ejus
1381 875 1518 920 tener
1545 867 1729 936 fuerit,

174 975 213 1019 et
237 974 349 1016 nata
383 962 567 1032 fuerint
604 961 758 1032 folia,
804 960 1101 1030 cognoscitis
1138 959 1256 1029 quia
1303 957 1356 1011 in
1392 958 1621 1027 proximo
1667 958 1732 1010 sit

173 1064 300 1108 astas
326 1068 346 1107 :
372 1055 442 1106 sic
479 1063 526 1106 et
551 1068 637 1108 vos
663 1069 778 1106 eum
803 1051 1025 1106 videritis
1066 1051 1174 1104 haec
1216 1050 1346 1116 ﬁeri,
1387 1051 1562 1104 scitote
1596 1050 1733 1121 quod

173 1147 215 1199 in
232 1145 450 1215 proximo
468 1145 531 1197 sit
547 1145 600 1198 in
619 1144 779 1198 ostiis.
801 1142 936 1212 Quid
958 1151 1060 1207 est,
1080 1141 1206 1197 Cant
1226 1141 1444 1196 videritis
1471 1144 1578 1195 liter
1596 1141 1728 1209 ﬁeri,

173 1235 256 1290 nisi
300 1250 360 1290 ea
395 1249 514 1305 quae
555 1249 716 1305 supra
754 1232 922 1288 dixit?
967 1232 1021 1286 In
1067 1231 1258 1302 quibus
1284 1241 1368 1286 est
1401 1231 1561 1286 etiam
1602 1230 1732 1286 illud

171 1325 291 1397 quod
313 1326 406 1392 ait,
434 1324 498 1380 Et
521 1335 638 1379 tunc
659 1325 894 1380 videbunt
915 1322 1107 1378 Filium
1134 1322 1350 1376 hominis
1379 1323 1649 1376 venientem
1675 1321 1729 1376 in

171 1416 356 1471 nubibus
382 1431 500 1470 eum
523 1415 704 1470 virtute
728 1413 889 1468 inulta
921 1423 970 1469 et
1000 1412 1163 1485 gloria
1186 1427 1205 1466 :
1235 1421 1280 1465 et
1300 1423 1417 1466 tunc
1443 1412 1600 1465 mittet
1623 1412 1732 1465 An-

170 1509 288 1582 gelos
309 1526 450 1575 suos,
479 1519 529 1564 et
548 1508 866 1580 congregabit
894 1505 1074 1562 electos
1099 1522 1237 1560 suos.
1261 1503 1377 1560 Non
1402 1504 1578 1575 itaque
1608 1513 1733 1560 tunc

169 1605 252 1660 erit
274 1604 409 1668 linis,
441 1602 534 1658 sed
561 1613 684 1657 tunc
713 1601 814 1657 erit
836 1601 887 1655 in
919 1599 1184 1671 proximo.

225 1693 304 1750 44.
335 1695 413 1748 An
442 1692 724 1748 dicendum
755 1702 836 1747 est
875 1706 980 1746 non
1019 1690 1196 1745 omnia
1238 1704 1356 1760 qua:
1394 1703 1554 1758 supra
1581 1703 1732 1743 com-

169 1793 433 1840 memorata
457 1794 602 1848 sinit,
628 1799 749 1840 esse
771 1782 1129 1854 intelligenda,
1157 1781 1245 1836 ubi
1274 1783 1367 1844 ait.
1394 1779 1521 1837 Cum
1546 1780 1733 1835 videri-

169 1877 220 1931 tis
240 1875 338 1930 hac
361 1876 476 1944 ﬁeri
497 1915 511 1940 ,
533 1875 629 1931 sed
660 1875 832 1945 aliqua
861 1888 1044 1928 eorum
1070 1888 1085 1937 ;
1111 1872 1209 1926 hoc
1233 1870 1478 1926 videlicet
1504 1881 1734 1941 excepto

169 1967 286 2038 quod
313 1966 515 2022 dictum
541 1975 624 2020 est
642 2007 658 2031 ,
698 1965 762 2019 Et
792 1975 911 2019 tunc
931 1964 1160 2018 uidebunt
1187 1961 1234 2017 F
1235 1961 1380 2017 ilium
1405 1963 1622 2017 hominis
1649 1979 1733 2017 oe-

169 2059 379 2123 trientem,
410 2058 557 2112 etc.?
585 2057 699 2128 ipse
727 2056 922 2126 quippe
945 2055 1065 2109 linis
1091 2054 1229 2122 erit,
1257 2070 1364 2109 non
1391 2063 1516 2109 tunc
1558 2055 1735 2124 proxio

168 2164 270 2205 mus
291 2150 414 2204 erit.
444 2147 550 2203 Sed
583 2147 859 2203 Mattiacas
885 2147 1126 2217 aperuit,
1153 2146 1314 2200 nullis
1343 2147 1582 2216 exceptis
1615 2161 1735 2203 esse

168 2240 514 2311 accipiendum
533 2239 674 2310 quod
699 2239 927 2309 positum
955 2246 1058 2304 est,
1081 2237 1206 2293 Cant
1224 2238 1445 2293 uideritis
1464 2239 1569 2292 hwc
1589 2238 1699 2307 fieri
1715 2253 1735 2293 :

169 2350 271 2390 nam
295 2346 348 2388 et
372 2333 514 2403 apud
545 2334 714 2402 ipsum
739 2347 859 2387 cum
886 2331 1087 2386 dictum
1116 2339 1279 2398 esset,
1313 2329 1376 2384 Et
1403 2332 1608 2384 virtutes
1632 2346 1733 2385 etz-

168 2428 308 2480 lorum
344 2424 710 2488 movebuntur;
741 2433 788 2479 et
818 2435 936 2478 tunc
974 2422 1272 2495 apparebit,
1305 2422 1508 2494 inquit,
1535 2423 1736 2494 signum

170 2519 272 2574 Filii
307 2520 527 2574 hominis
565 2520 617 2571 in
653 2519 812 2584 caelo,
844 2528 891 2571 et
934 2527 1051 2571 tunc
1087 2517 1325 2588 plangent
1365 2532 1536 2570 omnes
1579 2515 1737 2571 tribus

168 2623 308 2667 terris.
337 2611 404 2666 Et
428 2610 662 2665 videbunt
693 2609 885 2663 Filiam
912 2609 1128 2662 hominis
1150 2607 1422 2661 venientem
1444 2608 1494 2659 in
1525 2607 1737 2660 nubibus

168 2703 261 2755 (teli
281 2703 330 2754 in
358 2702 539 2756 virtute
560 2698 720 2754 multa
746 2709 792 2753 et
814 2699 1074 2764 majestate
1097 2713 1116 2752 :
1135 2707 1180 2751 et
1201 2697 1360 2750 mittet
1381 2697 1600 2768 Angelos
1618 2712 1737 2751 suos

169 2811 268 2848 cunt
293 2793 414 2849 tuba
439 2802 486 2848 et
513 2808 631 2848 uoce
649 2809 862 2864 magna,
889 2801 938 2846 et
963 2789 1338 2862 congregabunt
1367 2790 1548 2844 electos
1571 2792 1681 2860 ejus
1704 2806 1737 2844 a

167 2896 362 2955 quatuor
390 2885 578 2948 ventis,
613 2901 645 2938 a
680 2884 888 2939 summis
926 2882 1168 2938 calorum
1205 2899 1360 2952 usque
1400 2882 1468 2935 ad
1498 2883 1735 2936 terminos

169 2991 342 3032 eorum.
379 2977 452 3032 Ab
488 2978 666 3032 arbore
702 2987 871 3030 autent
914 2976 1000 3046 fici
1034 2977 1213 3030 discite
1248 2974 1563 3044 parabolam.
1609 2974 1735 3032 Cant

165 3069 254 3137 jam
278 3084 454 3122 ramus
487 3068 598 3138 ejus
633 3077 770 3121 tener
798 3067 986 3138 fuerit,
1015 3075 1062 3120 et
1101 3067 1226 3134 folia
1253 3076 1405 3133 nata,
1437 3067 1576 3119 scitis
1619 3066 1737 3135 quia

168 3177 310 3229 prope
332 3170 407 3215 est
427 3171 578 3214 mtas
604 3174 623 3213 :
652 3159 722 3213 ita
750 3169 795 3213 et
815 3175 900 3213 vos
924 3175 1037 3213 cum
1057 3158 1278 3213 videritis
1298 3157 1404 3213 lttec
1431 3159 1620 3226 omnia,
1639 3157 1741 3212 sci-

169 3261 253 3306 tote
274 3253 397 3321 quia
425 3267 583 3321 prope
601 3260 676 3305 est
702 3250 754 3305 in
765 3251 966 3322 januis.

224 3344 315 3400 ιδ.
347 3342 496 3399 Tune
524 3358 652 3414 ergo
681 3343 879 3398 scimus
899 3355 1063 3412 prope
1093 3354 1214 3396 esse
1237 3382 1251 3404 ,
1289 3355 1411 3395 cum
1450 3339 1739 3396 viderimus

169 3450 261 3492 non
287 3435 459 3507 aliqua
485 3450 670 3490 eorum
687 3476 701 3498 ,
734 3433 830 3490 sed
871 3434 985 3488 hmc
1012 3433 1188 3488 omnia
1209 3474 1223 3498 ,
1259 3432 1314 3487 in
1338 3432 1531 3503 quibus
1559 3439 1614 3487 et
1640 3432 1741 3488 hoc

169 3538 266 3595 est,
296 3528 439 3598 quod
467 3526 730 3583 videbitur
756 3526 922 3581 Filius
947 3525 1178 3580 hominis
1202 3526 1420 3580 veniens
1441 3567 1455 3590 ,
1488 3533 1542 3580 et
1567 3525 1742 3580 mittet

171 3621 387 3692 Angelos
410 3634 557 3683 suos.
596 3629 651 3674 et
675 3618 742 3674 de
768 3625 998 3688 quatuor
1026 3615 1208 3672 mundi
1237 3617 1476 3686 partibus
1502 3657 1517 3680 ,
1553 3616 1605 3670 id
1634 3625 1737 3684 cst,

170 3711 228 3767 de
246 3719 358 3767 toto
380 3710 510 3766 orbe
533 3721 790 3767 terrarum
818 3710 1160 3781 congregabit
1189 3711 1388 3765 electos
1414 3725 1569 3774 suos;
1598 3709 1740 3780 quod

173 3813 267 3859 tota
297 3804 423 3860 hora
464 3805 748 3860 novissima
789 3803 912 3859 facit
935 3843 951 3869 ,
977 3803 1200 3858 veniens
1238 3802 1290 3854 in
1330 3802 1443 3857 suis
1486 3801 1740 3856 membris

173 3903 402 3966 tauquam
425 3895 476 3950 in
505 3895 730 3950 nubibus
772 3894 855 3948 vel
886 3893 938 3948 in
957 3901 1066 3948 tota
1093 3893 1203 3963 ipsa
1234 3892 1470 3946 Ecclesia
1492 3893 1630 3961 quod
1653 3902 1742 3948 est

171 4001 352 4058 corpus
375 3988 512 4057 ejus,
545 3997 793 4058 tanquam
817 3987 869 4041 in
887 3987 1028 4041 nube
1052 3999 1240 4056 magna
1268 3985 1621 4038 l'ructilicanlc
1656 3993 1739 4039 at-

174 4093 269 4148 que
293 4089 564 4136 crescente
593 4081 644 4134 in
668 4081 915 4134 universo
943 4077 1163 4143 mundo,
1195 4092 1258 4132 ex
1281 4093 1388 4149 quo
1406 4076 1568 4147 erepit
1597 4092 1738 4147 pra:-

173 4168 340 4226 dieare
371 4181 425 4228 et
466 4172 679 4236 dicere,
716 4170 863 4242 Agite
903 4171 1278 4241 panitentiam,
1318 4170 1743 4240 appropinquavit

173 4264 296 4317 enim
328 4279 533 4334 regnum
566 4263 803 4318 caelorum
829 4279 848 4317 :
872 4264 941 4317 ita
969 4271 1027 4317 ut
1055 4261 1283 4317 fortasse
1309 4263 1486 4316 omnia
1515 4278 1634 4332 quae
1674 4261 1743 4318 ab

179 4354 252 4410 bis
277 4355 440 4412 tribus
465 4355 804 4427 evangelistis
825 4355 963 4410 dicta
990 4362 1114 4409 sunt
1146 4353 1215 4409 de
1235 4354 1350 4422 ejus
1373 4352 1625 4418 adventu,
1653 4353 1740 4407 di-

179 4448 412 4520 ligentius
441 4449 577 4504 inter
610 4463 669 4504 se
696 4448 888 4503 collata
919 4456 1077 4517 atque
1102 4445 1338 4502 discussa
1357 4487 1372 4511 ,
1406 4445 1742 4499 inveniantur

179 4541 237 4594 ad
261 4540 356 4596 hoc
385 4540 671 4610 pertinuere,
704 4537 842 4609 quod
863 4537 1098 4609 quoﬁdie
1115 4536 1261 4592 venit
1288 4535 1340 4590 in
1370 4549 1597 4605 corpore
1622 4550 1741 4601 suo,

180 4632 305 4702 quod
331 4645 410 4689 est
437 4633 675 4688 Ecclesia
707 4631 808 4702 (de
828 4646 934 4702 quo
962 4630 1194 4685 adventu
1223 4645 1320 4684 suo
1346 4628 1478 4684 dixit
1503 4671 1519 4692 .
1547 4628 1744 4683 Amodo

179 4723 384 4779 videbitis
415 4722 464 4779 ιθ
463 4723 608 4778 ilium
641 4723 856 4778 hominis
882 4722 1133 4778 sedentem
1154 4739 1186 4774 a
1224 4721 1412 4776 dextris
1439 4723 1633 4777 virtutis
1655 4764 1671 4788 ,
1697 4731 1745 4777 et

184 4815 435 4868 venientem
456 4816 508 4868 in
529 4813 739 4868 nubibus
763 4813 876 4869 (mli
894 4816 945 4883 );
967 4816 1204 4882 exceptis
1225 4811 1307 4867 bis
1329 4811 1458 4867 locis
1480 4813 1566 4868 ubi
1589 4813 1657 4868 ab
1679 4828 1747 4868 eo

185 4905 257 4962 ille
283 4909 540 4964 adventus
564 4907 779 4962 ultimus
801 4908 854 4961 in
884 4907 1090 4978 seipso,
1119 4905 1334 4976 quando
1370 4914 1452 4961 est
1481 4907 1628 4962 vivos
1654 4907 1742 4976 ju-

184 4996 433 5056 dicatnrus
458 5008 513 5056 ct
536 5009 773 5055 mortuos
794 5042 809 5063 ,
843 5000 911 5053 ita
949 4999 1272 5070 promittitur
1297 5009 1354 5053 ut
1388 5000 1747 5068 propinquare

183 5088 385 5157 dicatur,
427 5101 480 5148 et
505 5090 644 5162 quod
677 5091 728 5144 in
753 5091 944 5146 ultimo
981 5091 1247 5146 sermonis
1291 5090 1582 5146 secundum
1617 5089 1746 5145 Mat-

183 5181 359 5239 th:enrn
387 5185 504 5254 ipse
542 5184 761 5238 omnino
806 5184 1063 5238 adventus
1099 5183 1373 5239 evidenter
1408 5183 1743 5254 exprimitur,

182 5274 314 5344 cujus
342 5275 589 5346 superius
611 5274 927 5343 quibusdam
955 5275 1120 5346 signis
1147 5275 1512 5348 prepinqnitas
1549 5274 1748 5330 intelli-

183 5367 332 5431 genda
375 5375 722 5422 monstratur.
762 5365 840 5420 Ad
878 5365 978 5422 hoc
1027 5368 1223 5436 quippe
1260 5367 1396 5437 apud
1440 5366 1744 5422 Matthaenm

184 5470 346 5512 sermo
369 5458 482 5528 ipse
502 5458 838 5514 concluditur
865 5473 878 5509 :
903 5457 1029 5512 Cum
1064 5467 1230 5512 autem
1255 5458 1442 5511 venerit
1471 5457 1520 5512 Γ
1522 5459 1638 5511 ilius
1655 5459 1748 5511 lto-

186 5548 341 5613 minis,
363 5550 556 5620 inquit,
602 5550 655 5602 in
686 5550 948 5620 majestate
973 5565 1099 5616 sua,
1141 5557 1186 5602 et
1231 5565 1400 5602 omnes
1427 5547 1608 5618 Angeli
1631 5565 1747 5602 cum

191 5652 268 5700 eo;
296 5647 406 5693 tunc
429 5638 615 5694 sedebit
643 5656 792 5708 super
820 5639 985 5693 sedem
1013 5640 1286 5711 majestatis
1308 5655 1442 5704 sua,
1475 5649 1591 5692 tunc
1619 5655 1737 5692 con-

189 5731 504 5802 gregabuntttr
527 5745 643 5788 ante
683 5751 798 5789 eum
832 5751 1002 5788 omnes
1035 5743 1238 5805 gentes;
1266 5743 1319 5788 et
1345 5741 1536 5789 cretera
1578 5748 1744 5804 usque

187 5820 245 5873 ad
268 5822 406 5893 illud,
433 5827 520 5884 ubi
547 5827 644 5894 ait,
678 5825 744 5882 Et
788 5827 927 5882 ibunt
956 5827 1008 5880 lii
1032 5827 1085 5881 in
1116 5827 1421 5896 supplicium
1461 5835 1742 5890 (sternunt,-

1341 383 1819 444 EPISTOLARUM
1844 383 2120 444 CLASSIS
2157 386 2243 443 Ill.

3321 392 3429 454 922

1828 503 1957 576 justi
1974 512 2140 557 autem
2157 503 2209 556 in
2228 503 2378 557 vitam
2397 511 2657 558 eternam.
2684 502 2796 559 [loc
2819 503 2964 559 enim
2987 504 3167 560 nullus
3197 507 3419 580 ainbigit

1836 595 1904 651 de
1928 595 2122 652 Christi
2144 594 2371 651 adventu
2399 595 2687 650 novissimo
2708 604 2762 651 et
2784 595 2853 652 de
2874 596 2978 652 ﬁde
3003 598 3184 652 s-t-cnli
3231 601 3420 667 pra-di-

1837 697 1981 744 ctum
2010 687 2192 744 fuisse.
2217 688 2344 744 Nam
2367 699 2420 744 et
2440 689 2558 745 illas
2588 689 2821 760 quinque
2848 700 2903 746 et
2927 690 3162 760 quinque
3186 692 3420 761 virgines

1838 782 1856 852 (
1882 780 2069 836 Matth.
2100 798 2231 845 xxv.
2263 783 2391 838 1-13
2409 783 2431 850 )
2449 826 2466 848 ,
2492 799 2598 838 non
2622 783 2904 841 defuerunt
2927 787 3018 857 qui
3045 803 3150 842 non
3177 795 3418 844 contem-

1837 873 2005 945 ptibili
2035 873 2393 946 disputatione
2435 875 2632 931 dicere
2673 878 2970 942 voluerint,
3011 879 3078 935 ad
3127 881 3268 936 hunc
3305 880 3422 950 ejus

1836 965 2146 1031 adventum,
2177 967 2266 1038 qui
2300 983 2440 1024 nunc
2467 969 2522 1022 ﬁt
2550 984 2642 1038 per
2662 970 2974 1037 Ecclesium,
3000 973 3284 1042 pertinere.
3311 972 3419 1030 Sed

1839 1060 1952 1115 huic
1979 1076 2083 1116 non
2109 1070 2234 1117 snnt
2263 1072 2462 1118 temere
2489 1063 2782 1132 pollicenda
2805 1107 2821 1129 ,
2859 1081 2924 1120 ne
2952 1066 3146 1136 aliquid
3176 1077 3422 1124 occurrat

1837 1150 1978 1221 quod
2007 1151 2177 1208 valide
2201 1154 2554 1219 contradicat,
2580 1156 2875 1225 przesertim
2896 1156 3017 1226 quia
3046 1157 3097 1211 in
3127 1157 3318 1213 talibus
3341 1157 3421 1214 di-

1837 1243 2078 1298 vinorum
2121 1244 2450 1314 eloquiorum
2495 1246 2941 1312 obscuritatibus,
2981 1247 3171 1317 quibus
3208 1259 3419 1305 nostras

1837 1331 2212 1405 intelligentias
2255 1335 2363 1391 Deo
2394 1337 2586 1404 placuit
2612 1353 2900 1401 exercere,
2933 1355 3036 1392 non
3078 1340 3249 1393 solum
3279 1339 3418 1396 alius

1835 1425 1941 1481 alio
1971 1436 2212 1482 movetur
2230 1430 2434 1484 acutius
2452 1445 2637 1485 eorum
2661 1429 2749 1500 qui
2765 1429 3070 1500 Scripturas
3085 1441 3292 1488 sanctas
3311 1447 3412 1490 non

1836 1515 2254 1588 improbabiliter
2289 1528 2548 1583 tractant;
2573 1519 2666 1574 sed
2697 1521 2856 1574 etiam
2883 1519 3106 1589 quilibet
3131 1536 3266 1576 unus
3297 1522 3409 1577 illo.

1835 1624 1974 1673 rum,
2001 1609 2284 1676 aliquando
2313 1611 2505 1672 minus,
2532 1610 2816 1679 aliquando
2842 1612 3032 1666 melius
3061 1612 3322 1684 intelligit.

1908 1700 2135 1758 CAPUT
2175 1702 2288 1758 XII.
2321 1733 2394 1743 —
2436 1704 2524 1759 46.
2572 1703 2762 1758 Nescio
2799 1713 2973 1760 tamen
3013 1715 3186 1760 utrum
3228 1705 3420 1765 intueri

1835 1794 2030 1866 aliquid
2059 1796 2254 1850 certius
2277 1796 2330 1849 in
2362 1795 2458 1850 hac
2478 1798 2772 1866 qumstione
2798 1812 3076 1866 possemus
3095 1839 3108 1858 .
3134 1797 3178 1852 si
3202 1798 3305 1852 ulla
3336 1813 3421 1853 ra-

1839 1884 1980 1939 tione
2003 1899 2097 1940 seu
2126 1884 2375 1941 facultate
2407 1901 2707 1955 possemus,
2730 1902 2886 1955 quam
2916 1886 3042 1940 illud
3070 1887 3210 1956 quod
3237 1888 3289 1942 in
3309 1888 3422 1958 epi-

1835 1977 1968 2032 stola
2002 1978 2178 2047 priore
2190 1981 2298 2046 jant
2324 1981 2494 2048 posui,
2514 1979 2724 2049 quando
2749 1979 3035 2047 Evangelio
3055 1979 3283 2034 mundus
3305 1980 3423 2034 uui-

1835 2083 2022 2123 versus
2047 2068 2346 2134 impleatur.
2374 2069 2524 2138 Quod
2559 2070 2702 2125 enim
2746 2078 2893 2139 putat
2921 2069 3302 2124 Venerabilitas
3332 2079 3420 2125 tua

1832 2158 1941 2228 jam
1967 2158 2068 2214 hoc
2092 2175 2186 2230 per
2209 2159 2350 2228 ipsos
2379 2160 2661 2228 Apostolos
2684 2159 2901 2220 factum.
2931 2175 3036 2215 non
3065 2159 3134 2213 ita
3160 2175 3278 2214 esse
3304 2175 3421 2217 cer-

1839 2251 1906 2305 tis
1928 2249 2260 2304 documentis
2284 2250 2520 2319 probavi.
2548 2250 2682 2306 Sunt
2705 2251 2847 2304 enim
2874 2249 3011 2320 apud
3042 2264 3159 2313 nos,
3189 2248 3290 2304 hoc
3313 2258 3416 2318 est,

1838 2339 1890 2393 in
1921 2339 2097 2394 Africa
2118 2381 2133 2405 ,
2157 2340 2395 2394 barbara:
2435 2339 2850 2394 innumerabiles
2880 2349 3097 2408 gentes.
3139 2338 3191 2394 in
3229 2338 3423 2408 quibus

1839 2430 2074 2485 nondum
2105 2445 2223 2485 esse
2253 2429 2594 2501 pru'dicatnnt
2619 2430 2962 2500 Evangelinm
2984 2471 2997 2491 .
3021 2445 3086 2485 ex
3118 2429 3182 2484 iis
3201 2430 3288 2498 qui
3318 2429 3420 2484 dn-

1839 2533 2031 2577 cuntnr
2054 2521 2175 2576 inde
2201 2523 2415 2592 captivi,
2439 2531 2493 2577 et
2533 2522 2894 2577 Romanorum
2925 2521 3158 2576 servitiis
3191 2520 3298 2590 jam
3330 2521 3425 2578 mi-

1839 2623 2074 2677 scentur,
2088 2614 2323 2684 quotidie
2346 2614 2497 2668 nobis
2512 2613 2788 2668 addiscere
2807 2615 2857 2667 in
2882 2623 3126 2683 protnpttt
3141 2621 3241 2667 cst.
3262 2613 3422 2669 Pauci

1841 2713 2016 2758 tamen
2042 2705 2162 2758 anni
2193 2714 2316 2758 sunt
2335 2747 2349 2769 ,
2373 2722 2436 2760 ex
2458 2721 2564 2775 quo
2594 2705 2806 2774 quidam
2836 2719 3025 2759 eorum
3059 2705 3317 2760 rarissimi
3343 2714 3424 2759 at-

1839 2810 1943 2866 que
1965 2795 2282 2865 paucissimi,
2313 2797 2400 2866 qui
2426 2805 2592 2864 iocati
2624 2795 2875 2850 Romanis
2907 2795 3098 2850 ﬁnilms
3125 2796 3420 2862 adhmrent,

1841 2885 1912 2939 ita
1943 2894 2000 2939 ut
2029 2900 2133 2939 non
2165 2885 2394 2940 habeant
2417 2900 2568 2956 reges
2588 2901 2734 2953 suos,
2761 2885 2856 2941 sed
2882 2901 3043 2956 super
3069 2901 3162 2942 eos
3188 2886 3422 2958 prtelecti

1841 2992 1870 3032 a
1899 2977 2141 3034 Romano
2162 2979 2554 3034 constituantur
2583 2979 2827 3049 imperio,
2855 2989 2910 3034 et
2938 2980 3010 3034 illi
3033 2987 3087 3035 et
3113 2980 3207 3050 ipsi
3237 2994 3423 3037 eorum

1843 3071 2076 3142 pra-lecti
2109 3070 2383 3126 christiani
2422 3087 2542 3127 esse
2572 3081 2868 3141 coeperunt.
2902 3070 3184 3126 Interiores
3214 3082 3422 3139 autem,

1841 3161 1929 3232 qui
1957 3162 2055 3217 sub
2079 3162 2219 3216 nulla
2247 3173 2366 3218 sunt
2399 3171 2656 3232 potestate
2681 3163 2937 3226 liotnana,
2972 3178 3191 3232 prorsus
3217 3178 3313 3216 nec
3339 3179 3427 3220 re-

1841 3255 2036 3326 ligione
2063 3255 2349 3310 christiana
2378 3256 2429 3310 in
2452 3272 2667 3310 suorum
2689 3256 2949 3325 aiquibns
2973 3255 3301 3320 detinentur,
3331 3270 3427 3311 ne-

1842 3362 1944 3417 que
1966 3347 2072 3402 ullo
2100 3346 2258 3401 modo
2287 3355 2431 3401 recte
2457 3345 2562 3401 dici
2587 3355 2760 3416 potest
2782 3345 2912 3400 istos
2931 3344 2997 3399 ad
3020 3344 3425 3415 promissionem

1848 3438 1937 3493 Dei
1961 3453 2064 3493 non
2095 3439 2384 3508 pertinere.

1918 3529 2004 3584 ΓΙ.
2032 3527 2147 3584 Non
2176 3529 2317 3583 enim
2338 3528 2625 3590 lioinanos,
2653 3525 2749 3581 sed
2770 3541 2954 3582 omnes
2973 3535 3156 3592 gentes
3174 3525 3428 3581 Dominus

1844 3619 2036 3675 semini
2076 3619 2342 3685 Abrahze,
2388 3619 2560 3674 media
2604 3634 2816 3688 quoque
2864 3617 3132 3687 iuratione
3184 3615 3430 3687 promisit

1849 3711 2018 3785 (Gen.
2049 3727 2163 3767 xxn
2185 3755 2198 3776 ,
2229 3711 2462 3780 16-18):
2495 3725 2560 3765 ex
2590 3725 2691 3781 qua
2717 3707 3067 3780 promissione
3089 3706 3198 3776 jam
3231 3706 3427 3762 factum

1845 3816 1928 3860 est
1949 3814 2009 3858 ut
2038 3804 2303 3858 nonnullae
2331 3815 2516 3873 gentes
2543 3819 2660 3872 qute
2684 3817 2789 3856 non
2824 3811 3069 3856 tenentur
3100 3800 3301 3854 ditionc
3323 3799 3431 3854 Ro-

1846 3911 1999 3950 mana
2022 3935 2037 3959 ,
2071 3896 2369 3963 reciperent
2401 3893 2743 3961 Evangelinm
2765 3933 2780 3958 ,
2813 3902 2868 3948 et
2887 3893 3301 3960 adiungerentur
3327 3891 3429 3947 Ec-

1844 3985 2049 4048 clesiat,
2077 4001 2198 4054 qum
2227 3982 2506 4037 fructiﬁcat
2535 3993 2588 4038 et
2615 3983 2807 4036 crescit
2841 3983 2892 4035 in
2930 3983 3178 4036 universo
3209 3982 3426 4036 mundo.

1846 4074 2033 4129 Adhuc
2074 4074 2214 4128 enim
2247 4073 2406 4126 habet
2440 4088 2546 4142 quo
2579 4081 2784 4126 crescat
2807 4111 2822 4134 ,
2853 4069 3021 4125 donec
3059 4069 3148 4123 ﬁat
3181 4069 3322 4137 quod
3359 4070 3430 4126 de

1845 4166 2058 4222 Christo
2085 4166 2135 4220 in
2166 4165 2468 4220 Salomonis
2495 4164 2659 4233 ﬁgura
2692 4162 3063 4232 prOphetatum
3089 4169 3172 4214 est
3202 4179 3213 4214 :
3246 4159 3428 4214 Domi-

1848 4258 2048 4312 nabitur
2071 4276 2103 4310 a
2129 4257 2256 4310 mari
2284 4273 2440 4322 usque
2465 4258 2533 4308 ad
2560 4270 2700 4309 mare
2721 4294 2736 4315 .
2771 4263 2817 4307 et
2859 4270 2891 4306 a
2923 4252 3131 4322 [lumine
3175 4268 3327 4321 usque
3359 4251 3431 4306 ad

1846 4348 2082 4403 terminos
2102 4347 2234 4402 orbis
2263 4357 2409 4400 terra:
2448 4345 2616 4418 (Psal.
2651 4360 2778 4400 uxr
2810 4384 2826 4410 ,
2865 4343 2942 4413 8).
2966 4343 3010 4398 A
3052 4343 3260 4412 [luanine
3289 4343 3432 4399 scili-

1848 4448 1929 4494 oet
1955 4440 2044 4494 ubi
2073 4439 2367 4509 baptizatus
2404 4447 2520 4500 est,
2563 4437 2684 4506 quia
2717 4434 2844 4491 inde
2883 4435 3046 4505 cmpit
3090 4435 3428 4505 livangeliunt

1847 4530 2139 4602 praedicare
2166 4547 2181 4584 :
2208 4547 2241 4583 a
2265 4529 2394 4582 mari
2418 4537 2596 4583 autem
2625 4543 2782 4597 usque
2809 4526 2877 4580 ad
2900 4544 3039 4582 mare
3065 4535 3206 4581 totus
3230 4535 3314 4580 est
3340 4543 3430 4582 ore

1849 4623 1932 4678 bis
1949 4639 2070 4679 cum
2092 4621 2336 4677 omnibus
2361 4621 2626 4692 gentibus.
2655 4619 2904 4689 quintium
2937 4617 3066 4671 mari
3087 4631 3286 4671 oceano
3310 4617 3432 4670 cin-

1847 4719 1988 4788 gitur
2013 4719 2308 4772 universus.
2331 4713 2610 4780 Quomodo
2627 4723 2806 4767 autem
2838 4709 3140 4781 implebitur
3164 4707 3320 4762 aliter
3339 4707 3430 4763 illa

1852 4807 2125 4878 prophetia
2156 4823 2168 4856 :
2206 4805 2390 4857 Omnes
2417 4812 2586 4873 gentes
2603 4842 2619 4866 ,
2644 4810 2882 4873 quotquot
2904 4798 3097 4867 fecisti,
3120 4795 3312 4850 venient
3331 4837 3346 4858 ,
3385 4802 3435 4850 α

1849 4900 2129 4956 adorabunt
2167 4913 2337 4951 coram
2384 4905 2449 4962 te,
2480 4894 2693 4950 Domine
2729 4891 2896 4964 (Psal.
2935 4905 3146 4953 Lxxxv,
3195 4888 3289 4957 9)?
3315 4886 3428 4944 Non

1850 4993 1991 5049 enim
2014 4991 2080 5046 de
2107 4989 2235 5044 locis
2264 4989 2375 5042 suis
2401 4986 2674 5057 migrando
2701 4983 2930 5047 venient,
2957 4981 3050 5036 sed
3082 4981 3132 5034 in
3160 4979 3292 5035 locis
3321 4980 3432 5036 suis

1849 5082 2136 5140 credendo.
2193 5080 2268 5135 De
2321 5079 2657 5134 credentibus
2700 5075 2894 5145 quippe
2949 5072 3202 5127 Dominus
3251 5071 3428 5128 dixit:

1855 5173 2020 5230 Nemo
2047 5181 2206 5242 potest
2234 5172 2399 5225 venire
2413 5171 2480 5222 ad
2508 5185 2604 5232 me,
2633 5166 2728 5221 nisi
2753 5165 2930 5219 datum
2955 5165 3104 5234 fuerit
3135 5165 3178 5220 ei
3209 5182 3240 5218 a
3278 5163 3432 5219 Patre

1852 5283 1961 5321 meo
1983 5264 2162 5338 (Joau.
2185 5280 2260 5326 vr,
2289 5261 2401 5331 66).
2431 5259 2693 5329 Propheta
2727 5267 2905 5312 autem
2929 5255 3062 5312 dicit
3092 5273 3105 5307 :
3144 5254 3212 5308 Et
3244 5255 3434 5308 adora-

1852 5360 1973 5414 bunt
2001 5374 2114 5412 eum
2139 5354 2474 5424 unusquisque
2501 5351 2562 5405 de
2588 5351 2699 5404 loco
2729 5365 2850 5411 suo,
2879 5365 3050 5402 omnes
3090 5345 3269 5400 insula:
3305 5360 3432 5415 gen-

1852 5453 1976 5506 tium
1996 5450 2249 5522 (Sophon.
2279 5463 2336 5510 ιι,
2367 5446 2472 5514 ii).
2504 5443 2689 5497 Omnes
2708 5442 2889 5496 insulte
2902 5440 3052 5504 dixit,
3080 5447 3326 5506 tanquam
3353 5434 3433 5488 di-

1851 5554 2014 5608 ceret,
2065 5541 2236 5596 Etiam
2279 5551 2466 5592 omnes
2506 5534 2728 5597 insulze;
2776 5532 2900 5587 hinc
2945 5527 3232 5583 ostendens
3271 5538 3430 5595 quam

1851 5637 1995 5693 utilia
2044 5634 2367 5703 relinquatur
2416 5636 2678 5682 terrarum
2728 5623 2814 5678 ubi
2866 5636 2970 5678 non
3031 5622 3098 5676 sit
3149 5615 3429 5676 Ecclesia.

1851 5725 2065 5800 quando
2093 5723 2230 5777 nulla
2254 5719 2567 5786 relinquitur
2591 5715 2899 5776 insularum,
2924 5726 3145 5781 quarum
3165 5705 3433 5763 nonnulla:

1850 5820 2011 5876 etiam
2043 5817 2094 5871 iu
2119 5814 2332 5870 Oceano
2357 5818 2480 5866 sunt
2499 5808 2797 5864 constituta!
2818 5847 2830 5869 ,
2860 5814 2914 5864 et
2947 5803 3200 5876 quasdam
3243 5812 3431 5857 eorum
