3990 6382
661 492 999 583 mitigatum
1022 509 1130 578 jam
1155 492 1451 575 s‘uScepisse
1475 501 1778 557 didicimus.
1812 498 1981 567 Atque
2013 498 2084 551 ita
2109 504 2160 550 et
2179 498 2230 551 in

662 602 848 661 insulis
876 588 1093 670 singulis
1129 596 1421 667 quibusque
1452 594 1701 663 impletur
1729 584 1869 660 Quod
1899 589 2096 643 dictttm
2128 588 2230 652 e'st,

662 692 1014 752 Dominabitur
1040 691 1073 745 ii
1100 690 1231 745 mari
1258 694 1415 759 usque
1449 699 1513 739 aa
1544 702 1716 751 mare,
1765 700 1869 753 quo
1912 680 2235 752 ttndqumqtte

666 782 835 845 insula
862 786 1115 856 cingitur;
1145 783 1282 837 sicut
1308 784 1359 834 ιιι
1379 780 1627 834 universo
1653 779 1782 831 orbe
1808 784 2089 838 terrartmt,
2118 789 2237 842 qua:

664 862 912 936 taurinum
955 875 1188 932 omnium
1230 872 1619 943 quodammodo
1659 874 1886 924 inanima
1925 870 2007 923 est
2045 864 2234 930 in's'ula,

667 956 791 1041 ifuia'
817 977 868 1024 et
898 969 1064 1038 ipsam
1089 958 1253 1035 cingit
1278 956 1541 1026 Oceanus,
1568 961 1632 1015 ad
1657 956 1809 1030 cuius
1830 960 2004 1014 littora
2027 959 2078 1013 itt
2100 958 2241 1012 occi-

667 1056 967 1119 dentalibus
994 1060 1240 1129 partibus
1271 1050 1559 1111 Ecclesiam
1603 1052 1912 1122 pervenisse
1941 1050 2049 1121 jam
2089 1049 2240 1103 novi-

668 1152 807 1219 tuus,
836 1152 888 1206 et
911 1158 1240 1220 quocumque
1266 1148 1499 1201 littorum
1528 1144 1760 1198 nondum
1801 1142 2073 1212 pervenit,
2116 1154 2240 1210 per-

667 1244 887 1302 ventura
915 1232 995 1298 éSt
1019 1242 1199 1311 utique
1220 1236 1581 1294 fructiﬁcabdo
1607 1244 1763 1304 atque
1787 1222 2073 1289 crescendi
2084 1236 2093 1248 '

739 1336 828 1391 48.
866 1333 925 1389 Si
962 1340 1089 1402 ergo
1114 1330 1236 1401 quia
1279 1328 1554 1398 prophetia
1599 1326 1837 1380 veritatis
1878 1322 2088 1379 mentiri
2139 1336 2242 1374 non

658 1432 847 1499 potest
866 1469 879 1491 ,
928 1430 1151 1480 necesse
1178 1416 1261 1477 est
1304 1430 1360 1475 ut
1388 1434 1574 1475 omnes
1599 1427 1807 1489 gentes,
1839 1423 2096 1487 quotquot
2123 1413 2248 1467 fecit

672 1521 846 1584 Deus,
878 1507 1101 1572 adoient
1139 1524 1297 1578 eum;
1337 1510 1603 1582 quomodo
1642 1510 1934 1564 adorabunt
1963 1522 2083 1563 eum
2105 1548 2119 1572 ,
2145 1506 2246 1560 nisi

672 1608 921 1669 invocent
945 1608 1103 1662 eum?
1126 1600 1403 1671 Quomodo
1431 1598 1606 1656 autem
1639 1600 1976 1661 invocabunt,
2008 1600 2059 1652 in
2089 1613 2246 1667 quem

672 1702 780 1759 non
823 1697 1203 1756 crediderunt?
1248 1691 1340 1750 aut
1380 1694 1647 1765 quomddo
1692 1692 1909 1747 credent
1948 1690 2102 1762 quem
2144 1704 2248 1743 non

673 1792 997 1850 audierunt?
1022 1780 1487 1860 quomodo‘autem
1518 1786 1733 1840 audient
1758 1785 1871 1838 sine
1896 1781 2249 1852 praedicante?

678 1892 768 1941 aut
798 1874 1064 1955 quomodo
1093 1881 1485 1952 prtedicabuut,
1520 1879 1618 1932 nisi
1653 1878 1925 1930 mittantur
1962 1876 2137 1944 (Rom.
2187 1889 2244 1938 x,

676 1975 769 2047 ιι)
792 1975 993 2029 ?Mittit
1020 1973 1160 2027 enim
1192 1968 1423 2040 Angelos
1451 1983 1574 2023 suos
1594 2007 1607 2031 ,
1646 1975 1699 2020 et
1744 1974 2027 2034 congregat
2052 1965 2250 2018 electos

675 2074 801 2121 suos
819 2080 851 2120 a
871 2072 1095 2135 quatuor
1113 2061 1285 2116 ventis
1304 2058 1513 2129 (Matth.
1542 2064 1693 2122 xxiv,
1723 2057 1833 2124 51),
1863 2056 1914 2109 id
1938 2064 2020 2109 est
2045 2054 2112 2107 ab
2135 2054 2251 2107 uni-

674 2160 833 2213 verso
854 2156 983 2211 orbe
1005 2162 1287 2211 terrarum.
1316 2150 1371 2205 In
1401 2150 1591 2220 quibus
1606 2162 1733 2217 ergo
1754 2146 1996 2217 gentibus
2018 2144 2250 2199 nondum

676 2253 760 2304 est
786 2246 1041 2309 Ecclesia,
1065 2252 1273 2314 oportet
1298 2249 1358 2298 ut
1382 2243 1468 2305 sit,
1502 2238 1608 2294 non
1633 2247 1690 2293 ut
1714 2252 1900 2292 omnes
1922 2236 2012 2306 qui
2043 2236 2112 2289 ibi
2142 2236 2253 2289 fue-

676 2326 785 2399 rint
812 2342 1027 2398 credant
1052 2356 1070 2405 ς
1099 2353 1288 2395 omnes
1312 2340 1455 2395 enim
1484 2346 1669 2407 gentes
1698 2333 1970 2405 promissa:
1986 2337 2127 2390 sunt,
2145 2328 2251 2383 non

678 2434 867 2488 omnes
894 2432 1135 2487 homines
1158 2430 1393 2484 omnium
1420 2427 1653 2498 gentium
1679 2442 1693 2477 :
1725 2440 1828 2478 non
1854 2423 1995 2477 enim
2017 2420 2249 2474 omnium

679 2526 764 2577 εει
790 2506 920 2577 fides
953 2521 1019 2593 (ll
1048 2520 1221 2575 Thess.
1259 2534 1334 2579 ut,
1360 2518 1441 2588 2).
1461 2510 1639 2571 Credit
1658 2517 1830 2583 itaque
1854 2513 2025 2568 omnis
2046 2525 2179 2581 gens
2200 2510 2251 2563 in

678 2606 925 2668 omnibus
949 2612 1037 2683 qui
1075 2610 1229 2666 eteCti
1276 2616 1399 2663 sunt
1437 2617 1559 2661 ante
1597 2604 2028 2661 constitutionem
2072 2599 2253 2654 mundi

679 2702 841 2775 (Eph.
870 2706 907 2768 ιε
940 2702 1017 2772 4),
1049 2702 1099 2755 in
1127 2702 1335 2755 caeteris
1365 2713 1468 2752 non
1499 2696 1702 2762 credit,
1737 2703 1792 2750 et
1814 2693 2092 2748 credentes
2120 2691 2250 2745 odit.

678 2791 955 2861 Quomodo
979 2791 1117 2845 enim
1142 2799 1196 2845 et
1234 2789 1359 2844 illud
1396 2787 1716 2855 implebitttr,
1748 2784 1905 2838 Erilis
1941 2783 2057 2837 odio
2090 2781 2253 2835 omni—

678 2882 769 2938 bus
805 2881 1034 2954 gentibus
1070 2888 1274 2951 propter
1312 2892 1493 2932 nomen
1530 2891 1695 2930 meum
1737 2874 1948 2942 (Matth.
1980 2887 2131 2937 xxnv,
2160 2870 2251 2943 9);

678 2973 781 3028 nisi
810 2972 863 3026 in
892 2970 1140 3027 omnibus
1168 2970 1412 3041 gentibus
1441 2968 1548 3023 sint
1571 2976 1626 3022 et
1653 2966 1741 3035 qui
1765 2964 2007 3030 oderint,
2042 2970 2096 3017 et
2122 2976 2254 3032 quos

678 3062 927 3118 oderint?

748 3152 838 3207 49.
879 3152 996 3220 Quo
1026 3160 1179 3220 pacto
1227 3151 1384 3221 igitur
1412 3149 1480 3203 ab
1513 3146 1784 3217 Apostolis
1824 3154 1907 3201 est
1952 3144 2255 3215 praedicatio

680 3244 776 3298 ista
803 3243 1085 3311 completa,
1110 3241 1318 3310 quando
1342 3239 1517 3294 adhuc
1542 3254 1708 3307 usque
1735 3247 1858 3293 sunt
1880 3246 2065 3306 gentes
2093 3235 2255 3306 (quod

678 3334 1029 3390 certiSsimutn
1060 3341 1143 3386 est
1168 3332 1344 3401 nobis)
1382 3333 1433 3384 in
1464 3330 1655 3398 quibus
1682 3329 1838 3382 modo
1870 3329 2057 3398 etrapit,
2106 3336 2161 3381 et
2202 3327 2255 3379 in

679 3428 869 3499 quibus
895 3423 1128 3479 nondum
1157 3422 1317 3492 cuzpit
1344 3421 1586 3489 impleri?
1612 3419 1725 3473 Non
1760 3419 1932 3487 itaque
1951 3420 2029 3472 sic
2056 3418 2253 3472 dictum

677 3510 761 3574 est
786 3514 1074 3587 Aposmlis,
1104 3514 1259 3568 Erilis
1279 3512 1403 3565 mihi
1429 3522 1577 3564 testes
1597 3511 1649 3563 in
1677 3509 1981 3572 Jerusalem,
2013 3517 2057 3562 et
2079 3509 2131 3561 in
2154 3517 2255 3561 tota

678 3609 894 3673 luctata,
925 3616 969 3661 et
1000 3607 1269 3671 Samaria,
1308 3613 1355 3659 et
1389 3620 1544 3673 usque
1566 3605 1619 3655 in
1644 3611 1917 3657 extremum
1948 3612 2092 3654 teme
2119 3598 2249 3670 (Act.

679 3702 717 3765 t',
745 3694 823 3771 8),
852 3708 1098 3768 tanquam
1130 3697 1227 3766 ipsi
1253 3697 1379 3762 soli,
1401 3693 1594 3764 quibus
1622 3701 1743 3746 tunc
1771 3692 2102 3760 loquebatur,
2142 3701 2255 3744 tau-

680 3799 790 3845 tum
819 3804 1008 3843 tumtus
1030 3787 1227 3842 fuerint
1255 3785 1556 3854 impleturi:
1586 3784 1677 3837 sed
1697 3784 1831 3837 sicut
1854 3782 1933 3837 eis
1955 3784 2083 3837 solis
2105 3781 2252 3837 vide-

680 3890 767 3936 tnr
783 3880 978 3934 dixisse
1001 3878 1140 3948 quod
1166 3877 1317 3938 dixit.
1343 3874 1475 3929 Ecce
1494 3875 1743 3929 vobiscum
1769 3890 1876 3927 sum
1899 3890 2052 3944 usque
2069 3876 2119 3927 in
2135 3891 2255 3927 con-

679 3971 1063 4026 summationem
1089 3968 1259 4023 διεσαιὶ
1289 3966 1498 4037 (Matth.
1528 3981 1720 4029 xxvut,
1748 3963 1878 4033 20);
1907 3964 2047 4033 quud
2079 3974 2252 4017 tamen

679 4066 803 4121 eum
827 4063 1086 4118 universa:
1110 4058 1355 4115 Ecclesia:
1385 4059 1712 4128 promisisse,
1744 4073 1861 4124 quat:
1881 4057 1996 4109 aliis
2023 4056 2253 4110 merien-

678 4158 836 4222 tibus,
867 4158 986 4211 aliis
1011 4154 1348 4210 nascentibus
1377 4153 1461 4207 hic
1490 4164 1658 4220 usque
1700 4149 1752 4202 in
1793 4149 1969 4202 smcttli
1999 4164 2251 4202 consum-

679 4250 962 4303 mationem
995 4248 1166 4301 futura
1194 4256 1296 4310 est,
1320 4244 1438 4313 quis
1464 4256 1569 4296 non
1610 4240 1897 4309 intelligat?
1934 4240 2069 4295 sicut
2095 4241 2171 4294 eis
2199 4250 2253 4294 et

679 4338 809 4395 illud
836 4339 929 4402 ait,
957 4337 1096 4407 quod
1125 4336 1192 4391 ad
1220 4348 1315 4390 eos
1338 4334 1557 4389 omnino
1587 4348 1689 4385 non
1720 4332 1968 4400 pertinet,
1997 4339 2053 4385 et
2077 4343 2249 4386 tamen

678 4422 756 4487 sic
774 4429 970 4483 dictum
993 4436 1073 4483 est
1094 4436 1340 4497 tauquam
1361 4425 1427 4478 ad
1454 4424 1596 4479 solos
1619 4424 1779 4478 etiam
1800 4423 2101 4491 pertineret,
2126 4421 2252 4476 Cant

678 4518 900 4576 ﬁdentis
925 4522 1032 4574 lucc
1068 4520 1269 4581 omnia,
1316 4517 1491 4571 scitote
1533 4514 1652 4584 quia
1698 4530 1853 4583 prope
1888 4523 1964 4568 est
2002 4514 2054 4566 in
2075 4514 2251 4582 januis

683 4610 794 4686 (Id.
816 4622 963 4673 xxn',‘
988 4611 1112 4680 33):
1143 4607 1209 4661 ad
1237 4620 1372 4676 quos
1397 4605 1537 4660 enim
1557 4604 1656 4658 hoc
1684 4603 1929 4672 pertinet,
1950 4605 2049 4657 nisi
2073 4603 2140 4658 ad
2159 4619 2250 4658 eos

682 4702 767 4775 qui
794 4696 844 4757 in
874 4714 1033 4757 carne
1078 4710 1203 4755 tunc
1236 4706 1424 4762 erunt,
1452 4711 1569 4751 cum
1601 4698 1777 4750 omnia
1804 4695 2250 4766 complebuntur?

676 4798 875 4867 quanto
895 4794 1061 4866 magis
1086 4792 1213 4847 illttd
1237 4791 1376 4861 quod
1392 4806 1457 4846 ex
1483 4806 1668 4860 magna
1694 4796 1844 4861 parte
1871 4804 1967 4861 per
1984 4800 2077 4845 eos
2090 4806 2251 4860 agen-

676 4892 801 4945 dum
846 4890 981 4955 fuit,
1030 4885 1271 4959 quamvis
1306 4891 1360 4939 et
1400 4884 1626 4953 posteris
1667 4898 1851 4938 eorum
1890 4883 2077 4938 eadem
2105 4883 2248 4939 actio

674 4979 1010 5037 servaretur?

745 5071 834 5127 50.
873 5069 1023 5140 Quod
1049 5076 1225 5124 autem
1249 5065 1383 5122 dixit
1406 5064 1715 5137 Apostolus,
1741 5062 2005 5134 Numquid
2028 5080 2129 5119 non
2153 5081 2248 5119 au-

673 5146 918 5218 aierant?
943 5160 1009 5213 In
1030 5175 1223 5214 omnem
1246 5169 1431 5213 terram
1451 5155 1572 5209 exiit
1591 5170 1743 5209 sonus
1763 5170 1952 5220 eorum,
1981 5165 2026 5208 et
2043 5155 2094 5209 in
2121 5156 2247 5223 ﬁnes

673 5248 808 5309 orbis
831 5258 977 5306 terra:
990 5250 1135 5304 verba
1152 5264 1325 5304 eorum
1346 5247 1522 5319 (Rom.
1552 5260 1609 5308 x,
1638 5243 1725 5310 18,
1751 5254 1799 5298 et
1826 5242 1968 5299 Psat.
1998 5260 2144 5312 xvnt,
2162 5246 2243 5315 5):

588 5362 591 5367 '
672 5345 916 5419 quantivis
941 5344 1147 5399 locutus
1174 5343 1241 5396 sit
1274 5339 1525 5411 pneteriti
1553 5337 1808 5406 temporis
1830 5336 2005 5391 verbis
2024 5377 2039 5400 ,
2067 5344 2242 5392 tamen

672 5440 811 5510 quod
832 5436 1063 5491 futurum
1086 5432 1257 5488 fuerat
1275 5433 1427 5498 dixit,
1456 5446 1560 5486 non
1588 5428 1730 5501 quod
1747 5429 1855 5498 jam
1878 5428 2073 5483 factum
2087 5437 2245 5499 atque

672 5530 1029 5600 completum;
1056 5525 1192 5581 sicut
1216 5524 1328 5593 ipse
1358 5524 1610 5594 propheta
1649 5535 1754 5592 quo
1793 5532 1917 5575 usus
1963 5528 2044 5575 est
2090 5528 2242 5588 teste,

673 5639 778 5678 non
804 5620 899 5688 ait,
923 5620 987 5675 In
1011 5635 1208 5675 omnem
1228 5627 1409 5671 terram
1430 5616 1697 5682 exiturus,
1721 5613 1837 5679 sed,
1862 5612 2023 5679 Eatit,
2055 5611 2241 5683 inquit,

673 5729 825 5768 sonus
850 5726 1043 5778 eorum,
1067 5708 1206 5782 quod
1235 5708 1412 5778 utique
1436 5706 1670 5762 nondum
1693 5703 1889 5761 factum
1910 5714 2025 5759 erat
2048 5722 2060 5756 :
2089 5704 2245 5774 quale

677 5808 754 5857 est
786 5801 945 5856 etiam
977 5800 1100 5857 illud
1118 5838 1138 5869 ,
1170 5797 1431 5855 Foderunt
1452 5812 1631 5853 manus
1658 5812 1795 5851 meas
1823 5804 1867 5852 et
1895 5795 2041 5868 pedes
2068 5792 2239 5866 (Psal.

1871 382 1927 439 s.
1968 334 2330 438 auousrtat
2370 382 2671 441 EPISCOPI
3438 406 3439 409 γ
3745 396 3824 458 sn

2341 504 2454 564 ω,
2482 498 2602 571 l7);
2636 500 2773 569 quod
2802 510 2908 555 tam
2934 502 3087 571 longe
3107 498 3285 573 postea
3310 502 3491 560 factum
3506 505 3823 573 nomnen

2343 604 2412 644 ne
2442 586 2569 645 istas
2600 601 2800 645 tantum
2846 593 3180 663 propheticas
3204 588 3513 663 incutienes,’
3546 613 3637 653 non
3663 611 3707 656 ct
3728 618 3825 675 apo.

2344 676 2558 735 Stolicas
2590 678 2749 737 fuisse
2776 684 3087 751 credamus,
3126 682 3297 740 nonne
3337 687 3467 741 idem
3494 685 3595 758 ipse
3618 698 3828 761 apostolus

2344 764 2419 828 ait
2442 793 2455 863 ε.
2482 774 2610 840 Quae
2628 787 2699 829 est
2724 776 2949 831 Ecclesia
2968 778 3064 834 Dei
3086 780 3202 843 vivi,
3224 774 3444 835 columna
3462 793 3505 837 et
3529 780 3829 853 ﬁrmantentum

2345 861 2586 923 veritatis.
2615 868 2680 922 Et
2707 861 2812 923 sine
2842 869 2993 925 dubio
3019 882 3253 942 magnum
3280 883 3349 926 est
3374 868 3559 943 piettitis
3593 876 3831 935 Sacrorum.

2348 967 2473 1023 tum,
2501 958 2636 1028 quod
2656 956 3029 1027 manifestatum
3052 970 3125 1015 est
3149 962 3202 1015 in
3220 956 3383 1028 carne,
3403 964 3704 1033 justiﬁcatum
3723 974 3829 1026 estin

2346 1049 2556 1118 spiritu,
2584 1044 2819 1118 apparuit
2846 1048 3077 1121 Angelis,
3126 1048 3446 1122 pfwdicatunt
3472 1067 3536 1109 est
3562 1058 3608 1110 in
3641 1062 3831 1131 gentibus,

2348 1139 2590 1193 creditum
2609 1142 2681 1194 est
2704 1140 2756 1195 in
2780 1135 2987 1208 mundo,
3007 1138 3315 1215 assumptum
3342 1158 3413 1201 est
3436 1144 3485 1201 in
3500 1144 3645 1219 glarid
3676 1151 3710 1225 (l
3733 1154 3832 1210 Tim.

2349 1228 2428 1295 ut,
2463 1230 2717 1302 15,16)?
2763 1232 2964 1303 Nempe
3010 1234 3342 1290 manifestum
3377 1245 3456 1293 est
3493 1239 3615 1307 hoc,
3653 1244 3764 1310 quod
3799 1248 3835 1300 in

2348 1329 2587 1407 extremo
2613 1318 2804 1390 posuit,
2829 1324 2987 1378 etiam
3009 1316 3147 1379 adite
3168 1326 3395 1381 noodum
3420 1334 3532 1382 esse
3558 1326 3831 1401 completum;

2349 1408 2550 1481 quanto
2596 1414 2763 1483 magis
2809 1424 2933 1468 tunc
2976 1417 3185 1484 quando
3231 1417 3329 1471 ista
3385 1417 3617 1474 diccbat?
3661 1420 3837 1481 Ecclesia

2351 1504 2546 1573 quippe
2574 1512 2696 1558 tunc
2723 1500 3019 1561 assumetnr
3048 1502 3098 1560 iu
3126 1508 3310 1577 gloria,
3336 1510 3538 1579 quando
3560 1511 3751 1579 dicetur,
3773 1514 3839 1570 Ve-

2354 1595 2489 1657 nite,
2537 1594 2781 1649 benedicti
2822 1596 2993 1651 Patris
3038 1599 3162 1663 mei,
3211 1601 3450 1671 percipite
3472 1603 3837 1675 regnum(Mattlt.

2359 1694 2499 1751 ην,
2528 1686 2619 1755 54)
2645 1703 2657 1738 :
2688 1693 2744 1741 et
2780 1696 2955 1743 tamen
2995 1697 3241 1759 tanquam
3272 1688 3461 1745 factum
3500 1688 3664 1749 fuisset
3693 1688 3838 1751 dictum

2353 1785 2456 1840 est,
2490 1770 2626 1845 quod
2655 1788 2803 1832 certo
2833 1778 3097 1833 sciebatur
3123 1780 3376 1835 futurum.

2425 1866 2514 1920 5i.
2558 1866 2720 1920 Multo
2750 1869 2924 1923 minus
2964 1869 3260 1923 mirandum
3292 1880 3373 1924 est
3397 1871 3531 1940 quod
3555 1870 3692 1927 etiam
3716 1875 3842 1930 verbis

2356 1955 2632 2023 praesentis
2658 1956 2910 2026 temperis
2939 1973 3066 2013 usus
3094 1970 3175 2014 est
3210 1961 3262 2014 in
3290 1975 3355 2015 eo
3378 1961 3511 2031 quod
3540 1962 3667 2017 illuni
3701 1963 3843 2020 identi-

2354 2047 2474 2103 dem
2514 2048 2710 2104 dixisse
2748 2048 3087 2116 memorasti,
3121 2050 3345 2121 Propter
3370 2056 3504 2123 spem
3528 2096 3540 2119 ,
3568 2072 3667 2127 qua:
3686 2060 3846 2128 reposita
3944 2044 3945 2113 ξ

2354 2149 2425 2193 est
2454 2139 2611 2202 nobis,
2644 2140 2795 2212 quam
2823 2152 2940 2195 ante
2964 2143 3175 2197 audistis
3201 2143 3255 2197 in
3286 2144 3428 2198 uerbo
3452 2142 3650 2199 ueritatis
3676 2146 3844 2214 Evanoc-
3944 2164 3945 2214 ι

2355 2228 2431 2297 lii,
2460 2232 2596 2301 quod
2619 2234 2815 2287 advenit
2839 2236 2890 2288 in
2918 2244 3023 2300 vos,
3052 2238 3182 2290 sicut
3210 2246 3260 2290 et
3281 2237 3332 2290 in
3357 2238 3489 2291 omni
3510 2238 3676 2291 mundo
3697 2252 3751 2293 est
3766 2242 3844 2307 [nt-

2355 2326 2585 2392 ctiﬁcans
2612 2336 2657 2379 et
2688 2343 2909 2380 crescens
2939 2327 3154 2398 (Coloss.
3181 2345 3220 2395 t,
3254 2330 3310 2394 5,
3337 2332 3412 2401 6),
3439 2332 3658 2400 quamvis
3679 2333 3848 2402 Evange-

2358 2415 2483 2467 litun
2544 2416 2777 2471 nondum
2838 2418 3091 2472 mundum
3150 2419 3368 2474 tenebat
3419 2422 3737 2475 universum:
3782 2422 3847 2476 sed

2358 2504 2677 2562 fructiﬁcare
2709 2509 2832 2562 illud
2860 2510 2910 2562 i'n
2942 2508 3189 2565 universo
3213 2510 3413 2565 mundo
3431 2511 3556 2566 dixit
3577 2522 3622 2567 et
3645 2527 3844 2577 crescere,

2356 2598 2414 2650 ut
2460 2598 2527 2649 ita
2566 2598 2883 2667 significaret
2929 2606 3201 2668 quousque
3249 2600 3433 2656 fuisset
3472 2600 3785 2656 fructiﬁcando
3812 2612 3849 2655 et

2357 2688 2645 2743 cres‘ceudo
2674 2700 2975 2745 venturum.
3008 2690 3063 2746 Si
3092 2706 3218 2761 ergo
3264 2691 3394 2747 latet
3437 2692 3633 2762 quando
3675 2693 3848 2747 Ecclesia

2357 2780 2705 2835 fructiﬁcante
2732 2792 2889 2853 atque
2910 2796 3182 2837 crescente
3209 2785 3488 2839 universus
3508 2784 3701 2837 omnino
3717 2799 3741 2836 a
3757 2784 3848 2837 mari

2357 2887 2521 2942 usque
2551 2872 2616 2925 ad
2649 2889 2793 2927 mare
2820 2874 2965 2929 orbis
2993 2874 3334 2943 itnplebitur,
3379 2875 3555 2945 procul
3593 2874 3730 2930 dubio
3762 2873 3851 2929 latet

2357 2964 2568 3033 quando
2594 2964 2711 3018 linis
2738 2968 2871 3031 erit;
2900 2976 3022 3019 ante
3046 2967 3243 3036 quippe
3277 2981 3381 3022 non
3408 2968 3523 3021 erit.
3944 2964 3945 3041 Ῑ

2426 3054 2651 3109 CAPUT
2680 3054 2817 3109 Xlll.
2845 3086 2913 3095 --
2938 3057 3026 3111 52.
3061 3057 3130 3113 Ut
3153 3068 3336 3111 autem
3365 3058 3455 3112 tibi
3480 3066 3700 3127 tanquam
3718 3062 3852 3110 sancto
3944 3088 3945 3131 ξ

2360 3143 2557 3197 homini
2580 3144 2671 3197 Dei
2697 3155 2750 3198 et
2766 3145 3128 3201 sincerissimo
3154 3146 3307 3201 fratri
3332 3149 3556 3216 aperiam
3574 3146 3635 3202 de
3653 3146 3733 3200 hac
3748 3160 3852 3214 qua:-
3944 3140 3945 3187 ἐ

2358 3235 2531 3289 stione
2557 3234 2683 3304 quid
2712 3236 2934 3289 sentiam
2961 3253 2973 3288 :
3002 3252 3156 3291 error
3179 3214 3398 3306 quidem
3426 3238 3479 3293 in
3507 3248 3705 3308 utroque
3724 3238 3851 3291 vitan-
3944 3214 3945 3239 ἒ

2358 3321 2457 3375 dus
2477 3330 2579 3387 est,
2603 3335 2856 3392 quantum
2884 3324 2953 3378 ab
2978 3324 3191 3381 homine
3218 3328 3375 3382 vitari
3405 3337 3600 3399 potest,
3628 3328 3721 3381 sive
3742 3325 3853 3381 citius

2357 3412 2468 3466 sive
2490 3414 2690 3467 tardius
2708 3430 2866 3483 quam
2890 3413 3118 3470 iuturunt
3144 3426 3247 3481 est,
3279 3419 3525 3474 Dominus
3544 3428 3757 3473 venturus
3770 3429 3853 3470 esse

2358 3503 2635 3569 credatur;
2663 3505 2755 3559 sed
2784 3504 2910 3559 mihi
2936 3508 3213 3576 quisquam
3237 3524 3345 3563 non
3366 3510 3565 3564 videtur
3579 3524 3748 3574 errare,
3767 3520 3851 3560 cum

2357 3593 2553 3660 aliquid
2584 3595 2789 3648 nescire
2818 3608 2876 3649 se
2914 3596 3047 3662 scit,
3092 3596 3186 3651 sed
3214 3612 3339 3653 cum
3374 3614 3433 3655 se
3460 3610 3595 3669 putat
3617 3600 3733 3654 scire
3751 3592 3851 3663 quod

2358 3685 2544 3738 nescit.
2575 3684 2963 3741 Removeantus
3001 3688 3178 3757 itaque
3217 3690 3287 3743 de
3320 3693 3490 3745 medio
3527 3705 3710 3746 servum
3747 3688 3851 3743 illum

2358 3774 2574 3842 malum,
2602 3777 2691 3846 qui
2713 3777 2895 3834 dicens
2922 3778 2972 3832 in
2993 3780 3153 3834 corde
3174 3795 3295 3846 suo,
3322 3781 3515 3835 Moram
3540 3781 3647 3852 facit
3669 3778 3854 3832 Dominus

2358 3884 2493 3921 meus
2538 3870 2735 3934 venire,
2790 3870 3089 3927 dominatur
3128 3875 3404 3927 conservis
3444 3875 3579 3938 suis,
3619 3870 3856 3927 ctcbriosis
3944 3892 3945 3895 η

2356 3961 2686 4015 conviwndu
2731 3963 2982 4017 miscetur
3028 3963 3238 4034 (Matt/2.
3275 3982 3439 4031 xxiv,
3474 3966 3569 4028 i8,
3598 3965 3683 4025 49.
3707 3972 3744 4015 ιι
3767 3962 3854 4014 Luc.

2359 4067 2465 4114 xu,
2499 4053 2589 4123 45)
2620 4071 2632 4106 :
2663 4055 2762 4109 iste
2787 4056 2979 4123 quippe
3020 4059 3199 4125 procul
3242 4058 3409 4114 dubio
3454 4059 3643 4113 Domini
3681 4057 3745 4109 sui
3779 4053 3857 4105 odit

2354 4143 2418 4195 ad
2429 4153 2662 4197 ventum.
2686 4145 2802 4212 Quo
2824 4161 2979 4200 servo
2996 4148 3135 4202 malo
3152 4160 3380 4216 remoto,
3408 4147 3753 4204 constituamus
3766 4150 3857 4195 ante

2355 4235 2538 4288 oculos
2568 4246 2674 4291 tres
2703 4251 2887 4291 servos
2913 4236 3079 4292 bonos
3099 4278 3114 4302 ,
3148 4238 3402 4294 familiam
3447 4239 3732 4301 dominicam
3764 4232 3856 4287 dili-

2354 4338 2539 4394 genter
2567 4328 2847 4396 sobrieque
2870 4337 3176 4395 tractantes,
3205 4331 3489 4386 adventum
3519 4314 3700 4386 Domini
3722 4325 3784 4379 sui
3804 4321 3855 4377 si-

2356 4420 2550 4474 tienter
2578 4420 2958 4485 desiderantes,
2988 4420 3263 4490 vigilanter
3291 4432 3661 4491 exsttectantes,
3687 4417 3856 4485 ﬁdeliter

2353 4518 2628 4563 amantes:
2658 4510 2701 4563 si
2735 4524 2872 4565 unus
2899 4526 3081 4565 eorum
3108 4512 3286 4579 cilius,
3335 4514 3469 4569 alter
3507 4511 3685 4567 tardius
3721 4502 3855 4561 Duni-

2357 4614 2482 4652 num
2512 4608 2659 4668 putat
2681 4614 2803 4656 esse
2833 4612 3134 4667 venturum,
3165 4584 3353 4659 tertius
3383 4620 3509 4661 vero
3536 4619 3670 4658 suam
3704 4599 3757 4652 de
3786 4595 3856 4649 hac

2354 4707 2413 4746 re
2444 4692 2792 4761 ignorantiam
2824 4692 3141 4759 conﬁtetur;
3187 4711 3489 4765 quanquam
3527 4707 3693 4757 omnes
3712 4700 3856 4745 conso-

2355 4792 2483 4844 nent
2506 4785 2811 4855 Evangelio,
2839 4785 2964 4855 quia
2977 4801 3172 4854 omnes
3199 4787 3425 4857 diligunt
3450 4783 3854 4843 manifestatiItnem

2353 4874 2580 4935 Domini.
2611 4884 2666 4931 et
2691 4891 2807 4931 eam
2836 4860 3200 4943 desides-auter
3224 4886 3280 4932 et
3297 4879 3568 4947 vigilanter
3590 4875 3852 4943 exspectaui:

2352 4967 2625 5033 videamus
2654 4976 2827 5023 tamen
2854 4970 2976 5039 quis
3004 4970 3231 5043 amplius
3255 4977 3531 5025 consonet.

2422 5059 2509 5115 55.
2544 5058 2691 5115 Unus
2727 5060 2888 5127 dicit,
2922 5060 3210 5132 Vigilemns
3237 5071 3291 5116 et
3317 5076 3563 5126 oremus,
3600 5057 3707 5129 quia
3740 5050 3853 5107 cilius

2352 5157 2605 5205 venturus
2630 5160 2712 5206 est
2742 5150 3031 5206 Dominus:
3062 5152 3198 5208 alter
3225 5153 3372 5221 dicit,
3411 5151 3679 5222 Vigilcmus
3701 5156 3744 5200 et
3762 5155 3853 5196 ore-

2351 5259 2489 5304 mus.
2521 5242 2640 5313 quia
2665 5243 2842 5299 brevis
2867 5246 3144 5311 etincerta
3170 5255 3254 5303 est
3281 5246 3381 5301 ista
3404 5246 3524 5305 vita,
3550 5230 3759 5311 quamvis
3771 5244 3852 5287 tar-

2351 5334 2474 5389 dius
2504 5342 2760 5388 venturus
2801 5334 2872 5388 sit
2904 5334 3195 5391 Dominus:
3229 5334 3414 5390 tertius
3439 5326 3854 5403 dicit,LVigilemtls

2350 5434 2407 5484 et
2427 5440 2663 5493 oremus,
2683 5425 2806 5496 quia
2831 5436 2882 5480 ei
2912 5426 3089 5481 brevis
3109 5435 3165 5481 ct
3192 5426 3388 5481 incerta
3428 5432 3511 5479 est
3546 5423 3638 5477 ista
3678 5419 3789 5477 vita.
3811 5416 3853 5464 οι

2349 5520 2617 5587 nescimus
2678 5528 2887 5587 tempus
2946 5519 3156 5590 quando
3212 5526 3458 5574 venturus
3506 5522 3584 5570 est
3627 5506 3849 5565 Dominus.

2351 5611 2693 5681 Evangelium
2737 5610 2901 5667 dicit:
2937 5608 3138 5675 Videte,
3172 5610 3399 5682 vigilate,
3430 5613 3655 5673 etorate;
3694 5590 3851 5652 nesciui

2350 5706 2481 5760 enim
2510 5706 2709 5774 quando
2750 5714 2943 5775 tempus
2980 5706 3045 5759 sit
3073 5703 3261 5778 (Marc.
3288 5718 3397 5765 xm,
3439 5699 3545 5771 35).
3571 5695 3771 5777 Obsecro
3789 5693 3845 5778 ιετ

2349 5796 2473 5869 quid
2498 5770 2639 5851 aliud
2667 5770 3119 5853 dicere'audimu‘s
3144 5795 3283 5852 hunc
3303 5792 3509 5850 tertium
3531 5830 3547 5859 ,
3573 5774 3711 5859 quam
3736 5770 3847 5851 (1⁸³οά
