3990 6380
650 490 869 555 gerent,
899 478 1144 549 exemplo
1170 477 1408 533 omnium
1437 476 1654 531 fratrum
1685 484 1740 530 et
1770 477 2232 546 consacerdotmn,

647 575 736 645 qui
777 582 900 627 sunt
929 569 1069 641 apud
1094 583 1222 636 vos,
1266 581 1426 639 atque
1456 568 1507 622 id
1535 569 1788 634 retinent,
1837 570 2232 640 quodammodo

647 676 889 722 nortatns
912 678 989 718 88.

721 758 809 814 H.
841 756 945 813 Sed
971 756 1070 811 alia
1099 755 1328 827 quaestio
1352 764 1454 824 est,
1487 756 1576 812 ubi
1607 757 1880 827 quaeritur,
1913 766 2087 813 utrum
2112 774 2232 814 om-

647 851 793 908 nium
814 851 1108 904 animarum
1135 858 1189 904 ct
1207 864 1490 920 corporum
1513 860 1721 914 auctor.
1744 850 2069 923 eliectorque
2093 853 2232 908 Deus

645 946 733 1007 sit,
751 944 893 1015 quod
911 944 1103 999 veritas
1120 942 1300 1008 habet;
1317 959 1388 997 an
1402 941 1600 1013 aliquid
1615 955 1920 998 naturarum
1935 944 2228 1011 exoriatur,

645 1038 787 1110 quod
811 1038 924 1109 ipse
953 1051 1056 1092 non
1090 1035 1267 1102 faciat,
1289 1051 1408 1106 qua:
1435 1035 1615 1106 opinio
1641 1051 1862 1106 prorsus
1889 1036 2087 1091 erroris
2108 1046 2190 1092 est
2213 1054 2227 1092 :

643 1131 745 1184 alia
765 1145 910 1190 vero,
930 1127 1016 1182 ubi
1034 1127 1309 1197 quzeritur,
1325 1137 1500 1180 utrum
1519 1127 1656 1182 Deus
1671 1127 1877 1180 animas
1892 1127 2152 1181 humanos
2164 1143 2228 1182 es

642 1223 953 1293 propagine.
973 1237 1040 1272 an
1062 1219 1179 1274 sine
1201 1219 1487 1289 propagine
1509 1217 1684 1283 faciat,
1708 1233 1838 1288 quas
1857 1228 2029 1272 tamen
2051 1217 2120 1270 ab
2141 1218 2231 1273 illo

642 1314 756 1369 fieri
785 1312 1030 1368 dubitare
1057 1312 1132 1364 fas
1162 1327 1265 1364 non
1303 1320 1404 1365 est.
1439 1309 1494 1364 ln
1536 1327 1638 1380 qua
1667 1310 1962 1381 quaestione
1990 1310 2228 1366 sobrium

639 1415 696 1462 te
719 1420 840 1462 esse
859 1421 921 1459 ac
943 1404 1247 1473 vigilantem
1268 1404 1421 1466 volo;
1454 1418 1551 1458 nec
1570 1403 1648 1458 sic
1667 1403 1962 1457 animarum
1981 1403 2229 1473 propagi-

638 1513 763 1555 nem
790 1496 1059 1560 destrnas,
1082 1505 1140 1550 ut
1165 1495 1408 1550 lucresim
1433 1494 1767 1564 Pelagianam
1790 1495 2031 1549 incautus
2052 1495 2229 1550 incur-

638 1605 749 1646 ras.
775 1588 906 1644 Nam
932 1589 978 1643 si
1006 1589 1357 1641 humanorum
1381 1602 1693 1657 corporum,
1716 1602 1942 1657 quorum
1966 1603 2226 1658 propaga~

639 1682 716 1736 tio
742 1690 824 1736 est
849 1680 1097 1736 omnibus
1127 1689 1272 1741 nota,
1304 1678 1530 1732 dicimus
1561 1688 1737 1732 tamen
1769 1679 1932 1732 Deum
1954 1720 1970 1739 ,
1999 1694 2230 1749 vereque

640 1773 887 1838 dicimus,
914 1789 1017 1827 non
1041 1771 1180 1825 illius
1199 1779 1402 1824 tantum
1426 1771 1579 1841 primi
1601 1769 1852 1835 hominis,
1874 1771 2229 1841 conjngumve

641 1865 970 1936 primorum,
1014 1862 1106 1917 sed
1134 1863 1369 1916 omnium
1412 1877 1480 1915 ex
1534 1862 1634 1915 illis
1663 1872 2069 1931 propagatorum
2109 1877 2229 1917 esse

638 1965 963 2018 creatoren'i;
1015 1963 1140 2024 puto
1183 1953 1337 2008 facile
1383 1953 1604 2022 inteligi
1648 1968 1770 2018 eos,
1814 1953 1901 2022 qui
1931 1954 2226 2009 animarum

637 2046 928 2100 defendunt
957 2045 1329 2115 propaginem,
1365 2059 1466 2097 non
1507 2059 1570 2097 cx
1607 2045 1706 2097 hnc
1749 2058 1846 2097 nos
1871 2043 2067 2098 habere
2093 2046 2228 2100 velle

638 2137 936 2200 destruere,
960 2135 1174 2205 quando
1198 2135 1338 2188 Deus
1363 2135 1568 2188 animas
1595 2132 1740 2198 facit,
1773 2151 1893 2189 cum
1921 2143 1976 2189 et
2002 2151 2226 2206 corpora

639 2225 766 2282 facit
785 2267 800 2288 ,
845 2242 964 2296 qua».
1006 2224 1073 2279 de
1104 2226 1390 2295 propagine
1418 2224 1528 2277 fieri
1558 2239 1750 2294 negare
1782 2240 1888 2278 non
1917 2240 2224 2294 possumus;

639 2318 733 2374 sed
771 2318 873 2372 alia
910 2317 1227 2371 documenta
1254 2331 1372 2370 esse
1413 2315 1732 2385 quasrenda,
1779 2316 1971 2386 quibus
2015 2316 2098 2382 hi,
2138 2317 2228 2388 qui

639 2412 876 2466 sentiunt
905 2411 1180 2480 propagari
1205 2409 1408 2464 animas
1430 2451 1445 2473 ,
1478 2409 1817 2477 repellantur,
1853 2411 1896 2464 si
1926 2425 2020 2464 eos
2045 2426 2228 2467 errare

638 2503 838 2558 veritas
865 2503 1134 2571 loquitur:
1166 2500 1233 2556 de
1251 2517 1356 2571 qua
1385 2518 1442 2555 re
1471 2501 1544 2555 illi
1575 2502 1740 2570 magis
1768 2501 2006 2565 fuerant,
2038 2505 2081 2556 si
2115 2504 2226 2558 fieri

639 2604 840 2665 posset,
869 2593 1244 2662 interrogandi,
1271 2601 1484 2662 propter
1508 2609 1732 2662 qnormn
1761 2592 2008 2661 injuriam
2036 2593 2228 2648 defun-

638 2695 875 2749 ctorum,
921 2685 1054 2740 sicut
1082 2685 1271 2740 scribis
1301 2684 1352 2738 in
1383 2685 1603 2753 cpismla
1623 2725 1638 2749 ,
1684 2701 1845 2754 quam
1890 2685 2017 2739 mihi
2047 2696 2225 2755 postc-

639 2778 836 2835 riorem
868 2778 1054 2832 misisti
1093 2777 1146 2830 in
1182 2777 1436 2830 meliorem
1466 2787 1660 2845 partem
1698 2786 1980 2830 convertere
2003 2777 2228 2833 homines

640 2872 972 2944 formidabas.
1005 2870 1115 2924 Hos
1140 2871 1282 2924 enim
1305 2870 1589 2938 defunctos,
1618 2868 1742 2922 tales
1768 2879 2029 2937 tantosque
2053 2884 2098 2924 et
2125 2880 2228 2924 tam

639 2965 813 3019 doctos
842 2964 1100 3034 epist-epos
1129 2962 1285 3032 fuisse
1307 2961 1486 3015 dixisti
1507 3001 1521 3020 ,
1552 2970 1604 3013 ut
1629 2977 1798 3014 eorum
1825 2961 2119 3014 traditiones
2158 2961 2228 3015 ti-

641 3073 799 3112 meres
828 3057 1003 3111 doctor
1028 3055 1252 3110 norellus
1273 3055 1513 3123 rndisque
1532 3071 1854 3124 corrumpere
1879 3054 2020 3108 retle.
2047 3054 2228 3126 Itaque

640 3149 688 3204 si
709 3150 847 3203 scire
875 3164 1110 3219 possem,
1137 3147 1286 3209 tales,
1318 3162 1382 3200 ac
1408 3147 1558 3207 tanti,
1583 3157 1631 3201 et
1661 3155 1765 3200 tam
1787 3145 1927 3200 docti
1955 3147 2049 3200 viri
2073 3147 2227 3202 istam

641 3239 708 3295 de
753 3239 1047 3294 animarum
1089 3239 1463 3308 propagatione
1497 3239 1845 3302 scuten'iam,
1877 3238 2072 3308 quibus
2097 3239 2182 3293 vel
2205 3241 2224 3271 ⁸

641 3330 960 3386 testimoniis
1004 3328 1355 3383 asserebant:
1397 3344 1554 3398 quam
1597 3339 1771 3382 tamen
1823 3329 1874 3383 in
1925 3329 2116 3384 litteris
2157 3329 2226 3384 ad

643 3422 1015 3478 Caesareenses
1042 3419 1180 3472 datis
1199 3459 1213 3480 ,
1261 3419 1470 3473 illorum
1497 3419 1864 3473 auctoritatem
1896 3435 2227 3489 nequaquam

641 3512 954 3582 respiciens,
972 3510 1305 3563 inventionem
1327 3524 1506 3562 novam
1531 3519 1578 3562 et
1600 3510 1883 3562 inauditum
1902 3509 2086 3579 dogma
2109 3526 2229 3566 esse

643 3603 857 3666 dixisti;
911 3618 1030 3656 cum
1081 3601 1338 3670 profecto,
1386 3601 1485 3654 etsi
1535 3616 1687 3655 error
1731 3611 1851 3663 est,
1906 3617 2097 3655 novum
2146 3611 2227 3655 ta-

644 3711 767 3751 men
797 3709 918 3750 eum
947 3709 1050 3748 non
1081 3707 1202 3748 esse
1232 3692 1566 3757 noverimus,
1597 3692 1692 3748 sed
1725 3702 1987 3748 vetustum
2015 3702 2069 3748 et
2093 3693 2232 3748 anti-

644 3800 808 3856 quum
839 3783 936 3856 (a).

715 3873 942 3932 CAPUT
981 3872 1091 3928 VII.
1129 3903 1199 3915 --
1240 3873 1327 3928 i5.
1387 3871 1612 3938 Quando
1665 3882 1842 3927 autem
1899 3889 1999 3928 nos
2040 3875 2231 3945 aliqua:

645 3981 823 4022 causa:
872 3965 924 4020 in
961 3963 1137 4032 aliqua
1184 3961 1480 4034 quaestione
1526 3977 1630 4015 non
1681 3962 1947 4017 immerito
1989 3963 2232 4020 dubitare

644 4057 994 4130 compellunt,
1026 4072 1130 4111 non
1169 4055 1331 4110 etiam
1355 4052 1482 4110 hinc
1504 4053 1748 4109 dubitare
1771 4055 2027 4110 debemus
2055 4066 2230 4112 utrum

645 4150 886 4206 dubitare
909 4149 1219 4204 debeamus.
1262 4146 1339 4202 De
1360 4145 1540 4201 dubiis
1567 4144 1761 4216 quippe
1799 4147 1960 4201 rebus
1988 4147 2103 4202 sine
2130 4148 2230 4201 du-

649 4242 904 4297 bitatione
931 4239 1278 4294 dubitandum
1304 4247 1409 4293 est.
1440 4235 1604 4293 Vides
1627 4237 2072 4307 quetnadn‘imlnm
2103 4242 2233 4308 Apo-

649 4334 818 4389 stolus
841 4333 907 4386 de
935 4348 992 4386 se
1022 4333 1136 4400 ipso
1177 4330 1419 4385 dubitare
1447 4346 1552 4386 non
1600 4329 1805 4383 dubitet
1833 4331 1905 4398 (ὁ)
1923 4371 1937 4389 .
1987 4340 2152 4384 utrum
2181 4331 2234 4385 in

650 4439 878 4494 corpore,
902 4439 967 4475 an
987 4433 1126 4475 extra
1155 4437 1340 4488 corpus
1361 4431 1544 4492 raptus
1567 4419 1635 4474 sit
1661 4421 1711 4472 in
1754 4421 1964 4473 tertium
2007 4420 2230 4484 malum;

652 4517 765 4571 sive
787 4514 908 4579 hoc,
934 4514 1046 4566 sive
1072 4511 1219 4572 illtnl,
1243 4512 1430 4572 nescio,
1456 4510 1588 4564 Dens
1608 4509 1701 4564 scit
1722 4507 1788 4573 (ll
1814 4511 1929 4563 Cor.
1957 4526 2054 4574 xu,
2076 4510 2129 4574 2,
2151 4511 2230 4581 3).

651 4606 762 4662 Cur
786 4619 914 4675 ergo
945 4603 1095 4667 mihi,
1123 4600 1373 4671 quamdiu
1403 4600 1603 4663 nescio,
1629 4599 1873 4654 dubitare
1911 4617 2012 4654 non
2046 4600 2232 4665 liceat,

655 4709 832 4754 utrum
858 4695 1032 4750 anima
1065 4711 1180 4748 mea
1227 4692 1278 4746 in
1325 4692 1478 4746 istam
1523 4691 1682 4745 vitam
1729 4706 1794 4746 cx
1840 4694 2124 4762 propagine
2167 4711 2233 4750 an

654 4790 770 4844 sine
811 4785 1103 4860 propagine
1142 4783 1375 4845 venerit;
1422 4796 1544 4836 cum
1595 4796 1656 4836 ea
1706 4782 1958 4837 utrolibet
2006 4785 2163 4838 modo
2203 4803 2234 4841 a

654 4899 867 4942 summo
894 4892 948 4937 et
976 4896 1104 4936 vero
1134 4879 1243 4934 Deo
1286 4879 1472 4933 factam
1503 4891 1624 4932 esse
1667 4891 1773 4932 non
1810 4876 2088 4933 dubitem?
2129 4879 2236 4934 Cur

658 4973 788 5029 Inibi
818 4972 898 5026 fas
923 4988 1028 5027 non
1051 4971 1120 5026 sit
1149 4969 1327 5024 dicere
1355 4987 1367 5024 :
1395 4969 1518 5023 Scio
1543 4969 1774 5022 animam
1797 4984 1970 5024 meam
1992 4985 2057 5024 ex
2077 4985 2237 5039 opt-re

659 5063 756 5121 Dei
781 5064 1090 5129 subsistere,
1118 5069 1174 5115 ct
1201 5076 1417 5131 prorsus
1445 5075 1578 5128 opus
1609 5058 1700 5113 Dei
1725 5074 1878 5124 esse;
1905 5063 2018 5114 sive
2038 5076 2104 5114 cx
2126 5076 2239 5129 pro-

659 5155 849 5229 pagine
872 5155 1008 5208 sicut
1034 5168 1257 5222 corpus,
1285 5153 1399 5208 sive
1433 5159 1579 5206 extra
1613 5151 1949 5219 propaginem
1986 5152 2123 5205 sicut
2153 5153 2237 5206 illa

659 5263 782 5322 qua:
806 5250 980 5319 primo
1007 5244 1207 5299 homini
1236 5245 1357 5299 data
1387 5254 1489 5309 est,
1517 5243 1703 5307 nescio,
1735 5241 1870 5296 Deus
1897 5244 1988 5296 scit
2007 5244 2030 5297 ?
2052 5242 2237 5300 Utrum

725 5385 743 5418 ⁸
778 5380 952 5433 inadd.
989 5381 1222 5430 omittitur
1259 5378 1348 5438 vel,
1373 5380 1508 5441 quasi
1535 5376 1770 5441 abundet.
1799 5383 1938 5428 Forte
1977 5376 2241 5441 legendum

661 5453 770 5499 erat
786 5481 802 5506 ,
826 5442 1060 5508 quaiibus,
1081 5441 1302 5508 quibusve
1312 5440 1584 5492 testimoniis
1598 5454 1614 5499 ;
1637 5447 1719 5508 aut
1731 5442 1918 5508 potius,
1932 5452 2026 5502 qua
2040 5440 2236 5508 ratione,

659 5500 887 5574 minusne
925 5500 1215 5574 testimoniis.
1241 5505 1314 5574 sic
1335 5516 1480 5574 supra
1512 5502 1709 5574 num._t_s,
1731 5500 1829 5572 litt...
1846 5509 1915 5562 (1.,
1939 5500 2037 5565 qua
2061 5500 2241 5555 ratione

661 5561 886 5634 quibusve
909 5567 1181 5618 dirinarum
1205 5561 1559 5628 scripturarum
1576 5561 1870 5613 testimoniis.

723 5651 797 5714 (α)
822 5649 1139 5714 Tertulliattus
1162 5650 1356 5714 passim,
1381 5656 1432 5698 et
1454 5654 1665 5714 tremens
1685 5653 1848 5695 contra
1872 5647 1990 5694 later.
2015 5644 2100 5695 lib.
2125 5645 2173 5707 Ξ,
2195 5659 2240 5697 c.

660 5708 744 5772 31,
767 5708 943 5762 docent
964 5713 1147 5761 animas
1162 5708 1229 5760 'ex
1253 5713 1450 5772 traduce
1473 5708 1594 5772 lieri.

726 5768 801 5888 (113
822 5773 998 5822 Eadem
1017 5779 1099 5822 aut
1118 5773 1290 5822 similia
1312 5769 1517 5822 inculcat
1542 5770 1606 5819 de
1626 5770 1823 5832 origine
1858 5769 2029 5820 anima
2045 5804 2060 5831 ,
2086 5768 2170 5822 lib.
2197 5770 2242 5821 ι.

664 5845 710 5891 ς.
737 5845 813 5888 15.

1867 362 1926 421 S.
1967 361 2335 423 AUGUSTINI
2374 363 2674 424 EPISCOPI

2343 481 2533 573 horum
2565 486 2644 537 vis
2669 491 2728 538 ut
2754 483 3096 540 confirmem.
3129 484 3367 554 Possem.
3405 506 3447 548 si
3478 510 3674 556 nossem.
3705 505 3817 573 Quod

2341 571 2384 624 si
2409 571 2521 668 ipse
2563 575 2736 636 nosti,
2764 592 2830 668 en
2860 574 3026 631 habes
3065 592 3152 632 me
3179 581 3484 650 cupidiorem
3522 587 3694 648 discere

2342 664 2543 730 nescio,
2574 681 2733 735 quam
2759 665 2952 721 docere
2979 669 3123 738 quod
3153 671 3261 725 scio
3298 673 3388 744 (ιι).
3415 676 3466 730 Si
3492 689 3642 736 autem
3666 664 3818 757 nescis,

2338 756 2476 811 sicut
2503 773 2624 828 ego,
2655 774 2748 813 ora
2771 759 2911 814 sicut
2933 775 3052 832 ego,
3083 770 3144 817 ut
3160 761 3269 818 sive
3292 780 3380 834 per
3397 756 3821 838 quemlibrtsenuni

2337 863 2492 904 suum
2520 849 2618 919 (ὁ).
2642 850 2753 906 sive
2781 866 2872 920 per
2898 866 2957 908 se
2986 851 3159 921 ipsum
3190 853 3428 924 Magister
3453 860 3532 914 ille
3556 878 3638 918 nos
3667 866 3820 936 doceat,

2338 941 2427 1011 qui
2456 941 2588 996 dixit
2619 942 2895 1014 discipulis
2935 945 3079 1000 suis:
3111 945 3194 1000 Ne
3227 949 3382 1003 colitis
3421 951 3513 1005 diri
3533 956 3588 1007 ab
3612 955 3824 1018 Ιιοιιιὶηίδιιι

2337 1033 2479 1088 rabbi
2495 1051 2515 1098 ;
2549 1051 2680 1089 unus
2705 1045 2779 1091 est
2805 1037 2938 1091 enim
2964 1039 3202 1109 magister
3236 1051 3386 1096 vester
3419 1041 3625 1100 Christus
3657 1048 3822 1121 (Matth.

2341 1140 2500 1191 xxut,
2530 1127 2585 1197 8)
2611 1144 2623 1179 :
2656 1128 2699 1182 si
2732 1137 2909 1185 tamen
2936 1131 3034 1184 scit
3059 1131 3308 1202 expedire
3337 1135 3499 1202 nobis,
3521 1147 3571 1190 ut
3591 1141 3722 1196 etiam
3737 1147 3824 1201 talia

2338 1218 2647 1273 noverinms
2666 1261 2681 1284 ,
2708 1221 2798 1289 qui
2839 1221 2985 1275 novit
3018 1237 3124 1275 non
3147 1224 3318 1278 solum
3344 1226 3462 1295 quid
3483 1227 3673 1299 doceat,
3694 1249 3825 1293 verum

2336 1308 2497 1362 etiam
2525 1310 2652 1380 quid
2682 1311 2836 1366 nobis
2864 1311 3044 1367 dicere
3064 1315 3327 1382 expediat.

2410 1401 2498 1455 16.
2545 1401 2676 1457 Nam
2742 1404 3003 1459 conﬁteor
3068 1404 3342 1461 Dilectioui
3407 1417 3504 1464 tua:
3561 1414 3825 1483 cupiditatem

2336 1507 2531 1548 meam.
2564 1494 2733 1564 Cupio
2759 1495 2972 1566 quidem
3008 1504 3063 1549 et
3092 1497 3193 1551 hoc
3214 1499 3372 1562 scire,
3401 1501 3530 1570 quod
3559 1508 3744 1573 quur-ris;
3763 1511 3826 1565 sed

2337 1583 2506 1636 multo
2537 1587 2704 1654 magis
2728 1601 2978 1656 cuperem
3017 1588 3188 1653 scire,
3234 1589 3280 1643 si
3322 1592 3428 1645 tieri
3468 1602 3828 1669 passet,quantlo

2337 1687 2688 1744 pricsentetur
2729 1680 2804 1750 (c)
2851 1679 3188 1736 Desideratus
3239 1683 3480 1739 omnibus
3523 1690 3754 1756 gentibus,
3791 1704 3828 1748 et

2335 1767 2549 1838 quando
2581 1784 2802 1839 regnum
2834 1770 3068 1826 futurum
3114 1773 3183 1826 sit
3223 1783 3517 1831 sanctorum
3536 1820 3548 1842 ,
3576 1796 3709 1849 quam
3734 1784 3829 1839 unde

2337 1861 2389 1914 in
2422 1862 2557 1915 hanc
2594 1871 2788 1917 terram
2821 1864 3005 1920 venire
3029 1865 3288 1934 «cperim
3313 1884 3325 1920 :
3356 1877 3408 1922 et
3431 1879 3590 1925 tamen
3615 1872 3716 1926 illud
3747 1889 3830 1931 cum

2334 1953 2403 2006 ab
2432 1953 2541 2019 illo,
2568 1954 2656 2023 qui
2686 1955 2787 2008 scit
2815 1956 3014 2019 omnia,
3043 1956 3288 2027 discipuli
3318 1961 3432 2025 sui,
3461 1967 3610 2016 nostri
3635 1966 3829 2034 Apostoli,

2333 2055 2655 2114 quaererent,
2703 2061 3018 2117 responsum
3058 2061 3414 2118 acceperunt:
3447 2050 3560 2106 Non
3593 2065 3654 2107 est
3678 2066 3832 2110 vestrm

2335 2152 2480 2189 nosse
2503 2146 2716 2204 tempus,
2746 2147 2831 2190 ant
2852 2147 3103 2209 tempora,
3129 2157 3246 2211 qua
3289 2140 3421 2195 Dens
3442 2144 3593 2210 posuit
3616 2146 3659 2198 in
3683 2163 3754 2199 sua
3769 2164 3832 2216 po-

2334 2235 2509 2280 testate
2536 2226 2671 2296 (Art.
2702 2244 2739 2291 ι,
2769 2227 2877 2300 Π).
2924 2229 3060 2296 Quid
3087 2229 3132 2284 si
3159 2239 3216 2284 et
3256 2233 3355 2286 hoc
3380 2233 3475 2286 scit
3502 2235 3596 2302 (ti),
3636 2251 3720 2289 non
3750 2252 3832 2292 esse

2336 2327 2574 2371 nostrum
2613 2318 2770 2382 scire,
2801 2317 2890 2389 qui
2921 2318 3162 2390 profecto
3187 2321 3325 2384 scit,
3355 2324 3474 2393 quid
3512 2326 3649 2380 nobis
3669 2327 3724 2380 sit
3746 2328 3833 2382 utile

2333 2409 2504 2462 scire?
2533 2408 2599 2463 Et
2625 2409 2754 2464 illud
2775 2410 2989 2480 quidem
3017 2428 3110 2482 per
3132 2412 3282 2467 illum
3312 2415 3441 2474 scio,
3473 2431 3568 2468 non
3590 2431 3692 2471 esse
3714 2419 3832 2471 nostri

2333 2500 2470 2554 scire
2518 2508 2756 2569 tempora
2796 2517 2917 2571 qua:
2962 2502 3121 2557 Pater
3167 2505 3346 2573 posuit
3404 2504 3453 2558 in
3494 2523 3579 2560 sua
3621 2518 3832 2576 potestate.

2334 2589 2522 2646 Utrum
2551 2603 2730 2647 autem
2787 2592 3048 2662 originem
3095 2595 3394 2649 animarum
3420 2637 3436 2661 ,
3477 2612 3620 2666 quam
3661 2597 3834 2652 nondum

2332 2683 2464 2748 scio,
2494 2695 2732 2738 nostrum
2761 2684 2832 2738 sit
2860 2686 3028 2750 scire,
3075 2685 3123 2738 id
3153 2696 3239 2741 est
3260 2727 3277 2750 ,
3321 2689 3570 2756 pertineat
3606 2687 3663 2742 ad
3699 2703 3773 2742 nos
3800 2688 3835 2742 id

2333 2775 2500 2838 scire,
2529 2791 2627 2829 nec
2657 2777 2757 2830 hoc
2784 2777 3001 2846 quidem
3044 2777 3175 2832 scio.
3223 2777 3354 2833 Nam
3391 2780 3434 2832 si
3467 2781 3635 2835 saltem
3662 2780 3744 2834 hoc
3763 2780 3828 2833 sci

2333 2881 2444 2921 rem
2465 2908 2480 2930 ,
2513 2868 2654 2938 quod
2677 2878 2914 2922 nostrum
2945 2885 3050 2924 non
3077 2871 3147 2924 sit
3174 2871 3225 2924 id
3255 2873 3410 2932 scire,
3435 2888 3534 2926 non
3563 2874 3708 2928 solum
3732 2871 3816 2926 alin

2335 2974 2483 3013 mare
2528 2959 2779 3029 quamdiu
2826 2962 3038 3025 nescio,
3090 2978 3277 3018 verum
3320 2966 3476 3020 etiam
3525 2981 3731 3033 quarrerc
3761 2967 3835 3032 jam

2333 3049 2666 3108 desisterem.
2716 3053 2868 3108 Nunc
2895 3064 3094 3119 autent,
3126 3059 3371 3127 quamvis
3401 3068 3503 3113 tam
3529 3060 3592 3113 sit
3621 3059 3836 3113 obscurum

2333 3158 2396 3197 ac
2427 3144 2764 3212 profundmu,
2799 3154 2857 3199 ut
2887 3146 3003 3214 plus
3030 3147 3136 3201 illic
3161 3147 3389 3204 docendi
3419 3165 3620 3204 caveam
3646 3149 3839 3206 ιειιιιιιιίιιι

2334 3244 2441 3290 tem
2467 3276 2484 3302 ,
2532 3252 2689 3306 quam
2744 3236 2979 3292 discendi
3038 3237 3265 3294 habeant
3315 3241 3666 3310 cupiditatem;
3712 3250 3836 3293 tamen

2334 3329 2494 3382 etiam
2527 3328 2627 3382 hoc
2653 3327 2772 3381 volo
2799 3329 2955 3388 scire,
2999 3328 3044 3382 si
3072 3344 3314 3398 possum.
3359 3331 3424 3385 Et
3451 3332 3564 3386 licet
3599 3331 3736 3384 nmlto
3757 3345 3836 3382 amo

2335 3420 2472 3490 plius
2499 3421 2568 3473 sit
2593 3420 2988 3483 necessarium,
3017 3423 3157 3491 quod
3201 3422 3274 3476 ait
3323 3424 3408 3478 ille
3448 3433 3670 3485 sanctus,
3699 3419 3839 3474 Notum

2336 3511 2461 3564 mihi
2479 3511 2579 3580 fac,
2609 3509 2843 3573 Domine,
2873 3512 3024 3579 linem
3049 3528 3214 3564 meum
3241 3512 3409 3583 (Psal.
3437 3529 3650 3571 xxxvttt.
3668 3511 3728 3585 5),
3749 3513 3838 3581 (non

2333 3603 2475 3658 enim
2506 3603 2600 3666 ait,
2631 3604 2836 3657 initium
2866 3604 3064 3673 metuo)
3094 3605 3162 3674 (ε)
3198 3605 3344 3676 quod
3382 3607 3447 3660 ad
3476 3609 3616 3663 istam
3651 3603 3838 3676 questio-

2335 3710 2457 3750 nem
2484 3695 2691 3758 attinet,
2724 3709 2808 3749 me
2840 3694 3044 3749 lateret.

2406 3786 2630 3843 CAPUT
2667 3785 2804 3841 Vlll.
2832 3815 2903 3827 -—
2929 3786 3015 3842 l7.
3049 3785 3245 3842 Verum
3283 3787 3354 3843 de
3395 3789 3506 3858 ipso
3535 3783 3842 3859 quoqueinitio

2336 3893 2458 3934 meo
2490 3880 2724 3949 ingratus
2752 3877 2960 3932 Doctori
3005 3893 3125 3933 meo
3164 3896 3272 3935 non
3316 3897 3465 3945 sum,
3508 3880 3635 3951 quod
3670 3878 3840 3932 animam

2338 3970 2621 4024 humanam
2652 3970 2898 4039 spiritum
2922 3985 3043 4023 esse
3070 3987 3174 4025 non
3202 3988 3421 4043 corpus.
3447 3986 3651 4041 eamque
3668 3971 3842 4023 rationa-

2337 4062 2520 4127 bilem,
2554 4062 2635 4115 vel
2668 4061 3078 4116 intellectualem
3109 4062 3252 4125 scio;
3286 4078 3385 4118 nec
3421 4079 3534 4118 eam
3561 4063 3640 4116 Dei
3663 4075 3758 4116 este
3778 4071 3843 4110 na-

2339 4163 2532 4219 turam,
2555 4153 2648 4208 sed
2669 4153 2842 4223 potius
2857 4164 3154 4208 creaturam
3175 4155 3511 4226 aliquatenus
3527 4153 3760 4209 mortalem
3777 4149 3839 4216 (ll.

2339 4247 2391 4300 in
2423 4255 2678 4315 quantum
2708 4245 2759 4299 in
2787 4245 3020 4300 deterius
3046 4247 3387 4314 commutari,
3415 4259 3466 4301 et
3493 4266 3519 4298 a
3547 4247 3638 4299 vita
3661 4243 3760 4304 Dei,
3778 4254 3844 4294 cu-

2334 4337 2422 4406 jus
2451 4338 2852 4409 participatione
2880 4337 3031 4392 beata
3054 4339 3143 4401 sit,
3170 4339 3258 4392 alii
3279 4341 3393 4394 nari
3421 4351 3583 4406 ptnest
3602 4355 3614 4398 ;
3635 4335 3843 4402 t-taliqna-

2340 4435 2495 4481 tenus
2539 4427 2927 4490 inunortalem,
2977 4427 3228 4496 quoniam
3275 4445 3521 4492 sensum,
3554 4442 3648 4498 quo
3683 4424 3720 4478 ei
3759 4427 3844 4490 post

2341 4520 2476 4574 hanc
2501 4522 2660 4573 vitam
2692 4521 2770 4575 vel
2819 4521 2954 4575 bene
2991 4521 3073 4574 vel
3117 4521 3258 4576 male
3289 4523 3389 4586 sit,
3419 4522 3644 4574 alnitlere
3675 4530 3756 4570 non
3779 4524 3846 4579 p0-

2341 4621 2462 4665 test.
2508 4610 2631 4664 Scio
2669 4611 2826 4664 etiam
2866 4627 2970 4664 non
3007 4625 3124 4664 eam
3171 4625 3270 4680 pro
3311 4612 3515 4664 aclilnu
3550 4619 3660 4662 ante
3685 4614 3843 4658 carnem

2341 4702 2499 4772 gestis
2529 4701 2722 4756 includi
2750 4702 2802 4754 in
2833 4718 2994 4755 carne
3024 4703 3313 4763 meruisse;
3341 4703 3432 4756 sed
3455 4717 3548 4756 nec
3574 4701 3678 4753 ideo
3693 4709 3785 4750 esse
3803 4692 3840 4743 ίῑι

2344 4793 2556 4847 homine
2582 4793 2696 4847 sine
2719 4793 2877 4846 sorde
2906 4793 3108 4863 peccati
3132 4835 3147 4858 ,
3172 4795 3267 4847 etsi
3295 4795 3442 4847 unius
3471 4793 3584 4855 diei,
3612 4791 3724 4844 sicut
3746 4783 3847 4838 scri-

2406 4969 2479 5030 (a)
2503 4967 2633 5030 Idem
2656 4973 2862 5030 testatur
2895 4967 3037 5030 epist.
3065 4967 3172 5026 148,
3198 4981 3247 5017 ιι.
3274 4967 3332 5030 4;
3359 4967 3499 5030 epist.
3525 4967 3629 5026 l57,
3650 4978 3692 5014 ιι.
3719 4955 3848 5017 ιιὶἀθ

2343 5028 2469 5079 Gen.
2488 5030 2546 5078 ad
2572 5029 2663 5077 litt.
2692 5028 2775 5078 lib.
2804 5028 2874 5086 l2.
2893 5028 2938 5078 ci
2963 5029 3036 5088 18,
3062 5043 3108 5078 ιι.
3133 5030 3209 5079 39.

2431 5091 2479 5153 ὁ)
2507 5102 2526 5138 ,α
2537 5091 2586 5139 di
2611 5089 2692 5138 lib.
2712 5098 2879 5139 contra
2904 5089 3293 5149 Priscillianistas,
3314 5103 3443 5139 num.
3466 5088 3551 5153 ult.

2429 5144 2476 5214 ci
2492 5154 2768 5215 Legeudum
2790 5159 2910 5215 orte
2934 5144 3290 5214 pra’sentiemr.
3304 5153 3376 5201 sic
3391 5151 3592 5215 confess.
3611 5147 3683 5196 lib.
3701 5144 3759 5215 ll._
3771 5151 3849 5215 ςξιρο

2349 5211 2440 5264 18⁷ς
2459 5211 2492 5259 ἰι
2516 5211 2676 5263 Uti-um
2698 5211 2868 5261 similis
2889 5211 2952 5262 sit
2972 5227 3113 5263 causa
3139 5215 3282 5264 etiam
3307 5212 3689 5275 pmdiceudorum
3709 5213 3850 5275 tutum-

2353 5295 2376 5322 α
2391 5288 2517 5334 rum,
2541 5284 2595 5324 ut
2616 5288 2815 5331 rerum,
2841 5287 2950 5337 qua:
2973 5276 3180 5325 nondum
3212 5271 3325 5324 sunt
3341 5307 3357 5332 ,
3377 5276 3472 5333 jam
3496 5273 3734 5322 existentes
3761 5271 3851 5337 μἰςτ

2354 5357 2376 5382 ι
2393 5326 2665 5386 sentiantur
2688 5326 2951 5398 imagiu'es;
2988 5338 3216 5386 conﬁteor
3232 5370 3248 5390 .
3273 5326 3402 5384 υυὶιὲ
3423 5348 3557 5383 meus
3572 5368 3587 5390 ο
3609 5341 3760 5379 "€500-
3777 5339 3792 5365 ‘

2347 5412 2457 5462 mox
2485 5413 2496 5446 :
2530 5417 2551 5442 ι
2574 5396 2941 5462 quoquo—modo
2975 5412 3033 5448 sc
3064 5410 3224 5462 itaque
3259 5399 3430 5462 habeat
3453 5406 3614 5462 arcana
3646 5396 3852 5462 ιῐξξιξῇω

2357 5480 2378 5506 ι
2396 5451 2802 5518 futuroruin.'etc.
2837 5459 2920 5508 l‘bi
2943 5469 3086 5509 antea
3108 5451 3334 5521 abrupte
3367 5458 3610 5520 legebatur
3627 5451 3852 5521 mw

2357 5540 2380 5568 ι
2397 5529 2474 5572 tnr
2499 5535 2582 5579 ιιι-ιι
2606 5523 2991 5584 μιωεεηιιιιπιιιν,
3016 5529 3067 5571 et
3089 5518 3340 5584 pra-sentio
3363 5518 3446 5584 pro
3466 5518 3790 5584 pascituqu

2350 5574 2732 5694 Πέάλῖἑιιιξὲίιξὲι
2755 5574 3074 5692 ιξυεειίοιιειιι
3087 5574 3248 5632 inovct
3266 5581 3331 5630 de
3348 5574 3504 5630 .iniaia
3517 5585 3564 5627 et
3584 5576 3676 5638 eius
3687 5574 3853 5629 triginta

2370 5656 2435 5695 to.
2465 5656 2510 5703 4,
2535 5658 2578 5694 c.
2607 5656 2663 5703 ιι,
2689 5656 2738 5692 ιι.
2763 5656 2811 5692 5.

2413 5707 2483 5768 (c)
2507 5705 2782 5768 tegendum
2806 5704 2949 5764 forte,
2971 5704 3141 5756 nollem
3159 5705 3307 5768 quod,
3333 5711 3427 5768 etc.

2413 5751 2497 5830 (Υ)
2510 5751 3431 5830 ἆῖὁέιῖιῖιίἰιζξίἱιιίιξιὲὲίὲέιῦὦᾴὰι,
3452 5777 3498 5812 ιι.
3519 5762 3569 5824 t;
3584 5767 3631 5810 et
3647 5757 3720 5806 lib.
3735 5751 3760 5801 2
3771 5757 3856 5800 σοι·

2353 5827 2430 5882 ιη’
2449 5827 2668 5880 Mavimin
2692 5862 2708 5889 ,
2726 5841 2769 5878 c.
2800 5827 2873 5886 l2.
2899 5844 2948 5878 ιι.
2967 5827 3014 5879 9.

3917 95 3933 412 ἡ

3925 413 3933 570 l

3927 949 3934 976 l

3927 3183 3944 3256 if

3937 3291 3946 3334 l

3939 3397 3946 3472 ξ

3939 3335 3949 3380 ι
