3990 6392
150 461 241 522 937
1253 439 1731 501 EPISTOLARUM
1795 437 2074 498 CLASSIS
2111 441 2178 498 111
2186 486 2199 501 .

150 592 279 654 ptum
303 580 398 636 est.
430 568 576 644 fuerit
597 567 697 624 vita
719 567 825 637 ejus
849 580 999 635 super
1022 571 1203 617 terram
1238 557 1357 654 (dab
1390 572 1500 616 xw.
1528 557 1691 654 5,_sc—

152 646 347 725 cundum
372 660 555 732 LXX).
585 662 663 714 Ac
691 673 775 728 per
817 656 919 710 hoc
944 655 1055 708 scio
1083 669 1149 706 ex
1182 650 1348 705 Adam
1377 664 1475 719 per
1508 646 1698 700 seriem

150 755 481 834 generationis
518 751 636 805 sine
674 757 892 819 peccato
938 745 1205 801 neminem
1250 742 1426 805 nasci;
1471 737 1613 793 unde
1646 744 1703 834 et

150 826 355 923 parvulis
377 840 730 899 necessarium
755 845 836 893 est
858 853 951 907 per
970 834 1191 907 gratiam
1214 828 1627 902 regenerationis
1648 826 1702 923 in

150 916 336 996 Christo
362 931 583 991 renasci.
618 929 743 985 Haec
768 937 873 982 tam
899 927 1064 981 multa
1084 967 1098 991 ,
1130 937 1229 978 nec
1256 935 1434 992 parva,
1461 918 1527 973 de
1554 916 1702 972 initio

148 1031 215 1087 vel
256 1028 449 1098 origine
493 1024 790 1079 animarum
840 1026 1172 1082 nostrarum,
1218 1014 1272 1068 in
1311 1010 1501 1082 quibus
1552 1009 1701 1079 plura

148 1132 253 1181 sunt
275 1120 336 1175 ad
360 1134 475 1174 eam
497 1115 772 1172 scientiam
800 1108 1136 1182 pertinentia,
1160 1121 1276 1177 qua:
1304 1102 1406 1158 ﬁde
1432 1107 1700 1166 constant,

148 1223 192 1271 et
212 1212 446 1269 didicisse
472 1223 557 1263 me
579 1206 837 1278 gratulor,
885 1214 938 1257 et
965 1214 1121 1255 nosse
1149 1197 1426 1253 conﬁrmo.
1457 1193 1703 1261 Quapro-

149 1316 264 1379 pter,
289 1304 329 1358 si
352 1302 532 1357 nescio
559 1300 609 1354 in
637 1296 842 1368 origine
871 1294 1187 1358 animarum,
1220 1300 1395 1343 utrum
1422 1286 1537 1341 illas
1561 1285 1703 1339 Deus

148 1396 421 1454 hominibus
461 1410 527 1449 ex
568 1390 885 1462 propagine,
932 1402 997 1440 an
1039 1386 1155 1440 sine
1189 1382 1477 1455 prapagine
1511 1379 1700 1443 faciat,

146 1504 257 1562 quas
281 1484 550 1541 tamcn‘ab
594 1485 709 1553 ipso
738 1480 853 1535 ﬁeri
897 1493 1002 1532 non
1032 1474 1243 1544 ambigo
1263 1515 1278 1540 ,
1324 1472 1461 1549 scire
1489 1468 1702 1539 quidem

147 1590 191 1636 et
212 1578 306 1633 hoc
332 1576 501 1647 magis
522 1575 658 1644 eligo
678 1615 692 1639 ,
718 1587 875 1643 quam
906 1568 1113 1624 nescire
1144 1585 1156 1619 :
1196 1565 1289 1620 sed
1319 1562 1570 1635 quamdiu
1598 1576 1703 1615 non

146 1685 356 1744 possum,
387 1668 582 1723 melius
609 1664 734 1719 hinc
758 1663 961 1725 dubito,
990 1676 1149 1731 quam
1174 1657 1319 1713 velut
1341 1666 1547 1711 certum
1576 1668 1704 1708 con-

148 1762 335 1818 ﬁrmare
361 1757 558 1829 aliquid
585 1756 773 1820 audeo,
806 1752 946 1825 quod
988 1753 1061 1806 illi
1098 1752 1175 1806 rei
1217 1750 1285 1804 sit
1323 1747 1461 1804 forte
1488 1754 1704 1802 contra-

146 1854 280 1915 rium.
311 1850 376 1907 de
402 1866 506 1920 qua
528 1849 769 1903 dubitare
799 1861 904 1899 non
930 1845 1117 1898 debeo.

205 1946 282 2001 18.
307 1944 383 1999 'l'u
413 1943 595 2012 itaque
618 1982 631 2005 ,
681 1938 753 1993 mi
786 1937 950 1992 frater
972 1937 1140 2001 bone,
1183 1934 1431 2005 quoniam
1472 1929 1705 1987 consulis

146 2054 236 2104 me,
261 2047 311 2092 ct
340 2036 417 2090 vis
445 2048 608 2087 unum
640 2032 828 2085 horum
856 2028 1137 2091 deﬁniam;
1172 2037 1346 2079 utrum
1377 2025 1566 2077 animm
1595 2038 1703 2076 cm-

148 2140 257 2186 terze
280 2145 339 2183 ex
366 2128 458 2182 illo
487 2140 591 2178 uno
620 2123 867 2188 humine,
911 2120 1046 2173 sicut
1078 2131 1299 2186 corpora
1332 2130 1428 2185 per
1457 2112 1705 2182 prepagi-

148 2239 270 2290 nem,
299 2237 363 2275 au
386 2220 507 2275 sine
532 2217 838 2288 propagine,
866 2214 1000 2267 sicut
1028 2210 1166 2264 illius
1193 2209 1347 2262 unius
1374 2222 1402 2260 a
1430 2207 1703 2271 Creatore,

148 2316 342 2386 singulis
365 2313 587 2384 singulm
616 2312 740 2362 ﬁant
770 2307 860 2379 (ab
884 2306 999 2375 ipso
1023 2303 1164 2358 enim
1192 2301 1303 2355 ﬁeri
1332 2300 1443 2353 sive
1469 2298 1575 2360 sic,
1611 2311 1704 2350 seu

148 2408 209 2462 sic
241 2422 337 2461 non
378 2400 691 2475 negamus);
724 2407 931 2468 patere,
963 2405 1019 2449 ut
1057 2394 1215 2448 etiam
1254 2393 1366 2461 ipse
1391 2388 1666 2444 consulam
1688 2429 1703 2454 ,

149 2496 386 2568 quomodo
399 2494 521 2549 inde
536 2494 706 2547 anima
724 2498 999 2561 peccatum
1014 2483 1341 2553 originaliter
1358 2481 1551 2543 trahat,
1570 2478 1708 2532 unde

147 2587 447 2658 Originaliter
476 2587 587 2655 ipsa
614 2598 717 2637 non
751 2580 992 2633 trahitur.
1021 2578 1218 2631 Omnes
1244 2574 1385 2629 enim
1413 2571 1616 2626 animas
1642 2584 1708 2624 ex

149 2681 293 2736 Adam
318 2681 533 2735 trahere
557 2673 813 2745 originale
840 2678 1108 2741 peccatum
1147 2666 1389 2721 similiter
1414 2680 1516 2717 non
1551 2677 1709 2732 nega-

151 2788 280 2834 mus,
311 2786 377 2826 ne
411 2771 466 2824 in
498 2766 829 2836 Pelagianam:
864 2762 1107 2816 haeresim
1139 2755 1503 2812 detestabilem
1536 2756 1708 2807 irrua-

149 2880 265 2919 mus.
296 2864 350 2918 Si
374 2862 478 2918 hoc
501 2860 640 2932 quod
670 2874 769 2929 ego
800 2858 1089 2923 interrogo,
1114 2867 1213 2906 nec
1235 2862 1289 2905 tu
1315 2851 1449 2913 scis;
1482 2848 1596 2903 sine
1624 2861 1709 2902 me

149 2957 385 3027 patienter
406 2964 687 3022 utrumque
708 2950 944 3015 nescire,
981 2956 1034 3001 ct
1058 2944 1196 3015 quod
1223 2952 1276 2997 tu
1302 2944 1625 3010 interrogas,
1658 2947 1711 2994 et

148 3046 265 3117 quod
288 3061 388 3117 ego
413 3062 428 3099 :
463 3046 506 3097 si
528 3053 705 3097 autem
726 3041 832 3110 jam
856 3037 960 3092 scis
984 3034 1125 3106 quod
1148 3036 1435 3102 interrogo,
1463 3046 1583 3085 cum
1609 3030 1712 3084 hoc

149 3139 283 3193 etiam
314 3153 403 3193 me
428 3136 695 3196 docueris,
728 3142 852 3187 tunc
878 3139 931 3184 et
958 3128 1082 3182 illud
1123 3124 1261 3196 quod
1294 3125 1369 3177 vis
1400 3132 1457 3177 ut
1483 3136 1712 3192 respon-

150 3228 301 3296 deam,
331 3227 469 3282 nihil
494 3226 562 3280 ibi
580 3225 689 3295 jam
715 3224 926 3278 intuens
947 3219 1026 3291 (a)
1054 3216 1408 3287 respondebo.
1436 3214 1566 3269 Peto
1586 3228 1713 3283 ergo

151 3336 203 3378 ne
223 3333 575 3379 succenseas.
606 3317 728 3387 quia
756 3330 860 3369 non
886 3313 1030 3383 potui
1057 3310 1375 3367 conﬁrmare
1402 3308 1543 3381 quod
1569 3324 1715 3379 qua:-

152 3414 239 3481 ris,
276 3411 370 3468 sed
408 3410 554 3481 potui
585 3408 970 3469 demonstrare,
998 3404 1122 3473 quid
1147 3398 1386 3474 quaéras;
1427 3400 1566 3473 quod
1590 3414 1715 3455 cum

155 3506 417 3569 inveneris,
448 3502 769 3559 conﬁrmare
797 3515 900 3554 non
929 3498 1137 3553 dubites
1160 3496 1298 3567 quod
1324 3494 1621 3566 qumrcbas.

210 3596 290 3652 19.
317 3595 383 3651 Et
414 3594 518 3650 hoc
546 3592 757 3663 quidem
785 3590 1058 3645 Sanctitati
1090 3596 1192 3641 ture
1219 3586 1558 3642 scribendum
1604 3586 1717 3640 exi-

156 3688 356 3754 stimavi,
382 3687 475 3758 qui
503 3685 840 3755 propaginem
880 3682 1179 3736 animarum
1206 3678 1315 3749 jam
1346 3679 1494 3749 quasi
1538 3688 1717 3734 certus

160 3778 540 3849 improbaudam
591 3785 763 3847 putas.
805 3774 1068 3829 Caeterum
1097 3772 1140 3827 si
1168 3772 1269 3827 illis
1293 3772 1381 3841 qui
1411 3772 1547 3826 hanc
1571 3786 1718 3828 asse-

158 3878 275 3937 runt,
294 3867 685 3925 rescribendum
701 3865 905 3931 fuisset,
925 3863 1160 3919 fortassis
1175 3862 1528 3929 ostenderem,
1542 3878 1720 3934 quem-

160 3959 415 4015 admodum
469 3958 544 4023 id,
572 3957 713 4028 quod
767 3972 825 4012 se
869 3971 1029 4010 nosse
1058 3955 1400 4019 arbitrantur,
1434 3954 1713 4024 ignorent;

163 4056 207 4103 et
237 4067 297 4106 ne
321 4050 419 4106 hoc
444 4063 688 4104 asserere
714 4046 991 4113 auderent,
1020 4055 1278 4116 quantum
1308 4043 1595 4100 formidare
1622 4046 1718 4100 de-

165 4136 343 4197 herent.

221 4231 302 4287 90.
327 4232 466 4289 Sane
496 4232 549 4288 in
573 4231 830 4301 rescripto
853 4229 1029 4296 amici,
1061 4227 1201 4298 quod
1229 4227 1351 4282 huic
1374 4227 1609 4297 epistola:
1635 4229 1719 4283 in-

168 4324 305 4390 senii,
336 4338 402 4380 ne
433 4332 487 4380 te
514 4323 649 4377 forte
686 4330 896 4377 moveat
925 4320 1065 4390 quod
1094 4319 1229 4374 duos
1255 4319 1415 4375 libros
1441 4335 1472 4374 a
1494 4332 1579 4375 me
1595 4320 1722 4375 mis-

169 4424 241 4467 ωε
276 4412 734 4478 commemoravit,
761 4412 953 4483 quibus
1003 4408 1327 4481 respondere
1368 4426 1589 4467 vacuum
1620 4411 1720 4467 sibi

171 4509 352 4573 tempus
378 4522 485 4561 non
529 4504 689 4560 fuisse
731 4500 1006 4573 respondit
1030 4520 1042 4555 :
1071 4517 1208 4556 unus
1234 4510 1316 4556 est
1357 4500 1425 4556 de
1455 4500 1553 4555 hac
1571 4516 1719 4572 quaa-

173 4594 337 4664 aliene,
356 4613 461 4653 non
491 4595 684 4661 ambo;
715 4595 767 4649 in
789 4594 892 4648 alio
916 4604 1091 4649 autem
1135 4593 1260 4648 illud
1294 4590 1366 4665 (ὁ)
1390 4592 1457 4648 ab
1480 4592 1568 4647 illo
1594 4608 1723 4648 con-

172 4686 361 4743 sulendo
384 4698 437 4745 et
463 4685 838 4759 pertractanda
864 4685 1101 4755 quaasivi.
1129 4684 1281 4753 Quod
1312 4700 1438 4740 vero
1470 4685 1723 4743 admonet

174 4786 216 4830 et
230 4776 474 4850 hortatur,
504 4792 561 4837 ut
589 4781 754 4851 magis
773 4779 959 4835 demus
983 4793 1220 4848 Operam,
1252 4787 1311 4833 ut
1331 4780 1719 4848 perniciosissi-

176 4881 244 4922 ma
270 4871 475 4930 hazresis
507 4872 573 4929 de
594 4872 844 4928 Ecclesiis
869 4870 1169 4935 auferatur;
1197 4870 1341 4924 illam
1367 4871 1533 4941 ipsam
1565 4873 1721 4927 Pela.

176 4958 354 5025 gianam
403 4966 652 5021 haeresim
694 4964 843 5029 dicit,
874 4979 1031 5034 quam
1078 4962 1380 5018 cautissime
1410 4969 1469 5017 ut
1493 4963 1718 5031 devites,

227 5095 286 5170 (tt)
313 5106 455 5152 locus
479 5104 746 5170 obscurus,
767 5113 916 5170 quem
956 5112 1019 5149 ex
1050 5102 1333 5170 conjectura
1359 5097 1723 5170 silc-legendum

227 5113 286 5161 la)
314 5113 455 5152 Locus
479 5113 717 5152 Obscurus
839 5113 916 5149 cm
956 5113 1019 5149 ex
1058 5113 1333 5164 CODJCCLUNI
1359 5113 1429 5148 snc
1459 5113 1505 5148 Ie

178 5160 338 5234 “item
353 5170 559 5234 censent
578 5177 590 5212 =
759 5113 944 5234 ίῗῗρίατη
964 5167 1174 5234 meum
1196 5159 1505 5234 νεειῑροῖράεὺρ·

223 5219 290 5290 _(b)
316 5232 429 5290 sane
463 5226 755 5289 legendum,
775 5219 912 5290 aliud
943 5222 1004 5290 alt
1034 5220 1131 5275 illo.
1159 5219 1284 5281 quid
1304 5225 1559 5290 sit__autem
1594 5222 1723 5290 istud

309 5322 323 5345 ,
351 5288 409 5358 ab
438 5275 545 5358 ipso
574 5275 849 5358 _Augusti_rio
893 5286 1057 5358 accipe
1100 5275 1302 5358 Itetract.
1350 5283 1433 5332 lib.
1469 5283 1531 5346 2,
1564 5285 1718 5358 c._4.’5.

186 5347 362 5411 'Sa'iisi
387 5346 547 5409 etiam,
573 5346 743 5411 inquit,
767 5350 887 5397 duos
910 5346 1066 5411 libros
1094 5349 1153 5396 ad
1177 5349 1511 5411 Hieronymum
1541 5346 1722 5411 seden-

188 5416 205 5444 ι
220 5407 310 5457 leta
324 5410 368 5458 in
390 5407 699 5471 Bethlehem;
724 5407 871 5459 unum
892 5410 955 5471 de
984 5411 1178 5471 Origine
1214 5407 1412 5471 animae,
1431 5407 1637 5457 alterum
1657 5410 1723 5460 de

188 5472 437 5535 'Sententia
459 5474 617 5523 Jacobi
642 5468 722 5521 ubi
746 5473 829 5535 ait,
854 5468 1140 5535 (minemine
1163 5477 1307 5520 totam
1330 5468 1480 5535 legem
1511 5483 1724 5535 servave-

189 5526 273 5578 «νει
288 5568 300 5588 ,
332 5534 530 5597 offendat
559 5541 720 5597 autem
749 5532 799 5583 in
818 5526 941 5591 ἠὴρ,
956 5526 1212 5597 [nauseat
1242 5526 1452 5597 euntium
1482 5544 1627 5597 reus;
1657 5532 1722 5584 de

190 5594 402 5657 miroque
428 5596 686 5648 consulens
716 5609 845 5646 eum.
878 5594 975 5657 Sed
1000 5594 1048 5643 in
1088 5594 1169 5644 illo
1200 5595 1359 5656 priore
1403 5596 1723 5657 quastionem

367 5660 602 5769 progosul,
626 5659 731 5721 ipse
754 5671 850 5731 non
874 5654 993 5706 solvi
1010 5657 1097 5729 ;.in
1122 5654 1397 5728 posteriore
1421 5654 1584 5705 autem
1608 5656 1720 5718 quid

191 5723 208 5751 ι
220 5714 317 5780 pubi
337 5717 397 5767 de
413 5718 447 5767 ll
506 5720 734 5771 solvenda
752 5720 1015 5777 videretur,
1036 5730 1142 5780 ipse
1165 5732 1259 5767 non
1278 5725 1401 5780 tacui
1422 5731 1434 5765 :
1454 5718 1541 5767 sed
1560 5725 1722 5780 utrum

191 5785 208 5812 ι
219 5751 878 5842 ῄὶῐιῖπῊῗέἱὶέῗηῖἳῑέζ
889 5751 1402 5842 ἂὲιὶὥῗρέξπῆιὲἷί
1422 5751 1723 5842 ξιῗιῖἔηῖῖιέἱιῖ

191 5844 209 5874 ⁸
220 5832 329 5905 (ξιιὲ
338 5832 549 5892 eamdem
564 5832 960 5894 consultationem
976 5854 1153 5905 meam,
1166 5841 1258 5892 sibi
1275 5832 1436 5891 tamen
1453 5841 1511 5891 ad
1528 5832 1722 5905 respon-

192 5908 209 5937 ⁸
221 5893 410 5954 dentium
426 5893 687 5956 otium’non
711 5893 823 5955 esse
844 5893 1148 5967 respondita'

504 5989 724 6054 Ssuc'r.
758 5990 1036 6051 Auens'r.
1067 5988 1147 6051 ΙΙ.

3290 447 3396 510 938

1807 564 2058 626 quantum
2092 568 2328 624 possum,
2362 553 2543 621 frater,
2566 552 2848 615 admoneo.
2871 573 2990 613 cum
3012 556 3079 614 de
3095 563 3391 618 animarum

1808 648 2011 717 origine
2038 647 2148 701 sive
2176 648 2395 716 cogitas,
2435 646 2546 700 sive
2565 646 2673 716 jam
2700 646 2969 717 disputas;
3002 668 3067 705 ne
3102 652 3193 705 tibi
3220 653 3394 708 subri-

1808 738 1918 808 piat
1943 737 2021 809 (a)
2045 753 2164 793 esse
2187 738 2532 805 credendum,
2556 738 2715 793 ullam
2753 753 2977 809 prorsus
3003 741 3239 795 animam
3285 745 3390 802 nisi

1809 828 1969 884 unius
1993 829 2314 895 Mediatoris,
2342 843 2446 883 non
2467 845 2530 884 ex
2556 828 2725 884 Adam
2745 828 2954 912 trahere
2982 832 3237 901 originale
3260 847 3393 903 pec-

1808 932 2007 989 catum,
2037 922 2380 994 generatione
2397 921 2722 992 devinctum,
2753 924 3158 994 rcgeneratione
3181 926 3397 984 solven—

1809 1016 1955 1073 dum.

2264 1148 2592 1207 EPISTOLA
2629 1148 2783 1206 CCI“
2814 1153 2835 1176 ‘
2868 1150 2968 1225 (b).

1809 1280 2117 1352 Augustinus
2142 1280 2330 1353 Largo,
2358 1291 2416 1336 ut
2442 1283 2571 1337 bona
2598 1283 2773 1337 surculi
2798 1283 2950 1355 hujus
2976 1298 3108 1339 uana
3152 1292 3390 1355 tur-pertus

1880 1384 2193 1442 contemnat,
2242 1384 2390 1445 utque
2444 1390 2508 1429 ea:
2554 1376 2869 1447 perpessioue
2911 1377 3161 1433 malorum
3208 1379 3388 1434 melior

1882 1466 2079 1519 euadat.

1811 1598 2037 1653 Domino
2079 1597 2268 1668 insigni
2298 1608 2351 1653 et
2398 1599 2855 1667 praestantissimo,
2882 1610 2937 1655 et
2965 1600 3397 1660 desiderantissi-

1882 1704 1971 1744 mo
1992 1689 2100 1744 ﬁlio
2124 1690 2302 1746 Lauso
2333 1690 2427 1761 (c),
2442 1690 2796 1756 Ancus'rnvus,
2824 1691 2877 1745 in
2900 1691 3125 1747 Domino
3141 1694 3391 1750 salutem.

1881 1782 2073 1850 Accepi
2097 1782 2298 1836 litteras
2345 1781 2680 1837 Eximietatis
2731 1790 2854 1846 tuae,
2899 1783 3092 1853 quibus
3120 1799 3206 1840 me
3252 1784 3319 1839 ad
3347 1794 3401 1842 te

1810 1874 1986 1945 petisti
2019 1884 2076 1928 ut
2108 1874 2417 1929 scriberem.
2459 1872 2613 1941 Quod
2659 1874 2873 1943 quidem
2901 1890 3007 1929 non
3038 1875 3397 1946 desiderares,

1810 1965 1912 2019 nisi
1939 1966 2114 2019 ethoc
2139 1963 2278 2033 quod
2302 1978 2390 2019 me
2431 1978 2588 2034 posse
2613 1964 2847 2019 scribere
2894 1966 3236 2032 existimasti,
3266 1982 3391 2038 gra-

1811 2063 1921 2111 tum
1954 2055 2179 2110 haberes
2216 2064 2375 2125 atque
2394 2055 2706 2124 jucundum.
2740 2055 2798 2110 ld
2825 2066 3003 2111 autem
3029 2067 3128 2122 est,
3159 2068 3217 2113 ut
3254 2076 3392 2116 vana

1812 2145 1993 2200 saeculi
2025 2145 2201 2214 hujus.
2244 2144 2287 2199 si
2315 2145 2590 2215 inexperta
2615 2145 2931 2215 concupisti,
2961 2156 3179 2216 experta
3204 2160 3392 2205 conte-

1811 2251 1981 2291 mnas.
2002 2235 2185 2290 Fallax
2211 2243 2294 2290 est
2314 2236 2454 2291 enim
2489 2236 2541 2289 in
2568 2236 2647 2290 cis
2667 2237 2922 2302 suavitas,
2947 2244 3001 2292 et
3028 2236 3395 2297 infructuosus

1811 2326 1980 2393 labor,
2014 2335 2067 2381 et
2108 2335 2395 2397 perpetuus
2438 2327 2616 2393 timor,
2646 2335 2699 2383 et
2744 2327 3043 2397 periculosa
3072 2329 3395 2387 sublimitas.

1810 2418 2021 2475 Initium
2044 2420 2159 2474 sine
2189 2418 2541 2489 providentia,
2589 2427 2642 2475 et
2672 2419 2793 2473 ﬁnis
2814 2434 2933 2473 cum
2964 2421 3293 2489 paenitentia.
3321 2422 3399 2479 Ita

1811 2526 1870 2567 se
1908 2511 2105 2565 habent
2128 2510 2302 2564 omnia
2332 2526 2450 2580 quae
2477 2511 2529 2564 in
2551 2511 2650 2565 ista
2684 2511 3020 2566 mortalitatis
3044 2528 3281 2568 aerumna
3301 2530 3400 2570 cu-

1810 2606 1986 2677 pidius
2014 2620 2174 2676 quam
2203 2605 2517 2675 prudentius
2546 2612 2885 2674 appetuntur.
2938 2606 3057 2662 Alia
3106 2618 3189 2663 est
3214 2619 3396 2665 autem

1792 2710 1935 2766 spes
1965 2696 2192 2765 piorum,
2241 2696 2377 2750 alius
2416 2696 2612 2750 laboris
2659 2694 2881 2761 fructus,
2910 2696 3011 2749 alia
3041 2698 3399 2766 periculorum

1813 2800 2037 2840 merces.
2081 2784 2212 2839 Nam
2244 2786 2295 2838 in
2326 2784 2429 2840 hoc
2468 2784 2664 2839 mundo
2694 2800 2795 2839 non
2819 2786 3025 2851 timere,
3057 2801 3165 2841 non
3189 2788 3393 2857 dolere,

1813 2892 1918 2931 non
1951 2876 2211 2941 laborare,
2238 2890 2343 2929 non
2367 2876 2652 2945 periclitari
2671 2874 2996 2946 impossibile
3011 2887 3095 2932 est
3122 2893 3139 2931 :
3166 2878 3259 2933 sed
3282 2879 3402 2949 plu-

1812 2968 2008 3023 rimum
2037 2968 2258 3022 interest
2283 2981 2387 3036 qua
2438 2980 2618 3031 causa,
2673 2980 2777 3036 qua
2816 2967 3236 3037 exspectatione,
3288 2984 3399 3039 quo

1815 3060 2043 3115 termino
2068 3059 2166 3113 ista
2195 3058 2417 3128 quisque
2444 3057 2689 3126 patiatur.
2724 3058 2834 3126 Ego
2864 3058 3076 3128 quidem
3104 3074 3225 3114 cum
3249 3075 3405 3114 ama-

1816 3160 1959 3206 tores
1986 3149 2167 3205 sazculi
2192 3149 2349 3218 hujus
2378 3149 2608 3214 intueor,
2639 3149 2821 3203 nescio
2847 3149 3062 3220 quando
3079 3152 3248 3221 possit
3274 3167 3399 3209 esse

1817 3242 1884 3298 ad
1930 3257 2117 3298 eorum
2168 3241 2377 3296 animos
2426 3239 2693 3296 sanandos
2747 3249 3045 3310 opportuna
3096 3241 3403 3311 sapientia:

1818 3335 2031 3405 quando
2072 3334 2213 3390 enim
2262 3349 2350 3389 res
2382 3332 2529 3388 velut
2564 3347 2850 3404 prosperas
2902 3333 3120 3402 habent,
3151 3335 3288 3391 fastu
3318 3353 3411 3393 re-

1817 3435 2015 3497 spuunt
2040 3424 2279 3481 salubres
2328 3424 2580 3490 monitus,
2613 3434 2669 3479 et
2723 3426 2872 3495 quasi
2914 3425 3107 3480 anilem
3160 3436 3412 3498 reputant

1818 3518 2176 3582 cantilenam;
2211 3516 2424 3587 quando
2452 3525 2627 3571 autem
2656 3517 2709 3569 in
2753 3515 2991 3571 adversis
3019 3526 3203 3587 agunt,
3239 3520 3409 3590 magis

1820 3611 2055 3680 cogitant
2076 3609 2304 3664 evadere
2324 3607 2464 3662 unde
2491 3607 2558 3661 ad
2575 3621 2811 3677 praesens
2835 3616 3118 3676 anguntur,
3137 3623 3294 3678 quam
3315 3623 3409 3664 ca-

1820 3717 1947 3773 pere
1965 3701 2106 3756 unde
2124 3708 2394 3767 curentur,
2417 3708 2472 3755 et
2492 3698 2632 3770 unde
2648 3700 2959 3769 perveniant
2982 3698 3070 3753 ubi
3091 3702 3213 3771 angi
3237 3702 3406 3757 omni-

1820 3809 1891 3848 no
1917 3809 2020 3849 non
2050 3794 2275 3863 possint.
2322 3792 2618 3863 Aliquando
2649 3801 2825 3847 tamen
2852 3792 3066 3862 quidam
3095 3793 3277 3848 cordis
3300 3809 3402 3850 au-

1821 3902 1910 3943 res
1958 3888 2244 3942 admovent
2287 3895 2447 3956 atque
2494 3884 2750 3941 adhibent
2801 3886 3030 3949 veritati,
3062 3886 3233 3941 rarius
3269 3888 3415 3944 inter

1821 3991 2097 4045 prospera,
2128 3976 2369 4031 crebrius
2418 3976 2556 4029 inter
2603 3975 2867 4041 adversa;
2898 3976 2993 4030 sed
3032 3985 3212 4031 tamen
3256 3981 3414 4047 pauci

1821 4074 1964 4133 sunt,
1989 4065 2060 4121 ita
2082 4067 2225 4121 enim
2246 4064 2483 4136 praedicti
2507 4072 2632 4118 sunt
2659 4083 2673 4119 :
2702 4066 2840 4119 inter
2861 4080 2994 4134 quos
3011 4075 3062 4120 te
3087 4080 3206 4120 esse
3226 4069 3405 4137 cupio,

1822 4156 1947 4228 quia
1973 4157 2233 4212 veraciter
2264 4155 2448 4225 diligo,
2474 4154 2690 4210 domine
2715 4154 2937 4225 insignis
2952 4164 3007 4210 et
3029 4158 3415 4225 praestantissi-

1823 4263 1934 4315 me,
1983 4261 2048 4303 ac
2085 4245 2581 4303 desiderantissime
2627 4245 2723 4301 ﬁli.
2748 4245 2874 4301 Haec
2899 4245 3191 4301 admonitio
3217 4248 3312 4303 tibi
3340 4249 3415 4305 sit

1824 4354 1942 4396 mea
1970 4338 2303 4401 resalutatio,
2350 4336 2474 4408 quia
2516 4336 2618 4392 etsi
2648 4344 2702 4392 te
2745 4336 2998 4408 deinceps
3043 4336 3166 4392 talia
3202 4342 3413 4409 perpeti

1822 4429 1997 4500 qualia
2025 4428 2308 4499 pertulisti,
2338 4426 2501 4492 nolo;
2529 4426 2649 4497 plus
2674 4436 2848 4482 tamen
2873 4426 3031 4484 doleo
3054 4428 3169 4483 huic
3206 4429 3321 4501 ipsa
3358 4438 3414 4487 te

1824 4522 1941 4578 sine
1986 4521 2161 4593 aliqua
2212 4520 2265 4576 in
2314 4519 2504 4576 melius
2554 4519 2677 4575 vitae
2722 4520 3015 4577 mutatione
3068 4518 3232 4578 fuisse
3278 4538 3440 4593 per-.

1828 4627 2061 4683 pessum.

1826 4813 1910 4923 An;
1944 4810 2305 4924 mum?
2340 4808 2409 4861 bl.
2449 4812 2527 4861 cb.
2567 4810 2618 4861 ff.
2643 4824 2729 4876 gg.
2762 4825 2807 4862 r.
2830 4812 2905 4862 sb.
2927 4823 3001 4862 vc.
3021 4811 3146 4862 duos
3160 4818 3196 4861 t.
3217 4810 3341 4862 duos
3362 4826 3412 4867 v.

1888 4978 1961 5041 (a)
1992 4985 2133 5043 Forte
2178 4978 2441 5041 legendum
2463 4978 2701 5043 subrepat
2725 4979 2831 5043 :sic
2869 4979 3043 5043 eodem
3076 4980 3220 5042 plane
3265 4995 3418 5035 sensu

1997 5041 2053 5089 51
2081 5040 2133 5089 in
2163 5048 2323 5113 10am,
2348 5054 2397 5113 n.
2424 5042 2483 5091 10
2507 5055 2520 5090 :
2553 5060 2576 5088 ι
2597 5040 2832 5113 sednvid‘e
2855 5042 3030 5113 nentibi
3051 5040 3327 5113 subrepat,
3360 5054 3421 5097 ut

1833 5120 1855 5149 ι
1873 5102 2083 5175 t_eipsum
2100 5100 2576 5175 velislgterimere.)
2600 5103 2754 5175 Et‘lib.
2778 5100 2954 5175 Sapit},
2972 5117 3027 5175 η.Δ
3045 5104 3201 5175 lO,_de
3214 5100 3414 5175 anima;

1832 5182 1856 5210 ι
1872 5163 2080 5214 Temere
2101 5163 2346 5214 credidisti
2368 5165 2494 5227 quod
2519 5164 2730 5213 libenter
2751 5163 2926 5213 audisti
2942 5199 2956 5223 ,
2983 5172 3033 5214 et
3056 5169 3303 5229 subrepsit
3324 5170 3417 5219 tibi

1834 5244 1857 5273 ι
1875 5224 2195 5289 falsiloquium
2219 5239 2321 5289 Aper
2357 5225 2726 5289 smviloquiunt.
2747 5240 2770 5269 ν
2814 5234 2880 5289 tta
2923 5240 3119 5289 quoque
3158 5232 3420 5289 Gregorius

1834 5244 1857 5273 ι
1875 5240 2195 5289 ratsnoquium
2232 5240 2321 5288 per
2357 5240 2726 5287 suavuoqutum.
2747 5240 2770 5269 ι
2814 5240 2880 5275 ua
2923 5240 3119 5290 quoque
3158 5240 3418 5291 Gregorius

1824 5293 2038 5359 Magnus,
2065 5288 2147 5337 lib.
2172 5287 2265 5336 lin
2284 5292 2483 5350 Evang,
2506 5286 2635 5335 hom.
2664 5284 2739 5346 12,
2758 5299 2807 5335 n.
2835 5288 2858 5335 1
2881 5302 2893 5336 :
2923 5307 2943 5333 ‹‹
2959 5296 3024 5337 Ne
3047 5292 3293 5353 appetitus
3308 5289 3418 5341 lau-

1835 5367 1858 5396 a
1874 5350 1949 5399 ὼε
1961 5353 2194 5399 subrepat
2214 5363 2226 5398 :
2247 5348 2331 5398 ubi
2356 5355 2519 5398 tamen
2534 5347 2729 5399 quidam
2748 5355 2855 5399 Mss.
2882 5350 3082 5399 habent.
3102 5350 3348 5399 subrim'at.

1835 5367 1858 5396 ι
1874 5350 1949 5399 dis
1961 5353 2194 5411 subrepat
2214 5363 2226 5398 :
2247 5350 2331 5398 ubi
2356 5355 2519 5398 tamen
2748 5355 2855 5399 Mss.
2882 5350 3091 5411 habent,
3102 5350 3348 5415 subripuit.

1826 5410 2181 5524 ci
2204 5425 2216 5460 :
2236 5422 2346 5474 quae
2375 5417 2539 5460 autem
2676 5417 2800 5471 erat,
2819 5424 2947 5461 nunc
2967 5410 3047 5461 25.
3081 5413 3261 5475 Scripta
3287 5413 3419 5463 forte

1889 5535 1960 5644 (cz
1970 5537 2215 5607 uescimus
2230 5548 2292 5583 an
2307 5534 2387 5584 hic
2406 5532 2537 5583 idem
2554 5534 2618 5584 sit
2632 5546 2742 5582 cum
2757 5540 2904 5644 ω·ἱο
2922 5536 3005 5597 qui
3025 5532 3418 5607 proconsulatum

1828 5598 1878 5645 in
1900 5605 1932 5644 Α
1953 5610 2049 5646 rita
2073 5599 2279 5647 gerebat
2298 5608 2377 5644 an.
2409 5594 2501 5645 415
2520 5601 2572 5645 et
2592 5595 2702 5647 418.
2728 5609 2789 5645 ex
2815 5603 2849 5643 Τ
2886 5597 3048 5645 eodos.
3066 5596 3195 5647 ϐοά..
3220 5594 3305 5645 lib.
3336 5596 3418 5647 10.

1828 5598 1878 5645 in
1900 5596 2049 5646 Africa
2073 5599 2279 5659 gerebat
2298 5608 2377 5644 an.
2409 5596 2501 5645 415
2520 5601 2572 5645 et
2592 5596 2702 5656 418,
2728 5609 2789 5645 ex
2815 5596 3048 5645 TheOdos.
3066 5596 3195 5653 cod.,
3220 5596 3305 5645 lib.
3336 5596 3418 5657 10,

1828 5663 1904 5730 ωε.
1927 5657 2003 5730 19,
2030 5658 2133 5730 leg.
2234 5656 2394 5730 et.38;
2418 5658 2502 5720 qui
2534 5658 2681 5730 etiam
2701 5669 2827 5705 anno
2850 5656 2943 5730 {1Q
2964 5654 3215 5730 prompsul
3230 5693 3245 5718 ,
3267 5670 3422 5730 acge-

1850 5720 1924 5791 gtis
1945 5716 2135 5770 Hunorii
2155 5721 2329 5770 litteris
2347 5716 2496 5781 super
2516 5718 2837 5827 pseudopagz:
2863 5716 3025 5791 t-Zulalii
3057 5716 3315 5793 schismate
3340 5719 3419 5769 fe-

1850 5788 1986 5827 tciter
2021 5782 2237 5827 sublato.
2275 5781 2333 5827 ad
2378 5779 2623 5827 Aurelium
2659 5786 2768 5827 Cart
2830 5792 3088 5827 mnensem
3127 5782 3378 5827 rescripsit
3396 5793 3417 5827 :

1862 5782 1986 5830 citer
2021 5782 2237 5844 sublato,
2275 5781 2333 5830 ad
2378 5779 2623 5844 Aurelium
2659 5779 3088 5844 Carthagiuensem
3127 5782 3413 5844 rescripsit:

1828 5855 2030 5905 quarum
2068 5840 2339 5894 litterarum
2382 5842 2608 5905 exempla
2647 5840 2802 5891 refert
2835 5840 3060 5891 Baronius
3092 5842 3152 5893 ad
3189 5840 3421 5896 enuidens

1830 5903 1908 5957 εἰη.
1928 5903 2039 5954 419.

2703 5989 3004 6075 {'I‘rente.)
