3990 6380
444 556 550 616 939

898 644 1224 712 Epts'rom
1262 637 1437 695 ccw-
1472 633 1570 705 (a).

456 757 764 830 Augustinus
800 744 1027 803 Dulcitio
1057 738 1255 792 tribuno
1284 741 1329 786 et
1356 726 1571 790 notario,
1604 715 2040 789 impaialiumque

1103 829 1108 830 ,
1263 826 1271 830 _
1421 819 1431 830 ,
1476 826 1483 830 _
1620 829 1627 830 γ
1989 815 2040 830 Μ

518 803 804 918 jjtssionum
828 839 1067 892 adversus
1090 826 1380 900 Donatistas
1398 819 1633 872 datarum
1658 803 1962 868 exsecutori,
1985 815 2053 854 esi

1340 916 1350 918 μ
1630 908 1641 917 .
1702 910 1705 913 .
1785 902 1795 918 ,
1850 915 1874 918 η
1890 896 1945 918 J‘
1973 910 2028 918 η

530 896 961 997 alim-ach,
995 944 1040 980 ε.
1070 896 1162 984 59,
1183 916 1478 989 signiﬁcans
1501 926 1533 962 α
1551 924 1605 961 se
1616 908 1729 976 jam
1745 896 1946 955 abunde
1969 910 2049 949 sa-

536 1036 789 1101 tisfactum
814 1026 967 1097 fuisse
1000 1015 1209 1088 querelis
1241 1007 1665 1064 Donatistarum;
1706 1005 1752 1050 et
1784 989 2052 1047 ostendens

542 1141 712 1181 eorum
739 1118 1011 1177 vesaniam,
1036 1110 1120 1180 qui
1143 1105 1233 1160 sibi
1262 1116 1427 1157 necem
1455 1097 1587 1150 ultro
1614 1084 2004 1146 consciscebant.

449 1213 694 1275 ’Dontino
736 1208 952 1269 eximio,
982 1212 1036 1257 ct
1082 1193 1377 1253 honorabili
1430 1190 1537 1243 ﬁlio
1566 1187 1841 1244 Duccmo,
1876 1178 2056 1230 AUGU-

854 1311 1056 1360 STINUS,
1086 1292 1311 1346 salutem
1341 1287 1392 1339 in
1419 1280 1667 1337 Domino.

548 1402 598 1454 l.
629 1396 744 1451 Non
773 1390 929 1447 debui
960 1395 1301 1442 contemnere
1330 1377 1634 1447 petitionem
1658 1378 1823 1431 tuam,
1855 1378 1955 1434 qua
1979 1360 2067 1415 dea

476 1489 722 1550 siderasti
744 1503 770 1539 a
800 1499 885 1538 me
911 1478 1111 1535 institui
1142 1466 1588 1544 quemadmodum
1611 1472 1661 1515 te
1686 1465 1929 1527 Oporteat
1957 1455 2066 1505 lima

479 1582 661 1640 reticis
704 1572 1048 1644 respondere,
1081 1580 1305 1636 quorum
1335 1561 1477 1616 salus
1528 1557 1578 1609 in
1610 1549 1819 1605 Domini
1865 1544 2072 1600 miseri-

490 1672 693 1735 cordia,
748 1664 994 1720 instantia
1024 1672 1233 1729 queque
1264 1664 1367 1708 tua:
1408 1644 1737 1703 streuuitatis
1767 1636 2071 1707 inquiritur.

489 1761 743 1833 Quamvis
792 1758 933 1813 enim
980 1755 1221 1820 ingentes
1262 1760 1448 1801 eorum
1494 1735 1863 1795 multitudines
1894 1728 2081 1802 (unde

488 1854 775 1926 plurimum
799 1847 1121 1919 gratulamur
1148 1840 1193 1910 ),
1212 1840 1337 1909 quid
1363 1836 1460 1890 sibi
1492 1827 1736 1885 beneﬁcii
1778 1824 2082 1881 conferatur

490 1947 817 2014 intelligant;
851 1939 1062 2010 quidam
1096 1943 1279 1987 tamen
1299 1942 1484 1984 eorum
1526 1925 1636 1979 Deo
1676 1928 1730 1974 et
1780 1916 2085 1972 hominibus

493 2037 780 2095 miserabili
812 2034 1061 2087 instinctu
1114 2024 1306 2079 luroris
1354 2018 1565 2090 ingrati,
1596 2015 1685 2069 ubi
1716 2011 1829 2066 suis
1853 2008 2085 2064 crrdibus

497 2147 597 2189 nos
643 2139 851 2183 vastare
900 2139 1004 2176 non
1056 2124 1300 2191 possunt,
1349 2128 1447 2167 suo
1486 2124 1584 2164 nos
1611 2104 1773 2162 exitio
1801 2112 2003 2157 terrere
2028 2112 2090 2153 se

499 2226 743 2288 credunt,
789 2227 881 2272 aut
924 2213 1163 2269 iustitiam
1212 2224 1362 2262 suam
1406 2212 1715 2274 quaerentes
1740 2197 1806 2251 de
1834 2193 2092 2250 mortibus

500 2315 717 2378 nostris,
753 2317 843 2365 aut
872 2306 1138 2361 tristitiam
1167 2310 1403 2355 nostram
1444 2295 1511 2350 de
1542 2291 1799 2347 mortibus
1831 2286 1959 2339 suis.
1987 2280 2093 2338 Sed

501 2425 610 2463 non
637 2404 795 2460 debet
820 2409 898 2455 tot
925 2406 1297 2462 tantorumque
1322 2387 1635 2459 pepulerunt
1669 2380 1893 2434 salutem
1926 2373 2094 2427 turio-

505 2515 597 2556 sus
618 2512 767 2552 error
789 2492 1063 2547 hominum
1109 2484 1365 2554 impedire
1394 2491 1703 2550 paucorum.
1740 2469 1875 2538 Quid
1907 2468 1985 2523 cis
2011 2482 2099 2519 vc-

508 2592 668 2646 limus
695 2604 800 2641 non
851 2584 1020 2638 solum
1050 2580 1191 2633 Deus
1218 2585 1272 2631 et
1301 2572 1595 2643 prudentes
1624 2563 1891 2625 homines,
1913 2573 2099 2612 verum

510 2684 671 2739 etiam
714 2679 835 2749 ipsi,
885 2690 1005 2730 cum
1050 2673 1157 2727 sint
1203 2668 1359 2723 nobis
1413 2658 1783 2719 inimicissimi,
1842 2653 2102 2709 sentiunt.

515 2778 645 2833 Cum
674 2774 813 2829 enim
836 2786 928 2827 sua
954 2766 1190 2839 pernicie
1219 2778 1316 2818 nos
1344 2756 1625 2815 terrendos
1650 2758 1855 2824 putant,
1882 2763 1989 2803 non
2015 2745 2105 2799 duc

522 2868 694 2925 hitant
715 2879 811 2919 nos
844 2863 1033 2916 timere
1055 2873 1123 2913 ne
1154 2860 1395 2927 pereant.

589 2960 641 3013 σε.
670 2956 773 3013 Sed
793 2953 917 3026 quid
942 2953 1214 3011 faciamus,
1245 2945 1483 2999 videntes
1505 2938 1645 3010 quod
1665 2934 1836 2997 multi,
1864 2931 2112 3000 adjuvan-

519 3064 576 3110 te
621 3051 865 3115 Domino,
894 3062 986 3116 per
1004 3042 1343 3099 occasionem
1368 3042 1599 3091 vestram
1623 3029 1759 3083 viam
1788 3025 1936 3095 pacis
1961 3024 2111 3077 inve-

526 3147 715 3204 niant?
770 3139 1023 3211 numquid
1054 3133 1339 3207 prohibere
1386 3143 1483 3183 vos
1525 3136 1808 3195 possumus
1837 3118 1921 3174 vel
1948 3115 2114 3170 debeo

526 3257 646 3296 mus
667 3237 732 3291 ab
755 3236 854 3289 hac
892 3229 1106 3286 unitatis
1128 3228 1400 3288 instantia,
1425 3222 1552 3275 dum
1589 3215 1873 3271 metuimus
1900 3224 1967 3264 ne
1996 3207 2117 3277 qui-

532 3333 652 3388 dam
677 3325 969 3387 durissimi,
987 3331 1041 3376 et
1067 3321 1117 3374 in
1141 3307 1747 3387 seipsoserudelissimi,
1778 3320 1882 3359 non
1910 3308 2133 3366 nostra,

537 3425 641 3482 sed
656 3422 866 3494 propria
884 3418 1156 3471 voluntate
1187 3426 1249 3467 se
1268 3404 1534 3479 perdant?
1560 3403 1878 3471 Optaretnus
1902 3395 2125 3464 quidem.

540 3484 801 3577 tuomnes
831 3514 919 3584 qui
948 3516 1139 3567 contra
1174 3504 1442 3560 Christum
1473 3503 1688 3567 portant
1726 3492 1941 3559 signum
1967 3484 2127 3540 Chri-

541 3616 637 3681 sti,
659 3622 713 3669 et
752 3577 941 3665 contra
968 3599 1311 3671 Evangelium
1357 3594 1426 3649 de
1462 3593 1579 3661 ipso
1622 3583 1939 3655 Evangelio,
1980 3577 2141 3649 quod

544 3724 649 3764 non
678 3702 996 3771 intelligunt,
1012 3694 1327 3767 gloriantur,
1348 3703 1378 3741 a
1398 3678 1863 3752 sua'perrersitate
1882 3671 2129 3729 discede-

546 3806 685 3864 rent,
713 3803 767 3849 et
791 3765 1065 3847 nobiscum
1089 3789 1141 3841 in
1167 3784 1284 3854 ejus
1308 3774 1847 3846 unitatevgauderent.
1871 3765 1976 3822 Sed
2000 3779 2131 3834 quo-

547 3904 693 3945 mam
724 3887 864 3939 Deus
887 3880 1096 3935 occulta
1118 3875 1252 3931 satis
1268 3869 1638 3939 dispbsitione,
1655 3863 1750 3919 sed
1774 3873 1945 3917 tamen
1969 3856 2137 3927 iustar

550 3977 839 4036 nonnullos
854 3986 1041 4027 eorum
1066 3966 1240 4039 poenis
1264 3957 1662 4034 prddestinavit
1686 3951 1976 4015 extremis;
2002 3963 2134 4018 pro-

556 4072 641 4128 cul
671 4068 831 4123 dubio
861 4064 1070 4127 melius,
1119 4051 1520 4125 incomparabili
1551 4046 1939 4103 numorositate
1963 4039 2135 4111 pluri-

562 4166 661 4221 mis
688 4162 755 4216 ab
780 4160 863 4214 illa
892 4154 1149 4227 pestifera
1165 4152 1512 4208 divisiorre‘et
1536 4140 1871 4211 dispersione
1897 4134 2145 4190 redime»

559 4255 724 4326 gratis
749 4262 906 4319 atque
947 4245 1208 4310 collectis,
1257 4239 1477 4311 quidam
1504 4231 1861 4301 seis'ignibus
1892 4229 2145 4295 pereunte

562 4322 717 4417 quam
748 4344 946 4414 pariter
972 4336 1206 4395 universi
1252 4328 1593 4402 sempiternis
1635 4325 1843 4397 ignibus
1869 4322 2145 4392 gehennam

566 4454 683 4495 rum
712 4410 901 4491 merito
926 4432 1195 4499 sacrilega!
1219 4422 1566 4482 dissensionis
1588 4418 1869 4473 ardebant;
1890 4414 1983 4469 Sic
2001 4410 2183 4465 enitr

569 4538 854 4603 pereuntes
884 4528 1017 4580 istos
1040 4524 1185 4579 dolet
1210 4520 1470 4583 Ecclesia,
1498 4502 2153 4586 quentadmadum'rebelu‘

574 4624 678 4679 lem
710 4620 877 4675 lilium
926 4623 1141 4671 sanctus
1162 4611 1349 4676 David,
1382 4608 1449 4662 de
1492 4604 1645 4674 cujus
1692 4602 1861 4655 salute
1890 4595 2150 4652 servanda

572 4713 796 4772 sollicita
822 4709 1103 4765 dilectiooe
1132 4701 1492 4757 mandaverat.
1524 4694 1655 4751 Nam
1687 4706 1810 4747 eum
1838 4689 2028 4743 merito
2055 4703 2152 4741 ne-

575 4806 746 4864 fanda:
792 4800 1077 4871 impietatis
1121 4795 1460 4855 exstinctum,
1495 4789 1655 4843 etiam
1690 4798 1811 4839 cum
1853 4780 2157 4838 testimonio

577 4901 889 4968 lacrymosac
912 4891 1057 4945 vocis
1096 4885 1386 4955 ingemuit:
1416 4886 1781 4935 verumtamen
1833 4872 2062 4943 superbo
2103 4870 2173 4925 et

582 4990 812 5055 maligno
836 4982 1147 5038 discedente
1175 4979 1226 5031 in
1266 4977 1436 5031 locum
1464 4986 1640 5037 suum,
1671 4967 1897 5039 pupulas
1925 4964 2039 5032 Dei,
2069 4962 2161 5032 qui

584 5081 753 5136 fuerat
790 5077 931 5130 illius
978 5071 1255 5145 tyrannide
1280 5067 1502 5127 divisus,
1531 5064 1745 5132 agnovit
1762 5074 1940 5131 regem
1971 5069 2164 5121 suum;

585 5184 639 5230 et
657 5172 723 5225 de
743 5169 938 5223 amisso
966 5166 1073 5219 lilio
1091 5157 1585 5229 mosrorem‘patris,
1609 5152 1868 5225 perfectio
1891 5148 2166 5205 consulatu

588 5274 669 5321 est
695 5256 951 5331 unitatis(
980 5257 1023 5312 ll
1058 5255 1183 5327 Reg.
1215 5269 1369 5317 xvm,
1399 5248 1550 5321 XIX).

661 5359 713 5412 ’5.
760 5353 875 5409 Non
928 5352 1105 5420 itaque
1138 5343 1593 5415 reprehendimus,
1620 5336 1835 5393 domine
1880 5333 2073 5389 eximie
2118 5338 2174 5387 et

596 5450 920 5509 honorabilis
949 5447 1039 5509 ﬁli,
1076 5443 1214 5515 quod
1260 5442 1394 5496 tales
1434 5437 1675 5492 homines
1713 5431 1851 5502 apud
1877 5429 2176 5500 Thamuga-

599 5552 718 5608 dem
746 5549 891 5617 prius
920 5545 1095 5599 edicto
1142 5536 1503 5594 admonendos
1538 5528 1851 5587 existimasti
1877 5545 1891 5581 :
1915 5525 2005 5579 sed
2032 5522 2176 5595 quod

599 5641 885 5707 ibidixisti,
917 5635 1171 5692 Noveritis
1192 5649 1277 5689 vos
1299 5629 1476 5684 debin
1496 5625 1603 5681 neci
1623 5621 1836 5686 dandos,
1865 5622 2183 5690 putaverunt

603 5736 739 5791 sicut
760 5747 940 5785 eorum
969 5728 1222 5796 rescripta
1262 5722 1513 5787 indicant,
1552 5718 1661 5771 hoc
1684 5724 1735 5769 te
1764 5712 1924 5767 fuisse
1954 5707 2180 5763 commi-

670 5850 687 5865 '
711 5849 931 5892 correcta
948 5843 1085 5901 juxta
1109 5840 1157 5887 if.
1183 5852 1256 5887 vc.
1282 5852 1329 5887 ν.
1355 5844 1454 5884 Am.
1480 5832 1588 5882 Bad.
1615 5837 1687 5878 Er.
1715 5836 1822 5876 ιον.

674 5922 889 5987 (a)_Alias
918 5922 973 5969 61
999 5936 1010 5968 :
1032 5932 1141 5982 quae
1164 5926 1326 5967 autem
1348 5915 1439 5966 204
1463 5920 1594 5974 erat,
1617 5924 1743 5961 nunc
1768 5910 1871 5959 175.
1896 5908 2071 5968 scripta
2094 5906 2195 5954 εἴπ’-ι·

610 5984 733 6042 alter
754 5984 844 6034 hoc
857 5990 1063 6043 tempus.

1691 513 1747 567 S.
1790 495 2152 563 AUGUSTINI
2193 486 2495 549 EPlSCOPl

2144 621 2323 666 natum
2345 606 2487 678 quod
2509 616 2562 659 tu
2588 603 2709 657 illos
2726 598 3089 670 apprehensos
3114 592 3291 648 fueras
3306 589 3579 655 occisurus,
3594 604 3689 644 non

2148 704 2512 772 intelligentes
2541 696 2613 752 de
2637 695 2724 749 illa
2753 707 2906 758 nece,
2948 701 3105 759 quam
3133 684 3234 755 ipsi
3258 682 3355 737 sibi
3378 681 3547 737 volunt
3567 681 3692 752 inge~

2151 813 2302 861 rere,
2340 804 2395 847 te
2428 793 2682 845 locutumt
2716 781 2998 840 Nouleuim
3029 788 3085 833 tu
3118 778 3173 831 in
3202 789 3293 831 eos
3314 774 3400 843 jus
3420 771 3569 843 gladii
3592 771 3698 827 ullis

2154 886 2361 957 legibus
2377 879 2652 951 accepisti,
2674 883 2762 929 aut
2790 869 3154 942 imperialibus
3166 865 3481 930 constitutis,
3498 878 3699 933 quorum

2159 976 2256 1032 tibi
2272 975 2503 1045 injuneta
2527 980 2617 1026 eat:
2644 964 2937 1028 exsecutio,
2968 962 3069 1015 hoc
3094 965 3415 1029 praeceptum
3453 964 3531 1009 est
3554 963 3604 1008 ut
3622 967 3703 1008 ne-

2161 1044 2369 1124 ccntur.
2398 1060 2647 1119 Secundo
2677 1072 2807 1112 sane
2846 1053 3021 1110 edicto
3069 1044 3374 1104 Dilectionis
3403 1054 3503 1099 tute
3529 1044 3709 1114 planius

2164 1159 2291 1232 quid
2347 1153 2580 1212 volueris
2639 1147 2913 1221 aperuisti.
2943 1142 3095 1213 Quod
3150 1147 3325 1194 autem
3365 1137 3518 1192 etiam
3562 1135 3714 1205 ipsum

2168 1225 2476 1323 episcopum
2499 1245 2573 1315 (a)
2597 1242 2805 1296 illorum
2821 1235 3018 1309 putasti
3040 1230 3229 1287 litteris
3246 1226 3606 1297 alloquendutn
3630 1225 3713 1277 hu-

2171 1342 2510 1404 manissime;
2543 1334 2821 1392 ostendisti
2842 1338 3040 1401 quanta
3067 1320 3469 1380 mansuetudine
3493 1327 3723 1387 tempera-

2174 1437 2213 1491 ti
2243 1436 2348 1489 sint
2370 1433 2425 1486 in
2455 1428 2714 1484 catholica
2751 1422 2985 1479 Ecclesia
3015 1418 3174 1472 etiam
3208 1413 3298 1485 qui
3323 1418 3573 1482 potestate
3604 1407 3725 1463 chri-

2177 1527 2331 1582 stiani
2352 1520 2712 1592 Imperatoris,
2736 1517 2847 1571 sive
2868 1510 3136 1569 terrendo.
3150 1508 3265 1563 sive
3284 1502 3559 1576 plectendo
3584 1500 3733 1555 corri-

2180 1617 2367 1691 gendis
2392 1591 2749 1684 przeliciunlur
2773 1606 3075 1667 erroribus;
3110 1598 3212 1655 nisi
3241 1596 3382 1669 quod
3408 1591 3732 1651 honoriﬁcen-

3602 466 3689 546 ω
3708 542 3713 546 .

2184 1686 2405 1765 tioribus
2424 1722 2549 1762 eum
2564 1702 2744 1758 verbis
2765 1697 3002 1755 tractasti
3025 1709 3181 1765 quam
3203 1686 3735 1747 decebathaereticum.

2256 1802 2309 1856 4.
2332 1798 2436 1855 Sed
2464 1795 2603 1866 quod
2630 1793 2744 1863 ejus
2780 1786 3112 1859 responsioni
3136 1798 3223 1838 me
3246 1777 3568 1849 respondere
3591 1773 3738 1831 volui.

2191 1894 2280 1955 sti,
2311 1890 2472 1946 credo
2504 1898 2553 1941 te
2579 1886 2891 1940 arbitratum
2922 1879 3083 1933 etiam
3120 1866 3747 1939 hoc'l‘ltamugadensibu

2192 1986 2389 2041 debere
2418 1977 2682 2051 priestari,
2707 1980 2767 2029 ut
2793 1973 2946 2025 fallax
2973 1966 3213 2024 doctrina
3241 1962 3409 2032 ipsius
3432 1975 3461 2013 a
3484 1956 3742 2030 quosedtt-

2194 2078 2471 2138 ccbantur,
2500 2071 2775 2139 aliquanto
2798 2060 3102 2131 diligentius
3128 2055 3400 2113 refellatur
3429 2069 3445 2106 :
3474 2066 3644 2105 verum
3669 2061 3751 2103 nos

2197 2178 2252 2224 et
2275 2161 2668 2235 occupatissimi
2697 2171 2900 2218 sumus,
2932 2162 2984 2207 et
3005 2151 3116 2221 jam
3135 2150 3187 2202 in
3217 2149 3341 2202 aliis
3368 2143 3597 2216 plurimis
3628 2154 3743 2209 Opu-

2201 2259 2361 2313 sculis
2388 2254 2583 2308 nostris
2613 2244 2915 2318 httjusmodi
2942 2239 3239 2309 vaniloquia
3266 2232 3622 2292 refutavimus.
3653 2229 3752 2285 iam

2202 2353 2343 2408 enim
2372 2346 2553 2404 nescio
2577 2342 2789 2414 quoties
2808 2334 3127 2406 disputando
3146 2341 3201 2386 et
3214 2327 3497 2386 scribendo
3526 2334 3756 2380 monstra-

2206 2444 2378 2498 vimus
2406 2455 2511 2493 non
2541 2450 2636 2491 eos
2664 2446 2821 2503 posse
2850 2430 3046 2483 habere
3074 2435 3372 2493 martyrum
3402 2427 3643 2481 mortem,
3658 2414 3760 2485 quia

2207 2534 2619 2590 christianorum
2650 2540 2757 2581 non
2784 2522 2979 2577 habent
3002 2518 3198 2580 vitam;
3221 2529 3349 2569 cum
3379 2521 3651 2581 martyrem
3673 2520 3767 2560 non

2213 2627 2378 2682 faciat
2404 2637 2582 2693 pana,
2610 2617 2705 2673 sed
2731 2628 2912 2671 causa.
2938 2609 3232 2665 Docuimus
3262 2604 3429 2659 etiam
3456 2600 3667 2655 liberum
3690 2610 3764 2649 ar-

2210 2688 2427 2775 bitrium
2451 2714 2531 2768 sic
2557 2707 2760 2765 homini
2782 2706 2986 2769 datum,
3017 2710 3077 2755 ut
3097 2708 3277 2753 tamen
3305 2704 3363 2751 et
3385 2690 3571 2749 divinis
3594 2688 3765 2759 legibus

2124 2887 2153 2901 ”
2218 2904 2327 2959 sint
2349 2905 2719 2969 peccatorum;
2762 2898 2817 2946 et
2843 2888 3108 2959 pertinere
3126 2880 3197 2936 ad
3224 2879 3505 2950 religiosos
3528 2887 3668 2943 reges
3680 2880 3769 2925 ter-

2219 3011 2317 3060 τω,
2343 2959 2449 3046 non
2480 2988 2652 3043 solum
2689 2980 2948 3039 adulteria
2974 2977 3059 3031 vel
3084 2971 3376 3028 homicidia
3401 2968 3485 3024 vel
3512 2959 3775 3035 huiusmodi

2222 3087 2328 3143 alia
2358 3083 2556 3153 ﬂagitia
2577 3095 2670 3134 seu
2693 3076 2949 3136 facinora,
2974 3085 3158 3126 verum
3175 3067 3345 3121 etiam
3361 3061 3625 3132 sacrilegia
3650 3070 3779 3112 seve-

2225 3180 2386 3236 ritate
2413 3148 2644 3243 cbngrua
2666 3167 2919 3225 cohibere
2940 3164 3012 3237 (ὁ)
3038 3180 3049 3215 :
3082 3161 3429 3229 multumque
3444 3156 3561 3212 illos
3577 3152 3675 3208 falli
3698 3148 3773 3220 qui

2229 3277 2423 3344 putant
2451 3284 2481 3322 a
2523 3242 2692 3319 nobis
2722 3260 2865 3315 tales
2885 3253 3263 3322 istos-suscipi,
3302 3251 3489 3321 quales
3512 3255 3649 3313 sunt,
3685 3242 3783 3314 quia

2231 3375 2453 3418 noneos
2483 3355 2892 3426 rebaptizamus.
2916 3346 3199 3416 Quomodo
3210 3346 3365 3399 enim
3382 3343 3515 3399 tales
3530 3336 3782 3406 suscipiun-

2234 3468 2319 3513 tur
2342 3454 2525 3525 quales
2549 3458 2694 3515 sunt,
2716 3460 2835 3501 cum
2848 3443 2956 3497 sint
2980 3440 3237 3505 haeretici,
3254 3446 3320 3492 et
3333 3434 3403 3490 ad
3427 3440 3783 3489 nostranseune

2236 3548 2306 3603 do
2335 3519 2463 3600 {iant
2477 3536 2760 3596 catholici?
2782 3530 3120 3604 Nequeooim
3141 3538 3430 3598 propth
3454 3522 3609 3579 corda
3631 3519 3787 3589 depra»

2239 3646 2363 3692 vata
2393 3649 2500 3690 non
2524 3632 2649 3687 licet
2691 3624 2909 3696 corrigi,
2964 3622 3086 3694 quia
3115 3620 3478 3677 Sacramenta
3504 3611 3660 3670 semel
3685 3607 3792 3664 data-

2240 3747 2345 3788 non
2380 3730 2504 3783 licet
2530 3723 2728 3780 iterari.

2310 3824 2368 3881 5.
2409 3822 2483 3877 De
2521 3816 2781 3873 mortibus
2815 3820 3012 3868 autemv
3034 3806 3415 3864 furiosissimis
3444 3795 3785 3872 quas-quidam

2244 3931 2431 3974 eorum
2459 3912 2565 3983 ipsi
2588 3909 2686 3964 sibi
2714 3906 2965 3968 inferunt,
2993 3902 3067 3957 de
3089 3901 3288 3971 quibus
3314 3887 3799 3957 soleutdatestabilu

2247 4021 2302 4067 et
2320 4004 2713 4063 abominabiles
2723 4015 2843 4055 esse
2858 3997 3039 4052 multis
3059 3994 3218 4048 etiam
3234 3995 3379 4057 suis,
3400 3986 3805 4059 quorummew

2249 4099 2513 4157 dementia
2539 4111 2641 4149 non
2670 4101 2809 4147 tanta
2838 4086 3092 4160 possedit,
3119 4083 3198 4140 eis
3224 4083 3522 4138 secundum
3544 4076 3798 4144 δεήρωῦ

2251 4194 2597 4258 rationesque
2639 4184 3081 4241 Clarimianorumf
3107 4190 3251 4245 saepe
3298 4173 3667 4244 resptutdimusi
3690 4175 3797 4235 qs!-

2254 4286 2397 4341 niam
2423 4254 2680 4350 scriptum
2708 4284 2790 4331 est
2814 4294 2826 4329 :
2858 4273 2958 4339 Qui
2980 4271 3081 4326 sibi
3095 4285 3345 4341 aequm,
3369 4254 3811 4331 authentilech-

2256 4390 2372 4440 xrv,
2404 4374 2437 4428 5
2459 4373 2478 4443 )
2500 4348 2657 4426 ?'Aut
2695 4376 2842 4422 certe
2870 4366 2922 4419 in
2952 4362 3151 4419 eisdem
3188 4361 3429 4430 positum
3474 4348 3809 4411 tractationibus

2256 4467 2397 4523 mori
2427 4465 2691 4519 volentem
2727 4457 2933 4514 occidat
2971 4464 3025 4510 et
3060 4452 3403 4524 proximum»,
3434 4449 3522 4519 qui
3558 4444 3649 4501 sibi
3676 4451 3804 4507 expo-

2261 4562 2377 4616 dire
2414 4569 2468 4613 ct
2503 4557 2665 4612 licere
2693 4560 2839 4623 putat
2866 4548 3117 4603 occidere
3131 4545 3403 4614 seipsum,
3422 4539 3667 4611 quoniam

2262 4661 2418 4725 ptura
2448 4650 2613 4705 dicit:
2644 4645 2837 4717 Diliges
2864 4642 3325 4715 promittam-tuum
3360 4644 3609 4703 inlaqueat
3632 4625 3815 4694 τόνοι*-

2266 4711 3813 4822 2W.xtx,ts,et'ua}o.nisi).multisauemjouemtw

2267 4807 2473 4906 legibus
2497 4807 2583 4887 vel
2620 4826 2868 4899 legitimis
2892 4820 3239 4895 potestatibus
3261 4858 3283 4882 γ
3310 4830 3417 4872 non
3442 4815 3601 4867 licere
3623 4807 3808 4860 alterum

2270 4928 2514 4987 occidere
2532 4966 2547 4991 ,
2575 4923 2731 4978 etiam
2761 4919 3023 4973 volentem
3052 4922 3109 4969 et
3133 4918 3403 4983 petentem
3419 4942 3437 4974 ,
3460 4917 3521 4960 et
3547 4904 3706 4957 vivere
3720 4895 3813 4965 ista

2273 5038 2381 5078 non
2412 5018 2697 5077 valentem,
2730 5011 2859 5066 satis
2889 5008 3083 5062 iudicat
3108 5003 3381 5073 Scriptura
3413 4999 3715 5067 Regnorum,
3741 4982 3809 5065 ubi

2276 5132 2371 5172 rex
2416 5108 2580 5166 David
2625 5105 2767 5177 regis
2804 5102 2977 5158 Saulis
3030 5068 3426 5152 interfectorem
3468 5076 3620 5159 jussit
3655 5068 3817 5140 οωῑύῖνη

2278 5223 2398 5266 cum
2426 5204 2515 5260 ille
2541 5200 2762 5277 dixisset
2788 5196 2854 5250 ab
2874 5210 2943 5250 ee
2960 5193 3070 5263 jam
3097 5189 3274 5243 saucio
3303 5196 3466 5255 atque
3489 5178 3719 5235 semiviro
3741 5168 3815 5239 p6-

2282 5302 2437 5357 titum
2476 5310 2534 5352 se
2572 5274 2735 5347 iubae
2772 5299 2830 5343 ut
2866 5286 2967 5340 hoc
3008 5281 3227 5346 faceret,
3265 5285 3319 5332 et
3354 5254 3581 5328 animam
3614 5254 3821 5332 corporii

2283 5394 2510 5450 nexibus
2564 5385 2921 5441 obluctantem
2977 5374 3213 5443 solvique
3256 5368 3557 5437 cupientem
3600 5366 3695 5412 mo

2287 5484 2520 5543 vulneris
2543 5436 2743 5535 abwillis
2771 5470 3090 5529 cruciatibus
3120 5436 3368 5521 liberaret
3392 5456 3457 5531 (ll
3483 5456 3599 5525 Reg.
3622 5467 3657 5516 ι,
3682 5436 3814 5543 ί-(ϐξ.

2546 5532 2683 5645 quia
2709 5568 2881 5623 omnis
2915 5563 3002 5634 qui
3042 5561 3156 5614 sine
3182 5556 3282 5611 ulla
3308 5552 3548 5645 legitimis

2292 5608 2518 5637 ι’ϊυιιιυῠ
2559 5608 2683 5645 llqu
2710 5608 2881 5623 υιιιυιυ
2917 5608 3002 5634 Ὶηιιι-
3042 5608 3153 5614 ν---
3188 5608 3227 5611 _,
3360 5608 3389 5621 υ
3583 5608 3596 5613 _

2292 5669 2603 5727 auctoritate
2632 5660 2899 5717 hominem
2932 5652 3156 5715 occidit,
3185 5642 3443 5703 homicida
3476 5646 3591 5703 est;
3618 5608 3817 5703 quisqui;

2566 5754 2763 5812 occidit
2797 5766 2902 5807 non
2942 5749 3012 5803 si!
3051 5739 3338 5807 homicida,
3368 5737 3421 5792 si
3442 5746 3549 5790 non

2361 5895 2432 5953 (a)
2453 5880 3231 5953 GaudentiuthhamugaGmSGIn

2363 5895 2412 5953 (a
2453 5895 2766 5941 Gaudentium
2789 5895 2810 5933 Ἰ

2363 5895 2434 6019 (bl
2458 5964 2508 6005 ιιι
2538 5953 2665 6015 Epist
2703 5948 2810 5999 185.
