3990 6384
314 398 421 456 θιί

310 600 569 655 monibus
595 610 650 657 et
671 602 862 659 litteris
886 605 1136 661 diximus.

382 692 437 747 6.
484 693 891 763 Verumtamen,
919 701 1059 767 quod
1089 702 1352 757 fatendum
1380 716 1489 771 est,
1518 708 1584 762 de
1615 709 1715 762 isto
1742 706 1904 763 Razio

304 787 566 853 seniore,
590 804 749 859 quem
789 807 996 847 summa
1037 798 1402 865 exemplorum
1432 801 1604 870 inopia
1646 804 1901 859 cmrctati

300 892 363 933 se
390 878 448 933 in
476 879 907 938 chhabemum
934 886 1098 951 libris,
1126 891 1274 959 φηιεί
1300 890 1365 944 ad
1394 892 1757 948 auctoritatem
1788 908 1903 953 sce-

297 969 441 1027 leris
460 988 571 1041 quo
582 975 799 1044 ceipsos
816 978 1062 1047 perdunt,
1089 984 1432 1049 perscrutatis
1454 988 1698 1042 omnibus
1720 989 1897 1046 eccle-

294 1064 539 1121 siasticis
586 1070 1021 1141 auctoritatibus,
1069 1075 1155 1129 vix
1202 1076 1486 1149 aiiquando
1533 1096 1592 1137 se
1633 1083 1900 1140 invenisse

290 1156 621 1227 gloriantur,
654 1158 830 1219 adimo
866 1166 945 1221 eis
989 1180 1255 1239 nunquam
1296 1175 1640 1243 respondisse
1684 1194 1768 1232 me
1812 1196 1897 1235 re-

289 1247 446 1303 cttb.
476 1249 618 1315 Sed,
645 1255 795 1324 quod
818 1264 922 1312 tua!
944 1257 1196 1315 Cbaritati
1221 1269 1274 1316 et
1303 1263 1649 1332 prudentibus
1675 1268 1896 1337 quibus-

287 1355 402 1410 que
433 1342 666 1400 sufﬁciat
689 1347 756 1401 ad
788 1348 917 1403 istos
946 1351 1357 1422 redarguendos,
1383 1358 1425 1411 si
1455 1358 1519 1412 ad
1554 1363 1709 1415 vitam
1737 1358 1895 1417 Chri-

286 1433 598 1488 stianorum
627 1434 901 1493 domum
941 1444 1099 1511 gente
1137 1452 1295 1515 atque
1334 1445 1436 1502 illis
1466 1448 1683 1507 Litteris
1721 1455 1890 1523 parati

284 1534 426 1578 sum
452 1528 695 1583 omnium
729 1529 984 1587 uictorum
1010 1532 1029 1566 ¹
1060 1536 1301 1607 exempla
1335 1541 1619 1598 transferre
1640 1588 1653 1608 ,
1689 1556 1813 1601 tunc
1838 1557 1893 1604 et

283 1613 405 1671 hoc
442 1618 787 1676 transierant.
819 1621 877 1679 Si
917 1635 1092 1681 autem
1139 1628 1246 1683 illic
1285 1641 1408 1687 sunt
1440 1636 1663 1703 plurima
1706 1654 1890 1696 eorum

280 1720 516 1778 quoque
556 1710 867 1778 hominum,
916 1718 1003 1785 qui
1048 1718 1363 1777 Litterarum
1413 1720 1619 1781 illarum
1667 1731 1893 1791 veritate

279 1796 497 1855 laudati
524 1814 680 1871 sunt,
711 1806 795 1860 vel
836 1808 958 1864 huic
990 1806 1099 1880 jam
1134 1817 1355 1883 tempori
1390 1834 1491 1873 non
1520 1823 1892 1881 convenientia

278 1890 365 1945 vel
417 1893 580 1947 etiam
623 1894 714 1950 illo
756 1906 995 1969 tempore
1035 1918 1138 1958 non
1184 1915 1326 1962 recte
1369 1908 1540 1977 facta;
1584 1913 1690 1969 tale
1729 1917 1888 1972 etiam

276 1982 397 2037 hoc
425 1992 543 2052 est,
575 1988 715 2056 quod
746 1990 799 2044 in
844 1993 1075 2061 seipsum
1119 1995 1307 2052 Razius
1337 1998 1434 2055 iste
1465 2006 1730 2059 commisit
1756 2026 1769 2061 :
1799 2009 1887 2078 qui

272 2091 411 2131 cum
439 2087 586 2133 esset
613 2079 755 2150 apud
782 2097 904 2138 suos
933 2086 1157 2157 nobilis,
1189 2100 1241 2144 et
1273 2093 1493 2149 multum
1523 2096 1572 2149 in
1613 2097 1887 2158 Judaismo

270 2166 609 2236 profecisset
637 2169 795 2241 (quas
820 2174 919 2228 sibi
961 2176 1013 2230 in
1044 2182 1438 2248 comparatione
1476 2185 1695 2255 justitize
1739 2192 1885 2245 cluri-

271 2261 481 2315 stiame
506 2260 697 2317 damna
726 2271 777 2317 et
805 2276 1036 2320 stercora
1070 2268 1230 2326 fuisse
1258 2271 1385 2328 dicit
1416 2278 1700 2344 Apostolus
1726 2277 1885 2353 [Plii-

270 2352 420 2423 lipp.
454 2366 534 2418 m,
556 2351 673 2427 8]),
703 2364 757 2409 et
786 2366 1003 2428 propter
1045 2360 1143 2416 hoc
1174 2362 1310 2418 idem
1347 2362 1535 2422 Razius
1576 2351 1883 2429 iud-morum

268 2453 446 2515 pater
495 2448 887 2517 appellaretur;
939 2453 1064 2523 quid
1119 2456 1310 2511 mirum
1363 2472 1481 2523 est,
1532 2463 1575 2517 si
1633 2474 1881 2537 tanquam

267 2538 493 2595 homini
522 2543 681 2599 elatio
706 2548 930 2615 superba
959 2546 1252 2619 subrepsit,
1280 2563 1335 2607 ut
1362 2555 1542 2611 mallet
1569 2574 1725 2613 manu
1754 2575 1880 2631 pro-

268 2633 401 2702 pria
440 2636 646 2703 perimi,
690 2652 848 2707 quam
895 2648 1014 2709 post
1053 2642 1192 2697 illam
1230 2645 1282 2699 in
1322 2662 1541 2703 suorum
1578 2654 1887 2721 aSpectibus

265 2726 684 2794 celsitudinem,
711 2732 976 2789 sustinere
1002 2732 1271 2808 indignam
1298 2738 1351 2795 in
1380 2740 1609 2798 hostium
1633 2746 1887 2804 manibus

265 2819 599 2874 servitutem
624 2821 650 2874 ?

344 2908 413 2963 7.
456 2910 643 2966 Solent
684 2910 732 2967 in
764 2915 954 2973 litteris
981 2910 1266 2978 Gentilium
1308 2924 1408 2980 ista
1450 2916 1672 2985 laudari.
1704 2930 1761 2986 ln
1791 2932 1876 2988 his

260 3008 465 3056 autem
495 3002 915 3063 Machabmorum
944 3011 1093 3067 libris
1122 3016 1361 3083 quamvis
1389 3016 1548 3074 homo
1575 3020 1689 3091 ipse
1716 3022 1879 3079 fuerit

260 3093 532 3151 laudatus
551 3139 566 3163 ,
596 3095 793 3155 factum
824 3111 996 3160 tamen
1026 3107 1142 3178 ejus
1169 3120 1441 3167 narratum
1475 3124 1591 3183 est,
1619 3132 1723 3171 non
1756 3119 1873 3174 lau-

256 3186 486 3251 datum,
527 3196 581 3241 et
612 3189 956 3260 judicandum
987 3201 1161 3268 potius
1189 3218 1348 3273 quam
1380 3205 1689 3265 imitandum
1719 3216 1873 3284 quasi

256 3287 407 3334 ante
435 3280 621 3336 Oculos
649 3287 995 3344 constitutum
1021 3310 1034 3355 ;
1064 3309 1169 3348 non
1197 3311 1326 3353 sane
1356 3310 1543 3357 nostro
1563 3304 1763 3371 judicio
1783 3308 1875 3378 ju—

257 3370 591 3438 dicandum,
625 3377 764 3446 quod
795 3394 894 3445 nm
920 3398 1131 3455 quoque
1156 3395 1219 3441 ut
1252 3390 1495 3448 homines
1523 3370 1874 3470 habere'pos-

259 3474 483 3528 scmus,
535 3466 633 3520 sed
672 3466 872 3537 judicio
916 3470 1172 3531 doc’trime
1214 3481 1429 3551 sobriae,
1478 3503 1601 3556 qua:
1640 3490 1695 3544 in
1740 3466 1878 3561 ipsis

259 3570 494 3628 quoque
532 3556 704 3616 Libris
734 3564 1001 3621 veteribus
1040 3570 1180 3626 clara
1210 3583 1314 3630 est.
1342 3574 1525 3649 Longe
1550 3582 1745 3652 quippe
1763 3556 1881 3644 luit

260 3648 381 3704 iste
414 3647 606 3707 Razius
632 3668 662 3708 a
688 3652 863 3711 verbis
894 3657 1018 3723 illis,
1051 3663 1136 3718 ubi
1167 3666 1395 3735 legitur:
1432 3647 1594 3729 (inme
1620 3647 1756 3746 quod
1780 3680 1870 3735 tibi

263 3738 580 3811 applicitum
626 3744 777 3817 fuerit
821 3751 1031 3821 accipe,
1069 3763 1123 3832 et
1157 3757 1208 3811 in
1255 3760 1430 3816 dolore
1472 3738 1683 3832 sustine,
1721 3779 1773 3823 et
1814 3774 1869 3826 in

264 3832 565 3887 humilitate
594 3842 681 3889 tua
712 3838 1003 3908 patientiam
1031 3830 1157 3900 habe
1185 3848 1367 3921 (Eccli.
1402 3870 1457 3919 ιι,
1487 3856 1564 3925 4).
1595 3830 1711 3913 Non
1738 3877 1869 3933 ergo

264 3920 377 3975 fuit
419 3924 520 3999 iste
568 3924 646 3979 vir
690 3928 948 4000 eligendae
992 3936 1177 3994 mortis
1219 3941 1453 4010 sapiens,
1490 3920 1585 4001 sed
1634 3920 1877 4009 ferendae.

264 4008 594 4073 humilitatis
624 4016 924 4089 impatiens.

346 4102 404 4159 8.
446 4098 711 4177 Scriptum
757 4123 838 4167 est
879 4116 1019 4185 quod
1057 4118 1281 4177 voluerit
1315 4123 1547 4182 nobiliter
1582 4138 1629 4182 et
1660 4133 1873 4190 viriliter

269 4197 411 4251 mort
431 4212 449 4261 ;
478 4196 577 4255 sed
602 4204 853 4275 numquid
886 4206 1006 4263 ideo
1030 4212 1339 4280 sapienter?
1364 4213 1617 4276 Nabiliter
1635 4225 1871 4296 scilicelp

273 4301 346 4342 ne
375 4286 674 4347 libertatem
710 4294 791 4349 sui
820 4300 1029 4368 generis
1057 4306 1301 4372 captivus.
1321 4310 1626 4368 amitteret:
1656 4316 1866 4375 viriliter

273 4388 479 4447 autem,
521 4384 661 4454 quod
696 4397 866 4442 lautas
900 4392 1041 4448 vires
1077 4397 1236 4451 animi
1268 4398 1511 4470 haberet,
1533 4407 1722 4474 quibus
1748 4410 1866 4466 ido-

276 4480 414 4526 neus
459 4483 602 4529 esset
640 4486 696 4531 ut
735 4495 794 4533 se
834 4481 947 4551 ipse
983 4485 1309 4556 perimeret;
1350 4494 1490 4562 quod
1528 4497 1702 4565 gladio
1738 4516 1867 4558 cum

274 4560 501 4632 implere
532 4581 635 4620 non
664 4580 862 4636 posset,
890 4570 958 4629 de
987 4591 1140 4633 muro
1168 4595 1228 4634 se
1266 4560 1589 4654 praicipiteiu
1612 4588 1781 4655 dedit,
1808 4607 1865 4650 et

274 4652 353 4711 sic
391 4655 565 4712 adhuc
594 4656 745 4716 vivus
771 4662 1047 4736 abruptam
1078 4674 1316 4727 cucurrit
1336 4676 1403 4735 ad
1430 4652 1636 4746 petram
1656 4722 1672 4749 ,
1700 4692 1869 4756 om

274 4746 347 4801 ibi
368 4747 479 4817 jam
508 4754 789 4825 exsanguis
813 4756 1057 4815 intestina
1086 4775 1185 4818 sua
1209 4766 1473 4833 produxit,
1496 4788 1613 4840 qum
1637 4746 1871 4849 utra-ite:

242 4832 248 4843 ’
272 4854 443 4925 manu~
462 4841 713 4913 dissipata
744 4852 1027 4918 spargebat.
1048 4852 1100 4906 in
1129 4832 1397 4924 populum,
1414 4832 1481 4916 ac
1497 4832 1697 4923 deinde

274 4946 337 4986 ea
360 4920 607 4990 defessus
633 4938 880 4994 occubuit
904 4942 921 5012 (
950 4941 990 4996 ll
1021 4920 1255 5001 Maenala.
1285 4920 1397 5019 xw,
1420 4955 1576 5011 5746
1602 4961 1641 5029 ).

277 5021 391 5077 haec
438 5035 595 5095 sunt,
637 5045 735 5085 nec
772 5040 947 5087 tamen
988 5035 1165 5093 bona:
1205 5055 1323 5097 non-
1355 5045 1494 5101 enim
1538 5048 1730 5108 bonum
1773 5065 1859 5114 est

276 5130 433 5172 omne
462 5120 602 5190 quod
635 5138 878 5193 maguum
908 5134 1029 5195 est;
1055 5132 1304 5201 quoniam
1330 5147 1456 5194 sunt
1483 5157 1673 5213 magna
1694 5149 1863 5205 etiam.

278 5211 430 5266 mala.
483 5213 619 5269 Deus
659 5214 792 5271 dixit
830 5236 843 5273 :
893 5218 1216 5279 lnnocentem
1253 5239 1299 5282 et
1322 5231 1523 5299 justum
1559 5254 1625 5291 ne
1655 5242 1859 5298 occidas

278 5299 487 5368 (Exod.
518 5321 676 5367 χχιιι.
709 5308 791 5381 7).
818 5310 869 5366 Si
901 5328 1030 5384 ergo
1056 5316 1153 5372 iste
1185 5319 1445 5380 innocens
1466 5337 1529 5383 et
1542 5329 1717 5397 justus
1745 5352 1853 5394 non

275 5393 392 5461 fuit,
421 5413 518 5453 cur
543 5403 853 5473 proponitur
881 5407 1207 5467 imitandus?
1232 5413 1289 5469 Si
1318 5425 1491 5474 autem
1519 5393 1775 5483 itmoeens
1797 5393 1865 5486 et.

270 5484 447 5555 justus
473 5486 604 5559 fuit,
634 5508 799 5565 quare
841 5498 1149 5557 interfector
1188 5506 1571 5569 innoceotiset
1594 5516 1759 5588 justi,

275 5591 353 5638 est
379 5584 547 5655 ipsius
575 5588 739 5656 Razii,
773 5593 988 5665 insuper
1014 5607 1226 5666 putatur
1248 5617 1367 5658 esse
1395 5584 1731 5669 laudandus?

343 5674 397 5732 9.
439 5674 563 5735 Hac
589 5680 798 5739 interim
820 5727 833 5749 ,
864 5702 932 5741 ne
960 5689 1178 5744 nimium
1211 5697 1411 5762 prolixa
1445 5700 1553 5770 liat,
1586 5702 1709 5761 huic
1735 5709 1853 5781 epi-

256 5769 422 5823 ’διοιςιι
466 5772 750 5838 ἰωριωιὰτιο
789 5779 917 5830 satis
954 5782 1078 5834 sint.
1115 5782 1289 5839 Debeo
1330 5800 1504 5845 autent
1551 5769 1861 5871 Tham‘uéaa

339 5885 350 5915 ¹
378 5888 433 5915 ’λ⁵
540 5898 715 5935 ςίηήρίυν
824 5896 1053 5939 πίνω-Μ
1090 5908 1130 5940 Μ
1198 5914 1282 5949 ἃς.
1311 5904 1539 5954 fatorum

1525 406 2003 465 EPISTOLARUM
2040 411 2315 474 CLASSIS
2354 420 2437 475 ΙΙΙ.

312 507 448 564 Hae
489 510 672 566 omnia
699 512 1023 567 multimodis
1063 515 1114 569 in
1145 517 1262 572 aliis
1289 517 1531 589 plurimis
1565 523 1758 577 nostris
1797 537 1908 579 ser-
2013 525 2160 581 densi

2012 618 2139 672 mihi
2171 629 2224 674 et
2262 632 2386 678 voto
2428 609 2609 682 tuoict
2636 630 2703 683 ab
2743 634 3035 693 honorabili
3064 655 3118 700 et
3144 609 3455 710 charissime
3480 609 3591 717 fili;

2013 726 2132 764 meo
2166 715 2439 784 Eleusino,
2480 723 2566 792 qui
2615 725 2936 784 tribunatum
2974 737 3115 803 apud
3156 756 3249 796 eos
3290 748 3415 816 egit,
3456 715 3592 812 bene

2011 804 2258 864 insinuati
2283 823 2405 866 sunt
2425 856 2438 880 ,
2469 824 2523 869 ιιι
2550 818 2803 876 ambabus
2840 825 3077 893 epistolis
3100 804 3379 893 Gaudenlii

2011 899 2249 955 tistarum
2276 905 2531 976 episcopi,
2556 919 2607 963 et
2633 914 2860 971 maxime
2890 922 3188 989 posteriori,
3211 941 3366 996 quam
3395 946 3592 993 secura-

2008 988 2133 1044 dum
2188 991 2488 1064 Scripturas
2536 1010 2746 1058 sanctas
2798 1020 2855 1061 se
2902 1010 3087 1067 fecisse
3138 988 3463 1090 arbitratur,
3516 1026 3589 1083 ita

2006 1083 2374 1153 respondeam,
2410 1104 2478 1142 ne
2504 1091 2699 1162 aliquid
2726 1102 3144 1164 praetermissum
3174 1119 3407 1176 palatur.

2463 1205 2792 1265 Epts'rom
2823 1212 2954 1269 cev
2986 1220 3000 1239 ·
3029 1213 3125 1290 (α).

2000 1305 2317 1379 Augustinus
2329 1313 2616 1385 Θυηωικΐο,
2631 1324 2935 1391 respondens
2950 1328 3019 1381 ad
3030 1328 3170 1385 illius
3190 1338 3586 1405 percontationes

2073 1400 2138 1454 de
2169 1420 2377 1474 corpore
2411 1406 2605 1465 Christi
2636 1415 2785 1481 quale
2812 1432 2946 1472 nunc
2969 1423 3065 1488 sit,
3095 1400 3284 1482 necnon
3311 1428 3373 1485 de
3401 1429 3587 1493 nostris

2162 1586 2513 1645 Dilectissimo
2539 1590 2688 1649 fratri
2716 1595 3035 1669 Coxss'u'rto,
3066 1605 3419 1669 Amissi-laus.

2068 1716 2292 1777 CAPUT
2324 1718 2603 1781 PRIMUM.
2626 1759 2699 1769 —
2725 1732 2773 1785 1.
2804 1732 3066 1801 Quantum
3094 1739 3165 1794 ad
3185 1743 3379 1799 oculos.
3396 1749 3584 1806 attinet

1996 1812 2318 1878 corporales,
2337 1816 2594 1883 quosdam
2617 1821 2877 1892 videmus,
2898 1841 2996 1882 nec
3016 1832 3526 1905 novitnus;.tptartmt
3551 1857 3583 1899 a

1997 1900 2149 1954 nobis
2190 1903 2358 1959 studia
2392 1908 2600 1979 vitaque
2636 1915 2943 1971 nesciuntur
2968 1936 2981 1972 :
3011 1922 3269 1990 quosdam
3312 1929 3578 1996 novimus.

1996 2004 2095 2045 nec
2123 1992 2399 2061 Videmus;
2432 2015 2654 2069 quorum
2699 2006 2852 2061 nobis
2886 2009 3123 2068 Charitas
3156 2023 3208 2070 et
3242 2016 3467 2075 allectus
3497 2024 3580 2077 iu—

1994 2084 2184 2149 notuit,
2231 2086 2282 2139 in
2333 2090 2525 2159 quibus
2572 2104 2625 2147 et
2674 2104 2723 2151 te
2764 2113 3219 2171 annumeramus;
3264 2116 3318 2162 et
3359 2111 3478 2166 ideo
3531 2123 3582 2170 te

1993 2175 2161 2243 magis
2190 2176 2370 2231 videre
2400 2180 2798 2254 desideramus,
2830 2197 2885 2243 ut
2920 2190 2973 2244 in
3000 2192 3062 2245 iis
3087 2194 3159 2248 sis
3185 2210 3318 2265 quos
3347 2210 3403 2255 et
3428 2202 3577 2257 video

1991 2278 2110 2318 mus
2136 2278 2190 2320 et
2214 2269 2476 2325 novimus.
2504 2272 2633 2329 Nam
2665 2278 2739 2331 illi
2770 2281 2856 2349 qui
2887 2282 3048 2351 ignoti
3081 2287 3277 2341 nostris
3301 2292 3468 2345 oculis
3496 2293 3580 2348 in-

1990 2368 2266 2429 geruntur,
2299 2379 2402 2417 non
2435 2367 2605 2421 solum
2643 2369 3027 2430 desiderabiles
3050 2392 3155 2431 non
3186 2390 3337 2445 sunt,
3367 2384 3465 2437 sed
3488 2386 3576 2442 vix

1990 2449 2292 2507 tolerabiles
2331 2465 2486 2523 sunt,
2526 2459 2623 2512 nisi
2655 2461 2915 2532 aliquibus
2949 2466 3113 2535 signis
3151 2472 3492 2542 pulchritudo
3520 2477 3574 2532 in

1989 2540 2071 2597 his
2098 2544 2325 2602 hominis
2353 2549 2619 2607 interioris
2645 2567 2916 2623 appareat.
2947 2560 3181 2626 Quorum
3208 2574 3409 2633 autem,
3438 2568 3577 2627 sicut

1988 2643 2129 2701 tuus,
2161 2637 2315 2693 nobis
2345 2638 2492 2709 prius
2520 2644 2728 2699 animus
2758 2647 3121 2720 intelligendo,
3152 2670 3310 2725 quam
3343 2657 3576 2714 videndo

1984 2742 2178 2797 corpus
2204 2734 2475 2802 apparuit,
2504 2737 2614 2805 jam
2640 2740 2861 2808 quidem
2888 2746 3133 2802 novimus
3161 2762 3256 2803 eos
3279 2765 3293 2815 ;
3324 2751 3422 2807 sed
3450 2753 3574 2811 ideo

1984 2820 2143 2874 etiam
2174 2820 2353 2881 videre
2384 2828 2746 2888 desideramus
2767 2876 2781 2898 ,
2814 2845 2869 2889 ut
2896 2851 2992 2905 per
3015 2838 3147 2894 illud
3184 2844 3324 2911 quod
3353 2848 3571 2917 auspi-

1982 2910 2119 2967 citur
2146 2912 2348 2986 oculis,
2384 2921 2548 2975 multo
2570 2924 2856 2993 jucundius
2886 2938 2942 2984 et
2977 2910 3293 2990 familiarius
3316 2953 3382 2992 eo

1976 3002 2086 3073 jam
2116 3009 2389 3079 novimus,
2417 3015 2589 3070 amico
2621 3018 2871 3075 interiore
2901 3024 3255 3092 perfruamur.
3289 3029 3489 3086 Verum
3516 3044 3572 3090 et

1983 3095 2085 3152 hoc
2113 3099 2178 3154 de
2207 3109 2257 3155 te
2284 3104 2435 3159 nobis
2466 3108 2607 3164 Deus
2630 3110 2853 3168 fortasse
2872 3114 3119 3186 donabit,
3138 3121 3489 3189 quietioribus
3512 3135 3575 3183 et

1983 3199 2452 3271 tranquillioribus,
2482 3206 2618 3261 sicut
2639 3216 2902 3279 optamus,
2934 3215 3101 3268 rebus
3122 3215 3401 3283 humanis,
3429 3228 3486 3273 ut
3514 3221 3571 3277 id

1979 3287 2221 3345 honesta:
2250 3292 2528 3351 charitatis
2567 3299 2635 3353 sit
2664 3301 2839 3371 potius
2868 3320 3027 3374 quam
3060 3307 3295 3363 molesta:
3328 3312 3570 3367 necessi-

1980 3379 2125 3435 tatis.
2167 3381 2318 3439 Nunc
2346 3385 2412 3441 ad
2453 3402 2518 3443 ea
2561 3393 2945 3463 respondeam,
2974 3398 3111 3453 sicut
3156 3400 3380 3456 Domino
3419 3403 3569 3473 adju-

1979 3480 2138 3528 vante
2168 3485 2410 3544 potuero,
2439 3494 2558 3549 quas
2584 3492 2781 3553 prteter
2803 3487 3079 3556 epistolam
3104 3490 3157 3545 in
3188 3492 3289 3546 alia
3324 3492 3567 3553 chartula

1977 3574 2008 3616 a
2037 3579 2124 3618 me
2145 3568 2429 3635 quaerenda
2454 3572 2667 3628 misisti.

2047 3652 2100 3708 2.
2143 3654 2347 3724 Qumris
2379 3669 2549 3716 utrum
2589 3681 2722 3719 nunc
2746 3683 2931 3739 corpus
2966 3669 3173 3726 Domini
3199 3690 3319 3729 ossa
3354 3686 3403 3728 et
3440 3693 3563 3731 δανι-

1974 3749 2178 3819 guinem
2214 3753 2413 3820 habeat,
2452 3766 2539 3810 aut
2567 3757 2761 3828 reliqua
2787 3763 2956 3816 carnis
2994 3764 3316 3821 (incantatam.
3354 3766 3495 3834 Quid
3519 3773 3563 3824 si

1974 3840 2229 3909 adderes,
2275 3854 2448 3900 utrutn
2480 3850 2641 3904 etiam
2671 3853 3028 3909 vestimenta?
3055 3855 3244 3913 Nonne
3280 3871 3569 3929 augeretur

1974 3933 2243 4001 quaestio?
2280 3936 2391 4003 Qua
2433 3952 2613 4007 causa,
2651 3945 2753 3997 nisi
2790 3945 2913 4014 quia
2951 3962 3014 4001 ea
3051 3964 3169 4017 quae
3208 3950 3264 4004 in
3305 3966 3403 4006 usu
3441 3954 3569 4010 vitm

1974 4021 2133 4092 hujus
2160 4036 2358 4082 nostra:
2386 4033 2749 4101 corruptibilis
2776 4037 3044 4105 novimus,
3073 4042 3188 4096 sine
3214 4046 3565 4115 corruptione

1974 4116 2205 4184 cogitare
2232 4117 2316 4171 vix
2357 4134 2669 4191 possumus,
2698 4140 2819 4180 eum
2848 4128 3147 4185 divinorum
3183 4133 3565 4192 miraculorum

1973 4206 2215 4275 quzadam
2258 4208 2577 4269 documenta
2606 4216 2719 4285 jam
2747 4220 2869 4274 data
2913 4222 3145 4288 θλίψει
3172 4227 3364 4295 quibus
3404 4227 3565 4287 liceat

1971 4298 2279 4369 conjectare
2317 4304 2565 4374 majora?
2602 4306 2739 4363 Nam
2777 4312 2825 4366 si
2862 4314 3028 4369 vestis
3064 4314 3421 4373 lsraelitarum
3467 4330 3566 4391 per

1974 4398 2052 4444 tot
2074 4406 2246 4449 annos
2268 4395 2321 4448 in
2347 4411 2533 4451 eremo
2554 4400 2671 4457 sine
2700 4403 2884 4459 tritura
2909 4420 3029 4461 esse
3057 4409 3259 4478 potuit,
3291 4410 3334 4465 si
3367 4414 3562 4468 morti-

1969 4483 2088 4538 cina
2117 4486 2269 4556 pellis
2294 4488 2776 4549 calceamentorum
2806 4497 3003 4553 tamdiu
3033 4501 3147 4556 sine
3179 4502 3297 4557 labe
3322 4503 3552 4573 duravit,

1972 4584 2149 4644 poteSL
2170 4578 2362 4650 ubique
2396 4581 2537 4639 Deus
2559 4589 2918 4654 quorumlibet
2940 4606 3242 4661 corporum,
3266 4608 3363 4663 per
3388 4610 3557 4664 quam

1969 4674 2085 4721 tum
2107 4669 2337 4726 voluerit
2366 4681 2573 4743 tempus
2596 4717 2612 4742 ,
2645 4678 3009 4749 incorruptam
3036 4682 3352 4752 pr0teudere
3379 4688 3555 4755 quali»

1970 4768 2150 4815 tatem.
2185 4762 2296 4832 Ego
2340 4766 2562 4833 proinde
2596 4770 2807 4827 Domini
2831 4789 3023 4841 corpus
3067 4776 3137 4829 ita
3180 4776 3229 4829 in
3270 4779 3407 4833 cmio
3432 4791 3554 4836 esse

1966 4850 2157 4915 credo,
2186 4861 2243 4906 ut
2281 4862 2397 4907 erat
2438 4856 2488 4910 in
2532 4844 2703 4927 terra,
2734 4864 2944 4932 quando
2969 4866 3209 4920 ascendit
3243 4867 3294 4921 in
3330 4870 3549 4925 emlum.

1970 4940 2184 4997 Dixerat
2224 4953 2401 4999 autem
2452 4948 2750 5019 Discipulis,
2791 4964 2846 5007 ut
2884 4954 2936 5007 in
2978 4956 3263 5027 Evangelio
3303 4960 3546 5031 legimus,

1966 5030 2031 5085 de
2056 5046 2146 5086 sua
2176 5039 2567 5096 resurrectione
2592 5042 2971 5108 dubitantibus.
2997 5057 3049 5101 et
3077 5047 3207 5103 illud
3235 5051 3377 5121 quod
3401 5030 3551 5107 vide-9

1966 5124 2111 5194 bant,
2129 5144 2233 5183 non
2251 5145 2468 5201 corpus,
2485 5134 2578 5188 sed
2600 5136 2841 5205 spiritum
2862 5153 2984 5194 esse
3004 5143 3345 5208 putantibus:
3376 5143 3552 5200 Videte

1964 5235 2145 5275 manus
2182 5240 2318 5279 mea;
2361 5237 2406 5279 et
2449 5227 2638 5298 pedes;
2666 5229 2870 5299 palpate
2898 5240 2943 5286 et
2967 5234 3127 5289 videte
3148 5274 3163 5303 ,
3200 5239 3318 5309 quia
3344 5240 3551 5308 spiritus

1964 5327 2078 5365 ossa
2107 5323 2153 5367 et
2177 5331 2378 5370 carnem
2406 5334 2505 5371 non
2530 5318 2698 5385 habet,
2718 5322 2849 5376 sicut
2872 5340 2952 5378 me
2977 5326 3153 5381 videtis
3174 5328 3393 5399 habere(
3416 5326 3547 5382 Luc.

1965 5418 2119 5473 ntv,
2149 5407 2217 5461 59
2242 5407 2283 5479 ).
2311 5408 2456 5463 Sicut
2484 5426 2693 5480 eorum,
2722 5429 2843 5469 eum
2867 5427 3013 5473 esset
3050 5418 3104 5472 in
3144 5428 3304 5485 terra,
3334 5428 3552 5475 contre-

1962 5506 2135 5554 ctatus
2152 5508 2235 5555 est
2256 5500 2522 5570 manibus,
2542 5503 2622 5559 sie
2638 5521 2824 5562 eorum
2843 5516 2945 5575 est,
2967 5524 3086 5564 cum
3116 5510 3221 5564 iret
3244 5510 3298 5564 in
3322 5510 3541 5579 omium,

2024 5648 2892 5736 ';“?"2.9?B}1“i;"zusfsaachabi-
2917 5664 3000 5736 δρα
3024 5675 3071 5716 ο·
3093 5677 3165 5716 σο-
3184 5664 3242 5736 ,πο
3258 5679 3310 5736 ι
3334 5679 3420 5730 εν.
3437 5668 3474 5729 i-
3493 5683 3549 5736 ll‘

1961 5727 2005 5823 ξ.
2039 5721 2144 5825 sig.
2170 5715 2359 5767 duobtm
2389 5719 2464 5768 sb.
2498 5720 2695 5773 ductim
2729 5715 2805 5775 *ἱ
2843 5715 3049 5788 quatuor
3078 5715 3138 5776 v.7
3164 5715 3414 5779 cummis;
3436 5715 3547 5781 iiad.

1983 5790 2035 5825 .l'.
2124 5791 2170 5825 ν.

1983 5790 2035 5826 ΖΓ.
2062 5790 2170 5825 ιον.

1994 5859 2097 5930 ,(ίι)
2122 5857 2369 5971 “iniam
2405 5879 2417 5915 :
2446 5879 2555 5929 (iure
2584 5876 2746 5917 autem
2899 5878 3031 5933 erat,
3068 5885 3193 5922 nunc
3230 5873 3335 5925 189.
3371 5874 3545 5936 Scriptl

1994 5933 2073 5967 "‘C.
2102 5932 2177 5967 ali.
2240 5936 2265 5969 ἒ.
2298 5960 2311 5971 .

1962 5932 2073 5968 Care.
2102 5932 2177 5967 an.
2204 5932 2311 5972 42f).
