3990 6402
492 380 598 440 ωε
1721 378 1778 437 s.
1819 364 2182 440 sucusmi
2219 374 2525 443 muscam
3486 466 3501 477 κ
3622 399 3709 464 ou

494 496 753 554 deductus
777 495 1096 567 aspecﬁbus.
1128 495 1203 551 lbi
1228 511 1327 551 vox
1359 494 1591 564 angelica
1621 496 1795 549 sonuit
1823 514 1837 550 :
1869 496 1959 551 Sic
1988 513 2070 550 ve-

493 590 614 653 niet,
629 587 1049 657 quemadmodum
1065 604 1178 641 eum
1195 586 1383 638 vidistis
1398 594 1592 637 euntem
1611 585 1661 638 in
1682 587 1857 639 ctrlum
1874 587 2010 659 (Act.
2029 602 2065 653 ι,

495 682 607 751 Η).
637 680 796 736 Fides
819 679 973 743 adsit,
999 687 1053 729 et
1080 676 1220 729 nulla
1247 675 1469 745 quiestio
1493 675 1805 730 remanebit.

568 772 621 825 5.
662 770 771 824 Nisi
817 766 950 821 forte
991 766 1059 820 de
1096 766 1352 835 sanguine
1390 766 1765 835 requirendum
1800 775 1915 835 est,
1948 767 2070 838 quia

496 876 613 914 cum
657 858 913 920 dixisset,
944 854 1163 925 Palpate
1189 864 1236 909 et
1261 854 1448 922 uidete,
1479 857 1598 925 quia
1626 857 1831 926 spiritus
1868 873 2070 910 carnem

494 963 538 1005 et
565 969 678 1007 ossa
704 968 803 1005 non
828 950 1004 1015 habet,
1033 964 1138 1003 non
1169 948 1403 1016 addidit,
1436 950 1764 1020 sanguinem.
1798 950 1911 1004 Non
1943 965 2070 1019 ergo

494 1055 549 1099 et
573 1058 669 1097 nos
688 1041 943 1096 addamus
962 1039 1229 1108 inquirere
1248 1039 1388 1109 quod
1412 1040 1498 1094 ille
1514 1056 1617 1093 non
1639 1039 1841 1093 addidit
1860 1040 2067 1093 dicere:

494 1141 548 1188 et
573 1132 642 1189 de
664 1131 997 1201 compendio,
1024 1129 1068 1183 si
1094 1130 1283 1199 placet,
1316 1130 1465 1184 ﬁnita
1490 1130 1558 1183 sit
1580 1130 1822 1200 quaestio.
1852 1129 2071 1183 Fortas-

493 1224 568 1277 sis
601 1223 777 1286 enim,
816 1228 1031 1289 accepta
1072 1221 1354 1275 occasione
1396 1221 1696 1289 sanguinis,
1727 1219 1933 1290 urgebit
1972 1234 2071 1273 nos

494 1312 768 1366 molestior
793 1319 1172 1381 perscrutator,
1202 1320 1255 1367 et
1280 1310 1455 1366 dicet:
1486 1310 1544 1367 Si
1566 1311 1782 1381 sanguis
1800 1352 1817 1377 ,
1842 1325 1938 1364 cur
1963 1324 2071 1364 non

493 1414 547 1460 et
571 1405 774 1475 pituita,
805 1420 902 1459 cur
926 1419 1033 1458 non
1059 1412 1114 1459 et
1138 1403 1205 1459 fel
1231 1404 1425 1458 flavum
1452 1412 1504 1459 et
1532 1404 1601 1459 fel
1625 1406 1854 1474 nigrum,
1882 1403 2072 1473 quibus

492 1507 720 1569 quatuor
745 1496 1058 1551 humoribus
1098 1504 1336 1550 naturam
1379 1495 1552 1550 carnis
1594 1496 1873 1565 temperari
1910 1496 2070 1551 etiam

496 1588 774 1645 medicina:
798 1586 1076 1655 disciplina
1108 1587 1372 1641 testatur?
1412 1585 1519 1641 Sed
1553 1587 1824 1656 quodlibet
1848 1584 2072 1655 quisque

494 1682 682 1747 addat,
711 1680 1106 1748 corruptionem
1132 1679 1327 1734 addere
1353 1687 1564 1745 caveat,
1598 1694 1664 1733 ne
1692 1694 1802 1733 sua:
1830 1678 1950 1732 fidei
1987 1692 2073 1732 sa—

495 1775 713 1828 nitatem
739 1772 1141 1840 castitatemque
1164 1778 1484 1839 corrumpat.

565 1865 619 1919 4.
660 1863 743 1919 Ex
767 1862 1146 1917 consuetudine
1188 1876 1364 1916 rerum
1395 1868 1733 1929 expertarum
1752 1900 1767 1925 ,
1798 1861 2071 1928 inexperta

496 1972 659 2029 opera
683 1956 892 2021 divina,
924 1954 1201 2008 infirmitas
1231 1952 1447 2007 metitur
1476 1951 1728 2019 humana,
1767 1959 1821 2005 et
1864 1950 2071 2005 acutule

495 2065 554 2105 se
577 2049 780 2121 garrire
805 2048 1119 2111 arbitratur,
1145 2060 1262 2100 cum
1292 2045 1418 2099 dicit
1442 2063 1453 2097 :
1485 2044 1543 2099 Si
1581 2058 1705 2097 caro
1730 2054 1839 2108 est,
1862 2052 1916 2098 et
1944 2058 2071 2096 san-

492 2143 611 2212 guis
648 2150 767 2206 est;
807 2140 852 2194 si
892 2139 1123 2208 sanguis,
1165 2145 1219 2192 et
1260 2136 1437 2191 caeteri
1481 2136 1768 2200 humores;
1809 2136 1855 2190 si
1893 2136 2072 2190 caeteri

495 2234 766 2295 humores,
812 2245 938 2301 ergo
984 2239 1037 2283 et
1082 2229 1369 2298 corruptio.
1412 2227 1489 2280 Eo
1531 2226 1690 2280 modo
1731 2224 1967 2280 diceret:
2015 2225 2072 2280 Si

490 2324 704 2378 ﬂamma
731 2330 833 2387 est,
866 2330 920 2375 et
956 2320 1143 2384 ardet;
1182 2320 1225 2372 si
1250 2319 1420 2383 ardet,
1440 2327 1501 2372 ‘et
1530 2319 1671 2383 urit;
1709 2319 1754 2372 si
1793 2318 1916 2383 urit,
1946 2332 2072 2387 ergo

494 2417 727 2471 virorum
765 2414 923 2467 trium
954 2414 1007 2466 in
1034 2412 1299 2465 fornacem
1332 2412 1468 2481 ignis
1501 2411 1567 2464 ab
1597 2410 1758 2480 impio
1791 2424 1915 2479 rege
1940 2410 2070 2463 mis-

494 2522 675 2563 sorum
704 2521 927 2575 corpora
956 2504 1205 2558 incendit.
1239 2503 1295 2558 Si
1332 2514 1509 2557 autem
1540 2502 1640 2555 hoc
1669 2503 1724 2556 in
1755 2501 1921 2555 tribus
1946 2501 2073 2556 viris

493 2599 804 2654 miraculum
842 2597 861 2667 (
886 2596 1016 2648 Dan.
1043 2612 1095 2650 ιιι
1123 2595 1139 2666 )
1170 2596 1361 2649 factum
1402 2609 1521 2649 esse
1547 2608 1653 2648 non
1691 2593 1892 2648 dubitat
1924 2593 2071 2663 quis—

494 2691 613 2760 quis
634 2690 698 2744 de
718 2689 912 2743 divinis
934 2688 1181 2757 operibus
1203 2696 1347 2742 recte
1375 2687 1547 2756 sapit;
1577 2702 1672 2741 cur
1696 2702 1803 2740 non
1828 2686 2073 2741 credatur

494 2780 583 2851 qui
609 2780 728 2834 fecit
753 2779 839 2833 illa
865 2794 1086 2847 corpora
1115 2794 1217 2832 non
1246 2792 1399 2847 posse
1426 2779 1543 2847 igne
1570 2777 1859 2847 corrumpi,
1884 2776 2073 2832 fecisse

494 2871 622 2926 illud
648 2886 838 2941 corpus
878 2886 976 2925 nec
1006 2886 1162 2940 posse
1190 2871 1455 2939 corrumpi
1488 2870 1626 2940 igne,
1652 2886 1752 2926 nec
1780 2871 1937 2936 fame,
1975 2886 2075 2926 nec

495 2963 703 3029 morbo,
736 2978 833 3017 nec
861 2963 1031 3029 senio,
1074 2978 1170 3017 nec
1198 2962 1301 3016 ulla
1331 2963 1379 3016 vi
1411 2963 1508 3015 alia
1539 2977 1640 3032 qua
1681 2963 1817 3018 solet
1843 2962 2071 3017 humana

493 3071 717 3125 corpora
776 3054 1096 3110 labefactare
1153 3054 1463 3124 corruptio?
1507 3055 1660 3121 Quod
1702 3056 1746 3109 si
1794 3056 2072 3126 quisquam

495 3150 642 3215 dicit,
672 3163 776 3201 non
814 3148 962 3203 carni
992 3150 1148 3201 trium
1176 3149 1382 3201 illorum
1424 3149 1658 3202 virorum
1686 3147 1918 3202 additam
1944 3164 2073 3203 con-

497 3250 575 3295 tra
621 3240 795 3308 ignem
844 3239 1310 3308 incorruptionem,
1340 3238 1432 3293 sed
1480 3239 1577 3307 ipsi
1627 3239 1733 3309 igni
1780 3240 2070 3294 detractam

492 3329 869 3399 corrumpendi
912 3329 1253 3395 facultatem;
1285 3330 1409 3399 quid
1455 3346 1703 3385 veremur
1744 3347 1810 3385 ne
1854 3347 2071 3387 carnem

490 3420 670 3477 facere
694 3421 989 3493 nequiverit
1019 3434 1120 3474 non
1150 3435 1306 3489 posse
1328 3422 1613 3489 corrumpi,
1638 3422 1724 3491 qui
1754 3420 1875 3475 fecit
1896 3422 2069 3491 ignem

493 3526 600 3566 non
630 3526 787 3581 posse
824 3510 1211 3580 corrumpere?
1238 3510 1367 3565 Nam
1410 3511 1454 3563 si
1486 3510 1614 3564 illud
1644 3527 1748 3565 non
1778 3512 1843 3566 de
1872 3514 2067 3581 carnis,

492 3604 585 3659 sed
614 3604 681 3660 de
719 3604 853 3674 ignis
880 3605 1171 3658 mutatione.
1199 3603 1525 3673 intelligitur,
1552 3603 1720 3657 multo
1746 3612 1828 3658 est
1858 3604 2072 3658 mirabi-

491 3696 593 3750 lius
617 3712 630 3749 :
666 3696 822 3750 simul
852 3698 991 3749 enim
1019 3704 1073 3749 et
1102 3695 1375 3749 hominum
1402 3709 1626 3764 corpora
1658 3710 1761 3748 non
1790 3696 1974 3750 urebat
2004 3711 2070 3751 ne

491 3796 675 3857 posset
699 3801 893 3841 nocere
912 3827 927 3853 ,
965 3796 1021 3841 et
1050 3786 1188 3855 ligna
1218 3785 1447 3840 fornacis
1477 3786 1663 3840 urebat
1690 3796 1751 3840 ut
1778 3795 1956 3855 posset
1979 3803 2069 3841 ar-

490 3878 638 3933 dere.
669 3876 774 3933 Sed
800 3877 892 3949 qui
922 3877 1081 3934 etiam
1113 3879 1209 3932 ista
1241 3894 1344 3931 non
1370 3876 1612 3943 credunt,
1642 3878 1863 3931 nimium
1891 3878 1959 3933 de
1986 3879 2068 3933 di-

490 3970 611 4025 vina
636 3979 894 4041 potestate
923 3970 1185 4036 diffidunt,
1211 3985 1311 4024 nec
1334 3984 1453 4024 cum
1492 3971 1571 4025 eis
1598 3970 1680 4025 vel
1719 3970 1785 4025 ad
1811 3987 1904 4026 eos
1930 3988 2071 4027 nunc

489 4075 669 4116 sermo
716 4061 867 4117 nobis
912 4070 1031 4116 est:
1078 4062 1168 4131 qui
1216 4071 1392 4115 autem
1438 4060 1535 4115 ista
1583 4061 1827 4128 credunt,
1875 4077 1938 4116 ex
1986 4062 2070 4116 bis

490 4151 651 4206 etiam
678 4151 765 4207 illa
788 4159 1071 4222 utcumque
1096 4151 1381 4222 eonjieiant
1407 4166 1525 4222 quae
1551 4151 1779 4207 fideliter
1802 4162 2065 4223 quaerunt.

493 4243 651 4298 Valet
678 4242 837 4313 igitur
870 4242 1046 4297 divina
1078 4241 1309 4312 potentia
1336 4241 1403 4295 de
1432 4242 1530 4296 ista
1552 4242 1745 4296 visibili
1774 4251 1932 4313 atque
1962 4252 2071 4297 tra-

492 4333 676 4388 ctabili
705 4342 890 4388 natura
915 4348 1220 4403 corporum,
1242 4332 1555 4403 quibusdam
1594 4334 1948 4400 manentibus,
1976 4350 2071 4388 au-

492 4423 636 4480 ferre
661 4439 793 4494 quas
819 4424 1044 4478 voluerit
1072 4424 1351 4493 qualitates
1378 4443 1390 4479 :
1413 4438 1475 4479 ac
1501 4439 1597 4493 per
1616 4424 1717 4480 hoc
1742 4426 1880 4480 valet
1908 4427 2067 4481 etiam

492 4514 733 4571 membra
780 4514 1053 4580 mortalia,
1100 4513 1282 4568 formae
1332 4514 1665 4569 lineamentis
1709 4516 2065 4581 manentibus,

493 4607 833 4677 corruptione
860 4620 989 4661 vero
1023 4606 1355 4659 mortalitatis
1382 4614 1619 4660 emortua
1642 4648 1657 4673 ,
1690 4606 1864 4661 stabili
1888 4607 2068 4677 vigore

492 4701 745 4767 firmare;
775 4708 835 4755 ut
870 4699 1010 4754 absit
1050 4698 1216 4764 labes,
1257 4698 1395 4752 adsit
1434 4697 1676 4769 effigies;
1705 4698 1843 4754 adsit
1879 4700 2065 4769 motio,

493 4791 632 4846 absit
675 4790 945 4862 fatigatio;
996 4788 1136 4845 adsit
1178 4788 1425 4843 vescendi
1466 4798 1722 4860 potestas,
1764 4790 1901 4847 absit
1942 4806 2067 4847 esu-

491 4884 661 4939 riendi
690 4885 996 4940 necessitas.
1810 4898 1856 4908 ν

1059 4974 1212 5043 Quod
1230 4989 1354 5045 ergo
1370 4972 1563 5045 legitur
1578 4972 1715 5044 apud
1733 4934 2063 5044 Apostolurn,
2078 4939 2116 4951 ~

495 5064 627 5119 Caro
674 5072 720 5118 et
757 5066 962 5134 sanguis
991 5081 1197 5136 regnum
1236 5064 1330 5119 Dei
1364 5080 1463 5117 non
1507 5063 1827 5133 possidebunt
1864 5064 1908 5135 (Ι
1947 5065 2064 5120 Cor.

495 5174 568 5213 xv
592 5201 607 5224 ,
658 5154 790 5229 50),
822 5154 1040 5209 solvitur
1079 5156 1289 5226 quidem
1320 5156 1541 5225 qumstio
1578 5156 1738 5209 etiam
1781 5156 1882 5211 isto
1910 5156 2069 5211 modo

490 5265 649 5322 quem
684 5259 739 5304 tu
782 5250 1239 5316 commemorasti,
1286 5258 1345 5303 ut
1380 5250 1556 5303 carnis
1596 5257 1649 5303 et
1677 5251 1947 5319 sanguinis
1973 5266 2071 5305 no-

497 5344 640 5398 mine
670 5355 832 5413 opera
853 5339 1029 5396 carnis
1054 5350 1109 5395 et
1134 5342 1406 5411 sanguinis
1432 5340 1789 5411 intelligantur
1820 5359 1832 5394 :
1863 5357 2065 5409 verum,

497 5436 619 5504 quia
645 5449 750 5489 non
779 5433 845 5488 de
874 5431 1143 5501 operibus,
1174 5432 1265 5486 sed
1288 5432 1355 5487 de
1385 5433 1542 5487 modo
1571 5435 1974 5490 resurrectionis
2001 5434 2070 5488 lo.

499 5527 758 5594 quebatur
783 5524 1099 5594 Apostolus,
1131 5530 1183 5578 et
1221 5537 1335 5576 eam
1376 5526 1718 5592 qnzestionem
1756 5525 2070 5594 disputando

500 5616 775 5679 versabat,
811 5614 998 5669 melius
1024 5629 1088 5669 eo
1128 5614 1243 5668 loco
1273 5613 1579 5683 intelligitur
1617 5629 1743 5668 caro
1766 5625 1815 5669 et
1859 5616 2069 5685 sanguis

497 5720 596 5779 pro
621 5708 962 5776 corruptione
996 5706 1173 5762 carnis
1203 5716 1258 5761 et
1294 5705 1563 5775 sanguinis
1601 5707 1793 5775 posita.
1836 5707 1891 5761 Si
1929 5707 2068 5761 enim

498 5811 693 5865 nomen
721 5798 895 5854 carnis
920 5798 1176 5871 signiﬁcat
1200 5798 1584 5877 operationem,
1612 5813 1709 5856 cur
1732 5813 1840 5858 non
1867 5800 2070 5871 signifi-

2178 508 2263 554 cet
2286 500 2444 554 etiam
2470 503 2884 572 corruptionem,
2913 505 3048 561 sicut
3074 496 3269 562 dictum
3295 518 3389 575 est,
3419 509 3582 568 Omnis
3606 534 3707 574 caro

2178 594 2347 660 fenum
2368 593 2394 645 ?
2415 591 2545 646 Nam
2567 602 2620 648 et
2640 594 2725 648 hic
2750 595 2860 664 ipsa
2882 598 3297 668 corruptibilitas
3315 601 3583 672 significata
3603 619 3672 665 est
3695 631 3707 668 :

2177 683 2419 752 sequitur
2444 685 2586 740 enim
2610 726 2623 751 ,
2652 695 2699 741 et
2727 688 2889 743 omnis
2914 688 3074 744 honor
3100 692 3268 746 carnis
3298 702 3351 746 ut
3372 696 3465 764 [los
3489 699 3618 765 feni;
3643 702 3707 771 (ε-

2177 786 2299 824 num
2327 773 2478 841 aruit,
2510 774 2606 843 ﬂos
2632 775 2816 829 decidit
2844 775 2994 849 (Isai.
3025 795 3127 845 XL,
3160 781 3214 847 6,
3245 783 3322 854 7).
3357 782 3709 856 Numquidnam

2178 858 2278 914 hoc
2318 862 2476 917 etiam
2521 864 2594 917 illi
2632 866 2777 919 carni
2821 870 3109 938 competit,
3149 870 3215 926 de
3252 886 3352 942 qua
3394 874 3578 930 dictum
3606 890 3677 934 est
3711 902 3720 936 :

2178 949 2397 1021 Palpate
2418 962 2466 1007 et
2492 953 2673 1019 videte,
2704 957 2822 1023 quia
2851 958 3057 1026 spiritus
3085 977 3199 1015 ossa
3226 971 3272 1015 et
3298 978 3494 1017 carnem
3521 982 3613 1021 non
3634 969 3713 1023 Ita-

2177 1041 2276 1109 bet,
2322 1044 2446 1099 sicut
2478 1061 2556 1098 me
2595 1046 2769 1101 uidetis
2815 1048 3035 1104 habere?
3072 1050 3204 1106 Nam
3246 1054 3507 1123 quomodo
3538 1070 3716 1116 aresmt

2178 1142 2269 1187 aut
2293 1134 2535 1201 decidat,
2567 1150 2689 1191 cum
2719 1139 2972 1207 scriptum
3013 1140 3081 1195 sit
3120 1143 3259 1212 quod
3290 1142 3513 1199 Christus
3538 1164 3716 1220 surgens

2178 1238 2209 1275 α
2234 1229 2463 1291 mortuis,
2479 1226 2592 1295 jam
2618 1244 2716 1281 non
2738 1230 2976 1298 moritur,
3009 1240 3055 1286 et
3075 1249 3208 1287 mors
3233 1233 3277 1287 ei
3302 1235 3435 1289 ultra
3461 1252 3556 1291 non
3580 1240 3716 1294 domi-

2176 1312 2379 1367 nabitur
2406 1314 2579 1387 (Rom.
2601 1332 2653 1370 γι
2675 1358 2690 1382 ,
2720 1317 2817 1389 9)?
3162 1366 3169 1373 .

2250 1403 2302 1457 6.
2349 1403 2576 1460 Proinde
2614 1407 2781 1477 ipsam
2812 1410 3153 1479 apostolicam
3181 1415 3499 1475 sententiam
3519 1416 3720 1490 desuper

2178 1493 2416 1565 inSpice,
2469 1504 2738 1567 totamque
2784 1500 3079 1555 considera.
3129 1501 3261 1557 Cum
3307 1508 3719 1564 resurrectionem

2178 1594 2513 1641 mortuorum
2544 1587 2864 1657 persuadere
2891 1590 3052 1645 vellet
3079 1592 3157 1645 eis
3199 1594 3288 1663 qui
3329 1594 3571 1651 dicebant
3600 1599 3720 1668 quod

2176 1679 2496 1733 resurrectio
2520 1689 2851 1736 mortuorum
2882 1697 2989 1737 non
3019 1693 3119 1750 est,
3144 1683 3339 1740 Christi
3367 1690 3723 1748 resurrectione

2177 1768 2449 1838 prtemissa
2478 1769 2529 1823 in
2556 1772 2855 1840 exemplum
2887 1814 2900 1838 ,
2941 1774 3077 1829 inter
3103 1786 3293 1831 caetera
3326 1792 3445 1848 quae
3472 1778 3542 1834 ibi
3577 1780 3722 1839 disse-

2176 1860 2314 1927 ruit,
2342 1861 2517 1915 intulit
2542 1862 2640 1917 sibi
2666 1854 3011 1933 quzestiOnem
3039 1875 3196 1936 atque
3214 1869 3289 1922 ait
3318 1886 3332 1921 :
3365 1868 3471 1924 Sed
3498 1871 3618 1927 dicet
3640 1872 3724 1927 ali-

2175 1951 2285 2021 quis
2307 1991 2321 2015 ,
2357 1950 2621 2016 Quomodo
2661 1964 2919 2024 resurgent
2958 1957 3188 2011 mortui?
3226 1975 3323 2026 quo
3359 1970 3521 2013 autem
3545 1978 3726 2033 corpore

2176 2041 2365 2094 venient
2386 2043 2412 2095 ?
2436 2043 2487 2096 id
2512 2052 2592 2097 est
2609 2084 2624 2108 ,
2671 2044 2809 2113 quali
2844 2046 3113 2115 corpore?
3140 2047 3339 2103 Deinde
3374 2049 3621 2107 adhibens
3642 2053 3726 2108 do-

2176 2139 2420 2187 cumenta
2450 2135 2710 2188 seminum
2740 2152 2755 2189 :
2788 2134 2991 2205 Stulte,
3028 2138 3231 2207 inquit,
3270 2149 3322 2192 tu
3349 2144 3482 2209 quod
3507 2143 3721 2209 sentiunt,

2178 2242 2277 2279 non
2302 2226 2612 2296 vivi/icatur,
2644 2229 2743 2283 nisi
2778 2231 2919 2300 prius
2958 2233 3234 2295 moriatur;
3262 2240 3307 2285 et
3340 2234 3477 2303 quod
3504 2235 3723 2301 seminus,

2178 2332 2280 2370 non
2307 2333 2488 2388 corpus
2517 2319 2653 2388 quod
2682 2322 2907 2387 futurum
2930 2329 3003 2374 est
3030 2321 3246 2375 seminus
3264 2361 3279 2389 ,
3305 2322 3399 2377 sed
3424 2322 3604 2376 nudum
3625 2341 3727 2395 gra-

2178 2422 2299 2460 num
2319 2447 2332 2471 ,
2373 2416 2425 2460 ut
2469 2418 2590 2476 puta
2616 2409 2768 2462 tritici
2800 2412 2815 2441 ί
2842 2452 2857 2478 ,
2889 2420 2975 2463 aut
3006 2412 3225 2482 alicujus
3256 2423 3584 2481 cteterorum;
3611 2415 3727 2471 Deus

2176 2509 2346 2553 autem
2378 2499 2456 2553 illi
2484 2502 2572 2555 dat
2612 2518 2795 2573 corpus
2829 2505 3079 2574 quomodo
3116 2507 3324 2560 voluerit
3348 2548 3366 2573 ,
3414 2518 3459 2562 et
3494 2510 3728 2579 unicuique

2176 2592 2420 2645 seminum
2465 2593 2724 2663 proprium
2753 2610 2954 2663 corpus.
2996 2595 3295 2652 Secundum
3323 2598 3430 2654 hoc
3453 2616 3573 2672 ergo
3600 2603 3727 2658 dixe.

2178 2691 2292 2748 rat,
2320 2699 2421 2736 non
2450 2699 2633 2754 corpus
2653 2685 2787 2755 quod
2806 2690 3032 2755 futurum
3053 2699 3123 2741 est
3147 2689 3388 2744 seminus.
3417 2690 3592 2762 Neque
3608 2695 3729 2749 enim

2177 2787 2284 2827 non
2324 2773 2555 2829 triticum
2597 2776 2700 2831 erit
2727 2792 2793 2831 ex
2832 2777 3038 2844 tritico;
3068 2779 3160 2833 sed
3187 2781 3308 2850 quia
3350 2797 3509 2837 nemo
3531 2785 3730 2839 seminat

2178 2864 2394 2919 herbam
2421 2907 2434 2931 ,
2465 2867 2548 2920 vel
2586 2867 2862 2936 stipulam,
2903 2876 2960 2923 et
2987 2870 3293 2938 multiplicia
3330 2872 3389 2925 in
3421 2872 3567 2940 palea
3600 2883 3729 2945 tegu-

2179 2966 2353 3012 menta
2381 2974 2696 3028 granorum,
2737 2975 2859 3015 cum
2885 2960 3076 3031 quibus
3104 2970 3278 3017 tamen
3326 2964 3533 3018 semina
3570 2978 3731 3019 exsur-

2177 3060 2340 3121 gunt,
2400 3050 2522 3105 ideo
2570 3053 2671 3119 ait,
2726 3052 2816 3106 sed
2862 3053 3052 3107 nudum
3108 3070 3320 3124 granum
3356 3055 3523 3112 :hinc
3572 3057 3729 3113 volens

2177 3139 2459 3195 OSIcndcre
2483 3140 2604 3209 quia
2644 3142 2689 3194 si
2716 3142 2856 3196 Deus
2894 3151 3069 3211 potest
3094 3144 3292 3199 addere
3317 3146 3462 3217 quod
3499 3162 3599 3202 non
3632 3156 3727 3203 erat

2177 3234 2230 3287 in
2261 3233 2401 3287 nudo
2438 3233 2669 3296 semine,
2715 3234 2883 3289 multo
2923 3236 3090 3306 magis
3119 3245 3295 3306 potest
3333 3254 3581 3309 reparare
3606 3238 3724 3310 quod

2176 3335 2291 3380 erat
2320 3326 2371 3379 in
2400 3325 2627 3379 hominis
2655 3341 2897 3395 corpore.

2246 3419 2298 3472 7.
2327 3418 2574 3473 Jamvero
2616 3418 2757 3489 quod
2803 3419 3067 3491 adjungit,
3098 3420 3163 3474 ad
3192 3419 3540 3480 differentiam
3584 3424 3723 3493 perti-

2175 3519 2266 3565 net
2301 3511 2685 3581 resnrgentium
2707 3552 2721 3577 ,
2755 3520 2971 3580 propter
3010 3510 3247 3568 diversas
3288 3515 3488 3585 glorias
3520 3516 3724 3571 fidelium

2176 3610 2333 3670 atque
2374 3606 2699 3654 sanctorum.
2746 3598 2865 3654 Non
2917 3602 3115 3666 omnis,
3160 3603 3367 3673 inquit,
3418 3621 3531 3659 caro
3575 3603 3723 3659 eadem

2175 3706 2293 3744 caro
2322 3707 2341 3744 :
2367 3690 2470 3743 alia
2500 3690 2699 3760 quidem
2726 3690 3004 3757 hominum,
3031 3691 3133 3745 alia
3158 3702 3326 3748 autem
3356 3712 3474 3750 caro
3499 3711 3723 3767 pecorum,

2174 3781 2278 3834 alia
2302 3781 2579 3848 uoluerunt,
2606 3781 2709 3835 alia
2732 3783 2961 3851 piscium.
2991 3782 3057 3836 Et
3077 3800 3291 3854 corpora
3314 3785 3549 3851 caelestia,
3571 3796 3612 3840 et
3632 3802 3723 3838 cor-

2175 3886 2299 3942 pora
2326 3872 2612 3937 terrestria;
2649 3872 2739 3927 sed
2772 3873 2876 3926 alia
2917 3882 2989 3926 est
3024 3874 3294 3929 caelestium
3334 3878 3527 3948 gloria,
3568 3888 3610 3931 et
3638 3878 3724 3930 alia

2176 3966 2498 4019 terrestrium.
2532 3965 2597 4019 Et
2620 3964 2725 4019 alia
2754 3966 2918 4037 gloria
2936 3966 3077 4035 solis,
3100 3967 3203 4021 alia
3220 3970 3388 4039 gloria
3414 3970 3617 4034 laute,“
3638 3968 3723 4022 alia

2174 4055 2336 4126 gloria
2364 4054 2639 4110 stellarum.
2674 4056 2838 4111 Stella
2869 4057 3000 4110 enim
3032 4074 3065 4111 a
3091 4059 3238 4112 stella
3265 4059 3438 4127 di/fert
3470 4062 3520 4114 in
3546 4060 3725 4132 gloria:

2174 4146 2247 4199 sic
2275 4156 2320 4199 ct
2348 4148 2641 4201 resurrectio
2668 4158 3000 4202 mortuorum.
3032 4149 3090 4204 In
3118 4150 3199 4204 his
3226 4154 3477 4207 omnibus
3501 4154 3594 4208 iste
3615 4166 3722 4207 seo-

2174 4252 2265 4293 sns
2290 4251 2372 4293 eSt
2403 4257 2415 4293 :
2444 4238 2498 4295 Si
2524 4254 2719 4309 genera
2754 4240 2931 4293 carnis
2962 4255 3085 4294 cum
3121 4242 3228 4294 sint
3255 4254 3448 4298 cuncta
3476 4240 3721 4307 mortalia,

2174 4327 2423 4382 differunt
2461 4338 2635 4384 tamen
2679 4328 2817 4383 inter
2848 4343 2907 4383 se
2949 4344 3047 4400 pro
3087 4329 3481 4387 diversitatibus
3508 4332 3721 4386 animan-

2176 4418 2304 4471 tium
2331 4435 2344 4483 ;
2370 4427 2423 4472 ct
2442 4419 2485 4472 si
2511 4434 2729 4489 corpora
2761 4435 2880 4473 cum
2902 4420 3009 4473 sint
3033 4422 3206 4475 omnia
3229 4422 3475 4487 visibilia,
3501 4422 3722 4477 differunt

2173 4518 2353 4565 tamen
2382 4525 2477 4579 pro
2502 4511 2895 4566 diversitatibus
2923 4513 3182 4581 locorum,
3214 4514 3354 4569 unde
3392 4515 3494 4569 alia
3522 4524 3599 4569 est
3625 4526 3719 4567 co:-

2174 4599 2384 4655 lestium
2415 4600 2580 4671 gloria
2606 4643 2620 4668 ,
2651 4602 2753 4657 alia
2783 4604 3149 4670 terrestrium;
3179 4616 3233 4661 et
3255 4606 3301 4661 si
3334 4609 3385 4660 in
3418 4606 3546 4661 locis
3579 4603 3718 4660 subli-

2172 4690 2348 4746 mibus
2376 4707 2494 4745 cum
2522 4692 2633 4746 sint
2659 4704 2845 4748 cuncta
2874 4695 3132 4761 etelestia,
3163 4695 3414 4752 differunt
3446 4698 3596 4752 etiam
3623 4696 3718 4765 ipsa

2172 4784 2499 4840 claritatibus
2541 4784 2832 4852 luminum;
2876 4803 2983 4841 non
3030 4789 3221 4843 mirum
3260 4798 3345 4844 est
3385 4789 3523 4860 quod
3560 4788 3609 4843 in
3645 4801 3717 4841 re-

2173 4878 2502 4932 surrectione
2545 4886 2871 4932 mortuorum
2914 4878 3128 4934 distabit
3168 4881 3338 4951 gloria
3377 4882 3687 4936 meritorum.

2244 4966 2295 5021 8.
2326 4966 2458 5022 Hinc
2480 4968 2588 5037 jam
2620 4969 2762 5022 venit
2788 4969 2855 5022 ad
2884 4969 3007 5023 illud
3033 4970 3173 5040 quod
3202 4973 3547 5027 communiter
3573 4969 3711 5024 habet

2174 5059 2347 5114 omnis
2371 5074 2495 5114 caro
2518 5075 2635 5129 qua:
2661 5060 2727 5113 ad
2756 5061 2917 5115 vitam
2944 5064 3171 5132 resurgit
3194 5074 3467 5132 a:ternam,
3497 5072 3547 5118 ct
3568 5061 3679 5116 dicit
3702 5076 3715 5113 :

2176 5152 2468 5208 Sentinatur
2493 5152 2550 5205 in
2578 5154 2914 5222 corruptione,
2943 5165 3109 5226 surget
3139 5156 3189 5208 in
3228 5157 3621 5226 incorruptione;
3649 5166 3717 5205 se-

2174 5245 2395 5297 minatur
2430 5244 2484 5298 in
2510 5244 2811 5297 contumelia
2831 5286 2847 5311 ,
2887 5255 3055 5315 surget
3082 5246 3134 5298 in
3163 5246 3363 5316 gloria;
3391 5246 3647 5299 seminatur
3669 5241 3714 5292 in

2177 5338 2487 5407 inﬁrmitate,
2511 5345 2681 5406 surget
2704 5338 2756 5389 in
2776 5337 2957 5390 virtute
2976 5355 2996 5403 ,'
3020 5339 3292 5392 seminatur
3303 5353 3481 5406 corpus
3501 5332 3711 5395 animale,

2176 5440 2344 5502 surget
2365 5446 2546 5500 corpus
2574 5430 2852 5500 spirituale.
2886 5430 2942 5485 In
2974 5431 3058 5485 his
3097 5432 3270 5486 verbis
3304 5429 3551 5500 Apostnli,
3581 5439 3712 5480 num-

2177 5525 2300 5594 quid
2330 5523 2407 5578 l‘as
2433 5531 2513 5577 est
2533 5532 2717 5592 putare
2739 5522 2926 5578 melius
2955 5540 3175 5595 Corpora
3196 5533 3368 5579 nostra
3388 5527 3708 5577 rcsttrrectura

2177 5630 2333 5685 quam
2363 5614 2595 5680 Christi;
2628 5630 2745 5669 cum
2770 5615 2836 5667 de
2865 5615 2953 5669 illo
2980 5618 3042 5669 sit
3073 5618 3389 5686 pl‘OltltSilllm
3417 5608 3706 5680 exemplum.

2540 5761 2743 5814 granum
2764 5749 2912 5814 farris
2927 5751 3089 5805 tritici.
3115 5752 3199 5805 Alii
3221 5750 3492 5812 duodecim,
3506 5743 3606 5799 Μὰ.
3626 5748 3709 5804 παν
