3990 6424
821 350 831 358 ,η
892 329 924 353 γι.

237 400 340 461 915

238 513 381 587 quod
405 514 653 573 ﬁdeliter
680 515 954 573 intendere
973 557 989 583 ,
1029 522 1084 570 et
1113 531 1206 585 per
1228 516 1343 587 ejus
1368 516 1590 588 gratiam
1618 532 1833 587 sperare

237 607 585 664 debeamus?
632 610 713 663 Ae
752 622 847 678 per
884 606 986 660 hoc
1038 607 1185 662 nullo
1227 606 1385 662 modo
1427 606 1598 677 potuit
1641 621 1835 675 corpus

238 700 437 757 Christi
467 712 600 754 eum
628 698 972 769 corruptione
998 712 1277 767 resurgere
1295 740 1310 762 ,
1338 697 1384 752 si
1408 705 1646 751 nostrum
1672 696 1726 750 in
1750 696 1836 751 in-

238 789 596 860 corruptione
625 797 1048 847 resurrecturum
1077 788 1423 858 promittitur;
1449 803 1547 842 nec
1575 786 1743 857 potuit
1768 787 1837 842 il-

239 883 326 939 lud
348 884 472 938 sine
497 884 713 955 gloria,
752 884 798 938 si
833 892 1075 939 nostrum
1112 893 1354 953 resurget
1392 880 1446 936 in
1480 880 1665 951 gloria.
1707 880 1837 947 Qute

238 984 419 1031 autem
447 974 526 1030 ibi
552 975 762 1045 gloria,
791 974 880 1030 ubi
920 974 1094 1029 adhuc
1135 974 1444 1043 corruptio?
1469 971 1637 1027 Nimis
1662 972 1839 1041 itaque

236 1063 537 1120 absurdum
561 1074 652 1120 est
675 1074 732 1118 ut
753 1064 1035 1120 credamus
1055 1063 1179 1118 illud
1192 1078 1383 1133 corpus
1398 1073 1449 1115 et
1464 1062 1516 1116 in
1535 1062 1839 1116 infirmitate

237 1169 357 1211 esse
385 1155 752 1221 semiustum,
780 1155 832 1209 id
855 1164 938 1209 est
963 1152 1357 1219 mortiﬁcatum,
1382 1153 1504 1207 etin
1534 1152 1841 1207 inﬁrmitate

238 1244 659 1310 resurrexisse;
698 1259 818 1299 cum
846 1260 1039 1314 corpus
1080 1252 1318 1299 nostrum
1359 1245 1650 1299 seminetur
1679 1245 1729 1297 in
1762 1244 1841 1298 in-

240 1336 521 1403 ﬁrmitate,
556 1344 804 1406 resurgat
828 1336 881 1389 in
908 1335 1128 1399 virtute;
1157 1343 1212 1390 et
1234 1334 1375 1389 dicat
1397 1334 1537 1389 idem
1568 1335 1840 1406 apostolus

238 1428 303 1483 de
330 1425 560 1491 Christo
596 1446 610 1481 :
646 1427 757 1482 Etsi
782 1428 1053 1506 cruciﬁxus
1081 1434 1153 1482 est
1181 1443 1243 1481 ea:
1270 1426 1579 1494 inﬁrmitate,
1610 1431 1698 1480 sed
1726 1426 1841 1479 vivit

238 1534 299 1573 ex
322 1519 518 1573 virtute
547 1518 647 1573 Dei
672 1519 739 1591 (ll
762 1519 880 1574 Cor.
910 1535 1027 1584 xm,
1057 1518 1137 1589 6).
1167 1519 1295 1586 Quis
1320 1534 1449 1573 vero
1480 1528 1583 1572 tam
1614 1517 1842 1574 absurde

238 1610 412 1679 sapiat
441 1650 459 1677 ,
492 1621 557 1664 ut
598 1609 783 1665 credat
825 1609 951 1665 illud
992 1624 1184 1679 corpus
1220 1609 1446 1663 animale
1483 1611 1796 1664 scminatum
1820 1649 1836 1676 ,

242 1700 482 1756 animale
508 1703 912 1767 resuscitatum,
943 1702 987 1757 si
1013 1710 1253 1757 nostrum
1273 1703 1565 1757 seminatur
1592 1702 1838 1770 animale,

240 1800 423 1863 surget
448 1792 777 1863 spirituale?

309 1885 365 1941 9.
396 1884 638 1940 Constat
676 1886 851 1954 itaque
875 1925 890 1949 ,
942 1898 1112 1954 neque
1154 1885 1264 1939 ullo
1309 1884 1468 1939 modo
1496 1884 1841 1940 dubitandum

241 1984 342 2037 est,
368 1990 581 2046 corpus
602 1975 830 2041 Christi,
859 1975 997 2045 quod
1024 1976 1149 2031 licet
1178 1977 1568 2046 corruptionem
1602 1976 1842 2046 putredi-

242 2068 325 2121 nis
354 2068 409 2122 in
439 2068 701 2137 sepulcro
729 2082 832 2122 non
862 2066 1083 2131 viderit,
1126 2066 1264 2121 unde
1302 2068 1558 2136 scriptum
1588 2076 1670 2121 est.
1689 2108 1703 2132 ,
1736 2066 1843 2120 Nec

242 2157 388 2213 dabis
416 2168 663 2212 sanctum
682 2167 821 2211 tuum
846 2157 1010 2212 videre
1028 2158 1397 2226 corruptionem
1416 2157 1586 2231 (Psal.
1616 2175 1703 2223 xv,
1729 2155 1839 2229 10),

242 2249 410 2302 clavis
443 2258 632 2303 tamen
658 2258 711 2303 et
731 2249 913 2304 lancea
941 2250 1206 2319 perrumpi
1238 2250 1427 2319 potuit,
1461 2266 1602 2305 nunc
1626 2252 1844 2305 omnino

244 2340 295 2395 in
338 2342 755 2411 incorruptione
790 2340 1122 2405 consistere;
1168 2339 1386 2409 etquod
1430 2340 1482 2392 in
1523 2339 1844 2393 contumelia

243 2435 521 2504 passionis
553 2435 843 2503 mortisque
868 2432 1183 2487 seminatum
1211 2440 1313 2498 est,
1343 2447 1481 2485 nunc
1503 2447 1621 2486 esse
1650 2432 1702 2484 in
1727 2432 1844 2501 glo-

247 2527 324 2581 ria
355 2527 489 2582 vita:
516 2535 733 2582 aeternae
758 2543 771 2588 ;
802 2535 854 2580 et
880 2525 1021 2595 quod
1050 2540 1114 2580 ex
1146 2524 1451 2579 inﬁrmitate
1479 2523 1648 2593 potuit
1671 2523 1844 2577 eruci-

246 2616 366 2687 ﬁgi,
404 2632 559 2687 nunc
602 2617 655 2670 in
692 2617 889 2671 virtute
926 2630 1191 2685 regnare;
1233 2624 1285 2669 et
1318 2614 1458 2683 quod
1498 2623 1612 2668 erat
1653 2628 1846 2683 corpus

244 2686 527 2775 animale‘,
560 2708 808 2779 quoniam
842 2721 907 2762 ex
938 2707 1109 2761 Adam
1138 2713 1406 2775 sumptum
1432 2714 1540 2770 est,
1565 2721 1705 2760 nunc
1728 2720 1847 2761 esse

245 2798 538 2867 spirituale
558 2839 573 2864 ,
599 2799 846 2868 quoniam
871 2797 1076 2865 Spiritui
1104 2796 1213 2865 jam
1241 2796 1662 2866 inseparabiliter
1684 2811 1845 2865 copu-

246 2888 419 2944 latum
463 2901 569 2943 est.
616 2890 748 2944 Cum
802 2888 943 2943 enim
989 2888 1148 2942 vellet
1189 2889 1473 2958 Apostolus
1516 2888 1584 2942 de
1624 2903 1847 2958 corpore

245 2980 475 3034 animali
508 2979 763 3034 adhibere
785 2980 1148 3034 testimonium
1167 2978 1581 3047 Scripturarum,
1606 2979 1731 3033 illud
1752 2994 1850 3049 po-

244 3071 354 3125 suit
395 3069 549 3140 quod
579 3070 630 3123 in
667 3069 862 3125 Genesi
897 3070 1132 3140 legitur:
1164 3068 1225 3123 Si
1263 3079 1335 3123 est
1359 3110 1373 3135 ,
1422 3070 1622 3138 inquit,
1665 3084 1848 3138 corpus

244 3160 517 3225 animale,
561 3171 631 3214 est
674 3170 720 3213 et
756 3160 1052 3231 spirituale;
1090 3160 1219 3214 sicut
1257 3161 1498 3229 scriptum
1529 3170 1630 3224 est,
1660 3158 1849 3213 Factus

241 3261 318 3305 est
352 3250 559 3320 primus
584 3250 748 3303 Adam
774 3251 826 3303 in
855 3251 1077 3303 animam
1106 3251 1345 3303 viventem
1364 3290 1379 3314 ,
1406 3250 1519 3315 vel,
1551 3250 1605 3303 in
1628 3250 1850 3303 animant

243 3343 417 3395 vivam
460 3338 512 3409 (1
541 3340 657 3394 Cor.
689 3357 756 3394 xv
777 3381 791 3404 ,
822 3339 932 3411 44).
965 3341 1176 3395 Recolis
1217 3350 1363 3395 certe
1403 3341 1850 3410 quemadmodum

249 3433 521 3503 scriptum
552 3433 619 3488 sit
646 3450 657 3486 :
689 3430 756 3486 Et
777 3433 1039 3504 insufﬂauit
1068 3430 1208 3487 Deus
1235 3434 1287 3485 in
1311 3433 1493 3504 facient
1535 3434 1643 3502 ejus
1668 3435 1850 3503 ﬂatum

251 3526 407 3588 vitaz;
447 3532 497 3576 et
526 3526 689 3594 factus
716 3533 788 3578 est
816 3522 964 3578 homo
990 3523 1041 3576 in
1067 3524 1288 3575 animam
1316 3524 1477 3577 vivam
1504 3522 1653 3597 (Gen.
1684 3541 1739 3590 ιι,
1770 3525 1845 3596 7).

254 3615 472 3670 Dictum
524 3623 607 3669 est
652 3624 831 3668 autem
876 3614 1034 3667 etiam
1084 3613 1152 3668 de
1199 3614 1555 3669 animalibus:
1588 3613 1848 3670 Producat

258 3719 395 3763 terra
422 3707 648 3761 animam
681 3707 838 3759 vivam
866 3703 975 3778 (Id.
999 3722 1017 3759 1
1036 3747 1051 3771 ,
1081 3703 1196 3779 24).
1227 3705 1541 3777 lntelligitur
1565 3724 1692 3779 ergo
1722 3723 1845 3764 cor-

257 3816 357 3872 pus
402 3800 636 3855 animale
675 3799 779 3853 dici
817 3799 987 3853 simile
1024 3800 1231 3853 caneris
1272 3799 1587 3855 animalibus
1634 3810 1849 3871 propter

259 3891 450 3946 mortis
475 3889 881 3945 dissolutionem
908 3901 960 3943 et
990 3890 1418 3959 corruptionem,
1467 3906 1585 3961 qua:
1613 3893 1848 3961 quotidie

260 3983 379 4037 cibo
394 3980 658 4046 reﬁcitur,
681 3990 735 4035 et
757 3990 959 4050 postea,
976 3988 1216 4049 separata
1240 3981 1521 4035 animantis
1535 3998 1788 4052 compage
1803 3984 1845 4051 ¹,

260 4072 589 4128 dissolvitur.
635 4071 918 4141 Spirituale
942 4080 1119 4125 autem
1156 4085 1383 4140 corpus,
1414 4071 1554 4141 quod
1576 4072 1685 4142 jam
1724 4089 1846 4129 cum

259 4166 449 4235 spiritu
481 4166 781 4221 immortale
808 4170 907 4220 est.

330 4260 416 4317 10.
447 4260 704 4329 Quamvis
728 4257 970 4313 nonnulli
1008 4257 1334 4311 arbitrentur
1362 4265 1485 4311 tunc
1512 4257 1624 4312 ﬁeri
1653 4273 1846 4329 corpus

262 4351 562 4421 spirituale,
593 4365 713 4406 eum
739 4348 849 4419 jam
877 4358 931 4403 et
971 4348 1140 4418 ipsum
1170 4361 1363 4417 corpus
1394 4356 1627 4402 mutatur
1658 4349 1710 4404 in
1734 4351 1844 4421 spi-

262 4441 421 4499 ritum
448 4483 465 4508 ,
513 4450 567 4497 et
611 4440 752 4511 quod
791 4441 953 4494 homo
989 4447 1104 4493 erat
1146 4454 1216 4494 ex
1262 4453 1486 4510 corpore
1525 4448 1579 4494 et
1614 4440 1800 4509 spiritu
1824 4482 1840 4507 ,

266 4540 548 4603 utrumque
571 4548 633 4587 ac
655 4540 823 4586 totum
849 4531 1063 4601 spiritus
1084 4530 1203 4595 erit,
1233 4530 1382 4599 quasi
1403 4529 1595 4584 dixerit
1617 4534 1845 4600 Aposto-

266 4621 365 4690 lus,
392 4624 702 4680 Seminatur
730 4635 925 4691 corpus
947 4661 961 4687 ,
991 4629 1169 4690 surget
1196 4620 1431 4691 spiritus.
1466 4620 1605 4675 Dixit
1629 4629 1802 4675 autem
1824 4663 1839 4689 ,

271 4712 563 4771 Seminatur
605 4731 788 4785 corpus
823 4713 1068 4777 animale,
1106 4722 1275 4783 surget
1322 4730 1502 4782 corpus
1538 4714 1797 4783 spirituale
1824 4728 1843 4767 :

268 4807 511 4877 proinde,
535 4806 673 4861 sicut
696 4804 924 4860 animale
947 4818 1139 4874 corpus
1157 4819 1262 4857 non
1284 4812 1365 4858 est
1383 4805 1577 4869 anima,
1608 4803 1703 4859 sed
1723 4819 1844 4859 eor-

273 4911 383 4966 pus,
408 4900 485 4953 ita
502 4906 557 4953 et
574 4896 848 4966 spirituale
868 4911 1062 4965 corpus
1082 4910 1186 4949 non
1212 4895 1451 4964 spiritum
1473 4896 1729 4953 debemus
1749 4913 1845 4968 pu-

273 4995 402 5054 tare,
425 4988 523 5044 sed
552 5002 766 5058 corpus.
787 4986 916 5054 Quis
943 5000 1101 5057 porro
1124 4986 1314 5040 audeat
1332 4987 1558 5055 opinari,
1587 4988 1671 5044 vel
1692 4986 1846 5043 Chri-

274 5079 336 5134 sti
352 5094 549 5149 corpus
568 5094 675 5133 non
694 5078 967 5148 spirituale
986 5078 1339 5133 resurrexisse
1364 5095 1378 5143 ;
1402 5080 1482 5135 vel
1508 5080 1551 5133 si
1573 5080 1844 5150 spirituale

275 5171 524 5236 surrexit,
558 5169 667 5239 jam
696 5184 802 5223 non
842 5182 1035 5239 corpus
1070 5168 1230 5224 fuisse
1249 5209 1262 5232 ,
1290 5168 1385 5225 sed
1413 5171 1654 5237 spiritum
1682 5190 1694 5225 :
1721 5186 1843 5227 cum

278 5262 408 5320 hanc
436 5264 735 5334 opinionem
767 5261 1150 5331 Discipulorum
1178 5261 1407 5328 refellat,
1430 5262 1539 5328 ubi,
1574 5278 1693 5317 eum
1720 5278 1842 5318 eum

279 5353 511 5409 videntes
535 5351 900 5407 existimarent
923 5367 981 5408 se
1007 5352 1248 5423 spiritum
1276 5352 1473 5418 videre,
1506 5354 1595 5419 ait,
1627 5352 1844 5425 Palpate

204 5437 232 5460 ’⁵
281 5452 322 5498 et
346 5445 522 5510 videte,
548 5445 669 5517 quia
694 5444 902 5511 spiritus
936 5461 1049 5500 ossa
1076 5453 1125 5500 et
1148 5460 1351 5499 carnem
1379 5462 1479 5500 non
1510 5446 1687 5514 habet,
1714 5448 1843 5502 sicut

282 5550 352 5590 me
378 5538 551 5593 videtis
583 5535 801 5592 habere?
842 5537 957 5592 lam
987 5537 1144 5608 igitur
1170 5537 1257 5591 illa
1285 5553 1410 5592 caro
1434 5539 1704 5608 Spirituale
1728 5550 1843 5596 erat

283 5638 492 5697 corpus,
534 5642 633 5682 nec
657 5634 832 5682 tamen
863 5626 1079 5697 spiritus
1108 5635 1259 5692 erat,
1305 5629 1401 5682 sed
1444 5644 1654 5699 corpus,
1702 5631 1841 5684 nulla

284 5717 494 5775 ulterius
520 5728 689 5774 morte
726 5718 792 5773 ab
818 5720 991 5773 anima
1014 5717 1381 5772 resolvendum
1412 5728 1568 5791 atque
1593 5735 1843 5792 separan-

339 5832 355 5872 ι
382 5838 484 5892 usa,
507 5829 707 5905 plures:
734 5816 965 5907 superata
986 5829 1239 5893 amantia
1261 5842 1503 5910 compago.

1421 401 1901 460 EPISTOLARUM
1939 401 2220 457 CLASSIS
2257 400 2347 457 lll.

3412 408 3517 468 οιο

1938 513 2063 567 dum
2094 530 2107 567 :
2137 514 2271 569 sicut
2297 526 2490 583 corpus
2512 515 2741 570 animae
2758 557 2775 581 ,
2814 517 2967 586 quale
2991 519 3279 576 animatum
3305 530 3389 578 est
3413 524 3510 581 Dei

1940 604 2083 669 ﬂatu,
2111 619 2231 659 cum
2276 603 2444 660 factus
2468 616 2550 660 est
2574 605 2733 660 homo
2761 608 2816 661 in
2863 609 3093 664 animam
3119 612 3310 679 vivam,
3347 615 3511 673 etiam

1941 695 2113 765 ipsum
2136 711 2202 751 ex
2220 696 2433 750 animali
2452 697 2721 767 spirituale
2734 699 2849 753 sine
2870 702 3057 754 mortis
3082 704 3381 761 interventu
3399 707 3515 764 fue-

1940 795 2025 841 rat
2046 787 2299 851 futurum,
2323 788 2425 842 nisi
2438 788 2787 858 transgressio
2803 790 3055 861 praecepti
3068 792 3214 861 prius
3227 797 3512 854 commisso

1940 885 2159 948 peccato
2188 877 2447 948 indigeret
2475 894 2685 948 patriam
2709 920 2724 945 ,
2766 895 2926 950 quam
2953 881 3093 938 Deus
3116 893 3341 941 servata:
3360 887 3520 957 justi-

1944 967 2031 1023 tite
2051 968 2201 1024 daret
2224 983 2496 1024 coronant.

2015 1058 2102 1112 11.
2134 1056 2287 1113 Unde
2319 1060 2568 1115 Dominus
2594 1059 2835 1115 Christus
2861 1076 2955 1132 per
2976 1078 3076 1119 nos
3112 1064 3181 1122 ad
3215 1080 3315 1124 nos
3335 1075 3514 1139 venit,

1943 1164 2061 1204 cum
2098 1160 2405 1220 peceatores
2428 1152 2603 1219 justus
2625 1151 2855 1219 invenit;
2891 1169 2989 1225 per
3014 1164 3235 1229 stratum
3262 1162 3525 1232 quodam-

1943 1239 2101 1294 modo
2130 1240 2440 1295 humilitatis
2469 1251 2663 1296 nostrae
2681 1283 2698 1309 ,
2726 1242 2819 1299 sed
2839 1259 2943 1298 non
2972 1261 3089 1300 cum
3116 1248 3306 1303 morbo
3332 1252 3524 1324 iniqui-

1943 1331 2067 1385 tatis
2107 1341 2322 1386 nostrin.
2356 1332 2488 1386 Nam
2532 1350 2626 1402 per
2659 1335 2885 1390 animale
2924 1338 3113 1404 nobis,
3160 1339 3264 1394 hoc
3302 1350 3384 1396 est
3425 1359 3524 1415 per

1944 1422 2167 1476 mortale
2192 1437 2385 1491 corpus
2406 1426 2681 1493 apparuit;
2709 1427 2796 1495 qui
2825 1427 3004 1497 utique
3028 1428 3073 1483 si
3100 1430 3374 1500 voluisset,
3401 1448 3521 1490 cum

1944 1524 2168 1579 corpore
2198 1511 2481 1565 immortali
2510 1514 2754 1581 primitus
2778 1514 3097 1571 advenisset.
3125 1518 3231 1574 Sed
3273 1521 3395 1590 quia
3425 1538 3525 1580 nos

1946 1600 2237 1655 humilitate
2264 1602 2381 1656 Filii
2412 1603 2506 1656 Dei
2550 1605 2725 1657 sanari
2762 1607 3074 1675 oportebat,
3111 1626 3277 1680 usque
3317 1614 3384 1668 ad
3422 1631 3524 1673 no-

1943 1700 2108 1745 stram
2146 1691 2508 1749 infirmitatem
2537 1694 2843 1763 descendit,
2893 1707 2949 1752 et
2979 1698 3099 1753 ﬁdei
3138 1712 3335 1759 nostra:
3364 1708 3526 1764 meri-

1944 1790 2053 1837 tum
2079 1799 2142 1838 ac
2170 1786 2467 1854 praemium,
2499 1787 2687 1842 virtute
2708 1804 2817 1842 suae
2842 1793 3245 1850 resurrectionis
3268 1801 3525 1859 ostendit.

1943 1872 2067 1929 Ideo
2093 1877 2331 1945 sequitur
2355 1879 2641 1947 Apostolus
2666 1889 2711 1934 et
2738 1880 2865 1934 dicit
2896 1899 2909 1933 :
2940 1880 3258 1940 Novissimus
3280 1886 3445 1943 Adam
3473 1891 3529 1947 in

1944 1970 2178 2038 spiritum
2198 1970 2549 2039 viviﬁcantem.
2577 1972 2698 2027 Sive
2736 1972 3058 2043 intelligatur
3084 1977 3287 2047 primus
3315 1981 3484 2038 Adam
3510 2024 3527 2053 ,

1947 2060 2036 2129 qui
2066 2060 2133 2115 de
2162 2062 2379 2130 pulvere
2407 2072 2531 2118 ante
2568 2062 2823 2119 formatus
2848 2074 2961 2130 est,
3009 2070 3330 2127 novissimus
3352 2083 3530 2132 autem

1946 2152 2139 2218 Adam,
2160 2153 2251 2222 qui
2285 2153 2351 2209 de
2379 2155 2582 2224 virgine
2605 2166 2910 2225 procreatus
2935 2168 3045 2225 est;
3072 2160 3184 2217 sive
3206 2163 3258 2217 in
3290 2180 3531 2237 unoquo-

1949 2257 2053 2312 que
2087 2243 2302 2299 homine
2329 2252 2613 2316 utrumque
2641 2247 2969 2317 compleatur
2988 2291 3004 2313 ,
3033 2259 3087 2303 ut
3126 2254 3329 2321 primus
3360 2256 3529 2312 Adam

1948 2335 2017 2389 sit
2046 2335 2211 2389 homo
2240 2336 2293 2389 in
2323 2351 2546 2406 corpore
2572 2338 2799 2403 mortali,
2832 2340 3153 2396 novissimus
3194 2343 3363 2399 Adam
3389 2346 3530 2403 idem

1949 2428 2063 2497 ipse
2102 2430 2155 2482 in
2185 2443 2413 2498 corpore
2450 2430 2776 2485 immortali:
2807 2441 2982 2487 tamen
3018 2434 3158 2489 inter
3184 2437 3415 2493 animam
3454 2440 3533 2493 vi-

1947 2529 2158 2577 ventem
2198 2530 2254 2576 et
2281 2522 2525 2591 spiritum
2553 2522 2905 2578 viviﬁcantem
2931 2524 3031 2581 hoc
3059 2526 3318 2590 interesse
3343 2531 3527 2600 voluit,

1952 2620 2008 2665 ut
2050 2612 2159 2665 illic
2202 2612 2271 2665 sit
2312 2626 2509 2682 corpus
2555 2613 2822 2681 animale,
2880 2614 2966 2669 hic
3007 2617 3301 2685 spirituale.
3341 2620 3533 2678 Anima

1950 2704 2146 2773 quippe
2171 2702 2225 2756 in
2252 2717 2475 2772 corpore
2500 2704 2715 2757 animali
2741 2706 2869 2759 vivit
2890 2706 3124 2776 quidem,
3151 2709 3247 2765 sed
3273 2726 3377 2764 non
3404 2713 3534 2766 vivi-

1950 2792 2076 2847 ficat
2102 2808 2268 2861 usque
2299 2793 2364 2847 ad
2395 2792 2737 2848 auferendam
2760 2797 3155 2865 corruptionem
3185 2817 3198 2852 :
3230 2801 3282 2855 in
3308 2816 3534 2873 corpore

1949 2899 2077 2938 vero
2102 2884 2382 2955 spirituali,
2414 2885 2662 2953 quoniam
2690 2885 2923 2954 perfecte
2946 2886 3227 2943 adhaerens
3261 2890 3486 2948 Domino
3510 2935 3527 2960 ,

1951 2990 2088 3029 unus
2115 2975 2333 3044 Spiritus
2362 2984 2443 3029 est
2471 2974 2512 3047 (l
2548 2976 2665 3029 Cor.
2698 2992 2748 3032 vt
2769 3018 2783 3044 ,
2817 2978 2941 3048 17),
2971 2979 3048 3035 sic
3076 2980 3300 3037 viviﬁcat
3338 2991 3395 3038 ut
3421 2986 3535 3057 spi-

1950 3067 2140 3122 rituale
2168 3083 2362 3136 corpus
2398 3068 2638 3136 efﬁciat,
2683 3071 2970 3126 absumens
2996 3086 3208 3129 omnem
3233 3079 3533 3148 corruptio-

1951 3175 2073 3214 nem
2091 3200 2104 3222 ,
2135 3160 2330 3213 nullam
2358 3170 2602 3215 metuens
2626 3164 3035 3231 separationem.

2024 3251 2109 3304 12.
2153 3250 2379 3306 Proinde
2406 3252 2644 3321 sequitur
2667 3270 2679 3305 :
2704 3252 2809 3307 Sed
2836 3271 2934 3307 non
2962 3256 3102 3324 prius
3121 3260 3254 3328 quod
3271 3261 3536 3331 spirituale

1952 3349 2042 3406 est,
2081 3341 2168 3394 sed
2199 3341 2332 3410 quod
2365 3340 2613 3406 animale;
2641 3352 2811 3412 postea
2841 3344 2974 3413 quod
3012 3347 3295 3414 spirituale.
3328 3349 3535 3408 Primus

1954 3432 2101 3485 homo
2130 3432 2194 3485 de
2232 3441 2384 3496 terra,
2419 3442 2681 3492 terrenus;
2709 3436 2958 3488 secundus
2994 3438 3143 3491 homo
3169 3439 3232 3493 de
3259 3443 3403 3509 coelo,
3432 3461 3534 3500 ca-

1955 3522 2111 3576 lestis.
2143 3520 2319 3587 Qualis
2360 3532 2602 3589 terrenus,
2633 3524 2755 3577 tales
2786 3534 2831 3578 et
2867 3528 3079 3592 terreni;
3119 3538 3164 3583 et
3197 3532 3358 3600 qualis
3388 3534 3534 3590 uele-

1953 3614 2062 3681 stis,
2095 3611 2218 3667 tales
2253 3622 2299 3666 et
2329 3614 2564 3668 caelestes.
2609 3614 2753 3669 Sicut
2783 3619 3091 3686 portavimus
3128 3620 3397 3691 imaginem
3434 3634 3534 3678 ter-

1952 3703 2079 3767 reni,
2109 3711 2361 3772 portemus
2393 3712 2440 3755 et
2477 3703 2745 3774 imaginem
2771 3706 2880 3775 ejus
2915 3708 2999 3777 qui
3037 3708 3098 3761 de
3126 3711 3248 3764 ctrlo
3275 3721 3364 3766 est.
3394 3714 3532 3781 Quid

1952 3802 2054 3860 est,
2103 3792 2279 3856 Qualis
2320 3802 2562 3859 terrenus,
2596 3793 2719 3848 tales
2767 3803 2812 3848 et
2853 3798 3071 3864 terreni;
3112 3801 3231 3868 nisi,
3280 3807 3533 3862 mortales

1952 3902 2018 3942 ex
2044 3886 2290 3941 mortali?
2314 3898 2366 3941 et
2391 3887 2517 3956 quid
2544 3896 2646 3955 est,
2683 3886 2858 3954 Qualis
2897 3890 3127 3957 cmlestis,
3163 3894 3286 3949 tales
3310 3906 3355 3949 et
3385 3900 3533 3953 cale-

1949 3990 2092 4045 stes;
2142 3980 2263 4046 nisi,
2311 3980 2635 4033 immortales
2683 3995 2778 4049 per
2825 3982 3217 4040 immortalem?
3267 3988 3398 4043 Illud
3437 4006 3533 4062 per

1950 4070 2142 4137 Adam,
2175 4075 2277 4123 hoc
2308 4085 2399 4138 per
2424 4068 2711 4124 Christum.
2744 4072 2996 4127 Dominus
3026 4075 3166 4129 enim
3189 4078 3254 4130 ad
3296 4079 3394 4133 hoc
3426 4088 3533 4136 ter-

1950 4178 2113 4218 renus
2148 4162 2318 4216 factus
2352 4171 2455 4225 est,
2488 4177 2606 4216 cum
2642 4170 2787 4217 esset
2819 4165 3071 4233 ccclesiis,
3101 4177 3155 4221 ut
3184 4185 3277 4224 eos
3303 4173 3389 4239 qui
3420 4182 3531 4229 ter-

1949 4254 2066 4310 reni
2097 4262 2265 4317 erant,
2297 4252 2494 4307 faceret
2517 4253 2794 4320 etelestes;
2824 4254 2924 4309 hoc
2948 4264 3051 4322 est,
3083 4257 3200 4312 ideo
3225 4276 3289 4315 ex
3314 4262 3533 4321 immor-

1951 4345 2047 4402 tali.
2068 4345 2306 4398 mortalis
2328 4344 2494 4398 factus
2518 4353 2618 4411 est,
2644 4346 2960 4401 assumendo
2982 4349 3121 4403 servi
3148 4350 3390 4420 formam,
3421 4371 3527 4413 non

1950 4435 2161 4489 Domini
2190 4435 2440 4490 mutando
2470 4446 2729 4502 naturam,
2764 4444 2820 4490 ut
2857 4452 2949 4491 eos
2982 4441 3071 4510 qui
3099 4444 3347 4500 mortales
3377 4461 3531 4507 erant

1950 4528 2149 4583 faceret
2176 4528 2520 4594 immortales,
2552 4529 2902 4597 impertiendo
2928 4530 3243 4591 dominicam
3279 4541 3523 4611 gratiam,

1950 4636 2056 4675 non
2084 4621 2332 4675 servilem
2361 4620 2605 4689 injuriam
2630 4622 2960 4677 retinendo‘.

2020 4712 2106 4766 15.
2149 4712 2279 4766 Cum
2303 4711 2460 4781 igitur
2479 4710 2545 4764 de
2568 4714 2955 4768 resurrectione
2974 4716 3214 4783 corporis
3240 4717 3526 4787 Apostolus

1948 4803 2245 4872 disputans,
2275 4801 2493 4857 doceret
2520 4812 2700 4857 nostra
2725 4818 2945 4874 corpora
2966 4805 3134 4861 futura
3164 4823 3229 4863 ex
3257 4815 3523 4883 corrupti-

1948 4894 2141 4949 bilibus
2184 4893 2617 4963 ineorruptibilia,
2662 4912 2728 4950 ex
2755 4898 3241 4967 contemptibilibus
3267 4903 3519 4977 gloriosa,

1948 5000 2013 5039 ex
2030 4984 2252 5039 inﬁrmis
2273 4983 2447 5051 fortia,
2462 5000 2527 5040 ex
2547 4986 2858 5040 animalibus
2882 4987 3191 5056 Spiritualia,
3216 4990 3317 5048 hoc
3335 5004 3437 5064 est,
3456 5013 3525 5054 ex

1948 5078 2257 5133 mortalibus
2304 5078 2641 5145 immortalia,
2688 5079 2912 5147 subjecit
2955 5081 3093 5136 unde
3136 5086 3326 5157 agitur,
3363 5100 3524 5162 atque

1948 5169 2023 5223 ait
2051 5186 2062 5220 :
2095 5166 2206 5220 Hoc
2235 5177 2402 5221 autem
2434 5169 2566 5234 dico,
2606 5169 2805 5237 fratres,
2834 5171 2953 5241 quia
2989 5188 3108 5228 caro
3137 5185 3186 5230 et
3212 5182 3417 5251 sanguis
3442 5199 3525 5239 re-

1948 5278 2103 5332 gnum
2127 5259 2221 5313 Dei
2247 5260 2499 5330 possidere
2526 5276 2624 5313 non
2658 5272 2884 5330 possunt.
2910 5263 2979 5319 Et
3011 5280 3079 5321 ne
3110 5269 3387 5341 quisquam
3418 5288 3523 5344 pu-

1950 5358 2086 5405 taret
2105 5350 2391 5405 secundum
2415 5349 2762 5404 substantiam
2783 5354 2955 5409 carnis
2978 5354 3079 5410 hoc
3098 5360 3407 5427 Apostolutn
3429 5362 3522 5419 de-

1949 5443 2174 5509 ﬁniisse,
2222 5440 2427 5511 aperuit
2469 5441 2592 5510 quid
2641 5441 2873 5511 diceret,
2925 5448 3289 5519 subjungendo
3320 5473 3331 5507 :
3364 5470 3525 5528 neque

1950 5537 2204 5607 corruptio
2233 5536 2650 5605 incorruptionem
2672 5537 2958 5607 possidebit.
2995 5540 3263 5612 Tanquam
3298 5545 3521 5619 diceret,

1950 5627 2100 5696 Quod
2121 5626 2251 5691 dixi,
2274 5625 2401 5679 Caro
2420 5635 2465 5679 ct
2489 5629 2694 5698 sanguis
2719 5645 2924 5699 regnum
2949 5629 3039 5684 Dei
3054 5648 3153 5686 non
3178 5636 3519 5705 possidebunt,

1952 5723 2072 5781 ideo
2093 5721 2220 5786 dixi,
2244 5720 2363 5789 quia
2385 5721 2640 5790 corruptio
2661 5723 3083 5792 incorruptionem
3105 5742 3203 5781 non
3230 5729 3499 5797 possidebit
3513 5732 3526 5804 δ

1950 5890 1973 5903 Γ
2013 5835 2031 5877 ι
2050 5838 2134 5896 iis,
2156 5832 2374 5903 sistere,
2392 5836 2440 5883 et
2459 5830 2679 5891 servilem
2697 5830 2926 5910 iniuriam
2947 5833 3266 5907 perpetiendo.
