3990 6384
540 342 647 400 947

539 458 653 514 Hoc
678 470 808 527 ergo
835 454 957 512 loco
970 454 1191 511 nomine
1219 453 1395 509 carnis
1425 460 1477 505 et
1500 450 1796 521 sanguinis,
1830 454 2129 523 corruptio.

540 564 662 605 nem
690 547 1035 604 mortalitatis
1064 546 1282 614 intelligi
1306 544 1487 597 voluit.

608 643 700 698 ﬂ.
741 642 999 709 hortique,
1022 648 1276 708 tanquam
1300 637 1350 692 ei
1380 636 1668 703 diceretur,
1684 635 1972 705 Quotnodo
2003 652 2130 694 caro

541 736 663 803 erit,
686 744 748 789 et
773 746 900 788 caro
916 745 1030 788 non
1054 729 1198 786 erit?
1222 745 1350 787 caro
1369 730 1566 802 quippe
1589 730 1715 798 erit,
1746 731 1996 802 quoniam
2021 731 2129 787 Do-

538 829 717 885 minus
736 834 860 897 post
883 823 1330 880 resurrectionem
1358 825 1449 889 ait,
1480 823 1699 895 Palpate
1725 833 1772 881 α
1798 824 1979 891 uidete,
2004 828 2130 898 quia

535 923 744 993 spiritus
780 937 894 976 ossa
919 929 966 974 et
990 934 1194 973 carnem
1231 935 1332 972 non
1366 918 1532 983 habet,
1561 918 1691 973 sicut
1714 934 1796 973 me
1823 918 2003 974 videtis
2030 920 2128 974 Ita-

536 1015 681 1079 bere;
720 1029 848 1071 caro
878 1022 1061 1069 autem
1107 1027 1213 1067 non
1248 1010 1369 1079 erit,
1394 1011 1648 1087 quoniam
1677 1028 1796 1067 caro
1837 1022 1886 1067 et
1918 1014 2129 1085 sanguis

532 1120 741 1181 regnum
760 1107 858 1163 Dei
876 1122 980 1161 non
1005 1105 1371 1178 possidebunt:
1394 1104 1611 1175 exponit
1632 1106 1758 1178 quid
1777 1105 1995 1172 dixerit,
2026 1106 2126 1163 ad-

528 1204 739 1275 jiciens,
785 1197 920 1255 Ecce
945 1200 1237 1273 mysterium
1276 1198 1413 1253 vobis
1442 1197 1575 1263 dico,
1614 1214 1785 1254 omnes
1807 1199 2010 1271 quidem
2045 1215 2128 1254 re-

529 1310 825 1367 surgemus;
858 1294 947 1350 vel
968 1293 1108 1349 sicut
1134 1293 1293 1364 grzeci
1328 1290 1542 1347 codices
1567 1291 1784 1357 habent,
1821 1308 1991 1346 omnes
2014 1292 2127 1363 qui-

529 1390 643 1445 dem
666 1387 991 1449 dormiemus,
1025 1404 1125 1441 non
1150 1396 1315 1439 tamen
1344 1401 1515 1440 omnes
1546 1384 1942 1438 immutabimur.
1970 1383 2127 1440 Hanc

526 1482 954 1539 immutationem
987 1490 1163 1533 utrum
1195 1480 1248 1533 in
1276 1477 1533 1544 deterius,
1566 1493 1632 1531 an
1666 1478 1717 1532 in
1748 1479 1937 1532 melius
1962 1479 2124 1533 intel-

524 1574 613 1646 ligi
644 1573 894 1639 voluerit,
923 1570 1174 1627 inferiora
1201 1570 1589 1627 demonstrant.
1616 1568 1682 1624 lu
1710 1582 1895 1638 atomo,
1924 1570 2117 1639 ἱῃιμιῑι,

525 1668 628 1724 hoc
664 1676 767 1732 est,
792 1666 845 1720 in
879 1675 1080 1737 puncto
1104 1663 1379 1734 temporis,
1408 1663 1548 1733 quod
1577 1663 1739 1718 dividi
1780 1679 1884 1718 non
1912 1674 2120 1734 potost;

522 1763 576 1821 in
605 1761 707 1815 ictu
730 1758 887 1825 Oculi,
910 1758 1014 1814 hoc
1034 1767 1112 1817 est
1136 1757 1189 1811 in
1217 1770 1425 1811 summa
1450 1755 1749 1820 celeritate;
1774 1756 1825 1809 in
1851 1755 2123 1809 novissima

518 1857 664 1921 tuba,
692 1853 796 1911 hoc
818 1863 919 1917 est,
938 1852 993 1909 in
1022 1852 1312 1908 novissimo
1336 1852 1489 1922 signo
1516 1850 1658 1920 quod
1686 1849 1915 1913 dubitur,
1939 1859 1996 1904 ut
2020 1850 2119 1905 ista

520 1948 890 2017 eomplcantur
920 1964 935 2002 :
960 1956 1103 1999 canet
1140 1942 1274 1998 enim
1311 1944 1453 2009 tuba,
1495 1943 1684 2013 inquit,
1715 1950 1763 1997 et
1804 1942 1991 1996 mortui
2042 1959 2121 1997 re-

519 2049 725 2115 surgent
756 2036 1071 2109 incorrupti,
1105 2046 1150 2090 et
1180 2053 1270 2090 nos
1312 2036 1748 2090 commutabimnr.
1784 2035 1924 2106 Ergo
1961 2034 2117 2091 istam

518 2129 989 2189 commutationem
1014 2128 1064 2182 in
1098 2128 1286 2183 melius
1306 2128 1423 2183 sine
1450 2126 1782 2182 dubitatione
1807 2136 2017 2197 Oportet
2037 2128 2118 2181 in-

516 2224 701 2295 telligi,
728 2223 847 2296 quia
870 2235 1060 2276 omnes
1080 2230 1130 2276 et
1148 2221 1276 2290 justi
1298 2229 1354 2274 et
1381 2218 1558 2291 injusti
1578 2219 1928 2273 resurrecturi
1955 2225 2113 2273 sunt:

516 2318 633 2383 sed,
658 2321 795 2373 sicut
819 2315 1079 2370 Dominus
1109 2314 1160 2367 in
1190 2312 1480 2384 Evangelio
1502 2312 1752 2383 loquitur,
1784 2313 1869 2383 qui
1892 2311 2013 2365 bene
2041 2315 2114 2383 fe-

515 2423 711 2474 cerunt,
741 2410 797 2463 in
832 2408 1243 2463 resurrectionem
1271 2406 1385 2462 vita:
1411 2422 1429 2461 :
1455 2406 1541 2477 qui
1568 2421 1682 2459 vero
1719 2405 1851 2459 male
1882 2412 2110 2475 egerunt,

514 2504 567 2559 in
612 2501 1024 2558 resurrectionem
1049 2499 1234 2570 judicii
1259 2496 1437 2571 (Joan.
1470 2513 1525 2561 v,
1554 2495 1679 2565 ‘29);
1719 2496 1972 2563 judicium
2016 2511 2111 2566 ap-

511 2595 720 2669 pellans
750 2608 959 2664 poenam
990 2590 1391 2661 sempiternam,
1416 2589 1556 2646 sicut
1583 2589 1687 2642 alio
1715 2588 1858 2653 loco,
1890 2586 1990 2653 Qui
2012 2603 2113 2642 non

511 2687 691 2753 credit,
728 2685 918 2755 inquit,
946 2684 1059 2756 jam
1076 2682 1340 2755 judicatus
1381 2692 1451 2737 est
1481 2680 1593 2748 (Id.
1628 2696 1706 2747 ιιι,
1740 2678 1849 2751 18).
1880 2680 2111 2734 Proinde

508 2779 586 2835 illi
616 2779 703 2850 qui
734 2777 800 2833 ad
826 2776 1082 2849 judicium
1116 2774 1464 2829 resurrecturi
1495 2780 1639 2836 sunt,
1676 2789 1778 2827 non
1810 2780 2109 2827 commuta-

507 2870 707 2939 buntur
748 2872 799 2925 in
829 2870 971 2924 illam
1013 2865 1427 2936 incorruptelam
1459 2880 1576 2935 qua:
1621 2879 1719 2919 nec
1746 2862 1947 2919 doloris
1983 2879 2107 2919 cor-

507 2964 810 3036 ruptionem
838 2961 945 3034 pati
978 2970 1169 3031 potest.
1207 2958 1295 3012 Illa
1325 2972 1552 3027 namque
1580 2954 1813 3011 fidelium
1842 2966 1924 3010 est
1947 2966 2109 3023 atque

507 3070 812 3114 sanctorum
839 3073 853 3108 :
881 3055 966 3110 isti
994 3068 1119 3109 vero
1147 3059 1397 3121 perpetua
1418 3050 1760 3118 corruptione
1783 3048 2106 3104 eruciabun-

507 3160 621 3211 tur;
658 3150 782 3219 quia
814 3146 949 3218 ignis
994 3160 1177 3200 eorum
1220 3159 1324 3197 non
1377 3142 1766 3217 exstinguetur,
1818 3150 1873 3196 et
1910 3144 2106 3196 vermis

508 3256 694 3299 eorum
720 3254 824 3293 non
849 3238 1105 3291 morietur
1127 3233 1258 3308 (Isai
1284 3249 1427 3298 vat,
1451 3232 1567 3305 24).
1615 3324 1626 3333 .
1726 3320 1765 3333 Β
1981 3322 1993 3333 .

570 3333 657 3388 15.
701 3328 836 3399 Quid
859 3327 957 3381 sibi
980 3342 1107 3398 ergo
1129 3327 1238 3381 vult
1268 3326 1365 3378 ista
1391 3324 1687 3426 distinctio,
1716 3320 1784 3376 Et
1808 3322 1993 3425 mortui
2018 3339 2102 3426 re-

504 3434 708 3497 surgent
753 3419 1053 3487 incorrupti,
1106 3427 1151 3473 et
1207 3432 1299 3470 nos
1333 3413 1792 3480 commutabimur;
1839 3414 1939 3468 nisi
1978 3413 2103 3485 quia

503 3532 692 3574 omnes
730 3512 1021 3581 incorrupti
1070 3518 1367 3579 resurgent,
1409 3506 1508 3598 sed
1546 3521 1615 3560 ex
1665 3505 1746 3598 bis
1785 3505 1944 3598 etiam
1971 3505 2101 3598 justi

500 3600 924 3660 illnnutabuntur
945 3596 995 3651 in
1020 3596 1161 3650 illam
1187 3590 1598 3661 incorruptclotn
1616 3589 1701 3644 cui
1722 3591 1939 3643 omnino
1958 3590 2100 3645 nulla

500 3694 672 3765 possit
700 3704 894 3745 nocere
921 3684 1227 3756 corruptio?
1258 3688 1333 3738 Ac
1371 3698 1467 3752 per
1496 3683 1617 3747 hoc,
1641 3683 1729 3753 qui
1762 3683 1814 3737 in
1843 3698 1961 3784 eam
1992 3700 2098 3786 non

501 3782 992 3846 eommutabuntur,
1018 3776 1307 3847 incorrupti
1339 3774 1551 3845 quidem
1585 3783 1861 3845 resurgent
1883 3774 2101 3845 integri-

501 3884 612 3932 tate
639 3873 1019 3935 membrorum,
1044 3869 1137 3925 sed
1170 3880 1346 3922 tamen
1373 3865 1749 3935 corrumpendi
1771 3863 1962 3920 dolore
1983 3882 2097 3936 pm-

500 3983 714 4034 narum,
745 3981 865 4021 cum
900 3963 1164 4018 audierint
1190 3978 1201 4012 :
1234 3958 1333 4026 Ite,
1366 3958 1642 4023 maledicti,
1673 3956 1727 4010 in
1757 3959 1922 4029 ignem
1947 3968 2096 4014 teter-

498 4081 640 4121 num.
666 4063 753 4136 qui
775 4070 979 4132 paratus
1001 4066 1070 4113 est
1097 4052 1299 4111 diabolo
1318 4063 1361 4108 et
1383 4052 1576 4124 angelis
1603 4052 1711 4122 ejus
1733 4049 1948 4119 (Matth.
1964 4068 2091 4122 xxv,

498 4158 613 4230 ιι).
636 4160 679 4213 A
706 4170 811 4227 quo
842 4154 1021 4209 auditu
1056 4149 1388 4249 malojttstus
1412 4162 1520 4249 non
1550 4144 1755 4200 timebit
1775 4144 1955 4249 (Ps-al,
1977 4161 2090 4249 cxi,

498 4252 578 4322 7).
607 4250 681 4304 De
707 4248 793 4303 illa
818 4261 947 4301 vero
968 4239 1382 4299 commutatione
1407 4237 1673 4308 jnstorum
1701 4252 1823 4291 cum
1849 4237 2091 4307 dixisset,

497 4357 593 4397 nos
630 4337 1079 4401 commutabimur;
1129 4341 1376 4403 tanquam
1421 4343 1784 4398 qurereremus
1825 4329 2096 4400 quomodo

498 4429 641 4486 istud
685 4430 795 4495 liat,
834 4427 915 4483 vel
954 4424 1124 4494 qualis
1168 4424 1252 4478 illa
1283 4420 1629 4477 commutatio
1652 4418 1836 4489 (futura
1875 4422 1962 4485 sit,
1994 4422 2092 4476 ad-

495 4520 670 4595 iungit
703 4529 759 4573 et
782 4517 909 4572 dicit
938 4535 952 4571 :
994 4512 1203 4585 Oportet
1242 4512 1375 4566 enim
1415 4510 1738 4582 corruptibile
1765 4510 1859 4565 hoc
1885 4510 2095 4567 induere

496 4610 909 4683 incorruptelam,
946 4618 993 4664 et
1026 4606 1239 4661 mortale
1276 4604 1370 4660 hoc
1414 4604 1621 4659 induere
1662 4604 2093 4660 immortalitatem

497 4707 543 4779 (1
570 4704 687 4763 Cor.
718 4720 809 4769 xv,
837 4700 1044 4774 35-55).
1085 4698 1225 4766 Non,
1270 4707 1328 4753 ut
1365 4697 1575 4767 opinor,
1618 4694 1965 4752 dubitandum
2007 4705 2092 4753 est

495 4797 789 4857 secundum
816 4795 919 4857 hoc
939 4794 1162 4857 dictum,
1191 4786 1322 4845 Caro
1349 4798 1395 4843 et
1414 4788 1618 4863 sanguis
1638 4802 1846 4861 regnum
1868 4785 1964 4843 Dei
1987 4804 2090 4843 non

492 4892 838 4965 possidebunt,
872 4887 993 4959 quia
1022 4902 1128 4940 non
1158 4884 1228 4939 ibi
1266 4882 1370 4938 erit
1407 4881 1678 4951 corruptio
1712 4890 1767 4939 et
1794 4880 2088 4937 mortalitas

495 4983 672 5038 carnis
705 4989 760 5039 et
792 4977 1065 5050 sanguinis
1095 4994 1109 5033 :
1137 4972 1435 5031 secundum
1464 4971 1561 5027 bas
1599 4971 1740 5027 enim
1781 4970 2082 5045 qualitates,

495 5075 597 5140 hoc
625 5076 743 5133 loco
770 5086 986 5131 carnem
1014 5076 1069 5124 et
1094 5068 1404 5140 sanguinem
1431 5065 1777 5137 nuncupavit.

565 5140 655 5225 l6.
703 5162 999 5231 Quocirca,
1043 5168 1105 5217 ut
1146 5152 1347 5231 aliquid
1388 5156 1617 5229 exempli
1671 5156 1843 5231 gratia
1889 5171 2083 5228 ponam

492 5260 633 5333 quod
678 5257 890 5316 interim
928 5258 1162 5311 occurrit
1193 5271 1206 5307 :
1237 5254 1376 5309 sicut
1412 5253 1669 5322 scriptum
1710 5260 1815 5319 est,
1846 5249 1931 5307 Ne
1954 5256 2087 5325 forte

492 5351 749 5410 tentaverit
791 5364 878 5406 eos
925 5346 1015 5419 qui
1065 5354 1241 5414 tentat,
1293 5357 1339 5401 et
1391 5344 1557 5399 inanis
1609 5346 1675 5399 sit
1728 5344 1873 5400 labor
1915 5356 2086 5401 noster

492 5448 531 5522 (l
563 5446 745 5503 Thess.
775 5460 850 5511 tu,
875 5442 966 5516 51)
994 5458 1009 5509 ;
1043 5450 1203 5513 atque
1230 5438 1319 5495 hic
1342 5439 1655 5512 intelligitur
1674 5439 1935 5507 diabolus,
1967 5449 2083 5496 tan-

488 5556 647 5613 quam
672 5540 813 5595 Deus
837 5538 1059 5593 omnino
1083 5551 1191 5590 non
1224 5542 1406 5601 tentet,
1442 5533 1508 5589 de
1528 5549 1635 5605 quo
1661 5533 1768 5587 alio
1791 5533 1909 5590 loco
1937 5533 2084 5590 Scri-

487 5645 644 5707 ptura
671 5633 821 5701 dicit,
847 5630 974 5707 Ipse
990 5640 1161 5687 autem
1188 5628 1435 5685 neminem
1466 5636 1619 5683 tentat
1649 5624 1849 5700 (Jacobi
1876 5642 1915 5693 ι,
1945 5627 2034 5701 15)
2061 5646 2077 5686 :

487 5742 588 5783 nec
614 5727 881 5781 contraria
910 5735 993 5782 est
1027 5726 1127 5780 ista
1155 5722 1421 5779 sententia
1448 5721 1499 5779 ei
1524 5736 1629 5794 qua
1653 5721 1864 5817 dicitur,
1895 5720 2079 5817 Tentat

491 5834 575 5875 vos
600 5814 851 5871 Dominus
874 5812 1015 5869 Deus
1042 5822 1203 5869 uester
1232 5811 1415 5886 (Deut.
1436 5828 1558 5882 nn,
1587 5814 1645 5884 3)
1665 5811 1708 5881 ς’
1728 5814 1821 5870 sed
1850 5815 2078 5871 solvitur

1768 337 1832 393 s.
1872 339 2241 397 mensum
2274 343 2578 401 EPISCOPI
3681 376 3763 433 με

2240 460 2487 527 quaestio,
2516 477 2646 517 cum
2677 465 2992 524 vocabulum
3022 471 3327 529 mutationis
3349 476 3575 539 diversas
3598 487 3762 550 inlati.

2232 551 2444 621 ϐθηίίθθ
2472 553 2683 619 habent.
2713 561 2953 631 “quod
2987 564 3090 617 alia
3129 566 3199 620 sit
3222 572 3440 629 tentato
3464 577 3765 655 (ιθοομίαιί,ν

2228 642 2592 701 alialteutstle
2619 650 2978 720 prolutionjs;
3004 658 3293 722 οθο-ηάυφ
3320 642 3765 734 ιιιιπιιιωίιιιειιιζ

2226 735 2707 809 giturqnitentat.
2753 746 2854 800 nisi
2890 748 3152 816 diabolus,
3194 758 3478 816 secundum
3506 762 3641 824 hanc
3664 786 3767 830 rem

2234 836 2407 886 autat
2432 831 2577 890 Deus
2604 834 2718 891 :ita
2732 852 2861 897 eum
2888 840 3102 907 dicitur,
3128 844 3271 901 Caro
3284 852 3572 920 possidebit
3590 874 3771 931 regnum

2236 921 2354 992 Dei,
2378 934 2453 993 et,
2470 926 2612 982 Caro
2641 946 2745 986 non
2770 935 3068 1003 possidebit
3094 954 3313 1011 mgnum
3332 944 3455 1008 Dei:
3476 951 3625 1008 etiam
3643 921 3773 1027 ltujus

2232 1018 2470 1075 nominis
2510 1022 2857 1093 intelligentia
2879 1028 3236 1097 discernatur.
3274 1045 3332 1092 et
3365 1041 3502 1096 nutu
3538 1018 3771 1119 usque.

2232 1108 2339 1164 otio
2367 1127 2381 1163 :
2411 1116 2662 1181 quoniam
2698 1131 2827 1174 caro
2868 1124 3163 1180 secundum
3208 1128 3566 1199 substantiam,
3610 1108 3773 1198 secun-

2233 1201 2362 1258 dum
2403 1220 2561 1274 quam
2604 1208 2803 1265 dictum
2841 1220 2945 1279 est,
2987 1214 3210 1286 Spiritus
3249 1237 3365 1276 ossa
3398 1234 3453 1279 et
3485 1242 3668 1285 carnem
3695 1252 3775 1292 non

2233 1296 2400 1361 habet,
2430 1298 2558 1353 sicut
2584 1317 2663 1356 me
2688 1304 2869 1360 uidetis
2895 1306 3095 1376 habere,
3130 1313 3421 1379 possidebit
3445 1333 3648 1388 regnum
3668 1324 3772 1395 Dei;

2233 1401 2358 1440 caro
2386 1399 2561 1444 autem
2591 1408 2713 1447 cum
2742 1398 3033 1453 secundum
3067 1405 3462 1473 corruptionem
3486 1410 3771 1486 intelligitur,

2230 1493 2337 1532 non
2367 1482 2677 1550 possidebit.
2708 1485 2819 1542 Hoc
2842 1490 2986 1544 enim
3012 1496 3313 1563 expositum
3348 1509 3432 1554 est
3464 1516 3577 1557 eum
3602 1482 3772 1563 dicere;

2232 1580 2336 1638 tur,
2364 1571 2496 1629 Caro
2523 1587 2568 1629 et
2593 1580 2798 1650 sanguis
2817 1598 3030 1653 regnum
3061 1584 3159 1640 Dei
3181 1605 3282 1643 non
3308 1592 3636 1661 possidebunt,
3661 1598 3704 1652 in
3726 1616 3776 1658 eo

2230 1667 2371 1735 quod
2409 1670 2662 1723 euntium
2702 1673 2943 1729 additum
2978 1688 3080 1745 est,
3112 1696 3273 1752 neque
3306 1688 3560 1753 corruptio
3585 1690 3776 1746 incorru-

2231 1760 2449 1829 ptionem
2479 1764 2787 1831 possidebit;
2812 1768 2949 1824 sicut
2971 1772 3121 1841 satis,
3153 1786 3413 1845 quantum
3438 1780 3669 1850 arbitror,
3690 1784 3777 1841 dis-

2227 1854 2513 1911 seruimus.

2294 1946 2525 2003 CAPUT
2559 1948 2641 2003 lli.
2664 1980 2733 1993 --
2760 1952 2846 2007 17.
2887 1953 3039 2023 Quod
3060 1966 3236 2013 autem
3258 1963 3479 2033 qumris,
3510 1974 3670 2022 utrum
3692 1969 3776 2026 siu-

2227 2038 2449 2113 gillatim
2477 2057 2505 2094 a
2533 2053 2772 2100 creatore
2796 2045 2903 2101 Deo
2925 2063 3207 2118 corporum
3236 2054 3552 2113 lineamenta
3572 2059 3775 2119 formen-

2226 2139 2340 2195 tur;
2366 2148 2469 2186 non
2494 2143 2547 2189 te
2566 2138 2819 2205 movebit,
2844 2140 2888 2193 si
2909 2152 3164 2211 quantum
3191 2157 3367 2215 potest
3390 2150 3610 2209 humana
3634 2171 3773 2226 meus,

2222 2224 2514 2294 potentiam
2568 2228 2761 2283 divina:
2813 2235 3139 2302 operationis
3192 2237 3480 2313 intelligas.
3539 2224 3775 2313 Quomodo

2224 2314 2365 2368 enim
2410 2332 2605 2387 negare
2656 2324 2947 2389 poterimus
3003 2328 3171 2383 Deum
3220 2332 3386 2389 etiam
3434 2353 3566 2393 nunc
3602 2343 3775 2407 cperari

2222 2421 2411 2462 cuneta
2461 2428 2579 2480 qua:
2634 2426 2905 2485 creantur,
2956 2435 3075 2475 cum
3130 2423 3393 2483 Dominus
3434 2429 3614 2486 dicat:
3654 2433 3774 2490 Pater

2220 2515 2360 2553 meus
2400 2518 2554 2571 usque
2594 2521 2728 2559 nunc
2766 2510 3003 2579 operatur
3031 2512 3208 2583 (Joan.
3240 2532 3295 2587 ν,
3334 2520 3402 2575 17
3429 2517 3489 2594 )?
3534 2522 3671 2581 U.;de
3707 2528 3774 2584 illa

2219 2592 2449 2647 cessntio
2485 2596 2695 2665 septimi
2719 2598 2823 2654 diei
2850 2600 2919 2655 ab
2948 2602 3076 2672 ipsis
3103 2610 3306 2665 naturis
3341 2592 3624 2669 condendis
3646 2617 3772 2673 intel-

2222 2681 2427 2754 ligenda
2456 2698 2537 2741 est
2564 2688 2722 2756 facta,
2757 2706 2861 2747 non
2889 2694 2957 2749 ab
2993 2711 3175 2753 earnm
3207 2701 3658 2764 administratione
3679 2726 3774 2781 qua

2218 2776 2445 2831 condita:
2475 2779 2798 2836 referuntur.
2837 2787 2967 2841 Cum
2994 2803 3122 2859 ergo
3149 2803 3344 2848 natura
3375 2813 3550 2853 rerum
3587 2815 3615 2854 a
3645 2801 3774 2858 Crea-

2218 2874 2332 2922 tote
2371 2870 2794 2942 administratur,
2835 2888 2890 2935 et
2922 2896 3014 2948 per
3040 2885 3256 2940 ordines
3289 2893 3571 2963 pnelinilis
3599 2893 3709 2952 locis
3734 2904 3775 2952 et

2217 2963 2543 3029 temporibus
2578 2966 2687 3019 suis
2729 2978 2917 3024 cuncta
2953 2985 3263 3042 nascuntur,
3294 2978 3444 3037 Dens
3484 2999 3638 3055 usque
3663 3002 3774 3043 nunc

2214 3065 2483 3123 operatur.
2514 3055 2644 3110 Nam
2689 3059 2733 3112 si
2771 3059 2911 3116 Deus
2944 3080 3083 3121 nunc
3124 3067 3220 3125 ista
3262 3087 3376 3126 non
3419 3072 3621 3143 format,
3666 3094 3773 3150 quo-

2212 3146 2373 3201 modo
2397 3148 2603 3220 legitur,
2636 3150 2940 3224 Priusquam
2971 3168 3017 3212 te
3041 3160 3309 3230 formarent
3346 3169 3400 3222 in
3426 3180 3560 3225 utero
3577 3216 3591 3240 ,
3613 3176 3710 3230 novi
3736 3186 3772 3230 te

2212 3236 2421 3309 (Jerem.
2454 3256 2492 3305 t,
2522 3242 2611 3314 5)!
2640 3247 2907 3316 quomodo
2945 3250 3103 3306 etiam
3137 3257 3301 3327 accipi
3362 3271 3552 3331 potest,
3578 3236 3718 3332 ⁷ραιιιί
3739 3267 3773 3322 δι

2211 3332 2384 3402 fenum
2413 3337 2544 3413 agri,
2570 3339 2705 3403 quod
2730 3340 2880 3396 hodie
2901 3355 2995 3411 est,
3021 3356 3066 3398 et
3082 3363 3193 3401 cras
3215 3350 3265 3403 in
3290 3352 3553 3410 clibanum
3574 3360 3769 3427 mittitur,

2210 3424 2350 3481 Deus
2380 3428 2454 3482 sic
2485 3431 2624 3484 vestit
2649 3430 2859 3505 (Matth.
2879 3452 2949 3501 γι,
2985 3438 3121 3511 30)?
3149 3440 3258 3497 Nisi
3301 3442 3451 3503 forte
3483 3424 3769 3513 credendum

2210 3527 2309 3586 est,
2346 3519 2523 3577 fenum
2562 3540 2595 3579 a
2628 3526 2737 3580 Deo
2768 3529 2968 3594 vestiri,
3001 3540 3055 3586 et
3088 3549 3115 3587 a
3153 3535 3264 3591 Deo
3294 3553 3529 3611 corpora
3567 3561 3662 3603 non
3686 3546 3768 3601 lur-

2208 3612 2374 3666 mari!
2404 3613 2535 3668 Cum
2571 3618 2712 3670 enim
2745 3619 2895 3683 dixit,
2929 3626 3087 3691 vestit,
3126 3641 3229 3680 uon
3258 3630 3325 3685 de
3366 3634 3625 3701 praeterita
3650 3637 3769 3693 ordi-

2206 3706 2441 3774 natione,
2463 3707 2554 3761 sed
2576 3707 2643 3762 de
2664 3714 2907 3779 praesenti
2930 3717 3237 3784 operatione
3254 3724 3395 3777 satis
3417 3726 3625 3783 indicat.
3646 3728 3767 3785 Unde

2206 3806 2291 3853 est
2332 3798 2493 3854 etiam
2540 3801 2669 3856 illud
2713 3806 2949 3873 Apostoli
2989 3807 3056 3862 de
3100 3813 3423 3883 seminibus,
3462 3820 3597 3891 quod
3636 3836 3767 3891 supra

2204 3893 2617 3947 commemoravi
2648 3913 2659 3947 :
2692 3892 2834 3959 Non,
2862 3896 3047 3967 inquit,
3072 3917 3254 3970 corpus
3278 3908 3423 3973 quod
3446 3914 3663 3977 futurum
3688 3922 3761 3977 est,

2202 3983 2440 4049 seminus,
2466 3984 2558 4037 sed
2582 3985 2773 4040 nudum
2796 4005 3031 4061 granum,
3066 4001 3117 4044 ut
3148 4006 3269 4063 puta
3312 4000 3487 4067 tritici,
3519 4013 3599 4056 aut
3625 4003 3762 4058 alicn-

2192 4073 2285 4144 jus
2313 4085 2606 4129 ceterorum
2626 4093 2646 4141 ;
2688 4078 2827 4134 Deus
2864 4094 3030 4136 autem
3066 4083 3145 4141 illi
3182 4086 3273 4141 dat
3312 4108 3520 4162 corpus,
3546 4097 3760 4164 quatnodo

2203 4166 2433 4222 voluerit.
2476 4169 2589 4225 Non
2621 4170 2773 4240 dixit,
2803 4174 2977 4245 Dedit,
3030 4189 3140 4244 aut,
3172 4180 3473 4253 disposuit;
3517 4190 3630 4256 sed,
3654 4190 3763 4245 dat:

2201 4272 2257 4317 ut
2286 4260 2594 4321 Creatorem
2630 4266 2895 4339 intelligas
2921 4271 3212 4329 efﬁcaciam
3252 4279 3534 4347 sapientiae
3563 4300 3663 4341 sua:
3686 4299 3760 4341 re-

2198 4356 2320 4425 bus,
2347 4375 2463 4429 qua:
2493 4361 2728 4431 quotidie
2756 4363 2868 4421 suis
2894 4368 3221 4436 temporibus
3249 4373 3520 4447 oriuntur,
3550 4376 3758 4447 conden-

2200 4450 2283 4515 dis
2310 4453 2582 4511 adhibere.
2611 4455 2682 4511 De
2703 4472 2805 4527 qua
2832 4459 3089 4528 sapientia
3112 4463 3313 4525 dictum
3343 4479 3449 4538 est,
3472 4468 3759 4541 Peragrata

2195 4543 2300 4612 ﬁne
2326 4561 2482 4613 usque
2519 4547 2571 4599 in
2602 4547 2759 4617 ﬁnem
2786 4550 2982 4620 fortiter
3008 4568 3027 4607 :
3051 4563 3105 4623 et.
3143 4570 3248 4615 non
3293 4558 3453 4627 dixit,
3486 4562 3757 4635 Disposuit;

2196 4635 2313 4700 sed,
2341 4638 2561 4708 disponit
2590 4640 2759 4695 amm’a
2782 4643 3003 4703 suaviter
3026 4644 3179 4718 (Sep.
3212 4664 3327 4714 vtu,
3354 4653 3437 4724 1).
3460 4654 3669 4725 Multum
3690 4662 3759 4721 est

2190 4738 2373 4787 autem
2408 4728 2491 4784 vel
2530 4730 2758 4788 tenuiter
2783 4748 2972 4803 sapere
2999 4739 3266 4807 quomodo
3307 4745 3691 4805 commutabilia
3709 4754 3760 4800 et

2196 4820 2528 4892 temporalia,
2553 4838 2658 4881 non
2674 4824 3137 4893 cummutab'dibus
3156 4841 3212 4897 et
3234 4838 3613 4906 temporalibus
3626 4837 3759 4905 Crea-

2192 4912 2329 4985 toris
2352 4913 2609 4987 motibus,
2634 4915 2730 4977 sed
2749 4926 2946 4987 eterna
2968 4930 3024 4977 et
3047 4922 3221 4991 stabili
3243 4926 3441 4995 virtute
3461 4929 3752 5003 condalium

2263 5003 2492 5079 GAPUT
2530 5005 2620 5062 IV.
2647 5008 2830 5069 -i8.
2873 5010 2948 5067 De
2986 5011 3079 5085 illo
3119 5029 3251 5085 sane
3277 5019 3421 5093 quod
3456 5029 3756 5092 percontan-

2184 5095 2317 5169 ιιιιιιι
2337 5098 2556 5169 amasti.
2580 5110 2753 5169 unum
2776 5100 3030 5173 baptizata
3056 5118 3271 5175 omnes.
3301 5109 3348 5169 si
3375 5111 3577 5183 absque
3602 5110 3748 5183 ρφηίο

2190 5190 2376 5258 tentia,
2411 5189 2644 5251 diversis
2681 5192 2996 5249 criminibus
3024 5197 3214 5259 irretiti
3256 5200 3323 5257 de
3358 5216 3591 5276 cet-pore
3622 5204 3753 5273 stic-

2189 5282 2318 5349 riut,
2338 5283 2546 5339 veniam
2564 5285 2801 5355 quolibet
2817 5296 3054 5358 tempore
3068 5294 3404 5350 consecuturi
3431 5296 3554 5361 sint,
3578 5295 3749 5351 librum

2189 5392 2295 5433 non
2319 5393 2498 5448 parva:
2520 5380 3153 5455 quantitatisjamscripsi
3180 5388 3284 5460 (a);
3314 5404 3475 5458 quem
3501 5390 3784 5449 smmi--

2186 5467 2315 5525 bere
2339 5471 2634 5538 curaveris,
2658 5471 2884 5530 fortasse
2908 5476 3043 5533 nihil
3060 5477 3283 5534 ulterius
3304 5479 3432 5535 hinc
3460 5482 3705 5552 requires.

2261 5564 2347 5623 l9.
2389 5565 2480 5621 Vis
2516 5567 2679 5622 etiam
2718 5583 2813 5637 per
2844 5584 2933 5624 me
2965 5571 3102 5627 scire
3140 5585 3310 5633 utrum
3347 5573 3446 5631 Dei
3482 5573 3631 5630 ﬂatus
3663 5572 3743 5630 illo

2184 5658 2241 5716 in
2269 5659 2472 5727 Adam,
2506 5660 2643 5719 idem
2685 5662 2799 5732 ipse
2820 5663 2895 5721 sit
2939 5664 3137 5727 alitus.
3162 5666 3737 5740 Breviterrespondeo:
3818 5726 3819 5729 η

2246 5819 2319 5881 (a)
2343 5820 2439 5869 Lib.
2464 5819 2528 5869 de
2550 5820 2660 5870 riae
2683 5828 2733 5871 et
2755 5810 3002 5885 apol-nius:
3026 5800 3103 5845 “ir

3934 3104 3941 3151 ἴ

3932 3164 3941 3269 ε
