3990 6390
194 370 303 430 ’949

204 500 291 555 aut
316 482 429 556 ipse
459 486 574 546 est,
607 474 842 544 aut‘i‘pso
867 460 1041 524 anima
1073 452 1204 523 facta
1239 463 1337 516 est.
1365 457 1471 514 Sed
1503 464 1556 512 et
1585 455 1629 510 si
1664 452 1782 522 ipse

205 552 317 645 est,
338 545 520 631 lactus
548 545 648 625 es't.
676 567 758 622 De
787 564 960 619 anima
997 558 1193 630 quippe
1222 548 1450 623 loquitur
1474 549 1571 619 per
1596 545 1784 601 Isaiam

206 670 517 747 prophetam
552 664 691 718 Deus
712 701 726 725 ,
754 656 842 712 ubi
873 654 1033 719 dicit,
1070 649 1279 705 Omnem
1311 644 1489 716 ﬂatum
1525 656 1613 712 ego
1655 636 1786 708 feci;

207 728 341 840 quod
371 755 652 829 sequentia
693 752 821 807 satis
862 746 1133 819 indicant:
1165 740 1403 810 sequitur
1440 735 1614 799 enim,
1642 728 1787 784 'Pro—

208 822 311 934 pter
336 822 604 927 peccaturi:
648 844 901 901 modicum
942 837 1060 911 quid
1103 830 1388 890 contfistavi
1438 826 1587 883 illum
1616 822 1787 896 (Isai.

196 924 308 1012 iam
327 924 347 1016 ,Ἴ
368 946 458 1009 16,
488 942 556 999 17
581 943 622 1011 ),
646 939 700 995 id
730 944 810 996 est
831 979 846 1003 ,
874 935 1048 1005 ipsum
1092 928 1302 990 flatum;
1332 931 1387 980 et
1412 924 1605 978 czeter’a
1628 958 1642 983 ,
1670 930 1791 987 qum

194 1036 305 1105 nisi
324 1042 392 1097 de
418 1037 603 1092 anima
628 1032 858 1087 humana
885 1022 1102 1095 intelligi
1123 1022 1409 1090 nequeunt.
1432 1013 1495 1069 In
1524 1011 1623 1065 hac
1646 1007 1788 1065 enim

243 1135 499 1195 utestionc
529 1128 761 1185 maxime
788 1120 1078 1201 cavendum
1107 1123 1188 1171 est
1213 1130 1280 1168 ne
1306 1111 1480 1167 anima
1504 1122 1607 1163 non
1630 1120 1659 1161 a
1682 1102 1793 1158 Deo

243 1158 499 1195 uwstwnc
531 1158 761 1185 ιιιξιλιιυυ
788 1158 1078 1201 ιιιχιιιυυι..
1107 1158 1188 1171 νυ.
1215 1158 1280 1168 ..ν
1306 1158 1480 1167 _.-----_
1506 1158 1605 1163 ,πη
1636 1158 1643 1161 ,

200 1158 340 1290 ἓπιε
368 1234 562 1283 natura
582 1262 599 1287 ,
630 1218 723 1275 sed
750 1214 915 1286 ipsius
946 1210 1036 1265 Dei
1076 1204 1367 1262 substantia
1397 1208 1646 1271 tanquam
1675 1193 1796 1250 uni-

198 1324 414 1411 genitus
435 1317 631 1381 Filius,
662 1308 800 1383 quod
831 1316 912 1362 est
937 1302 1170 1359 Verbum
1194 1299 1332 1368 ejus,
1361 1302 1452 1349 aut
1477 1291 1653 1360 aliqua
1680 1285 1796 1347 eius

785 1400 795 1411 ⁸
837 1405 847 1411 ‘
984 1403 1001 1411 ι
1090 1405 1228 1411 κ--ιμ
1277 1386 1363 1411 3",.
1410 1390 1594 1411 nam.“
1642 1386 1796 1411 “tum

213 1386 464 1492 particula
503 1422 630 1463 esse
674 1400 952 1478 credatur;
984 1403 1233 1461 tanquam
1277 1386 1368 1442 illa
1410 1390 1596 1437 natura
1640 1386 1800 1444 atque

1043 1484 1090 1492 ..
1170 1482 1217 1492 ..
1315 1488 1324 1492 ,
1476 1470 1796 1492 κώμην,τή

215 1470 525 1566 substantia,
559 1513 664 1569 qua
694 1493 831 1548 Deus
861 1472 943 1544 est
969 1482 1220 1556 quidquid
1250 1488 1332 1533 est
1352 1518 1365 1541 ,
1407 1470 1799 1531 commutabilis

214 1615 326 1658 esse
352 1594 525 1669 possit
560 1609 573 1643 :
608 1586 749 1660 quod
775 1598 893 1638 esse
919 1579 1148 1632 animum
1177 1585 1466 1627 nemonon
1498 1564 1679 1625 sentit,
1713 1558 1802 1629 qui

216 1700 271 1752 Se
290 1692 524 1746 animam
549 1682 747 1737 habere
773 1676 951 1731 sentit.
980 1672 1115 1726 Cum
1143 1670 1239 1721 ista
1268 1664 1542 1723 dictarem,
1569 1655 1803 1727 perlator

208 1786 317 1861 jam
348 1788 573 1837 ventum
623 1776 970 1839 exspectans,
1002 1777 1089 1817 me
1130 1759 1503 1817 vehementer,
1550 1757 1608 1801 ut
1653 1743 1804 1797 navi-

981 1857 991 1861 -
1114 1852 1161 1861 --
1213 1850 1261 1861 --
1340 1847 1417 1861 .,
1510 1842 1603 1861 ν.-
1650 1846 1804 1861 _.___,

220 1842 393 1951 garet,
430 1868 675 1939 urgebat.
720 1862 905 1930 Itaque
952 1857 995 1911 si
1041 1852 1165 1923 quid
1213 1850 1297 1903 hic
1340 1842 1610 1901 ineundite
1649 1846 1807 1907 atque

206 1942 415 2027 inculte
441 1964 645 2019 dictum
674 1953 888 2026 legeris,
906 1949 989 2004 vel
1014 1947 1057 2002 si
1087 1954 1251 2000 totum
1280 1942 1349 1994 ita
1368 1952 1490 1993 esse
1521 1944 1809 2004 perspexe-

224 2064 326 2126 ris,
382 2054 648 2113 doctrinm
686 2048 750 2103 da
790 2058 1043 2115 operam,
1090 2039 1282 2107 linguae
1319 2030 1551 2090 veniam.
1598 2024 1667 2080 Et
1709 2020 1812 2076 alia

226 2168 375 2208 manu
404 2165 422 2204 :
450 2148 567 2203 Deo
600 2131 1124 2207 vivas,dilectissime
1152 2128 1247 2182 ﬁli.

674 2268 1013 2331 EPISTOLA
1050 2262 1202 2319 CCVI
1224 2258 1379 2330 "(a).

352 2395 570 2452 ‘Valerio
596 2388 767 2445 comiti
794 2383 1015 2439 Felicem
1044 2378 1334 2450 episcOpum
1361 2366 1694 2424 commendat.

228 2512 457 2571 Domino
501 2507 694 2563 merito
734 2497 928 2556 illustri
967 2502 1019 2549 et
1058 2484 1503 2562 praestantissimo
1528 2523 1540 2542 ,
1570 2488 1727 2548 atque
1767 2476 1819 2528 in

288 2605 519 2660 Christo
572 2593 885 2653 chariSsimo
928 2586 1037 2640 ﬁlio
1078 2581 1336 2643 VALERIO,
1378 2578 1735 2633 AUGUSTINUS,
1770 2567 1821 2619 in

295 2695 533 2752 Domino
564 2689 809 2743 salutem.

299 2788 760 2859 Quotiescumque
808 2790 838 2828 a
878 2784 962 2826 me
990 2774 1176 2839 petunt
1196 2758 1459 2824 Ifomines,
1512 2764 1570 2810 ut
1600 2769 1691 2809 eos
1721 2761 1824 2805 tua:

218 2876 549 2951 benignitati
586 2871 812 2939 ﬁdeique
856 2859 1245 2919 commendem,
1296 2852 1341 2907 si
1382 2864 1485 2904 nou
1536 2846 1689 2909 facio,
1722 2856 1828 2897 non

232 2974 363 3030 mibi
391 2977 543 3026 recte
575 2966 759 3019 videor
785 2959 852 3014 de
880 2966 965 3010 tua
998 2954 1077 3007 vel
1105 2964 1226 3018 erga
1258 2946 1373 3018 opis
1394 2943 1599 3010 indiges
1620 2937 1833 2992 miseri—~

231 3066 438 3130 cordia,
474 3060 569 3114 vel
592 3072 712 3127 erga
743 3066 839 3105 nos
866 3042 1232 3104 benevolentia
1259 3038 1514 3107 judicare.
1550 3032 1728 3100 Itaque
1752 3026 1834 3082 fa-

232 3159 338 3224 cio,
371 3163 426 3208 et
454 3153 692 3207 maxime
719 3143 991 3199 ministros
1017 3132 1230 3199 Christi,
1255 3131 1341 3199 qui
1370 3124 1625 3181 Ecclesiae
1656 3136 1835 3176 curam

231 3255 452 3321 gerunt,
484 3243 643 3311 cujus
672 3247 723 3293 te
744 3230 1074 3290 COlltBl‘thClIl
1097 3238 1150 3280 et
1176 3224 1338 3277 ﬁlium
1366 3234 1485 3274 esse
1512 3215 1832 3288 gaudemus,

228 3348 344 3395 tusc
372 3332 711 3391 Praestanthe
740 3321 1113 3381 commendare
1131 3331 1235 3371 non
1265 3312 1469 3375 dubito,
1489 3309 1701 3363 domine
1724 3321 1838 3359 me-

238 3434 345 3490 rito
372 3427 603 3485 illustris
649 3431 805 3490 atque
854 3409 1311 3486 prtestantissime,
1345 3402 1583 3473 atquein
1629 3399 1839 3455 Christo

248 3522 570 3582 cbarissime
617 3515 709 3569 ﬁli.
742 3512 968 3566 Sanctus
997 3506 1173 3571 itaque
1207 3498 1371 3553 frater
1399 3503 1452 3550 et
1497 3492 1845 3561 coepiscopus

251 3629 435 3675 noster
459 3613 615 3671 Felix
644 3622 762 3664 cum
798 3604 899 3660 hoc
919 3615 1004 3654 me
1030 3606 1287 3664 rogasset,
1313 3591 1491 3659 utique
1522 3600 1716 3656 negare
1740 3592 1845 3638 non

258 3711 433 3768 debui.
466 3698 797 3762 Commendo
824 3708 951 3765 ergo
991 3689 1082 3744 tibi
1110 3686 1414 3756 episcopuin
1441 3679 1635 3735 Christi
1681 3690 1847 3746 egen-

259 3813 362 3860 tem
392 3799 591 3855 auxilio
621 3792 716 3848 viri
740 3785 981 3845 sublimis
1008 3802 1020 3837 :
1052 3782 1130 3833 lac
1159 3791 1285 3847 ergo
1308 3773 1447 3843 quod
1497 3779 1681 3840 potes;
1712 3782 1847 3837 quo—

264 3898 403 3951 niam
433 3890 527 3946 tibi
551 3885 829 3957 plurimum
862 3891 1019 3947 posse
1047 3869 1290 3941 praestitit
1320 3865 1593 3927 Dominus,
1622 3859 1771 3930 cujus
1797 3868 1853 3912 te

267 3986 533 4042 lucrorum
562 3974 926 4034 avidissimum
956 3963 1220 4019 novimus.

717 4078 1046 4141 EPISTOLA
1078 4070 1253 4129 ccvn
1275 4071 1294 4091 ο
1321 4064 1416 4139 (b).

256 4208 581 4281 Augustinus
611 4198 825 4257 Claudio
866 4193 1128 4264 episwpo,
1175 4182 1514 4239 transmittens
1557 4174 1657 4247 ipsi
1707 4172 1859 4226 libros

665 4300 841 4348 contra
864 4284 1133 4340 Iulianum
1166 4276 1462 4332 claboratos.

266 4412 594 4470 Beatissimo
610 4404 775 4460 «fratri
800 4408 855 4454 et
876 4395 1195 4465 coepiscopo
1223 4386 1477 4449 Cuium,
1509 4382 1858 4443 Accusamus,

776 4494 830 4551 in
866 4488 1094 4545 Domino
1118 4482 1365 4537 salutem.

346 4618 612 4687 Quoniam
666 4608 794 4665 mihi
822 4605 1073 4659 ‘fratcrno
1120 4596 1378 4652 excitatus
1401 4588 1592 4645 alfectu
1617 4628 1632 4649 ,
1672 4580 1870 4639 Iuliani

285 4720 505 4781 quatuor
552 4706 736 4765 libros,
782 4711 917 4769 quos
942 4692 1200 4748 adversus
1229 4696 1390 4741 unum
1430 4693 1607 4735 meum
1638 4676 1708 4746 (c)
1729 4673 1867 4728 scri—

288 4805 408 4875 psit,
454 4803 763 4873 priusquam
794 4800 1053 4862 peterem,
1089 4783 1204 4854 ipse
1238 4774 1468 4840 misisti;
1501 4771 1630 4827 nihil
1677 4781 1872 4824 conve-

290 4896 518 4951 nientins
562 4889 738 4962 putavi
765 4860 885 4941 esse
924 4874 1247 4941 faciendum,
1276 4884 1433 4941 quam
1464 4875 1521 4920 ut
1562 4878 1625 4920 ea
1645 4874 1764 4933 quae
1778 4860 1874 4915 re-

288 4960 576 5057 Spondeo,
597 4980 933 5054 potissimum
962 4981 1018 5027 tu
1053 4972 1236 5040 legens
1258 4961 1484 5034 judices,
1513 4963 1690 5010 utrum
1714 4960 1877 5008 reete

294 5044 749 5154 'congruenterque
775 5065 1165 5141 responderim.
1188 5058 1321 5116 Nam
1346 5055 1414 5111 de
1441 5052 1523 5107 his
1550 5056 1774 5120 quatubr
1808 5044 1878 5099 Ii-

278 5138 687 5229 l‘b‘risunonnulla
714 5138 964 5235 decerpta
994 5159 1283 5228 serips'erat
1308 5148 1490 5205 nescio
1518 5143 1637 5215 quis
1659 5138 1725 5195 ad
1752 5138 1878 5194 illu-

300 5274 461 5325 strem
485 5277 541 5324 et
559 5262 870 5333 religiosum
901 5254 1070 5311 virum
1094 5248 1342 5306 comitem
1355 5236 1660 5301 'Valeriutn,
1692 5230 1879 5289 adver-

368 5425 388 5446 "
410 5424 668 5489 Recognita
691 5419 750 5469 ad
769 5424 854 5467 us.
873 5414 1021 5463 vatio.
1046 5415 1103 5459 et
1118 5406 1313 5459 πόνων.

370 5506 412 5526 "
437 5472 588 5557 Ascict’a
613 5517 677 5554 ex
694 5509 826 5552 temo
846 5500 897 5557 7,
915 5499 965 5546 in
984 5506 1081 5559 quo
1103 5489 1240 5540 libris
1258 5488 1388 5537 cont.
1406 5478 1581 5532 Julian.

372 5589 442 5652 (c)
595 5588 686 5638 270
705 5600 721 5636 ;
744 5596 854 5648 quae
873 5556 1037 5630 autem
1052 5574 1146 5627 206
1163 5576 1287 5630 erat,
1307 5578 1437 5617 nunc
1451 5562 1559 5613 267.
1580 5560 1759 5621 Scripta
1773 5556 1888 5605 circ.

317 5653 530 5756 “2:33;
548 5720 679 5756 mmo
700 5712 751 5756 7.
776 5704 971 5756 praeﬁxa
990 5700 1129 5750 libris
1148 5700 1316 5745 contra
1336 5687 1592 5756 Juliapllmo
1613 5691 1726 5756 9‘12?
1747 5688 1892 5743 Ροπο

258 5731 265 5746 ι
376 5713 447 5778 (b)
469 5723 534 5766 ει
548 5720 679 5765 tomo
700 5712 752 5771 7,
776 5712 971 5771 praeﬁxa
993 5712 1129 5750 neris
1148 5712 1316 5745 ωηιηι
1336 5712 1592 5740 alumnum
1613 5712 1645 5742 κε

321 5770 404 5840 207
429 5786 547 5840 εηι,
567 5789 693 5827 nunc
713 5772 791 5840 7.0-
817 5758 1236 5840 εειοίιιαξξριεςξειει
1253 5749 1645 5840 causam;

382 5814 887 5902 Humi-736135615
897 5814 961 5880 de
980 5814 1165 5889 nuptiis
1186 5814 1239 5873 et
1256 5814 1663 5877 οοαᾱιρίωθωὶα.

1370 330 1845 396 EMSTOLARUM
1874 328 2157 391 CLASSIS
2197 332 2284 386 Ill.

3369 322 3476 381 950

1894 465 1982 506 sus
2008 447 2252 505 eumdem
2276 446 2472 500 librum
2521 458 2716 509 meum,
2768 456 2927 513 quem
2952 457 3039 505 me
3082 440 3147 495 ad
3176 441 3320 497 illum
3347 442 3481 496 scri-

1894 541 2066 613 psisse
2094 544 2414 610 cognoverat
2446 554 2458 589 :
2496 551 2611 607 quae
2664 532 2861 590 eum‘in
2891 548 3077 588 manus
3116 549 3259 589 meas
3286 524 3477 590 eodem

1891 628 2109 689 'sublimi
2136 631 2250 685 viro
2277 638 2495 685 curante
2534 627 2821 691 venissent,
2853 624 2926 681 illi
2952 624 3122 695 primo
3152 642 3256 680 non
3295 620 3479 681 distuli

1888 724 2187 783 secundum
2216 723 2462 777 volumen
2490 716 2866 791 adjungere,in
2892 732 2996 787 quo
3015 716 3100 771 illa
3125 717 3318 783 omnia,
3339 718 3485 773 sicut

1900 819 2067 891 potui,
2094 815 2338 873 refutavi.
2367 813 2473 871 Sed
2498 828 2637 867 nunc
2671 826 2788 865 cum
2813 805 3029 864 eosdem
3062 806 3223 861 libros
3252 807 3483 880 diligen—

1899 914 2005 969 tius
2026 912 2366 981 inspicerem,
2400 905 2633 976 comperi
2656 903 2801 957 illum
2840 899 2929 971 qui
2970 897 3218 953 nonnulla
3246 897 3367 953 inde
3397 913 3487 953 se-

1899 1004 2132 1076 Iegerat,
2165 1017 2270 1055 non
2296 1000 2471 1055 omnia
2500 997 2569 1051 ita
2598 994 2839 1065 posuisse
2862 999 2920 1046 ut
2944 990 2997 1045 in
3020 988 3103 1044 bis
3132 989 3279 1044 libris
3304 989 3493 1060 legun-

1894 1092 1989 1154 'tur
2016 1116 2028 1151 :
2058 1096 2198 1151 unde
2239 1093 2403 1149 videri
2431 1090 2627 1163 poterit
2646 1084 2977 1153 Juliano,vel
3001 1081 3217 1139 cuilibet
3244 1082 3485 1152 illorum,

1902 1209 1992 1249 me
2034 1192 2210 1262 potius
2239 1188 2401 1243 fuisse
2427 1182 2725 1248 mentitum,
2756 1179 2878 1250 quia
2908 1193 3012 1232 non
3050 1174 3233 1246 utique
3265 1176 3403 1231 sicut
3432 1172 3490 1230 hi

1902 1294 2132 1363 quatuor
2173 1282 2329 1347 libri,
2374 1280 2443 1333 ita
2501 1277 2589 1331 illa
2619 1290 2735 1345 quae
2765 1270 2833 1327 de
2877 1270 2962 1326 his
2986 1276 3233 1340 excerpta
3274 1276 3329 1322 et
3373 1282 3491 1322 meo

1900 1384 2116 1469 ‘morato
2161 1373 2340 1428 comiti
2385 1370 2545 1424 missa
2585 1375 2748 1428 sunt,
2803 1363 3137 1418 innotescere
3186 1366 3491 1429 potuerunt.

1909 1468 2158 1540 Quisquis
2182 1482 2309 1536 ergo
2334 1475 2388 1521 et
2420 1465 2562 1517 illum
2587 1459 2876 1517 secundum
2901 1456 3093 1510 librum
3116 1470 3290 1509 meum
3313 1452 3377 1507 ad
3402 1466 3496 1508 co-

1912 1561 2091 1615 mitem
2118 1557 2403 1612 identidem
2426 1554 2691 1609 Valerium
2721 1552 2853 1604 sicut
2878 1549 3102 1617 primum
3131 1546 3495 1613 conscriptum

1904 1650 2056 1731 legit,
2089 1649 2295 1704 noverit
2326 1662 2409 1701 me
2437 1647 2486 1700 in
2527 1642 2839 1714 quibusdam
2884 1654 2985 1693 non
3014 1637 3355 1706 respondisse
3405 1633 3503 1690 .Iu-

1915 1744 2091 1808 Iiano;
2120 1741 2213 1797 sed
2244 1742 2289 1795 ei
2325 1739 2499 1810 potius
2520 1735 2607 1806 qui
2637 1734 2704 1788 de
2751 1732 2901 1785 libris
2932 1730 3045 1798 ejus
3076 1728 3162 1781 illa
3189 1727 3398 1796 sclegit,
3447 1734 3505 1780 et

1916 1851 2022 1889 non
2051 1834 2121 1888 ita
2149 1832 2322 1902 posuit
2350 1840 2403 1883 ut
2426 1827 2642 1890 invenit,
2675 1823 2766 1877 sed
2798 1822 3123 1891 aliquantum
3151 1816 3353 1887 putavit
3379 1830 3501 1871 esse

1917 1928 2189 1990 mutanda,
2222 1925 2444 1980 fortasse
2477 1930 2534 1975 ut
2560 1936 2625 1975 eo
2656 1917 2812 1972 modo
2842 1914 2992 1985 quasi
3037 1928 3130 1966 sua
3160 1910 3357 1967 laceret
3384 1924 3506 1979 quae

1919 2024 2089 2076 aliena
2121 2034 2241 2075 esse
2284 2024 2572 2072 constaret.
2603 2011 2751 2066 Nunc
2798 2018 2975 2063 autem
3024 2006 3231 2059 veriora
3279 2002 3506 2058 credens

1921 2113 2240 2182 exemplaria
2270 2126 2385 2179 qua!
2408 2117 2493 2162 tua
2520 2104 2783 2161 Sanctitas
2808 2100 2970 2165 misit,
3002 2100 3098 2166 ipsi
3120 2096 3322 2150 auctori
3346 2094 3502 2149 video

1914 2204 2373 2276 respondendum,
2398 2201 2490 2272 qui
2529 2212 2692 2252 unum
2743 2209 2918 2249 meum
2946 2199 3174 2261 quatuor
3205 2188 3352 2243 libris
3398 2185 3511 2241 suis

1923 2300 2181 2356 refellisse
2198 2297 2382 2368 jactat,
2412 2302 2467 2346 et
2486 2301 2861 2360 usquequaque
2877 2297 3131 2353 spargere
3162 2280 3283 2336 ﬁdei
3306 2292 3513 2333 venena

1925 2409 2031 2449 non
2062 2398 2252 2445 cessat.
2282 2395 2576 2458 Aggressus
2602 2396 2717 2435 sum
2742 2379 2897 2449 igitur
2919 2375 3018 2427 hoc
3050 2389 3183 2443 opus
3212 2372 3265 2425 in
3303 2370 3514 2439 adjuto—

1926 2485 2008 2539 rio
2032 2480 2322 2539 Salmtmis
2346 2477 2653 2548 pusillorum
2672 2482 2828 2541 atque
2855 2480 3169 2536 magnorum
3194 2480 3207 2528 ;
3231 2472 3283 2515 et
3307 2462 3418 2517 scio
3442 2471 3513 2527 te,

1929 2585 1987 2631 ut
2013 2575 2063 2629 id
2096 2574 2369 2642 implerem
2394 2583 2575 2623 orasse
2598 2582 2694 2635 pro
2718 2578 2822 2625 me,
2883 2571 2934 2614 et
2966 2575 3060 2628 pro
3109 2557 3172 2611 iis
3198 2556 3391 2624 quibus
3421 2553 3520 2608 hu-

1922 2665 2222 2735 juscemodi
2248 2664 2454 2716 labores
2487 2668 2698 2712 nostros
2730 2652 3033 2723 profuturos
3049 2648 3318 2703 credimus
3349 2655 3403 2700 et
3428 2659 3523 2715 up-

1933 2770 2130 2816 tamus.
2160 2757 2388 2813 Attende
2419 2767 2545 2822 ergo
2570 2751 2679 2818 jam
2710 2746 3110 2814 responsionem
3142 2756 3345 2806 meam,
3374 2739 3525 2809 cujus

1938 2852 2252 2926 principium
2283 2850 2415 2900 hanc
2439 2841 2716 2913 epistolam
2758 2838 3130 2905 subscquetur.
3166 2832 3295 2888 Vale
3326 2831 3380 2887 in
3426 2831 3529 2886 Do.

1937 2946 2082 3002 mino
2114 2957 2319 2997 memor
2349 2938 2534 2998 nostri,
2559 2932 2864 2989 beatissime
2894 2928 3075 2982 frater.

2371 3048 2705 3108 EPISTOLA
2743 3043 2944 3100 CCVIII
2972 3046 2988 3065 ·
3022 3040 3121 3111 (a).

1933 3172 2252 3246 «Augustinus
2292 3167 2503 3222 Feliriw
2553 3161 2755 3233 virgini,
2811 3173 2923 3230 qua:
2974 3155 3534 3221 ntalmn'quarumdam

2018 3266 2262 3321 Ecclesiw
2291 3272 2550 3333 pastorum
2574 3261 2727 3310 vitam
2768 3250 3004 3322 iniquiori
3032 3251 3204 3302 animo
3234 3247 3423 3320 fciebat
3451 3248 3540 3321 (an

2016 3359 2223 3415 Antonii
2252 3351 2571 3409 Fussalensis
2591 3349 2654 3403 de
2679 3364 2777 3416 quo
2806 3347 2856 3399 in
2882 3345 3209 3415 subsequente
3236 3342 3449 3412 epistola
3467 3342 3538 3414 ?),

2021 3466 2228 3505 monens
2283 3463 2363 3513 nc,
2395 3441 2651 3498 scandatis
2680 3436 2893 3505 offensa,
2926 3435 2989 3488 ab
3016 3432 3248 3488 Ecclesia
3289 3432 3545 3487 catholica

2022 3543 2242 3598 recedat.

1954 3656 2195 3714 Dominae
2234 3650 2425 3705 merito
2461 3642 2833 3713 suscipiendre,
2866 3648 2919 3695 et
2964 3640 3016 3693 in
3044 3636 3243 3693 Christi
3290 3636 3548 3692 membris

2030 3743 2355 3802 honoranda:
2397 3738 2517 3794 ﬁliae
2567 3736 2818 3799 Ferrem,
2847 3733 3199 3795 Auousruvus,
3237 3729 3291 3783 iu
3323 3728 3551 3785 Domino

2030 3844 2276 3899 salutem.

2035 3957 2085 4010 I.
2127 3952 2241 4008 Non
2266 3948 2451 4005 dubito
2477 3946 2712 4001 animum
2741 3950 2891 3997 tuum
2920 3948 2973 3994 et
2997 3954 3096 4009 pro
3123 3946 3209 3991 tua
3239 3936 3341 3991 ﬁde
3362 3944 3415 3991 et
3450 3951 3549 4005 pro

1964 4048 2187 4103 aliorum
2245 4039 2556 4096 inﬁrmitate
2606 4034 2689 4088 vel
2744 4032 3017 4099 iniquitate
3073 4031 3373 4094 turbatum;
3428 4045 3553 4085 cum

1966 4145 2183 4194 sanctus
2210 4129 2498 4202 Apostolus
2529 4126 2716 4194 plenus
2745 4121 3037 4176 visceribus
3075 4120 3351 4173 cbaritatis
3379 4119 3552 4174 confi-

1970 4238 2141 4285 teatur
2166 4234 2219 4280 et
2238 4222 2378 4277 dicat
2408 4240 2419 4272 :
2456 4218 2581 4284 Quis
2607 4216 2917 4282 inﬁrmatur,
2951 4220 2996 4266 et
3028 4229 3127 4265 non
3170 4228 3259 4281 ego
3287 4210 3559 4280 inﬁrmor?

1970 4322 2081 4397 quis
2109 4317 2503 4377 scandalizatur,
2541 4320 2588 4365 et
2636 4324 2735 4362 non
2772 4323 2860 4377 ego
2886 4322 3007 4359 uror
3051 4304 3117 4375 (Il
3147 4303 3266 4359 Cor.
3317 4321 3388 4371 XI,
3415 4303 3558 4374 29)?

1956 4396 2123 4471 ‘Unde
2145 4412 2301 4467 etiam
2327 4421 2423 4476 ego
2452 4406 2563 4474 ipse
2589 4406 2957 4469 compunctus,
3005 4406 3059 4451 et
3104 4412 3200 4466 pro
3228 4407 3313 4450 tua
3341 4412 3460 4466 qu:e
3505 4396 3561 4452 in

1975 4507 2187 4565 Christo
2212 4512 2314 4568 est,
2331 4500 2499 4555 salute
2520 4493 2800 4558 sollicitus,
2823 4491 2917 4543 has
2939 4491 3021 4545 vel
3052 4489 3453 4551 consolator-ias,
3476 4488 3563 4543 vel

1966 4595 2367 4683 exhortatorias
2423 4593 2629 4647 litteras
2673 4587 2738 4641 ad
2791 4594 2930 4641 tuam
2982 4583 3326 4639 Sanctitatem
3359 4580 3561 4635 dandas

1980 4691 2157 4764 putavi
2188 4708 2202 4744 :
2232 4686 2478 4755 quoniam
2528 4682 2579 4736 in
2616 4676 2824 4735 Domini
2868 4675 3031 4730 nostri
3072 4672 3195 4727 Jesu
3224 4671 3415 4725 Christi
3447 4685 3569 4725 cor-

1983 4800 2131 4857 pore,
2164 4777 2305 4852 quod
2355 4788 2435 4830 est
2482 4771 2714 4828 Ecclesia
2764 4769 2879 4837 ejus
2904 4775 2957 4819 et
3002 4767 3174 4815 unitas
3202 4762 3563 4814 nwinbrorum

1983 4876 2100 4947 ejus
2120 4917 2133 4940 ,
2162 4867 2559 4943 germanissimo
2579 4862 2731 4918 nobis
2754 4856 2887 4916 facta
2910 4873 2966 4912 cs
2987 4898 3001 4919 ,
3043 4871 3159 4925 quae
3196 4864 3444 4923 tanquam
3473 4852 3570 4907 bo-

1985 4968 2224 5029 norabile
2249 4963 2547 5020 membrum
2573 4962 2623 5014 in
2654 4958 2769 5025 ejus
2794 4964 3050 5019 compage
3094 4946 3349 5019 diligeris,
3383 4956 3437 5003 et
3466 4961 3570 5003 no-

1987 5067 2192 5123 biscum
2218 5059 2362 5117 illius
2389 5065 2572 5114 sancto
2598 5050 2796 5120 Spiritu
2827 5045 2981 5099 vivis.

2057 5148 2113 5213 εὶ.
2154 5154 2309 5214 Unde
2351 5163 2404 5207 te
2456 5148 2718 5203 admoneo
2746 5155 2814 5195 ne
2862 5136 3072 5209 gravius
3115 5133 3444 5206 perturberis
3488 5130 3575 5188 bis

1992 5249 2277 5315 seandalis,
2308 5259 2428 5315 quae
2457 5241 2576 5296 ideo
2596 5242 2814 5289 ventura
2834 5227 3081 5301 prmdicta
3105 5236 3247 5289 sunt,
3275 5235 3334 5278 ut
3358 5222 3572 5294 quando

1993 5346 2234 5401 venirent
2273 5333 2737 5395 reminisceremur
2780 5339 2901 5380 esse
2951 5321 3232 5391 praedicta,
3266 5325 3316 5369 et
3367 5329 3469 5367 non
3495 5314 3577 5368 eis

1994 5441 2147 5497 valde
2195 5439 2680 5492 commoveremur.
2725 5412 2853 5475 Nam
2909 5416 3022 5469 haec
3068 5414 3179 5481 ipse
3227 5408 3480 5461 Dominus
3523 5406 3576 5461 in

1998 5530 2287 5601 Evangelio
2318 5526 2389 5579 ita
2420 5518 2693 5591 prmdixit:
2730 5512 2816 5566 Va:
2843 5505 3027 5563 mundo
3050 5504 3108 5555 ab
3131 5500 3381 5553 scandatis
3399 5498 3582 5566 .'op0r-

2063 5646 2079 5663 ⁴
2108 5638 2357 5693 necensita
2377 5634 2438 5685 ad
2458 5632 2534 5683 cb.
2554 5629 2628 5681 sb.
2648 5640 2724 5678 vc.
2743 5625 2865 5675 duos
2885 5634 2934 5670 v.
2961 5626 3014 5669 et
3034 5615 3094 5666 ad
3116 5621 3226 5663 Lov.

2126 5664 2137 5691 ἱ
2161 5664 2357 5690 ὐυιιδιιιι
2377 5664 2438 5685 au
2458 5664 2534 5683 ω.
2554 5664 2628 5681 an.
2657 5664 2724 5678 ιν.
2743 5664 2864 5675 ιιι-ν-
2897 5664 2907 5670 .
2922 5664 2933 5669 -
2965 5664 3011 5669 ,ν
3038 5664 3079 5666 πί

2004 5664 2408 5842 οἱέέιζὲἱαῗὲ-Ξθθε
2423 5729 2532 5780 quae
2550 5719 2717 5764 autem
2737 5705 2829 5758 908
2844 5710 2970 5764 erat,
2990 5711 3119 5752 nunc
3130 5695 3240 5749 218.
3260 5692 3440 5757 Scripta
3457 5664 3643 5745 forte}~
