3990 6392
534 261 633 317 951

533 382 606 429 tet
648 378 815 432 uenire
854 379 1098 434 scandala
1128 395 1244 436 :vat
1287 390 1458 436 autem
1501 383 1694 439 homini
1721 386 1798 441 illi
1834 405 1925 458 per
1971 407 2123 463 quem

527 466 829 549 scandalum
856 470 986 525 venit
1002 468 1213 545 (Matth.
1240 489 1389 542 xvm,
1420 474 1504 546 7)!
1532 476 1631 544 Qui
1660 488 1784 534 sunt
1808 480 1909 551 ipsi
1941 483 2119 540 homi-

525 540 655 628 nes,
675 560 776 615 nisi
806 562 874 618 de
894 540 1086 635 quibus
1117 564 1244 620 dicit
1286 540 1574 637 Apostolus
1612 587 1626 624 :
1659 568 1770 626 Sua
1798 540 2078 644 quaerentes
2097 618 2113 646 ,

521 666 627 705 non
657 668 771 722 qua!
793 652 917 709 Iesu
939 655 1123 709 Cltristi
1146 655 1401 730 (Philipp.
1430 676 1488 727 ιι,
1518 660 1633 733 21).
1689 665 1794 720 Alii
1832 677 1958 722 sunt
1987 686 2119 742 ergo

518 743 612 814 qui
644 752 919 814 propterea
945 752 1128 801 tenent
1167 750 1459 817 pastorales
1487 753 1793 824 cathedras,
1828 765 1887 813 ut
1913 760 2114 817 Christi

516 837 775 909 gregibus
802 837 1117 905 consulant;
1151 840 1240 895 alii
1265 857 1391 897 vero
1414 844 1501 913 qui
1532 857 1811 917 propterea
1844 851 1897 905 in
1931 855 2009 906 eis
2029 868 2115 910 se-

520 927 672 996 dent,
706 938 763 983 ut
810 930 921 984 suis
972 930 1263 987 honoribus
1287 937 1668 1004 temporalibus
1717 950 1771 996 et
1817 946 2113 1003 commodis

516 1019 864 1075 saecularibus
888 1020 1166 1089 gaudeant.
1192 1022 1294 1077 lsta
1322 1024 1429 1080 duo
1451 1041 1643 1096 genera
1674 1041 1967 1099 pastorum,
1990 1036 2111 1092 aliis

516 1109 889 1176 morientibus,
923 1110 1042 1166 aliis
1071 1114 1432 1180 nascentibus,
1483 1117 1533 1171 in
1562 1118 1674 1189 ipsa
1706 1119 1979 1177 Catholica
2010 1141 2107 1180 ne-

515 1214 668 1255 cesse
694 1208 775 1254 est
803 1215 967 1270 usque
993 1202 1058 1256 ad
1090 1203 1248 1259 finem
1276 1208 1459 1262 sscculi
1492 1218 1546 1263 et
1582 1227 1749 1282 usque
1785 1215 1852 1269 ad
1898 1217 2107 1274 Domini

508 1290 765 1362 judicium
789 1306 1149 1363 perseverent.
1181 1297 1235 1353 Si
1264 1300 1407 1353 enim
1451 1305 1776 1372 temporibus
1820 1308 2108 1378 Apostolo-

511 1402 630 1443 rum
654 1386 869 1443 fuerunt
896 1390 1049 1453 tales,
1082 1391 1221 1447 inter
1240 1409 1376 1463 quos
1403 1394 1564 1452 falsos
1605 1396 1794 1453 fratres
1816 1402 2106 1471 Apostolus

510 1489 769 1549 gemeret,
796 1488 849 1533 et
874 1479 1098 1537 diceret.
1118 1480 1368 1538 Periculis
1393 1485 1445 1539 in
1458 1487 1605 1557 falsis
1627 1490 1868 1559 fratribus
1887 1490 1951 1565 (ll
1981 1493 2099 1548 Cor.

510 1585 590 1637 ιι,
618 1571 743 1641 26);
794 1587 891 1627 nec
921 1586 1015 1627 eos
1046 1588 1139 1642 per
1187 1578 1489 1644 superbiam
1540 1592 1833 1650 separaret,
1869 1585 1962 1639 sed
2008 1602 2105 1657 per

510 1662 847 1717 tolerantiam
874 1663 1197 1731 sustineret;
1227 1678 1427 1735 quanto
1457 1672 1625 1741 magis
1655 1674 1981 1743 temporibus
2007 1693 2104 1734 no-

504 1753 633 1807 stris
661 1769 878 1808 necesse
894 1764 977 1809 est
1008 1766 1065 1809 ut
1086 1758 1212 1823 sint,
1232 1773 1349 1814 cum
1364 1760 1431 1815 de
1454 1770 1694 1832 tempore
1717 1765 1873 1836 hujus
1894 1769 2097 1837 saeculi,

504 1845 654 1914 quod
700 1848 1020 1918 propinquat
1058 1850 1121 1903 ad
1157 1853 1337 1920 finem,
1372 1855 1705 1925 apertissime
1734 1860 1992 1917 Dominus
2020 1864 2101 1919 di-

507 1944 595 1990 cat
626 1953 637 1988 :
670 1935 925 2000 Quoniam
949 1937 1227 1994 abundabit
1254 1943 1515 2012 iniquitas,
1563 1949 1848 2019 refrigescet
1876 1954 2098 2011 charitas

502 2027 777 2081 multorum
795 2029 821 2083 ?
849 2028 954 2083 Sed
984 2030 1124 2100 quod
1163 2035 1422 2103 sequitur,
1456 2050 1553 2090 nos
1574 2036 1732 2094 debet
1753 2044 2015 2099 consolari
2043 2059 2099 2103 et

501 2117 775 2171 exhortari
810 2136 823 2171 :
856 2118 958 2184 Qui
989 2125 1392 2192 perseveraverit,
1419 2127 1603 2197 inquit,
1639 2146 1797 2201 usque
1836 2133 1888 2187 in
1918 2136 2092 2207 ﬁnem,

500 2206 583 2261 hic
614 2209 783 2265 salvus
807 2215 900 2263 erit
933 2210 1144 2283 (Matth.
1176 2230 1323 2279 xxw,
1360 2216 1446 2283 l2,
1480 2218 1592 2289 l3).

569 2299 621 2353 5.
663 2298 811 2354 Sicut
827 2309 1003 2354 autem
1025 2312 1149 2356 sunt
1169 2314 1410 2375 pastores
1430 2308 1555 2363 boni
1578 2319 1631 2365 et
1658 2314 1806 2380 mali,
1827 2316 1904 2372 sic
1930 2319 2093 2376 etiam

495 2388 555 2443 in
578 2389 708 2457 ipsis
734 2390 980 2459 gregibus
1023 2403 1147 2446 sunt
1174 2404 1227 2448 et
1268 2397 1391 2450 boni
1426 2409 1479 2452 et
1529 2402 1673 2455 mali.
1708 2404 1863 2472 Boni,
1912 2410 2091 2466 ovium

496 2481 720 2535 nomine
762 2481 1313 2551 significantur;mali
1345 2504 1493 2557 vero,
1536 2492 1679 2548 laedi
1717 2498 2087 2566 appellantur:

494 2572 591 2626 sed
620 2574 893 2628 commixti
934 2577 1136 2644 pariter
1162 2590 1404 2648 pascunt,
1436 2584 1610 2641 donec
1640 2589 1817 2644 veniat
1845 2592 2091 2663 princeps

493 2666 899 2737 pastorum,qui
928 2666 1103 2725 dielus
1120 2680 1201 2725 est
1226 2689 1357 2726 unus
1388 2673 1573 2729 Pastor
1603 2676 1779 2751 (Joan.
1808 2698 1864 2746 χ,
1886 2681 2005 2756 16);
2034 2693 2090 2741 et

490 2757 939 2827 quemadmodum
966 2762 1079 2831 ipse
1097 2766 1359 2832 promisit,
1377 2778 1588 2836 separet
1608 2772 1743 2827 sicut
1765 2784 1943 2843 pastor
1959 2793 2088 2835 oves

489 2849 558 2903 ab
604 2849 777 2905 haedis
823 2849 1037 2924 (Matth.
1068 2871 1200 2921 xxv,
1244 2857 1358 2929 52).
1407 2860 1572 2919 Nobis
1614 2866 1757 2920 enim
1807 2868 2086 2938 imperavit

485 2944 977 3012 congregationem,
1013 2946 1115 3000 sibi
1158 2959 1335 3005 autem
1368 2955 1600 3009 servavit
1646 2962 2077 3027 scparationem:

484 3032 607 3103 quia
630 3032 718 3089 ille
740 3034 901 3091 debet
943 3050 1213 3106 separare,
1259 3043 1349 3112 qui
1398 3046 1571 3100 nescit
1594 3061 1797 3105 errare.
1828 3051 1961 3107 Nam
1989 3056 2078 3125 qui

482 3138 731 3193 separare
769 3136 892 3181 ante
938 3138 1164 3199 tempus,
1189 3133 1332 3202 quod
1373 3136 1476 3192 sibi
1522 3138 1781 3198 Dominus
1820 3150 2072 3217 servavit,

479 3217 698 3288 superbi
721 3221 860 3274 servi
888 3220 1041 3278 facile
1073 3227 1186 3280 ausi
1215 3237 1371 3295 sunt;
1423 3231 1523 3302 ipsi
1552 3237 1727 3303 potius
1755 3238 1824 3293 ab
1869 3242 2076 3300 unitate

478 3308 741 3365 catholica
785 3315 1015 3382 separati
1058 3326 1183 3371 sunt
1232 3336 1245 3371 :
1293 3335 1413 3374 nam
1454 3323 1743 3383 schismate
1790 3330 2069 3402 immundi,

476 3404 736 3459 mundum
760 3421 977 3482 gregem
998 3407 1145 3461 unde
1169 3408 1366 3465 habere
1388 3419 1718 3483 potuerunt?

546 3498 600 3553 4.
643 3495 713 3553 Ut
736 3513 864 3568 ergo
894 3500 943 3553 in
976 3500 1176 3556 unitate.
1206 3518 1534 3574 maneamus,
1566 3525 1667 3566 nec
1695 3512 1882 3570 offensi
1912 3532 2069 3575 scan-

471 3589 609 3645 dalis
639 3576 904 3660 palearum
932 3607 1113 3649 aream
1130 3593 1453 3653 dominicam
1480 3600 1815 3681 deseramus,
1848 3610 1941 3665 sed
1970 3628 2065 3681 po-

473 3682 580 3735 tius
604 3697 773 3752 usque
809 3683 860 3737 in
891 3683 1050 3738 finem
1076 3688 1436 3746 ventilationis
1462 3693 1726 3752 frumenta
1754 3715 2066 3768 persevere-

471 3788 590 3828 mus
621 3772 732 3843 (Id.
780 3791 855 3841 ιιι,
910 3776 1022 3847 12),
1077 3787 1132 3833 et
1181 3783 1563 3841 comminutam
1615 3791 1861 3860 stipulam
1910 3795 2066 3855 lirmo

469 3866 745 3922 charitatis
768 3867 1001 3937 pondere
1032 3870 1353 3939 toleremus;
1384 3875 1500 3945 ipse
1536 3879 1731 3937 Pastor
1776 3895 1961 3943 noster
2008 3889 2063 3946 in

466 3960 756 4031 Evangelio
785 3961 851 4016 de
887 3964 1189 4031 pasmribus
1231 3966 1387 4023 bonis
1416 3986 1516 4026 nos
1536 3973 1808 4043 admonet,
1840 3988 1897 4034 ut
1940 3998 2065 4051 pro-

467 4061 588 4123 pter
611 4052 745 4107 bona
773 4068 934 4124 opera
957 4069 1142 4110 eorum
1175 4073 1277 4114 nec
1298 4059 1351 4114 in
1379 4075 1459 4116 eis
1478 4062 1608 4133 ipsis
1642 4076 1877 4125 nostram
1910 4088 2059 4143 spem

465 4161 724 4215 ponamus
749 4162 764 4213 ;
797 4148 889 4202 sed
916 4164 1037 4204 eum
1068 4152 1157 4221 qui
1185 4153 1315 4210 tales
1338 4154 1457 4212 illos
1474 4156 1619 4226 fecit,
1645 4160 1857 4219 Patrem
1885 4168 1974 4237 qui
2005 4169 2059 4225 in

464 4237 614 4291 caelis
641 4246 757 4304 est,
790 4238 1149 4308 gloriﬁcemus
1179 4244 1321 4300 etde
1351 4249 1658 4315 pastoribus
1700 4254 1855 4309 malis
1874 4298 1887 4322 ,
1922 4273 2058 4329 quos

463 4333 682 4388 nomine
703 4333 1008 4391 Scribarum
1034 4346 1089 4393 ct
1111 4339 1503 4397 Pharisaeorum
1532 4345 1834 4417 signiﬁcare
1864 4353 2051 4424 voluit,

461 4427 717 4484 docentes
739 4430 898 4498 bona,
921 4442 971 4487 et
998 4434 1254 4492 facientes
1285 4438 1443 4493 mala.

537 4522 592 4577 5.
633 4522 764 4577 Nam
793 4523 859 4578 de
887 4525 1041 4580 bonis
1070 4529 1372 4597 pastoribus
1406 4532 1477 4586 ita
1500 4532 1771 4604 loquitur:
1812 4536 1913 4594 Vos
1936 4541 2053 4597 estis

458 4612 627 4667 lumen
655 4615 850 4668 mundi.
898 4614 1019 4671 Non
1050 4628 1223 4689 potest
1244 4621 1419 4685 civiuts
1444 4621 1687 4680 abscondi
1707 4643 1863 4699 super
1899 4647 2049 4686 mon-

459 4711 559 4759 tem
589 4706 898 4774 constituta;
929 4726 1088 4781 neque
1122 4711 1405 4767 accendunt
1450 4715 1730 4785 lucernam,
1779 4730 1828 4775 et
1855 4736 2050 4792 ponunt

456 4812 570 4851 eam
603 4798 694 4853 sub
722 4800 910 4867 modio,
938 4803 1028 4856 sed
1055 4819 1209 4874 super
1236 4806 1618 4877 candelabrum,
1646 4822 1702 4866 ut
1730 4813 1895 4870 luceat
1937 4835 2047 4874 am-

418 4932 422 4949 .
453 4888 605 4944 nibus
634 4892 719 4954 qui
744 4892 794 4946 in
836 4893 986 4949 domo
1013 4905 1151 4950 sunt.
1182 4896 1272 4952 Sic
1319 4896 1485 4954 luceat
1527 4902 1695 4958 lumen
1720 4917 1936 4964 oestrum
1961 4926 2047 4967 co-

454 4999 568 5036 ram
594 4983 899 5051 Iiominibus,
930 4998 983 5041 ut
1008 4988 1209 5044 videant
1231 5006 1386 5060 opera
1414 5003 1578 5048 vestra
1602 4995 1753 5065 bona,
1777 5010 1824 5054 et
1845 5002 2045 5073 gloriﬁ-

456 5081 563 5127 cent
593 5072 802 5129 Patrem
830 5087 1047 5133 vestrum
1074 5081 1158 5152 qui
1178 5082 1231 5136 in
1256 5082 1393 5138 caelis
1412 5093 1483 5138 est
1512 5083 1618 5158 (Id.
1647 5104 1700 5156 v,
1732 5072 1942 5166 M-l6).
1966 5072 2042 5154 De

412 5212 415 5219 ,
453 5162 611 5217 malis
641 5172 815 5219 autem
844 5169 1143 5236 pastoribus
1181 5188 1309 5229 oves
1345 5174 1599 5233 admonet
1623 5180 1806 5239 dicens
1834 5202 1847 5239 :
1872 5162 2043 5259 super

450 5255 744 5312 cathedram
768 5255 939 5328 Moysi
974 5261 1167 5319 sedent.
1193 5265 1319 5330 Quae
1347 5267 1520 5323 dicunt
1539 5311 1553 5335 ,
1585 5271 1766 5341 facile;
1791 5291 1906 5347 qua:
1940 5255 2037 5332 au-

450 5359 549 5405 tem
575 5350 789 5422 faciunt,
822 5351 986 5422 facere
1028 5355 1182 5411 nolite
1208 5373 1227 5411 :
1247 5359 1423 5415 dicunt
1447 5362 1598 5429 enim,
1629 5373 1676 5419 et
1714 5382 1814 5421 non
1843 5370 2039 5439 faciunt

451 5438 561 5511 (Id.
593 5442 828 5510 xxnt,2,
860 5444 940 5516 δ).
973 5445 1067 5501 His
1110 5448 1324 5520 auditis,
1364 5468 1491 5511 oves
1520 5453 1713 5513 Christi
1748 5438 1907 5516 etiam
1939 5480 2035 5535 per

445 5534 616 5588 malos
647 5534 895 5593 doctores
920 5556 1103 5596 vocem
1133 5543 1298 5613 ipsius
1336 5546 1575 5617 audiunt,
1606 5560 1662 5607 et
1688 5553 1945 5612 unitatem
1970 5557 2035 5613 il-

437 5623 545 5685 lius
590 5642 693 5690 non
738 5631 1070 5706 relinquunt;
1103 5638 1224 5709 quia
1269 5638 1465 5695 bonum
1503 5646 1643 5716 quod
1685 5663 1777 5704 eos
1811 5651 2032 5710 audiunt

436 5711 635 5794 dlcere,
669 5734 776 5779 non
800 5731 882 5782 est
922 5724 1178 5803 ipsorum,
1217 5730 1310 5790 sed
1342 5730 1479 5792 illius
1513 5711 1538 5792 ί
1563 5744 1618 5795 et
1654 5738 1773 5798 ideo
1826 5757 2029 5806 secura:

1780 270 1837 326 S.
1870 271 2240 331 AUGUSTiNi
2278 276 2576 340 EPlSCOPI

2232 409 2360 451 oves
2381 408 2694 471 pascuntur,
2718 405 2845 477 quia
2872 415 2928 465 et
2954 411 3056 468 sub
3102 416 3261 475 malis
3280 427 3573 491 pastoribus
3585 444 3763 505 pascuis

2228 487 2512 550 dominicis
2537 496 2861 555 nutriuntur.
2888 502 3001 559 Non
3034 518 3215 568 autem
3236 487 3429 573 faciunt
3456 487 3765 592 maloiumla.

2226 591 2308 638 cta
2336 595 2637 656 pastorum;
2656 593 2776 662 quia
2792 595 2914 652 talia
2938 614 3097 669 opera
3120 619 3223 660 non
3240 620 3362 663 sunt
3378 611 3627 682 illius,‘sed
3648 624 3763 694 ipso.

2223 690 2366 733 rum.
2393 678 2537 748 Quos
2577 693 2756 740 autem
2800 688 2969 747 bonos
3020 693 3221 764 vident,
3251 717 3354 757 non
3383 707 3546 765 solum
3580 678 3764 780 audiunt

2222 765 2360 822 bona
2390 787 2511 839 qua:
2554 775 2771 845 dicunt;
2803 781 2897 836 sed
2927 785 3087 841 etiam
3118 788 3395 850 imitantur
3428 798 3555 857 bona
3574 820 3678 875 quae
3702 810 3764 868 ta-

2221 858 2386 915 ciunt.
2418 863 2493 918 De
2515 866 2709 923 talibus
2737 881 2854 927 erat
2881 875 3184 945 Apostolus,
3217 886 3308 952 qui
3338 886 3541 947 dicebat
3566 858 3763 957 :Iliniia.

2220 959 2350 1005 tores
2379 955 2477 1008 mei
2505 966 2679 1022 estote,
2711 961 2841 1017 sicut
2868 976 2914 1018 et
2943 984 3032 1037 ego
3068 969 3257 1027 Christi
3288 974 3308 1042 (
3335 975 3422 1033 Id.
3456 997 3528 1048 ιι,
3574 986 3640 1057 1).
3679 955 3765 1051 Iste

2219 1041 2397 1099 lumen
2436 1058 2551 1103 crat
2602 1052 3002 1115 illuminatuma
3032 1062 3256 1123 Lumine
3301 1076 3645 1146 sempiterno,
3670 1086 3763 1155 ipso

2219 1135 2368 1155 h-.--’
2479 1140 2499 1155 ‘
2627 1143 2681 1155 "'
2736 1148 2747 1155 ‘
2982 1154 2989 1155 ί

3420 1135 3434 1144 ,
3634 1135 3645 1146 .
3671 1135 3759 1155 τη

2217 1135 2443 1193 Domino
2471 1140 2598 1197 Jesu
2622 1143 2855 1215 Christo,
2894 1162 2946 1207 et
2979 1154 3029 1208 in
3055 1159 3379 1218 candelabro
3406 1171 3621 1235 positum
3646 1188 3759 1247 erat,

2214 1230 2336 1298 quia
2376 1231 2428 1287 in
2454 1234 2570 1305 ejus
2600 1253 2757 1295 cruce
2782 1243 3136 1313 gloriabatur:
3168 1254 3305 1309 unde
3332 1258 3405 1312 ait
3433 1277 3446 1312 :
3476 1261 3602 1318 Mitti
3623 1281 3762 1327 autem

2212 1322 2343 1376 absit
2378 1325 2609 1394 gloriari,
2642 1331 2740 1387 nisi
2780 1334 2833 1388 in
2863 1352 3009 1392 cruce
3035 1338 3242 1398 Domini
3269 1350 3429 1403 nostri
3451 1350 3572 1409 Iesu
3607 1356 3764 1419 Christi

2216 1413 2411 1486 (Calat.
2454 1434 2528 1484 γι,
2562 1420 2672 1494 14).
2707 1424 2774 1479 Et
2802 1428 2922 1497 quia
2961 1446 3064 1485 non
3114 1449 3208 1490 sua
3251 1442 3539 1513 quaerebat,
3561 1451 3645 1504 sed

2210 1506 2336 1563 Jesu
2364 1511 2559 1568 Christi
2587 1532 2602 1570 :
2629 1522 2872 1587 quamvis
2892 1523 2957 1577 ad
2987 1525 3337 1587 imitationem
3365 1549 3512 1590 suam
3551 1557 3670 1611 quos
3688 1562 3763 1614 per

2210 1598 2553 1671 Evangelium
2580 1621 2837 1677 genuerat
2863 1613 2904 1685 (l
2929 1615 3047 1671 Cor.
3078 1635 3152 1686 tv,
3180 1622 3291 1695 15),
3325 1598 3597 1697 ιωτιωυτξ
3617 1598 3764 1696 tamen

2207 1694 2427 1764 corripit
2445 1699 2678 1766 graviter
2698 1717 2795 1757 eos
2814 1706 2901 1774 qui
2928 1722 3021 1776 per
3038 1710 3075 1762 Α
3086 1715 3414 1779 postulomm
3441 1724 3639 1779 nomina
3659 1730 3765 1787 schi-

2204 1792 2375 1839 smata
2394 1788 2631 1844 fecerunt
2650 1808 2665 1852 ;
2686 1803 2737 1847 et
2752 1794 2992 1867 objurgat
3010 1800 3129 1857 illos
3150 1806 3236 1874 qui
3254 1807 3524 1875 dicebant,
3551 1813 3649 1885 Ego
3671 1836 3762 1875 sunt

2204 1871 2404 1931 Pauli:
2429 1878 2696 1952 Numquid
2738 1883 2938 1942 Paulus
2967 1909 3058 1960 pro
3100 1871 3256 1963 vobis,
3312 1871 3766 1977 inquit,.crticiﬁ1ns

2203 1968 2315 2023 est?
2333 1980 2420 2023 aut
2451 1970 2503 2025 in
2530 1975 2731 2029 nomine
2767 1975 2921 2034 Pauli
2946 1982 3184 2053 baptizati
3211 1968 3453 2061 estis(Id.
3482 1968 3515 2061 ι,
3550 1996 3629 2062 li,
3658 1968 3763 2071 i5)?

2272 2058 2325 2113 6.
2367 2060 2501 2118 Hinc
2536 2064 2879 2139 intelligimus
2923 2083 2977 2129 et
3022 2076 3190 2131 bonos
3240 2096 3515 2151 pastores,
3558 2106 3653 2146 non
3688 2108 3762 2147 sua

2199 2162 2541 2223 quaerentes,
2585 2159 2679 2213 sed
2727 2177 2847 2232 qua:
2891 2165 3019 2222 Iesu
3059 2169 3293 2238 Christi;
3326 2186 3383 2230 et
3427 2177 3589 2235 bonas
3622 2197 3762 2247 oves.

2198 2246 2444 2313 quamvis
2464 2248 2740 2308 imitentur
2766 2256 2900 2311 facta
2932 2270 3199 2328 pastorum
3230 2265 3515 2338 bonorum,
3546 2278 3761 2334 tamenin

2197 2334 2277 2388 eis
2310 2352 2414 2391 non
2449 2355 2647 2408 ponere
2685 2358 2836 2413 spem
2866 2364 3016 2405 suam
3037 2393 3053 2418 ,
3090 2372 3312 2423 quorum
3346 2363 3636 2420 ministerio
3662 2379 3765 2425 sunt

2196 2440 2564 2500 congregatae;
2613 2436 2707 2490 sed
2738 2440 2789 2492 in
2833 2441 3060 2499 Domino
3096 2452 3304 2517 potius,
3347 2455 3501 2524 cujus
3540 2460 3763 2529 sanguine

2194 2527 2320 2573 sunt
2347 2521 2637 2594 redemptae
2668 2545 2680 2582 :
2714 2538 2771 2583 ut
2812 2535 3025 2601 quando
3061 2536 3200 2595 forte
3243 2521 3571 2603 incurrerint
3606 2554 3655 2605 in
3683 2568 3761 2621 pa-

2193 2618 2366 2666 stores
2393 2616 2583 2681 malos,
2601 2618 2899 2678 doctrinam
2924 2626 3064 2682 illius
3086 2632 3448 2700 pra-dicantes
3464 2649 3517 2693 et
3540 2654 3625 2694 sua
3646 2643 3775 2699 mala.

2187 2896 2312 2939 seua
2335 2887 2584 2946 deserant
2601 2897 2834 2954 unitatis.
2860 2900 2915 2957 lu
2937 2909 3193 2963 catholica
3215 2914 3362 2967 enim
3390 2916 3642 2987 Ecclesia,
3662 2938 3760 2994 quae

2184 2989 2291 3029 non
2327 2978 2383 3032 in
2412 2981 2523 3035 Sola
2551 2984 2724 3041 Africa
2745 3030 2759 3051 ,
2795 2991 2933 3047 sicut
2962 3011 3085 3064 pars
3116 2999 3322 3069 Donati,
3346 3007 3443 3061 sed
3477 3024 3569 3078 per
3601 3027 3758 3070 omnes

2182 3079 2389 3135 gentes,
2414 3072 2553 3129 sicut
2581 3080 2839 3146 promissa
2866 3094 2965 3151 est,
2991 3088 3242 3148 dilatatur
3263 3106 3431 3167 atque
3458 3072 3756 3173 difftmditur,

2184 3159 2238 3212 in
2270 3163 2500 3220 universo
2540 3172 2731 3227 mundo
2750 3215 2766 3240 ,
2796 3177 2937 3232 sicut
2961 3181 3087 3237 dicit
3118 3184 3441 3257 Apostolus,
3475 3196 3757 3267 fructi/Stans

2179 3259 2227 3305 et
2254 3269 2482 3312 crescens
2511 3259 2739 3331 (Coloss.
2774 3284 2812 3333 ι,
2841 3269 2930 3342 6),
2961 3282 3015 3326 ct
3042 3274 3162 3331 boui
3190 3292 3313 3335 sunt
3346 3292 3403 3338 ct
3432 3259 3575 3342 mali.
3612 3259 3685 3345 Ᾰὺ
3704 3306 3755 3347 ea

2176 3358 2306 3401 vero
2335 3355 2597 3420 separati,
2643 3362 2897 3428 quamdiu
2928 3378 3112 3423 contra
3143 3372 3287 3428 illam
3336 3354 3608 3446 scutiuut,
3650 3384 3752 3441 boni

2175 3452 2297 3494 esse
2342 3457 2445 3497 non
2475 3459 2726 3517 possunt;
2758 3455 2881 3524 quia
2912 3459 3010 3513 etsi
3038 3462 3242 3532 aliquos
3279 3483 3475 3525 eorum
3509 3474 3665 3530 bonos
3685 3476 3753 3533 vi-

2173 3530 2331 3587 detur
2358 3540 2645 3596 ostendere
2674 3548 2826 3615 quasi
2873 3549 3153 3610 laudabilis
3190 3566 3568 3635 conversatio,
3609 3568 3753 3625 malos

2172 3638 2267 3680 eos
2314 3627 2439 3683 facit
2483 3631 2595 3702 ipsa
2635 3634 2849 3707 divisio,
2880 3642 3089 3701 dicente
3129 3648 3409 3710 Domino:
3446 3658 3545 3724 Qui
3584 3677 3749 3715 mecum

2172 3732 2273 3772 non
2300 3730 2389 3783 est,
2423 3724 2686 3782 adversum
2714 3748 2794 3786 me
2821 3746 2931 3801 est;
2969 3749 3017 3793 et
3052 3743 3140 3811 qui
3168 3760 3371 3802 mecum
3408 3767 3511 3807 non
3548 3756 3743 3827 colligit,

2168 3812 2363 3881 spargit
2392 3812 2617 3881 (Matth.
2648 3836 2744 3887 xu,
2768 3823 2837 3879 30
2855 3825 2900 3898 ).

2240 3901 2292 3955 7.
2325 3903 2473 3960 Unde
2502 3918 2556 3963 et
2592 3912 2882 3984 exhortor,
2928 3919 3143 3979 domina
3170 3930 3371 3986 merito
3400 3935 3740 4006 suscipienda.

2166 3999 2221 4045 et
2266 3992 2321 4047 in
2361 3994 2557 4054 Christi
2600 4005 2856 4063 membris
2889 4009 3201 4072 honoranda
3245 4020 3380 4088 lilia,
3416 4036 3473 4081 ut
3509 3992 3640 4098 quod
3665 4029 3743 4086 tibi

2166 4082 2421 4143 Dominus
2466 4096 2744 4163 prmstitit,
2790 4099 3018 4159 fideliter
3056 4117 3269 4177 teneas;
3320 4082 3558 4190 eumque
3599 4121 3740 4179 cordo

2166 4183 2275 4231 toto
2298 4179 2485 4253 diligas
2505 4196 2553 4240 et
2580 4187 2696 4258 ejus
2721 4192 3032 4265 Ecclesium,
3059 4202 3148 4271 qui
3177 4213 3226 4260 te
3247 4222 3360 4264 non
3392 4179 3627 4282 permisit
3650 4216 3739 4271 vir-

2161 4268 2395 4339 ginitatis
2424 4283 2526 4330 tua:
2547 4277 2774 4336 fructum
2804 4299 2925 4340 cum
2954 4268 3173 4358 perditis
3194 4268 3427 4365 perdere
3456 4306 3534 4360 vel
3563 4309 3733 4377 perire.

2161 4360 2221 4416 Si
2248 4364 2389 4419 enim
2420 4369 2488 4423 de
2509 4371 2612 4425 isto
2640 4377 2835 4432 sarculo
2859 4382 3032 4439 exires
3054 4399 3295 4456 separata
3326 4395 3399 4450 ab
3428 4400 3623 4457 unitate
3642 4416 3736 4458 ror-

2159 4456 2304 4524 poris
2330 4455 2559 4529 Christi,
2592 4464 2721 4521 nihil
2768 4469 2865 4525 tibi
2901 4455 3207 4545 prodesset,
3239 4497 3452 4543 servata
3486 4455 3734 4562 integritas

2157 4549 2397 4617 corporis
2439 4554 2534 4607 tui.
2564 4554 2667 4610 Sed
2712 4559 2852 4616 Deus
2878 4566 2966 4634 qui
2994 4568 3142 4626 dives
3169 4583 3251 4629 est
3276 4576 3330 4632 in
3365 4549 3730 4653 miserictlrdia,

2155 4636 2277 4694 fecit
2305 4640 2447 4712 juxta
2478 4654 2529 4700 te
2554 4650 2692 4717 quod
2720 4652 2771 4705 in
2795 4654 3084 4729 Evangelio
3111 4666 3371 4737 scriptum
3399 4682 3511 4739 est;
3542 4692 3652 4730 eum
3678 4690 3730 4734 se

2154 4744 2473 4790 excusarent
2495 4736 2699 4795 invitati
2720 4743 2788 4799 ad
2813 4762 3019 4806 cmnam
3043 4757 3462 4832 patrisfamilias,
3488 4767 3619 4823 inter
3640 4784 3728 4824 ca:-

2154 4829 2267 4878 tera
2295 4823 2429 4881 dixit
2456 4831 2626 4886 servis
2663 4835 2773 4891 suis
2800 4855 2813 4891 :
2843 4838 2996 4897 Exite
3026 4823 3078 4900 in
3106 4849 3211 4904 uias
3238 4862 3287 4905 et
3318 4870 3482 4925 sepes,
3514 4869 3560 4911 et
3594 4876 3727 4930 quos-

2149 4927 2358 4984 cumque
2375 4917 2679 4989 inveneritis,
2706 4928 2865 4997 cogite
2884 4931 3075 4990 intrare
3101 4936 3217 5010 (Id.
3242 4917 3487 5018 xxn,'9).
3515 4917 3724 5019 Tu'ergo

2147 5005 2391 5074 quamvis
2418 5008 2755 5071 dilectionem
2790 5005 3205 5083 sincerissimam
3232 5031 3428 5090 debeas
3456 5039 3611 5093 etiam
3641 5040 3724 5095 bo-

2146 5094 2231 5151 nis
2250 5098 2420 5154 servis
2439 5100 2574 5171 ejus,
2596 5119 2695 5176 per
2713 5123 2937 5178 quorum
2959 5115 3308 5178 ministerium
3328 5124 3534 5185 intrare
3551 5139 3720 5187 coacta

2144 5200 2233 5253 es;
2264 5189 2318 5243 in
2348 5188 2443 5245 illo
2469 5198 2647 5251 tamen
2674 5196 2842 5257 debes
2878 5220 3032 5276 spem
3060 5224 3280 5282 ponere,
3308 5220 3401 5288 qui
3430 5222 3716 5277 convivium

2144 5285 2502 5353 praeparavit,
2541 5290 2626 5345 cui
2665 5302 2721 5349 et
2759 5302 2814 5351 tu
2842 5297 2910 5353 ad
2946 5301 3103 5357 vitam
3132 5285 3386 5365 aeternam
3416 5312 3714 5386 beatamque

2140 5374 2365 5432 sollicita
2392 5394 2472 5436 es.
2499 5382 2563 5438 Ei
2591 5386 2785 5459 quippe
2803 5398 3184 5456 commendans
3207 5418 3299 5458 cor
3321 5413 3493 5474 tuum,
3522 5418 3575 5464 et
3601 5424 3710 5480 pro-

2138 5469 2369 5538 positum
2390 5481 2557 5542 tuum,
2577 5485 2631 5533 et
2653 5492 2889 5540 sanctam
2910 5488 3261 5561 virginitatem
3285 5506 3447 5563 tuam,
3466 5512 3519 5556 et
3541 5503 3706 5568 tidem.

2138 5570 2192 5616 et
2210 5576 2383 5633 spem,
2416 5575 2469 5621 et
2497 5568 2807 5630 charitatem
2842 5586 3004 5649 tuam,
3034 5600 3138 5642 non
3175 5590 3471 5646 moveberis
3500 5594 3709 5655 scanda-

2138 5655 2222 5722 lis,
2254 5674 2369 5728 quas
2394 5662 2735 5726 abundabunt
2762 5686 2929 5746 usque
2968 5678 3021 5735 in
3052 5681 3240 5751 finem;
3268 5684 3360 5741 sed
3400 5688 3576 5747 stabili
3619 5704 3699 5747 ro-

2135 5746 2265 5809 bore
2294 5753 2506 5826 pietatis
2531 5760 2677 5822 salva
2708 5766 2833 5843 eris,
2862 5777 3021 5847 atque
3046 5774 3099 5836 in
3124 5777 3343 5840 Domino
3369 5782 3618 5860 gloriosa.
3648 5785 3700 5846 la
