3990 6382
136 349 227 409 957

130 558 307 629 timore
342 568 409 615 sc
434 554 648 619 tristitia
686 558 1049 624 recreaveris,
1076 568 1131 615 et
1156 573 1335 615 mam
1372 569 1703 618 senectutem

133 648 219 703 hac
244 644 573 701 misericordi
610 646 813 714 justitia
855 644 1022 703 fueris
1057 650 1400 718 consolatus,
1444 654 1703 709 retribuet

130 742 229 809 tibi,
256 748 314 803 α
330 738 393 801 in
415 739 672 809 mli
692 748 753 801 et
779 739 832 796 in
858 737 1035 797 ευωη
1056 741 1200 809 vita,
1230 742 1367 798 bona
1390 759 1492 815 pro
1523 745 1699 811 bonis,

129 836 208 907 qui
230 849 326 906 per
351 840 404 897 ιθ
422 832 589 895 nobis
612 830 670 889 in
710 832 813 889 ista
842 833 1501 906 tribulatio-emit,
1532 847 1589 894 et
1608 840 1702 909 qui

130 940 173 995 ig
194 927 245 997 in
272 926 357 987 ω.
383 924 526 989 Sede
555 924 849 987 constituit.

560 1019 891 1079 EPISTOLA
928 1019 1067 1077 cex
1094 1024 1115 1053 ο
1137 1021 1242 1093 4.).

129 1111 418 1186 Ancum
444 1108 707 1169 Felicitati
726 1121 782 1167 et
807 1111 1047 1180 Rustico,
1079 1114 1145 1173 de
1162 1114 1318 1173 natalis
1343 1115 1621 1177 lplamndis
1646 1127 1701 1173 et

178 1207 245 1265 is
276 1210 501 1277 fraternas
534 1206 883 1277 correptione;
921 1208 1053 1278 forte
1068 1210 1338 1265 mione
1372 1211 1617 1269 tumultus
1636 1212 1699 1266 in

182 1296 639 1371 ῃηαίηιωήσᾶηα
675 1309 922 1361 conventu
946 1302 1117 1356 exorti
1137 1341 1153 1368 ,
1178 1302 1246 1356 de
1267 1318 1367 1371 quo
1406 1302 1459 1356 in
1480 1303 1700 1374 epistola

179 1392 400 1464 proxime
426 1400 544 1462 post
570 1392 703 1446 hanc
726 1393 1070 1466 subsequente.

126 1506 465 1563 Rectissime:
490 1514 550 1562 et
575 1508 925 1563 sanctissima:
952 1509 1105 1563 matri
1136 1509 1451 1566 FELICITATI
1470 1551 1484 1575 ,
1513 1518 1568 1565 et
1590 1509 1697 1565 fra-

182 1600 241 1654 tri
260 1596 518 1666 Romae,
544 1608 597 1654 et
616 1599 889 1655 sororibus
909 1616 1028 1670 quae
1052 1601 1327 1656 vobiscum
1352 1610 1496 1666 sunt,
1519 1604 1699 1658 Auen-

174 1706 363 1755 sruws,
393 1698 447 1744 et
470 1690 565 1760 qui
591 1706 797 1745 mecum
826 1699 966 1756 sunt,
1002 1692 1054 1746 in
1085 1693 1310 1747 Domino
1339 1693 1585 1748 salutem.

176 1784 225 1839 ‘l.
263 1783 440 1839 Bonus
463 1790 551 1838 est
574 1783 851 1850 Dominus,
881 1792 936 1840 et
961 1785 1329 1841 misericordia
1357 1787 1473 1855 ejus
1499 1787 1695 1858 ubique

120 1873 303 1939 diﬁusa,
330 1889 451 1945 qua:
478 1888 583 1930 nos
608 1874 673 1930 de
697 1886 871 1931 vestra
902 1876 1161 1932 charitate
1189 1878 1240 1932 in
1265 1880 1375 1933 suis
1401 1880 1694 1941 visceribus

120 1968 416 2023 consolatur.
452 1967 731 2035 Quantum
770 1970 912 2023 enim
951 1969 1135 2040 diligat
1174 1971 1457 2027 credentes
1485 1982 1538 2027 et
1567 1989 1691 2043 spc-

118 2071 272 2116 rantes
298 2061 348 2115 in
374 2076 455 2128 se,
483 2070 541 2115 et
564 2060 712 2116 illum
734 2072 892 2132 atque
914 2062 1144 2115 invicem
1168 2062 1465 2135 diligentes,
1490 2072 1546 2118 et
1564 2063 1692 2135 quid

118 2151 182 2207 eis
205 2152 250 2205 in
290 2162 564 2221 posterum
595 2161 805 2216 servet,
850 2154 975 2209 hinc
1002 2156 1233 2209 maxime
1269 2155 1536 2224 ostendit,
1567 2173 1690 2211 cum

118 2242 423 2311 infidelibus,
464 2253 525 2300 et
564 2244 889 2313 desperatis,
923 2254 977 2301 et
1022 2246 1292 2314 perversis
1322 2247 1370 2312 ⁸,
1404 2247 1596 2316 quibus
1635 2247 1689 2302 in

116 2335 228 2389 mala
255 2338 527 2393 voluntate
555 2351 724 2407 usque
754 2336 807 2390 in
834 2336 992 2390 linem
1024 2336 1488 2406 perseverantibus
1512 2337 1688 2408 ignem

115 2441 214 2481 cum
238 2427 450 2483 diabolo
480 2436 740 2482 aeternum
768 2428 1002 2483 minatur
1020 2469 1036 2494 ,
1068 2428 1118 2482 in
1152 2428 1254 2484 hoc
1282 2436 1462 2483 tamen
1488 2429 1687 2484 saeculo

114 2517 229 2573 bona
256 2528 400 2576 tanta
426 2519 677 2592 largitur;
715 2520 815 2587 Qui
849 2522 972 2591 facit
1009 2522 1133 2576 oriri
1169 2522 1326 2577 solem
1360 2540 1507 2577 suum
1535 2541 1688 2595 super

114 2607 244 2666 bonos
268 2623 312 2667 et
336 2615 501 2668 malos
521 2656 537 2681 ,
568 2622 614 2668 et
640 2614 767 2685 pluit
790 2632 941 2687 super
960 2617 1130 2687 justas
1155 2625 1203 2670 et
1227 2617 1441 2690 injustas
1470 2617 1683 2687 (Matth.

112 2703 263 2769 1,45)
293 2703 572 2760 :‘breviter
612 2704 754 2761 enim
796 2706 995 2776 aliquid
1041 2707 1239 2762 dictum
1283 2717 1396 2776 est,
1438 2718 1496 2764 ut
1533 2711 1685 2783 plura

109 2795 400 2867 cogitentur.
436 2798 608 2866 Quam
645 2799 811 2854 multa
848 2800 993 2856 enim
1035 2801 1269 2859 habeant
1310 2803 1457 2873 impii
1501 2806 1553 2860 in
1587 2807 1685 2861 hac

109 2886 193 2940 vita
213 2903 433 2944 munem
456 2901 508 2946 et
530 2889 669 2946 dona
692 2892 918 2962 gratuita
939 2894 1006 2949 ab
1023 2894 1115 2948 illo
1131 2912 1287 2966 quem
1310 2906 1681 2968 contemnunt,

106 2992 398 3040 enumerare
420 2984 541 3052 quis
561 2984 776 3054 potest?
798 2983 939 3041 Inter
958 3002 1076 3056 qua:
1096 2987 1223 3041 illud
1245 3003 1517 3061 magnum,
1541 2991 1684 3062 quod

104 3076 339 3145 exemplis
361 3077 799 3148 interpositarum
823 3079 1221 3134 tribulationum
1248 3097 1380 3153 quas
1406 3082 1561 3153 hujus
1582 3099 1681 3139 sa:-

103 3164 184 3219 cuIi
212 3166 489 3224 dulcedini
524 3178 769 3238 tanquam
796 3168 968 3223 bonus
998 3170 1237 3225 medicus
1263 3172 1466 3237 miscet,
1497 3174 1681 3229 admo-

102 3266 172 3315 net
194 3275 309 3326 eos,
344 3260 391 3314 si
417 3260 694 3315 attendere
718 3261 904 3326 velint,
936 3261 1121 3333 fugere
1148 3265 1215 3318 ab
1240 3265 1316 3319 ira
1345 3277 1599 3334 ventura;
1626 3278 1682 3325 et

103 3362 198 3404 cum
227 3350 281 3405 in
310 3349 400 3405 via
429 3360 588 3418 sunt,
630 3352 681 3409 id
715 3362 798 3409 est
826 3353 881 3407 in
913 3351 1014 3408 hac
1039 3355 1174 3422 vita,
1203 3357 1531 3414 concordare
1558 3376 1678 3415 cum

103 3455 328 3502 sermone
357 3442 487 3512 Dei,
515 3461 675 3516 quem
713 3444 813 3501 sibi
854 3444 1218 3502 adversarium
1263 3447 1503 3504 fecerunt
1541 3453 1681 3509 male

104 3532 326 3590 vivendo.
360 3534 499 3605 Quid
527 3553 655 3609 ergo
683 3553 789 3595 non
831 3537 1557 3610 misericorditerpraestatur
1584 3542 1681 3598 ho-

105 3623 308 3682 minibus
337 3644 365 3681 a
396 3629 622 3684 Domino
648 3630 756 3685 Deo
775 3671 791 3696 ,
820 3646 851 3685 a
876 3646 982 3701 quo
1007 3631 1167 3686 etiam
1201 3632 1473 3689 tribulatio
1508 3634 1676 3692 bene-

106 3711 258 3773 ﬁcium
284 3718 405 3773 est?
428 3718 560 3775 Nam
594 3736 676 3775 res
704 3736 959 3793 prospera
985 3719 1184 3777 donum
1208 3732 1291 3777 est
1310 3725 1673 3793 consolantis;

106 3819 175 3861 res
199 3818 371 3865 autem
403 3810 627 3868 adversa
667 3812 865 3867 donum
899 3821 983 3869 est
1010 3814 1346 3872 admonentis
1376 3818 1468 3873 Dei
1497 3836 1511 3872 :
1547 3828 1602 3876 et
1630 3821 1675 3874 si

107 3894 201 3953 haec
241 3912 482 3973 praestat,
532 3913 590 3965 ut
626 3903 769 3972 dixi,
814 3906 972 3963 etiam
1015 3906 1199 3974 malis,
1243 3907 1372 3979 quid
1412 3920 1676 3980 prmparat

106 3991 464 4049 sustinentibus
504 3995 600 4051 se?
641 4011 867 4066 quorum
908 3996 957 4051 in
997 4012 1224 4052 numero
1264 4013 1362 4052 vos
1406 4014 1500 4068 per
1536 4000 1674 4055 illius

106 4080 302 4147 gratiam
326 4096 676 4158 congregatos
696 4101 816 4142 esse
835 4085 1079 4159 gaudete,
1102 4088 1427 4145 sustinentes
1447 4091 1670 4147 invicem

106 4167 147 4223 in
172 4172 784 4243 dilectione,'studentes
823 4194 1037 4233 servare
1076 4180 1329 4236 unitatem
1368 4181 1583 4251 spiritus
1618 4184 1670 4238 in

107 4262 289 4323 vinculo
314 4270 459 4340 pacis
491 4268 653 4345 (Eph.
683 4286 755 4338 tv,
786 4270 865 4341 ὅ).
896 4270 1009 4326 Non
1040 4270 1182 4326 cnim
1217 4271 1390 4328 deerit
1433 4274 1575 4345 quod
1616 4275 1667 4329 in

107 4355 232 4413 vobis
254 4360 487 4419 invicem
513 4361 808 4427 suﬂ‘eratis,
837 4362 940 4417 nisi
960 4378 1082 4417 cum
1110 4379 1204 4419 vos
1228 4369 1299 4421 ita
1325 4369 1627 4437 purgaverit
1648 4371 1667 4399 ’

108 4442 366 4520 Dominus,
395 4455 646 4526 absorpta
675 4463 846 4511 morte
892 4454 942 4513 in
973 4456 1247 4513 victoriam
1264 4497 1284 4522 ,
1327 4464 1385 4512 ut
1420 4459 1489 4513 sit
1528 4460 1668 4515 Deus

108 4539 256 4601 omnia
281 4542 333 4597 in
358 4544 607 4602 omnibus
635 4542 677 4615 (Ι
703 4542 821 4600 Cor.
850 4561 938 4613 xv,
969 4545 1060 4613 54,
1090 4546 1203 4619 28).

163 4627 209 4683 2.
237 4630 601 4695 Dissensiones
626 4647 802 4693 autem
828 4653 1099 4708 nunquam
1123 4636 1320 4697 debent
1339 4642 1538 4708 amari;
1570 4643 1665 4699 sed

106 4720 354 4796 aliquando
378 4742 558 4785 tamen
583 4739 675 4785 aut
702 4746 731 4783 a
757 4729 1016 4787 charitate
1046 4743 1361 4801 naSCuntur,
1386 4734 1665 4799 autcbari-

110 4819 245 4881 talem
284 4825 532 4895 probant.
581 4822 710 4890 Quis
745 4810 1081 4887 ettim'i'acile
1124 4825 1393 4887 invenitur
1421 4828 1510 4897 qui
1537 4828 1665 4899 velit

110 4911 390 4985 reprehendi
413 4917 439 4973 ?
462 4925 517 4972 et
544 4916 631 4973 ubi
657 4926 740 4991 est
764 4916 853 4979 ille
879 4916 1091 4988 sapiens
1115 4916 1183 4975 de
1208 4934 1314 4989 quo
1339 4918 1538 4975 dictum
1558 4930 1661 4989 est.

111 4995 293 5076 Corripe
312 5011 611 5082 sapientem,
639 4998 690 5065 et
708 5008 895 5071 amabit
925 5011 1009 5071 te?
1044 5010 1309 5084 Numquid
1340 5021 1516 5070 tamen
1543 5015 1663 5071 ideo

112 5105 198 5150 non
223 5096 471 5167 debemus
496 5103 891 5176 reprehendere
916 5111 971 5159 et
1000 5105 1271 5176 corripere
1313 5105 1532 5165 fratrem
1552 5151 1568 5176 ,
1595 5125 1663 5173 ne

110 5196 302 5250 securus
326 5197 507 5253 tendat
529 5198 582 5254 in
610 5207 835 5254 mortem
858 5199 883 5251 ?
930 5197 1079 5254 Solet
1101 5199 1244 5255 enim
1282 5198 1429 5268 ﬁeri,
1474 5210 1529 5257 et
1556 5202 1663 5273 fre-

111 5287 303 5343 quenter
327 5289 519 5345 accidit
545 5298 601 5344 ut
626 5288 692 5344 ad
717 5289 903 5345 horam
942 5291 1284 5347 contristetur
1320 5307 1443 5348 cum
1470 5309 1661 5366 repro-

112 5363 330 5433 heuditur
350 5424 365 5449 ,
397 5391 453 5437 et
487 5382 717 5447 resistat,
757 5393 813 5438 et
837 5382 1159 5449 contendat;
1198 5394 1255 5439 et
1281 5394 1456 5441 tamen
1480 5363 1662 5457 postea

163 5483 1296 5575 οιξιιεξξ,ιξ¹ξξ;[έζιῦάεβὲιφέεξεςίαρεναείιι
1321 5496 1508 5565 νηίδα»
1530 5503 1663 5566 αα]

202 5556 289 5600 Am.
310 5564 358 5607 et
387 5556 718 5622 quatuor’tuss.
734 5594 749 5620 ,
772 5556 1046 5623 portawrit.

428 5641 573 5693 adbl.
597 5643 675 5694 cb.
702 5641 751 5692 Π.
776 5655 860 5707 gg.
880 5655 922 5692 r.
946 5642 1021 5694 sb.
1046 5642 1170 5693 duos
1189 5649 1228 5695 t.
1250 5643 1374 5696 duos
1393 5657 1469 5698 vc.
1493 5653 1661 5701 tresv.

115 5692 197 5741 Αω.
218 5700 317 5750 Bad.
341 5708 415 5753 Er.
438 5692 547 5756 ιον.

116 5773 478 5893 magnum:
504 5801 615 5852 qute
631 5795 794 5840 autem
823 5788 916 5841 210
939 5796 1063 5851 erat,
1084 5803 1211 5841 nunc
1227 5792 1305 5843 57.
1340 5794 1518 5856 scripta
1548 5794 1660 5848 circ.

1303 353 1789 417 EPISTOLARUM
1824 357 2104 423 CLASSIS
2140 365 2226 421 ΙΠ.

132 461 353 520 membra
375 459 593 528 Christi,
614 477 733 533 qute
758 461 811 517 in
836 462 921 518 illa
948 464 1166 536 regione
1189 472 1334 533 sunt,
1360 468 1429 522 ab
1449 468 1706 527 exitiabili

1821 475 2127 532 consideret
2154 494 2333 537 secum
2363 482 2414 536 in
2449 485 2689 550 silentio.
2731 492 2818 546 ubi
2848 510 3009 552 nemo
3032 509 3114 555 est
3139 504 3238 559 nisi
3271 507 3413 566 Deus

1815 573 1875 620 et
1902 567 2050 636 ipse,
2070 585 2179 626 nec
2196 574 2352 629 timet
2378 576 2659 647 diSplicere
2689 582 3011 654 hominibus,
3044 594 3165 662 quia
3194 602 3415 671 corripi.

1808 662 1935 724 tur;
1963 659 2056 715 sed
2074 660 2236 718 timet
2261 665 2544 736 dieplieere
2568 671 2704 741 Deo,
2734 676 2857 747 quia
2874 695 2989 734 non
3017 659 3410 757 corrigitur,-et

1804 747 2076 823 deinceps
2093 770 2199 810 non
2222 756 2380 815 l'aciat
2407 760 2535 818 illud
2557 764 2610 819 in
2636 782 2741 837 quo
2758 768 2900 847 juste
2921 747 3277 844 reprehensus
3300 747 3402 854 est,

1810 849 1875 897 et
1892 853 2151 914 quanam
2177 850 2291 906 odit
2314 863 2601 923 peccatum
2627 874 2782 915 suum
2804 904 2818 930 ,
2858 873 3063 923 tantum
3091 871 3274 944 diligat
3300 849 3407 933 ira;

1816 943 1952 1027 trem
1980 953 2140 1010 quem
2173 946 2352 1001 sensit
2393 947 2603 1005 hostem
2644 955 2849 1023 peccati
2887 960 2991 1015 sui.
3030 962 3093 1019 ‘Si
3132 943 3313 1024 autem
3341 971 3408 1027 de

1804 1026 1911 1083 illo
1936 1045 2159 1132 numero
2183 1044 2295 1105 est,
2323 1038 2392 1093 de
2428 1056 2534 1112 quo
2559 1043 2755 1102 dictum
2786 1060 2898 1119 est,
2938 1051 3148 1129 Corripe
3174 1064 3405 1132 stultum,

1808 1127 1866 1213 at
1877 1121 2102 1213 adficiet
2124 1135 2183 1180 ut
2207 1128 2371 1184 oderit
2410 1141 2459 1188 te
2487 1133 2668 1206 (Prov.
2699 1154 2776 1205 τι,
2805 1140 2893 1213 s);
2923 1160 3030 1201 non
3055 1121 3122 1204 de
3149 1121 3408 1212 charitate

1810 1209 1956 1267 illius
1978 1213 2244 1275 dissensio
2271 1224 2527 1291 nascitur,
2554 1228 2648 1283 sed
2666 1209 2853 1287 tamen
2877 1235 3189 1296 charitatem
3222 1209 3407 1316 repre:

1810 1300 2057 1361 bensoris
2081 1309 2163 1363 sui
2188 1324 2403 1368 exercet
2429 1325 2483 1371 et
2513 1318 2699 1387 probat
2733 1340 2747 1375 :
2778 1326 2900 1397 quia
2927 1342 3032 1383 non
3072 1331 3121 1385 ei
3149 1300 3402 1404 rependi-

1797 1402 1898 1450 ,ωι-
1916 1397 2094 1453 odium
2118 1416 2134 1467 ;
2176 1402 2270 1458 sed
2292 1404 2509 1464 dilectio
2536 1426 2655 1481 qua:
2681 1416 2821 1491 cogit
2847 1397 3269 1491 reprehendere,
3296 1427 3403 1487 im—

1794 1490 2116 1557 perturbata
2155 1496 2446 1565 perdurat,
2474 1501 2634 1556 etiam
2664 1490 2785 1560 cum
2815 1507 2904 1564 ille
2928 1511 3017 1581 qui
3048 1490 3402 1585 reprehensus

1798 1590 1912 1647 est,
1937 1580 2069 1636 odit.
2114 1583 2174 1639 Si
2200 1595 2377 1642 autem
2409 1590 2500 1647 ille
2519 1593 2609 1664 qui
2636 1598 2875 1667 corripit,
2904 1580 3128 1658 réddere
3148 1607 3260 1663 vult
3286 1626 3402 1666 ma-

1796 1668 1919 1725 ‘lum
1951 1688 2048 1743 pro
2071 1677 2214 1731 malo
2240 1678 2291 1734 ei
2312 1680 2406 1751 qui
2432 1685 2741 1758 corripienti
2786 1688 3122 1763 indignatur,
3167 1714 3271 1753 non
3299 1700 3398 1759 fuit

1800 1760 1996 1832 dignus
2018 1767 2106 1836 qui
2134 1770 2446 1839 corriperet,
2478 1775 2573 1830 sed
2602 1777 2793 1848 dignus
2816 1760 2969 1851 plane
2989 1786 3077 1855 qui
3103 1760 3261 1845 etiam
3290 1793 3402 1865 ipse

1793 1856 2004 1927 corripi
2029 1857 2271 1916 deberet.
2318 1862 2443 1920 Haec
2469 1869 2609 1938 agite
2633 1879 2689 1924 ut
2727 1872 2867 1929 inter
2889 1891 2986 1932 vos
3010 1888 3102 1935 aut
3128 1897 3233 1937 non
3260 1856 3401 1941 erisi-

1798 1953 1948 2000 stsnt
1972 1947 2382 2021 indignationes,
2418 1967 2510 2012 aut
2537 1971 2738 2017 exorta:
2764 1967 2942 2021 statim
2966 1970 3244 2029 celerrima
3268 1992 3397 2047 pace

1796 2037 2150 2105 perimantur.
2176 2042 2430 2115 Majorem
2452 2048 2575 2106 date
2596 2068 2812 2122 operam
2834 2062 3222 2120 concordandis
3246 2037 3398 2125 vobis

1796 2144 1957 2199 quam
1986 2134 2392 2207 redarguendis.
2426 2141 2558 2208 Quia
2583 2144 2720 2200 sicut
2742 2159 2950 2205 acetum
2974 2159 3393 2229 corrumpitvas,

1797 2222 1848 2277 si
1878 2224 2077 2281 diutius
2104 2228 2178 2285 ibi
2202 2231 2393 2299 fuerit;
2423 2234 2502 2291 sic
2528 2236 2605 2292 ira
2630 2244 2925 2315 corrumpit
2944 2261 3057 2313 cor,
3082 2248 3125 2302 si
3153 2250 3204 2304 in
3229 2252 3393 2309 alium

1796 2315 1940 2372 diem
1983 2319 2272 2380 duraverit.
2314 2325 2449 2383 'Htec
2474 2345 2601 2401 ergo
2638 2334 2779 2404 agite
2803 2378 2816 2401 ,
2859 2346 2912 2392 et
2953 2339 3093 2396 Deus
3122 2344 3266 2419 pacis
3293 2345 3397 2401 erit

1797 2410 2095 2480 vobiscum,
2126 2426 2342 2475 orantes
2372 2423 2531 2477 simul
2560 2434 2615 2479 et
2640 2441 2737 2496 pro
2758 2430 2931 2498 nobis,
2956 2441 3014 2489 ut
3037 2450 3095 2489 ea
3120 2410 3235 2508 quae
3257 2438 3394 2497 bene

1794 2518 2107 2576 monemus,
2140 2510 2389 2567 alacriter
2417 2515 2752 2585 impleamus.

2245 2603 2579 2663 EPISTULA
2607 2608 2764 2666 ccxn
2795 2618 2813 2637 α
2843 2614 2938 2684 (a).

1793 2688 2116 2761 Augustinus
2158 2696 2435 2751 monac/tas
2458 2716 2572 2769 qua:
2605 2702 2727 2755 dum
2750 2705 2952 2759 student
2975 2718 3169 2766 mutare
3193 2730 3391 2785 prwpo-

1856 2781 2046 2848 sitam,
2094 2784 2381 2841 indecenter
2425 2792 2629 2860 fuerant
2683 2793 3034 2866 tumultuque,
3081 2781 3390 2861 revocat'ad

1862 2873 2183 2929 concordiam
2204 2918 2219 2942 ,
2248 2886 2296 2931 et
2322 2881 2599 2949 praescribit
2618 2883 2721 2937 illis
2750 2887 2865 2941 vitta
2886 2889 3113 2961 regulam
3134 2893 3173 2947 ί.

1864 2986 1916 3040 1.
1965 2985 2115 3042 Sicut
2142 2998 2325 3059 parata
2354 3000 2437 3047 est
2462 2995 2720 3051 severitas
2741 3008 2957 3068 peccata
2977 3018 3097 3072 quae
3120 3004 3387 3067 invenerit

1790 3077 2093 3146 vindicare;
2119 3081 2190 3135 ita
2210 3096 2315 3136 non
2338 3084 2449 3139 vult
2463 3084 2697 3143 charitas
2713 3089 2856 3161 quod
2877 3091 3383 3157 vindicetinveuire.

1790 3165 1919 3223 Ha-c
1943 3185 2102 3224 causa
2134 3171 2255 3226 fecit
2279 3184 2337 3228 ut
2365 3175 2432 3229 ad
2462 3191 2557 3231 vos
2588 3193 2696 3233 non
2735 3182 2972 3239 venirem
2995 3226 3011 3254 ,
3052 3202 3175 3243 cum
3204 3206 3378 3250 meatu
3414 3198 3419 3201 ⁷

1787 3262 2127 3331 prtesentiam
2157 3267 2488 3335 quaereretis,
2518 3284 2621 3325 non
2648 3271 2713 3327 ad
2736 3274 2882 3342 pacis
2902 3287 3094 3341 vestra:
3108 3281 3380 3354 gaudium,

1787 3353 1887 3408 sed
1927 3354 1994 3408 ad
2046 3357 2396 3415 dissensionis
2440 3372 2632 3420 vestrae
2679 3379 3046 3438 augmentum.
3100 3353 3382 3442 Quomodo

1786 3446 1927 3501 enim
1970 3458 2401 3519 contemnerem,
2452 3462 2508 3509 et
2548 3455 2865 3527 impunitum
2896 3464 3251 3535 relinquerem
3274 3507 3291 3534 ,
3330 3471 3383 3527 si

1784 3545 1841 3594 et
1884 3555 1968 3595 tne
2011 3552 2276 3611 praesente
2324 3554 2502 3601 tantus
2544 3558 2722 3609 vester
2770 3554 3028 3625 tumultus
3075 3559 3378 3630 exsisteret,

1784 3640 2016 3701 quantus
2047 3651 2129 3689 me
2167 3636 2386 3691 absente
2411 3680 2427 3706 ,
2471 3640 2572 3694 etsi
2599 3643 2781 3698 oculos
2809 3660 2960 3700 meos
2974 3648 3163 3717 latuit,
3204 3660 3379 3712 tamen

1784 3736 1946 3777 aures
1974 3740 2121 3779 meas
2154 3728 2349 3784 vestris
2373 3730 2593 3788 vocibus
2620 3735 2956 3793 verberavit?
2979 3740 3110 3799 Nam
3138 3742 3380 3807 fortassis

1782 3813 1945 3871 etiam
1986 3817 2155 3886 major
2188 3829 2333 3879 esset
2374 3832 2552 3879 vestra
2585 3826 2777 3891 seditio
2807 3828 2861 3884 in
2906 3835 3190 3901 praesentia
3235 3853 3375 3905 mea,

1781 3920 1903 3962 cum
1936 3923 2158 3966 necesse
2184 3922 2328 3971 esset
2356 3913 2507 3971 vobis
2532 3931 2639 3973 nou
2665 3921 2919 3987 concedi,
2954 3940 3081 3994 quae
3108 3926 3163 3982 in
3193 3931 3376 3998 perni-

1778 3998 2138 4057 ciosissimum
2190 4005 2500 4074 exemplum
2550 4019 2735 4064 contra
2784 4028 2971 4071 sanam
3016 4016 3370 4090 disciplinam,

1778 4091 1920 4162 quod
1950 4093 2100 4148 vobis
2125 4110 2230 4151 non
2259 4097 2494 4169 expedit,
2534 4101 2831 4171 petebatis;
2860 4120 2925 4163 ac
2947 4107 3026 4163 sic
3050 4110 3238 4178 quales
3258 4128 3369 4170 non

1776 4183 1921 4252 volo,
1946 4183 2242 4245 invenirem
2270 4203 2380 4256 vus,
2409 4199 2464 4248 et
2487 4192 2601 4265 ipse
2630 4194 2901 4261 invenirer
2926 4214 2959 4263 a
2984 4201 3133 4259 vobis
3155 4204 3369 4279 qualem

1774 4290 1883 4330 non
1910 4277 2187 4335 volebatis.
3314 4278 3320 4283 ’

1808 4352 1813 4353 ί
1844 4366 1899 4421 2.
1929 4367 2061 4423 Cum
2089 4384 2220 4441 ergo
2246 4371 2443 4428 scribat
2470 4374 2760 4444 Apostolus
2785 4378 2853 4433 ad
2896 4379 3236 4454 Corinthios,
3280 4389 3367 4448 ἀί..

1772 4475 1902 4515 cens
1921 4503 1935 4523 ,
1985 4460 2179 4518 Testem
2209 4463 2373 4523 Deum
2401 4467 2537 4537 facio
2568 4484 2722 4541 super
2748 4473 2973 4528 animant
3005 4491 3203 4546 mam,
3249 4484 3369 4553 quia

1772 4568 1984 4623 parcens
2007 4553 2143 4611 vobis
2169 4555 2394 4619 nondum
2428 4559 2539 4612 ueni
2566 4558 2866 4629 Corinthum
2885 4581 2907 4631 ,'
2930 4583 3032 4623 non
3050 4571 3178 4640 quia
3200 4572 3369 4631 domi-

1771 4638 1955 4699 namur
1979 4648 2103 4717 ﬁdei
2130 4659 2322 4714 uestra,
2350 4652 2440 4725 sed
2460 4665 2807 4724 cooperatores
2826 4675 3003 4721 ams
3212 4669 3367 4732 nostri

1771 4736 1837 4809 (ll
1864 4736 1983 4799 Cor.
2010 4755 2049 4804 t,
2078 4740 2209 4814 25);
2240 4741 2461 4814 hocego
2485 4747 2787 4813 etiamdioo
2803 4751 2972 4820 vobis,
2986 4756 3114 4824 quis
3136 4772 3363 4826 partiens

1770 4831 1922 4895 vobis
1948 4846 2055 4888 non
2078 4832 2147 4905 ad
2173 4850 2268 4901 vos
2296 4835 2438 4899 veni.
2484 4839 2706 4911 Peperci
2727 4844 2888 4900 etiam
2916 4846 3068 4915 mihi,
3100 4866 3168 4905 ne
3190 4853 3367 4909 tristi-

1769 4922 1898 5005 tiam
1926 4937 2089 4993 super
2115 4924 2381 4989 tristitiam
2413 4928 2701 4997 haberem;
2733 4942 2788 4991 et
2814 4933 2953 5006 elegi
2980 4942 3363 5001 nouitium.

1767 5000 1953 5087 berem
1981 5014 2169 5075 faciem
2190 5032 2363 5087 meam
2393 5020 2564 5089 vobis,
2596 5022 2690 5085 sed
2711 5000 3035 5083 amandarent
3056 5045 3157 5087 cor
3172 5000 3357 5093 meum

1767 5106 1880 5165 Deo
1908 5123 2007 5179 pro
2034 5110 2222 5179 vobis,
2248 5121 2307 5173 et
2330 5127 2543 5175 causam
2575 5117 2753 5188 magni
2782 5120 3007 5189 peniculi
3033 5129 3217 5196 vestri,
3248 5142 3355 5189 non

1766 5203 1910 5277 apud
1929 5219 2026 5262 vos
2048 5206 2245 5274 verbis,
2276 5208 2371 5269 sed
2390 5210 2529 5281 apud
2556 5210 2726 5269 Deum
2746 5213 2995 5287 lacrymls
3020 5234 3257 5292 δεθείη,
3278 5238 3355 5281 ne

1833 5321 2055 5389 imitus.
2739 5333 3359 5389 contrasz

1767 5380 2127 5467 9W3“
2140 5386 2244 5467 .‘id‘i
2250 5380 2519 5467 135393933
2526 5380 2819 5467 ﬁlim“?
2838 5380 3358 5467 ε-ἐί

1898 5458 2067 5521 “Imm
2105 5445 2652 5521 νερηξξιγίδῖηίρῑηιᾱιξοι
2680 5455 2810 5515 Atud
2849 5445 3358 5512 pessumarum,

1768 5507 1978 5582 mdium
1998 5520 2082 5582 J91“
2083 5507 2193 5582 "mis
2213 5507 2571 5582 U'iinmeiiiz.“
2593 5507 2846 5582 ministro,
2869 5531 2972 5582 cap.
2999 5507 3357 5579 maecenas

1770 5567 1907 5620 hisce
1929 5570 2121 5621 verbis:
2144 5570 2587 5626 Sanctitnoniatibus
2607 5567 2875 5645 objurgatio
2891 5567 2940 5631 οἱ
2961 5567 3146 5647 regia:

1830 5651 2093 5766 ‘clgrecta
2122 5654 2183 5706 ad
2218 5662 2322 5707 Mss.
2342 5654 2590 5722 Sulpitian.
2622 5658 2694 5710 bl.
2717 5659 2769 5712 αι
2804 5675 2879 5715 vc.
2901 5663 3026 5718 duos
3045 5680 3095 5717 v.
3115 5674 3218 5719 Am.
3242 5671 3353 5722 Bsd.

2072 5798 2165 5851 109
2177 5812 2192 5851 :
2206 5812 2319 5865 qua:
2339 5809 2506 5857 autem
2522 5804 2609 5857 211
2629 5812 2753 5871 erat,
2770 5820 2899 5859 nunc
2910 5806 3021 5861 217.
3037 5814 3215 5880 Scripta
3230 5817 3355 5871 circa
