3990 6374
2094 328 2131 346 ,ι

659 429 764 491 939

656 554 931 605 convertat
974 545 1027 601 in
1057 545 1255 601 luctum
1293 543 1540 615 gaudium
1568 557 1743 597 meum
1773 556 1879 614 quo
1908 542 2056 597 soleo
2099 558 2231 613 gau-

654 640 783 696 dere
807 637 874 694 de
900 637 1068 703 vobis,
1097 644 1151 691 et
1192 636 1327 690 inter
1364 643 1509 689 tanta
1541 633 1794 689 scandala
1820 633 2011 703 quibus
2039 632 2233 704 ubique

654 732 885 789 abundat
928 730 1012 784 hic
1056 727 1283 783 mundus
1324 726 1608 797 aliquando
1644 726 1907 781 consolari
1931 766 1948 791 ,
1994 725 2231 795 cogitans

652 827 919 896 copiosam
944 820 1404 892 congregationem
1426 861 1442 887 ,
1486 830 1540 875 et
1564 827 1762 874 castam
1790 818 2148 883 dilectionem,
2175 825 2232 872 et

651 926 888 974 sanctam
926 915 1382 971 conversationem
1417 921 1675 977 vestram,
1720 921 1776 967 et
1799 912 2078 983 largiorem
2104 926 2228 981 gra-

651 1011 776 1063 tiam
811 1008 931 1073 Dei,
960 1021 1079 1077 quae
1105 1005 1225 1059 data
1249 1014 1331 1061 est
1357 1004 1534 1068 vobis,
1574 1011 1630 1057 ut
1656 1018 1761 1057 non
1791 1002 1962 1057 solum
1989 1002 2229 1056 carnales

651 1100 858 1167 nuptias
877 1096 1308 1159 contemneretis,
1333 1110 1515 1149 verum
1538 1093 1697 1149 etiam
1714 1094 1975 1163 eligeretis
2002 1094 2053 1147 in
2069 1092 2230 1147 domo

649 1190 955 1243 societatem
1004 1187 1279 1241 unanimes
1321 1184 1626 1251 habitandi,
1673 1192 1729 1239 ut
1770 1184 1839 1239 sit
1879 1183 2027 1238 vobis
2053 1184 2227 1237 anima

648 1296 749 1336 una
781 1288 836 1335 et
864 1295 959 1334 cor
986 1294 1146 1333 unum
1175 1279 1227 1332 in
1261 1278 1447 1332 Deum.

718 1373 771 1426 5.
806 1371 932 1425 Haec
958 1370 1009 1425 in
1045 1370 1196 1424 vobis
1221 1370 1357 1423 bona
1382 1410 1398 1437 ,
1428 1368 1542 1423 haec
1568 1368 1659 1424 Dei
1699 1368 1838 1422 dona
1862 1367 2223 1435 considerans,

646 1464 786 1518 inter
812 1463 1004 1517 multas
1036 1469 1378 1531 tempestates
1403 1460 1594 1530 quibus
1621 1475 1684 1514 ex
1711 1459 1828 1513 aliis
1871 1460 2025 1513 malis
2051 1458 2225 1528 quati-

652 1565 738 1609 tur
778 1568 871 1608 cor
896 1568 1095 1618 meum,
1120 1552 1255 1606 solet
1274 1560 1563 1620 utcumque
1590 1550 1944 1618 requiescere.
1976 1548 2225 1603 Curreba-

646 1645 707 1697 tis
729 1644 883 1707 bene;
909 1644 1019 1705 quis
1042 1658 1126 1695 vos
1158 1641 1458 1712 fusciuauit?
1490 1640 1675 1695 Suasio
1699 1640 1789 1693 illa
1815 1656 1918 1693 non
1938 1649 2009 1693 est
2035 1656 2097 1694 ea:
2119 1639 2226 1694 Deo

647 1739 726 1808 qui
750 1734 937 1790 vocavit
959 1750 1043 1789 vos
1082 1730 1276 1806 (Galat.
1313 1747 1369 1797 v,
1393 1729 1469 1803 '7).
1505 1730 1767 1785 Modicum
1792 1732 2021 1802 fermenti
2046 1731 2222 1803 (lCor.

646 1844 708 1892 v,
739 1825 793 1898 6)
832 1846 844 1880 :
876 1826 997 1880 nolo
1026 1825 1206 1880 dicere
1244 1822 1384 1893 quod
1425 1823 1695 1891 sequitur;
1749 1822 1849 1877 hoc
1889 1823 2029 1877 enim
2058 1825 2226 1894 magis

646 1923 829 1991 cupio,
862 1930 915 1975 et
944 1935 1070 1985 oro,
1103 1929 1155 1974 et
1187 1920 1405 1982 hortor,
1452 1928 1507 1972 ut
1538 1919 1707 1988 ipsum
1745 1919 2058 1975 fermentum
2092 1935 2223 1974 con-

566 2062 575 2073 ,
648 2021 884 2067 vertatur
928 2012 978 2067 iu
1013 2011 1202 2063 melius
1225 2052 1237 2075 ,
1272 2025 1341 2065 ne
1382 2018 1489 2064 tota
1525 2026 1732 2076 massa,
1779 2011 1911 2065 sicut
1943 2027 2077 2080 pene
2114 2012 2225 2078 jam

646 2100 875 2165 fecerat,
922 2110 1258 2155 convertatur
1299 2100 1350 2152 iu
1395 2100 1559 2169 pejus.
1618 2100 1673 2154 Si
1702 2116 1829 2171 ergo
1872 2101 2225 2170 repullulastis

645 2207 830 2246 sanum
876 2206 1063 2259 sapere
1087 2232 1101 2255 ,
1147 2200 1294 2244 orate
1326 2206 1391 2245 ne
1420 2192 1627 2245 intretis
1656 2192 1708 2244 in
1736 2192 2076 2246 tentationem
2101 2233 2115 2257 ,
2156 2208 2225 2249 ne

646 2283 835 2338 iterum
876 2282 927 2336 in
966 2283 1363 2347 contentiones,
1410 2283 1799 2348 aemulationes,
1840 2284 2221 2351 animositates,

648 2372 1035 2439 dissensiones,
1062 2372 1435 2438 detractiones,
1467 2373 1782 2437 seditiones,
1811 2376 2219 2431 susurrationes.

651 2465 767 2521 Non
794 2464 936 2519 enim
963 2466 1037 2518 sic
1062 2465 1413 2535 plantavimus
1440 2474 1490 2518 et
1514 2466 1798 2535 rigavimus
1821 2464 2033 2521 hortum
2056 2467 2226 2523 domi-

650 2558 826 2613 nicum
856 2557 907 2610 in
933 2556 1081 2611 vobis
1103 2599 1117 2622 ,
1146 2566 1203 2611 ut
1231 2558 1408 2627 spinas
1436 2567 1695 2613 metamus
1724 2559 1849 2613 istas
1874 2575 1940 2615 ex
1966 2561 2135 2615 vobis.
2167 2562 2224 2617 Si

645 2658 819 2703 autem
848 2647 1020 2703 adhuc
1045 2658 1217 2704 vestra
1261 2650 1604 2704 tumultuatur
1637 2651 1911 2705 infirmitas
1930 2693 1944 2717 ,
1994 2661 2142 2707 orate
2169 2661 2226 2707 ut

646 2742 906 2798 eruamini
935 2741 1003 2797 de
1038 2743 1348 2799 tentatione.
1403 2744 1532 2811 Quae
1558 2753 1733 2798 autem
1764 2745 2081 2799 conturbant
2103 2761 2220 2811 vos,

645 2835 691 2888 si
725 2834 901 2888 adhuc
929 2834 1248 2888 conturbant
1270 2849 1364 2888 vos
1387 2876 1401 2899 ,
1434 2834 1533 2888 nisi
1565 2836 1895 2890 correxerint
1918 2851 1995 2901 se,
2040 2848 2221 2905 porta-

643 2925 776 2980 bunt
796 2925 1073 2995 judicium,
1107 2940 1452 2996 quaecumque
1478 2926 1583 2979 illae
1609 2926 1817 2979 fuerint.

714 3018 769 3072 4.
798 3018 1036 3088 Cogitate
1072 3017 1195 3087 quid
1226 3018 1350 3072 mali
1390 3019 1489 3083 sit,
1534 3027 1591 3072 ut
1619 3032 1737 3071 cum
1766 3018 1831 3073 de
1858 3019 2144 3074 Donatistis
2170 3021 2223 3075 in

644 3109 847 3164 unitate
877 3108 1202 3179 gaudeamus
1222 3151 1236 3174 ,
1269 3109 1474 3164 interna
1509 3108 1793 3163 schismata
1820 3109 1872 3162 in
1900 3111 2222 3166 monasterio

643 3200 939 3269 lugeamus.
989 3200 1334 3256 Perseverate
1379 3202 1430 3255 in
1478 3202 1616 3256 bono
1665 3204 1972 3272 proposito,
2023 3212 2077 3259 et
2115 3221 2220 3259 non

644 3288 1015 3344 desiderabitis
1045 3298 1251 3344 mutare
1279 3292 1613 3360 praepositam
1637 3333 1650 3355 ,
1685 3308 1789 3362 qua
1820 3294 1870 3347 in
1898 3296 2221 3349 monasterio

643 3378 737 3434 illo
774 3394 867 3450 per
898 3389 1002 3432 tam
1051 3378 1248 3433 multos
1294 3394 1462 3433 annos
1504 3390 1876 3449 perseverante
1903 3392 1957 3437 et
1998 3400 2220 3439 numero

644 3479 699 3525 et
736 3479 893 3525 aetate
935 3470 1215 3534 crevistis;
1269 3484 1386 3539 quae
1426 3485 1519 3524 vos
1567 3480 1734 3524 mater
1760 3487 1867 3526 non
1907 3484 2056 3528 utero
2080 3516 2094 3540 ,
2127 3475 2220 3530 sed

644 3562 825 3617 animo
852 3562 1103 3631 suscepit.
1153 3560 1352 3615 Omnes
1392 3562 1531 3616 enim
1560 3578 1676 3632 quae
1707 3564 1831 3617 illuc
1866 3565 2113 3629 venistis,
2146 3565 2220 3620 ibi

644 3668 761 3708 eam
802 3662 890 3707 aut
924 3661 1121 3706 sancta:
1164 3653 1462 3721 prmposita:
1492 3655 1660 3707 sorori
1705 3669 1838 3708 mea:
1878 3656 2216 3723 servientem,

646 3744 974 3812 placentem,
1026 3752 1117 3795 aut
1164 3742 1321 3796 etiam
1368 3744 1533 3811 ipsam
1582 3745 1917 3813 praepositam
1966 3762 2085 3816 quae
2124 3762 2221 3801 vos

643 3832 906 3903 suscepit,
942 3832 1215 3889 invenistis
1246 3851 1259 3886 :
1287 3834 1385 3888 sub
1423 3834 1508 3888 illa
1544 3835 1672 3890 estis
1708 3836 1927 3891 eruditae
1952 3880 1965 3902 ,
2008 3840 2107 3893 sub
2134 3841 2219 3895 illa

646 3923 869 3991 velatae,
914 3924 1017 3978 sub
1059 3924 1148 3978 illa
1181 3924 1576 3994 multiplicatae;
1624 3936 1678 3981 et
1703 3928 1778 3981 sic
1804 3930 2217 3999 tumultuamini,

647 4022 704 4067 ut
730 4028 793 4068 ea
832 4013 981 4067 vobis
1010 4022 1279 4079 mutetur,
1312 4029 1431 4068 cum
1470 4014 1652 4085 lugere
1689 4016 1953 4074 deberetis
1976 4061 1990 4084 ,
2030 4020 2076 4074 si
2102 4037 2221 4076 eam

644 4106 797 4163 vobis
833 4115 1038 4161 mutare
1080 4107 1355 4161 vellemus.
1405 4107 1519 4177 Ipsa
1548 4118 1630 4164 est
1655 4112 1794 4164 enim
1829 4128 1986 4182 quam
2032 4116 2217 4183 nostis,

645 4201 757 4270 ipsa
781 4208 864 4255 est
887 4200 951 4252 ad
970 4215 1126 4269 quam
1150 4200 1386 4263 venistis,
1420 4200 1531 4271 ipsa
1558 4211 1639 4257 est
1662 4218 1817 4273 quam
1843 4219 1939 4274 per
1961 4214 2035 4260 tot
2054 4222 2221 4263 annos

648 4289 893 4344 habendo
919 4290 1177 4344 crevistis.
1224 4291 1429 4345 Novum
1458 4307 1561 4346 non
1590 4295 1871 4362 accepistis
1897 4338 1911 4361 ,
1953 4297 2052 4349 nisi
2078 4313 2219 4368 prae-

647 4381 877 4451 positum
910 4396 925 4431 :
957 4389 1047 4433 aut
1077 4382 1119 4434 si
1150 4391 1365 4451 propter
1394 4382 1538 4437 illum
1569 4386 1803 4453 quaeritis
1828 4388 2136 4455 novitatem,
2168 4399 2223 4445 et

646 4471 700 4525 in
728 4470 845 4540 ejus
882 4469 1131 4524 invidiam
1160 4482 1341 4526 contra
1366 4483 1590 4529 matrem
1624 4485 1855 4530 vestram
1884 4480 1962 4535 sic
1996 4482 2221 4538 rebella-

642 4562 762 4628 stis,
790 4576 887 4617 cur
906 4576 1010 4616 non
1031 4562 1205 4630 potius
1230 4563 1279 4617 id
1305 4562 1526 4631 petistis,
1555 4575 1613 4619 ut
1637 4566 1748 4635 ipse
1778 4568 1926 4623 vobis
1950 4576 2219 4630 mutetur?

644 4654 703 4710 Si
729 4662 905 4709 autem
928 4653 1031 4709 hoc
1059 4652 1389 4720 exhorretis;
1418 4656 1539 4725 quia
1571 4659 1693 4712 novi
1723 4662 1989 4729 quomodo
2018 4680 2137 4720 eum
2165 4668 2216 4722 in

645 4742 859 4799 Christo
905 4741 1278 4799 venerabiliter
1303 4743 1552 4814 diligatis,
1584 4762 1677 4801 cur
1707 4765 1811 4804 non
1840 4753 2012 4820 potius
2037 4755 2218 4813 illam?

643 4836 702 4892 in
748 4836 899 4891 vobis
951 4850 1179 4906 namque
1223 4836 1467 4906 regendis
1506 4838 1582 4892 sic
1621 4843 1886 4909 praepositi
1919 4846 2216 4904 rudimenta

645 4926 951 4990 turbantur,
996 4934 1053 4979 ut
1094 4925 1265 4995 magis
1308 4926 1435 4980 velit
1478 4942 1572 4981 vos
1614 4930 1727 4998 ipse
1748 4931 2014 5001 deserere,
2058 4954 2215 5007 quam

646 5016 799 5071 istam
823 5031 888 5069 ex
918 5015 1069 5070 vobis
1100 5016 1291 5070 famam
1318 5025 1375 5071 et
1394 5018 1639 5072 invidiam
1667 5024 1929 5081 sustinere
1948 5069 1961 5089 ,
1990 5039 2050 5083 ut
2072 5030 2217 5086 dica-

645 5116 732 5162 tur
759 5122 864 5162 non
894 5124 987 5161 vos
1012 5110 1166 5164 aliam
1195 5112 1507 5180 quaesituras
1530 5111 1689 5167 fuisse
1717 5121 2071 5187 praepositam,
2114 5126 2214 5180 nisi

639 5199 813 5270 ipsum
829 5198 1124 5268 coepissetis
1146 5198 1343 5257 habere
1364 5204 1720 5273 praepositum.
1748 5206 2214 5286 Tranquilletergo

643 5290 783 5346 Deus
811 5298 865 5344 et
888 5298 1173 5359 componat
1193 5293 1398 5346 animos
1420 5304 1659 5360 vestros;
1691 5312 1794 5352 non
1821 5299 1871 5353 in
1903 5303 2053 5357 vobis
2078 5321 2214 5375 prae-

641 5380 815 5437 valeat
840 5394 974 5451 opus
998 5381 1212 5447 diaboli,
1239 5383 1331 5437 sed
1362 5400 1461 5454 pax
1484 5386 1678 5443 Christi
1694 5390 1867 5446 vincat
1890 5394 1939 5447 in
1964 5398 2213 5456 cordibus

640 5474 834 5529 vestris
868 5492 879 5526 :
910 5489 1007 5528 nec
1050 5472 1233 5529 dolore
1262 5476 1454 5544 animi,
1502 5481 1619 5548 quia
1649 5498 1753 5537 non
1782 5484 1837 5539 fit
1863 5489 2003 5557 quod
2029 5492 2207 5560 vultis,

639 5564 728 5620 vel
754 5565 875 5636 quia
903 5564 1061 5635 pudet
1089 5566 1315 5621 voluisse
1339 5569 1476 5637 quod
1505 5572 1639 5627 velle
1662 5590 1765 5628 non
1788 5576 2061 5648 debuistis,
2090 5600 2211 5641 eru—

645 5657 914 5713 bescendo
967 5659 1190 5712 curratis
1243 5658 1293 5713 in
1347 5670 1613 5727 mortem;
1670 5669 1763 5721 sed
1814 5671 1985 5740 potius
2034 5677 2207 5745 pmni-

640 5749 802 5815 tendo
854 5750 1134 5813 resumatis
1180 5753 1463 5827 virtutem,
1512 5773 1612 5817 nee
1663 5759 1898 5825 habeatis
1942 5769 2206 5843 paeniten-

1926 424 1985 483 s.
2025 424 2388 484 AUGUSTINI
2428 427 2730 485 Episcopi
3750 448 3826 505 οω

2344 539 2469 594 tiam
2494 540 2645 596 Judaz
2674 542 2941 599 traditoris
2963 584 2979 611 ,
3028 544 3122 600 sed
3152 547 3321 615 potius
3347 548 3586 623 lacrymas
3611 555 3728 615 Petri
3751 576 3821 631 μ.

2339 631 2517 686 storis.

2408 723 2461 778 5.
2503 722 2629 779 Hec
2654 733 2777 778 sunt
2804 740 2923 795 quae
2948 734 3007 780 ut
3030 725 3320 785 observetis
3347 734 3649 804 praecipimus
3672 739 3713 793 in
3736 758 3823 799 mo.

2338 814 2572 869 nasterio
2607 816 2930 871 constitutae.
2975 818 3209 873 Primum
3257 832 3464 891 prapter
3499 828 3626 896 quod
3661 833 3761 887 estis
3788 841 3825 891 in

2339 922 2497 961 unum
2526 919 2856 979 congregata:
2881 952 2894 973 ,
2924 918 2980 964 ut
3005 912 3278 967 unanimes
3302 913 3535 971 habitetis
3561 919 3606 972 in
3629 920 3771 991 domo,
3790 937 3828 983 et

2335 998 2405 1052 sit
2424 999 2572 1054 vobis
2600 1015 2695 1054 cor
2720 1017 2881 1055 unum
2910 1011 2963 1056 et
2986 1000 3164 1058 anima
3193 1020 3293 1058 una
3321 1006 3371 1060 in
3391 1006 3514 1063 Deo.
3539 1009 3599 1064 Et
3619 1028 3705 1067 non
3724 1016 3827 1072 dica-

2338 1088 2404 1143 tis
2424 1089 2619 1159 aliquid
2640 1092 2936 1161 preprium,
2966 1092 3058 1147 sed
3083 1093 3189 1148 sint
3212 1094 3360 1150 vobis
3382 1098 3546 1152 omnia
3568 1108 3825 1163 communia:

2334 1186 2388 1233 et
2420 1178 2769 1235 distribuatur
2796 1182 3076 1252 unicuique
3103 1192 3335 1239 vestrum
3362 1201 3391 1239 a
3426 1191 3677 1259 praeposita
3701 1205 3829 1251 vestra

2334 1271 2503 1326 victus
2526 1281 2581 1327 et
2618 1281 3011 1342 tegumentum;
3041 1290 3146 1329 non
3175 1277 3447 1347 aequaliter
3470 1282 3715 1348 omnibus,
3742 1286 3827 1356 quia

2334 1376 2437 1415 non
2461 1363 2735 1432 aequaliter
2762 1364 2947 1417 valetis
2971 1379 3177 1427 omnes.
3207 1366 3300 1421 sed
3323 1366 3589 1439 unicuique
3609 1371 3830 1445 sicutapus

2332 1450 2509 1506 fuerit.
2539 1451 2626 1507 Sic
2651 1454 2791 1509 enim
2820 1450 2989 1523 legitis
3019 1455 3072 1509 in
3101 1456 3319 1512 Actibus
3344 1458 3705 1529 Apostolorum,
3727 1464 3826 1529 Qui:

2332 1554 2474 1597 erant
2510 1545 2578 1598 eis
2622 1546 2789 1599 omnia
2831 1548 3149 1614 communia,
3195 1557 3241 1602 et
3276 1549 3644 1606 distribuebatur
3671 1555 3827 1627 singuiit

2335 1646 2487 1702 prout
2516 1639 2692 1708 cuique
2719 1655 2844 1709 Opus
2870 1650 2977 1693 erat
3007 1640 3144 1710 (Act.
3168 1657 3251 1709 tv,
3279 1642 3349 1697 32
3370 1683 3387 1709 ,
3410 1642 3519 1715 55).
3556 1645 3668 1711 Quae
3688 1648 3828 1719 aliquid

2332 1727 2598 1784 habebant
2630 1730 2685 1785 in
2709 1732 2904 1786 saeculo
2924 1773 2938 1797 ,
2970 1733 3180 1802 quando
3206 1733 3458 1804 ingressae
3486 1746 3600 1791 sunt
3632 1748 3832 1796 monaste-

2334 1823 2492 1887 rium,
2530 1824 2756 1879 libenter
2778 1825 2942 1879 veliut
2964 1826 3089 1880 illud
3116 1842 3236 1881 esse
3259 1842 3551 1884 commune.
3581 1828 3832 1896 Qumautem

2330 1930 2435 1969 non
2459 1915 2741 1981 habebant,
2766 1932 2870 1971 non
2892 1932 2954 1971 ea
2976 1926 3214 1986 quaerant
3232 1919 3285 1972 in
3311 1920 3633 1987 monasterio,
3652 1937 3747 1991 qua;
3763 1938 3834 1979 nec

2331 2004 2460 2061 foris
2490 2008 2685 2062 habere
2715 2016 2997 2077 potuerunt
3025 2026 3037 2061 :
3070 2008 3162 2063 sed
3191 2018 3368 2064 tamen
3396 2025 3571 2066 earum
3605 2011 3834 2068 inﬁrmitati

2329 2099 2470 2169 quod
2500 2116 2632 2171 opus
2672 2110 2753 2155 est
2794 2101 3084 2166 tribuatur,
3133 2102 3342 2155 etiamsi
3388 2103 3647 2171 pauperies
3682 2118 3830 2168 earum,

2329 2192 2540 2260 quando
2567 2192 2693 2246 foris
2718 2200 2897 2254 erant,
2923 2206 3021 2247 nec
3049 2192 3160 2261 ipsa
3193 2194 3491 2247 necessaria
3527 2203 3708 2264 poterat
3728 2194 3834 2249 inve-

2331 2282 2477 2348 nire;
2522 2298 2583 2337 ac
2609 2298 2747 2337 nunc
2789 2300 2893 2337 non
2927 2283 3045 2337 ideo
3090 2292 3273 2352 putent
3315 2298 3375 2338 se
3400 2299 3513 2339 esse
3542 2282 3716 2349 felices,
3749 2284 3833 2353 quia

2335 2374 2655 2430 invenerunt
2684 2376 2877 2429 victum
2906 2384 2961 2429 et
2990 2382 3355 2444 tegumentum
3375 2416 3391 2441 ,
3434 2374 3581 2445 quale
3602 2374 3710 2429 foris
3731 2374 3836 2429 inve-

2330 2467 2447 2521 nire
2472 2482 2575 2521 non
2608 2476 2909 2536 potuerunt.

2401 2558 2454 2612 6.
2488 2557 2597 2611 Nec
2624 2559 2831 2628 erigant
2860 2555 3120 2611 cervicem
3136 2556 3259 2627 quia
3281 2557 3547 2611 sociantur
3568 2556 3653 2622 eis,
3673 2555 3726 2610 ad
3743 2568 3837 2625 quas

3938 1550 3941 1673 φ

2328 2648 2455 2703 foris
2472 2650 2728 2705 accedere
2749 2664 2852 2703 non
2881 2648 3175 2713 audebant;
3204 2647 3304 2702 sed
3320 2662 3523 2702 sursum
3547 2662 3631 2701 cur
3646 2646 3835 2709 habeant,
3934 2646 3937 2709 ἐ

2328 2751 2382 2797 et
2408 2751 2616 2797 terrena
2639 2744 2776 2797 bona
2800 2758 2903 2795 non
2927 2750 3186 2812 quaerant,
3219 2756 3292 2795 ne
3321 2741 3566 2810 incipiant
3586 2738 3836 2794 monasteria

2328 2846 2447 2885 csse
2476 2831 2727 2885 divitibus
2771 2832 2915 2884 utilia
2941 2872 2956 2897 ,
2999 2845 3103 2884 non
3131 2831 3481 2900 pauperibus,
3511 2830 3553 2884 si
3578 2828 3738 2883 divites
3764 2826 3837 2882 illic

2328 2924 2707 2989 humiliantur,
2753 2932 2809 2978 et
2844 2938 3103 2993 pauperes
3142 2922 3250 2977 illic
3275 2922 3547 2977 inﬂantur.
3586 2920 3678 2976 Sed
3705 2932 3836 2974 rursus

2325 3014 2485 3069 etiam
2537 3014 2640 3068 illa:
2675 3029 2792 3083 quae
2837 3014 3034 3083 aliquid
3078 3028 3196 3068 esse
3234 3013 3550 3069 videbantur
3589 3012 3638 3066 in
3675 3008 3834 3073 saeculo,

2327 3121 2431 3161 non
2474 3105 2701 3159 habeant
2727 3104 2936 3158 fastidio
2964 3119 3177 3159 sorores
3201 3119 3353 3170 suas,
3384 3119 3501 3174 qua:
3521 3102 3583 3158 ad
3608 3101 3726 3156 illam
3745 3114 3836 3155 san-

2325 3206 2465 3251 ctam
2496 3195 2801 3249 societatem
2828 3209 2894 3249 ex
2924 3203 3232 3265 paupertate
3271 3202 3535 3251 venerunt
3565 3210 3576 3245 :
3608 3192 3744 3260 magis
3762 3203 3831 3244 an-

2327 3298 2435 3344 tem
2465 3288 2711 3342 studeant
2735 3303 2838 3341 non
2869 3286 2936 3341 de
2966 3295 3243 3357 parentum
3263 3286 3492 3341 divitum
3514 3280 3835 3355 dignitate,scd

2324 3381 2393 3435 de
2427 3396 2718 3450 pauperum
2757 3394 2999 3434 sororum
3037 3380 3296 3435 societate
3334 3380 3560 3450 gloriari.
3593 3378 3687 3432 Nec
3713 3373 3837 3430 extol-

2325 3472 2526 3537 lantur,
2557 3474 2599 3525 si
2629 3471 2898 3525 communi
2929 3471 3048 3524 vita:
3086 3470 3153 3524 de
3192 3470 3310 3524 suis
3335 3470 3655 3525 facultatibus
3689 3461 3835 3535 aliquid

2324 3562 2694 3627 contulerunt;
2749 3576 2817 3615 ne
2856 3562 2923 3615 de
2961 3562 3072 3615 suis
3118 3560 3325 3615 divitiis
3371 3561 3535 3631 magis
3574 3556 3831 3627 superbiam.

2324 3653 2443 3723 quia
2469 3668 2560 3707 eas
2579 3652 2901 3707 monasterio
2933 3651 3252 3721 partiuntur,
3278 3668 3444 3723 quam
3472 3652 3517 3706 si
3540 3651 3611 3706 eis
3634 3645 3835 3704 insmtlo

2324 3742 2649 3798 fruerentur.
2675 3742 2790 3796 Alia
2813 3742 3004 3812 quippe
3026 3756 3382 3813 quaecumque
3411 3742 3642 3812 iniquitas
3662 3740 3706 3793 in
3726 3735 3835 3791 malis

2324 3834 2575 3904 operibus
2598 3842 2877 3888 exercetur
2898 3842 2953 3887 ut
2970 3832 3128 3898 fiant;
3158 3834 3414 3902 superbia
3434 3848 3555 3888 vero
3572 3832 3708 3891 etiam
3725 3825 3837 3883 bouis

2324 3924 2573 3994 Operibus
2600 3924 2875 3978 insidiatur
2890 3931 2947 3977 ut
2968 3931 3220 3993 pereant:
3244 3933 3301 3978 et
3323 3924 3449 3993 quid
3471 3920 3668 3993 pretim
3684 3918 3836 3985 disper-

2324 4031 2452 4088 gere
2478 4015 2654 4070 dando
2695 4014 3009 4085 pauperibus
3040 4023 3094 4069 et
3118 4029 3415 4085 pauperem
3458 4014 3603 4077 ﬁeri,
3643 4011 3682 4065 si
3707 4008 3837 4062 animi

2325 4111 2517 4164 misera
2540 4108 2819 4180 superbior
2838 4107 3097 4162 efficiatur
3120 4108 3531 4171 contemnendo,
3557 4113 3693 4177 quam
3709 4100 3838 4154 fuerat

2325 4201 2682 4272 possidendo?
2728 4202 2925 4255 Omnes
2965 4216 3091 4271 ergo
3130 4202 3456 4257 unanimiter
3494 4209 3545 4255 et
3572 4192 3839 4253 concorditer

2325 4295 2514 4359 vivite;
2557 4305 2611 4348 et
2653 4293 2907 4348 honorate
2943 4294 2996 4347 in
3044 4293 3194 4348 vobis
3232 4293 3462 4349 invicem
3505 4292 3691 4352 Deum,
3722 4284 3835 4353 cujus

2327 4385 2522 4455 templa
2554 4385 2704 4438 factae
2730 4384 2875 4437 estis.

2396 4479 2447 4531 7.
2476 4477 2813 4533 Orationibus
2853 4477 3045 4531 instate
3079 4476 3225 4531 horis
3258 4485 3315 4531 et
3353 4473 3663 4546 temporibus
3683 4464 3834 4523 consti-

2325 4572 2471 4626 tutis.
2504 4569 2559 4624 ln
2587 4570 2823 4624 oratorio
2852 4585 3007 4623 nemo
3030 4568 3227 4638 aliquid
3257 4579 3409 4640 agat,
3444 4568 3541 4624 nisi
3561 4566 3621 4622 ad
3644 4557 3837 4635 quodeﬂ

2322 4661 2551 4727 factum,
2598 4660 2737 4716 unde
2764 4670 2817 4715 et
2847 4674 3039 4714 nomen
3069 4659 3304 4730 accepit;
3358 4669 3417 4714 ut
3450 4661 3494 4715 si
3524 4659 3693 4727 aliqua:
3713 4651 3834 4707 etiam

2321 4760 2514 4825 praeter
2545 4754 2699 4808 horas
2716 4752 3051 4817 constitutas,
3079 4753 3215 4807 sieis
3234 4763 3408 4817 vacat,
3430 4768 3579 4808 orare
3607 4742 3833 4805 voluerint.

2321 4859 2427 4899 non
2448 4845 2526 4900 eis
2549 4844 2655 4899 sint
2676 4842 3214 4917 impedimento,bquae
3233 4843 3303 4898 ibi
3326 4842 3520 4910 aliquid
3538 4854 3681 4911 agere
3696 4833 3835 4889 volue-

2320 4938 2444 4992 rint.
2474 4936 2698 4991 Psalmis
2718 4943 2771 4989 et
2798 4934 3007 5005 hymnis
3032 4949 3151 4989 cum
3178 4936 3341 4991 oratis
3364 4936 3527 4991 Deum
3544 4977 3558 5002 ,
3586 4933 3676 4988 hoc
3698 4939 3833 4984 verse.

2319 5036 2405 5081 tur
2432 5027 2483 5080 in
2514 5025 2675 5080 corde
2708 5024 2851 5095 quod
2891 5024 3158 5095 profertur
3199 5026 3252 5079 in
3277 5041 3409 5080 voce
3442 5044 3454 5078 :
3487 5033 3539 5079 et
3571 5022 3715 5078 nolite
3737 5032 3834 5073 can‘

2320 5124 2452 5182 tare,
2482 5116 2583 5168 nisi
2606 5115 2744 5185 quod
2771 5116 2943 5184 legitis
2975 5116 2989 5146 ¹
3019 5130 3138 5169 esse
3165 5116 3520 5179 cantandum;
3546 5111 3673 5184 quod
3694 5116 3830 5163 autem

2318 5224 2423 5263 non
2454 5208 2524 5263 ita
2548 5208 2798 5276 scriptum
2825 5217 2907 5263 est
2932 5217 2987 5262 ut
3006 5216 3278 5275 cantetur,
3306 5223 3413 5263 non
3439 5215 3682 5264 cantetur.

2386 5301 2438 5356 8.
2468 5299 2694 5356 Carnem
2731 5310 2958 5357 vestram
3000 5300 3211 5357 domate
3246 5300 3460 5371 jejuniis
3485 5309 3538 5356 et
3570 5290 3835 5353 abstinentia

2316 5407 2450 5447 escae
2476 5402 2529 5447 et
2558 5399 2729 5461 potus,
2761 5400 3012 5462 quantum
3057 5392 3301 5448 valetudo
3345 5390 3613 5461 permittit.
3656 5379 3835 5452 Quando

2314 5493 2489 5538 autem
2530 5484 2701 5553 aliqua
2741 5498 2845 5537 non
2873 5492 3050 5553 potest
3082 5483 3337 5553 ieiunare,
3370 5498 3477 5537 non
3514 5490 3675 5535 tamen
3714 5480 3831 5530 extra

2314 5574 2495 5629 horam
2525 5573 2729 5644 prandii
2755 5574 2949 5645 aliquid
2977 5576 3346 5631 alimentorum
3387 5582 3574 5636 sumat,
3617 5568 3703 5624 nisi
3736 5576 3832 5620 cum

2312 5676 2553 5738 aegrotat.
2582 5666 2712 5721 Cum
2735 5668 2983 5722 acceditis
3009 5667 3073 5721 ad
3094 5682 3346 5730 mensam,
3369 5665 3533 5720 donec
3559 5661 3830 5725 iudesurga-

2315 5759 2401 5830 tis,
2422 5758 2560 5830 quod
2591 5758 2737 5813 vobis
2761 5757 3047 5817 secundum
3074 5754 3503 5819 consuetudinem
3535 5754 3721 5829 legitur,
3740 5746 3831 5807 sint

2380 5872 2394 5909 ³
2421 5868 2607 5941 Aliquot
2628 5877 2754 5936 Mss,
2780 5868 2971 5939 legistis.
