3990 6384
103 358 185 429 θοι
1246 346 1663 417 EPISTOLARU

1772 346 2033 418 CLASSIS
2070 354 2157 417 Ill.

102 476 303 536 tumultu
333 482 386 528 et
411 472 847 528 contentionibus
867 468 1042 527 audite
1067 489 1081 525 :
1112 487 1210 527 nec
1228 473 1354 527 sola:
1382 474 1533 526 vobis
1556 474 1670 525 fau-

104 585 180 628 (εει
218 574 425 622 sumant
460 565 664 631 cibum,
693 564 786 620 sed
816 573 873 619 et
907 580 1065 621 aures
1092 565 1383 635 percipiant
1423 565 1512 619 Dei
1551 580 1671 619 ver-

104 665 226 718 bunt.

160 755 204 810 9.
233 753 357 821 Qua:
402 751 635 806 infirmae
677 760 799 806 sunt
830 766 896 805 ex
934 750 1155 820 pristina
1194 748 1593 814 consuetudine,
1626 748 1671 802 si

101 849 229 901 aliter
256 852 549 899 tractantur
585 842 641 897 in
685 842 846 909 victu,
890 857 995 896 non
1040 840 1198 895 debet
1234 841 1350 894 aliis
1391 839 1670 893 molestum

102 956 213 1004 esse,
243 952 337 992 nec
363 937 625 1003 iniustum
649 934 835 1001 videri,
866 948 999 1004 quas
1036 933 1160 988 fecit
1201 932 1300 986 alia
1345 929 1670 985 consuetudo

102 1031 334 1085 fortiores.
358 1026 471 1082 Nec
497 1025 622 1081 illas
650 1026 910 1080 feliciores
928 1032 1126 1094 putent,
1152 1024 1273 1093 quia
1294 1032 1509 1078 sumunt
1529 1021 1669 1091 quod

101 1138 183 1176 non
219 1126 433 1176 sumunt
476 1118 613 1188 ipsa:
640 1135 652 1171 :
680 1116 771 1171 sed
808 1116 905 1171 sibi
944 1116 1120 1185 potius
1159 1115 1507 1185 gratulentur,
1547 1114 1668 1181 quia

101 1215 247 1266 valent
276 1208 414 1279 quod
443 1223 554 1262 non
594 1206 774 1262 valent
800 1206 922 1260 illre.
975 1205 1043 1259 Et
1071 1207 1114 1259 si
1141 1206 1217 1259 eis
1244 1221 1362 1275 qua:
1409 1212 1670 1257 venerunt

100 1320 151 1359 ex
192 1302 423 1356 moribus
471 1298 877 1355 delicatioribus
919 1297 986 1351 ad
1030 1296 1430 1361 monasterium,
1470 1295 1667 1365 aliquid

100 1396 463 1455 alimentorum,
510 1391 972 1455 vestimentorum,
1023 1397 1453 1449 stramentorum,
1490 1385 1666 1454 operi-

101 1494 364 1541 mentorum
410 1482 595 1546 datur,
645 1479 784 1551 quod
822 1480 939 1533 aliis
974 1477 1299 1539 fortioribus,
1330 1485 1383 1531 et
1412 1476 1529 1529 ideo
1556 1475 1669 1528 feli—

100 1576 299 1631 cioribus
344 1588 452 1628 non
495 1573 691 1634 datur;
722 1570 953 1640 cogitare
994 1569 1189 1622 debent
1228 1567 1418 1636 quibus
1446 1582 1548 1619 non
1576 1565 1669 1619 da-

97 1678 183 1733 tur,
209 1674 457 1736 quantum
502 1664 575 1719 de
615 1679 709 1718 sua
737 1662 977 1717 szeculari
1021 1662 1125 1714 vita
1156 1660 1259 1713 illre
1286 1660 1351 1713 ad
1392 1660 1544 1713 istam
1575 1659 1667 1713 de-

98 1759 391 1824 scenderint,
422 1756 681 1827 quamvis
709 1770 874 1825 usque
897 1753 961 1807 ad
991 1754 1211 1808 aliarum
1238 1768 1354 1822 qure
1382 1760 1525 1827 sunt-
1546 1767 1667 1806 cor-

97 1866 202 1921 pore
244 1850 526 1917 fortiores,
580 1847 936 1917 frugalitatem
981 1845 1260 1914 pervenire
1312 1844 1662 1913 nequiverint.

98 1941 183 1995 Nec
208 1942 304 1994 illa:
330 1940 534 1997 debent
560 1937 887 2000 conturbari,
916 1936 1054 2006 quod
1079 1933 1371 2015 easvident
1416 1934 1663 2003 amplius,

97 2034 305 2103 nonquia
330 2034 688 2094 honorantur,
715 2029 807 2085 sed
831 2029 950 2098 quia
975 2028 1281 2091 tolerantur,
1298 2027 1567 2094 accipere;
1600 2042 1667 2081 ne

97 2125 331 2194 contingat
378 2122 698 2180 detestanda
740 2121 1076 2190 perversitas,
1119 2128 1173 2172 ut
1224 2119 1274 2172 in
1316 2119 1661 2184 monasterio,

99 2217 187 2284 ubi,
213 2225 462 2287 quantum
495 2223 739 2285 possunt,
788 2213 920 2266 fiunt
966 2212 1156 2265 divites
1201 2210 1499 2277 laboriosze,
1540 2210 1666 2263 fiant

100 2322 323 2378 pauperes
364 2308 634 2362 delicatae.
687 2306 827 2360 Sane
866 2302 1307 2374 quemadmodum
1351 2310 1667 2372 :rgrotantes

101 2412 285 2453 necesse
312 2398 518 2453 habent
543 2398 719 2450 minus
746 2396 985 2464 accipere
1012 2410 1077 2448 ne
1105 2404 1418 2463 graventur;
1451 2393 1520 2446 ita
1548 2401 1668 2461 post

102 2489 437 2558 aegritudinem
485 2490 565 2542 sic
610 2486 892 2542 tractandze
921 2495 1043 2539 sunt
1072 2494 1130 2537 ut
1154 2484 1308 2537 citius
1335 2493 1663 2547 recreentur,

100 2579 273 2632 etiamsi
296 2579 365 2634 de
392 2579 690 2632 humillima
720 2577 895 2631 saeculi
922 2581 1231 2646 paupertate
1258 2582 1531 2639 venerunt,
1563 2583 1669 2627 tan-

102 2684 227 2737 quam
255 2669 355 2725 hoc
380 2670 487 2724 illis
515 2669 801 2723 contulerit
829 2667 1093 2722 recentior
1113 2664 1389 2735 (egritudo,
1413 2665 1553 2735 quod
1588 2665 1668 2718 di-

100 2758 257 2812 vitibus
276 2760 520 2815 anterior
534 2759 883 2814 consuetudo.
908 2758 1010 2812 Sed
1022 2774 1141 2812 cum
1155 2760 1295 2813 vires
1310 2758 1559 2827 pristinas
1577 2773 1667 2813 re-

100 2850 387 2916 paraverint,
410 2850 635 2904 rcdeant
656 2850 722 2903 ad
740 2850 1024 2903 feliciorem
1040 2848 1475 2902 consuetudinem
1494 2865 1663 2912 suam,

95 2953 188 3010 qua?
218 2939 447 2996 famulas
495 2941 592 2996 Dei
632 2950 777 2995 tanto
816 2940 1041 3009 amplius
1076 2940 1247 3004 decet,
1271 2950 1469 3008 quanto
1496 2941 1667 2994 minus

91 3030 290 3102 indigent
320 3052 336 3087 :
367 3047 471 3086 nec
500 3033 577 3086 ibi
600 3047 690 3085 eas
718 3040 894 3084 teneat
915 3030 1157 3083 voluntas
1177 3030 1286 3097 jam
1310 3040 1539 3098 vegetas,
1563 3047 1667 3099 quo

92 3125 346 3178 necessitas
373 3124 593 3178 levarat
614 3121 869 3176 infirmas.
899 3121 1003 3174 Ill-.e
1030 3136 1087 3175 se
1108 3120 1663 3186 existimeutditiores,

90 3228 175 3281 qua
196 3214 399 3270 fuerint
428 3213 482 3265 in
526 3213 831 3267 sustinenda
878 3213 1129 3280 parcitate
1178 3212 1443 3266 fortiores.
1475 3211 1668 3267 Melius

92 3308 293 3362 estenim
322 3306 519 3360 minus
535 3320 709 3374 egere,
734 3320 889 3373 quam
922 3304 1039 3372 plus
1060 3303 1275 3358 habere.

142 3398 358 3454 10.Non
388 3398 462 3453 sit
507 3396 751 3451 notabilis
786 3396 993 3450 habitus
1026 3405 1229 3461 vester;
1272 3411 1370 3451 nec
1410 3396 1668 3451 affectetis

6 3506 11 3529 ι
96 3492 292 3547 vestibus
307 3492 552 3563 placere,
582 3490 677 3544 sed
704 3489 959 3544 moribus.
988 3489 1093 3543 Nec
1131 3490 1237 3543 sint
1273 3489 1422 3543 vobis
1450 3499 1553 3544 tam
1584 3500 1665 3544 te-

100 3596 198 3638 nera
230 3585 465 3653 capitum
512 3583 741 3652 tegmina
786 3592 843 3635 ut
886 3580 1071 3636 retiola
1120 3582 1304 3636 subter
1353 3590 1661 3652 appareant.

8 3694 13 3723 ι
103 3669 294 3741 Capillos
323 3689 387 3729 ex
424 3672 568 3727 nulla
612 3681 759 3741 parte
789 3671 958 3726 nudos
1002 3672 1259 3734 habeatis,
1293 3688 1392 3726 nec
1428 3673 1553 3727 foris
1581 3674 1664 3728 vel

103 3774 280 3834 spargat
305 3765 647 3835 negligentia,
694 3764 773 3817 vel
805 3774 1088 3833 componat
1129 3762 1402 3817 industria.
1445 3764 1665 3830 Quando

10 3862 13 3871 '
107 3853 383 3921 With,
430 3855 586 3909 simul
624 3853 890 3907 ambulate
923 3870 936 3905 :
968 3868 1087 3905 cum
1118 3853 1369 3906 veneritis
1408 3868 1511 3921 quo
1555 3853 1661 3920 itis,

103 3942 228 3997 simul
269 3955 425 4001 state.
455 3945 514 4000 In
547 3947 775 4009 incessu,
807 3944 856 3996 in
888 3952 1047 4009 statu,
1077 3943 1128 3996 in
1171 3943 1371 4008 habitu,
1397 3944 1447 3997 in
1490 3945 1662 3997 omni-

8 4050 11 4053 ·
104 4027 182 4086 ltus
204 4036 426 4092 motibus
451 4037 645 4092 vestris
674 4034 804 4089 nihil
828 4033 919 4088 fiat
946 4033 1086 4103 quod
1127 4034 1305 4087 illiciat
1351 4036 1659 4105 cujusquam

103 4118 361 4193 libidinem,
388 4127 485 4181 sed
510 4126 649 4196 quod
667 4136 895 4180 vestram
920 4124 1103 4179 deceat
1123 4124 1477 4179 sanctitatem.
1514 4125 1661 4180 Oculi

4 4240 11 4271 ι
103 4218 237 4269 vestri
256 4218 350 4272 etsi
387 4218 658 4288 jaciuntur
688 4216 739 4270 in
768 4216 1017 4284 aliquem,
1046 4214 1273 4285 figantur
1299 4216 1348 4269 in
1372 4216 1657 4271 neminem.

103 4301 254 4378 Neque
281 4313 418 4366 enim
442 4310 659 4382 quando
682 4308 989 4381 proceditis,
1020 4308 1159 4361 viros
1195 4307 1372 4363 videre
1411 4309 1660 4377 prohibe-

106 4398 227 4466 mini,
257 4403 347 4458 sed
374 4411 647 4473 appetere,
671 4410 763 4454 aut
791 4400 917 4469 ipsis
938 4400 1110 4468 appeti
1133 4399 1287 4452 velle.
1317 4397 1424 4453 Nec
1444 4400 1559 4454 solo
1580 4409 1661 4454 ta-

106 4500 193 4557 ctu,
221 4494 308 4548 sed
324 4496 519 4550 affectu
550 4508 760 4564 quoque
786 4499 839 4545 et
858 4499 1074 4561 aspectu
1104 4490 1388 4560 appetitur,
1418 4500 1470 4544 et
1498 4506 1659 4560 appe-

106 4578 158 4631 tit
175 4579 372 4640 femina.
403 4586 520 4641 Nec
543 4584 729 4638 dicatis
755 4597 850 4636 vos
885 4582 1079 4636 habere
1113 4580 1584 4652 animospudicos,
1616 4574 1659 4636 si

107 4666 307 4729 habeatis
326 4677 511 4732 oculos
533 4674 823 4744 impudicos
849 4690 861 4725 :
893 4673 1013 4742 quia
1035 4672 1334 4741 impudicus
1351 4675 1533 4726 oculus
1556 4674 1658 4726 im-

108 4765 251 4829 Pudici
275 4774 448 4829 cordis
489 4779 571 4826 est
614 4768 849 4823 nuntius.
894 4767 961 4820 Et
1002 4780 1119 4819 cum
1160 4780 1218 4821 se
1263 4766 1485 4819 invicem
1536 4767 1657 4832 sibi,

110 4854 238 4911 etiam
257 4868 461 4918 tacente
483 4862 675 4929 lingua,
706 4866 992 4926 conspectu
1020 4864 1203 4909 mutuo
1228 4855 1393 4913 corda
1418 4856 1661 4909 nuntiant

111 4941 355 5020 illlpttdica,
390 4964 445 5009 et
472 4950 759 5007 secundum
796 4947 1274 5017 concupiscentiam
1297 4946 1475 5000 carnis
1498 4946 1661 5001 alter-

114 5042 209 5089 utro
239 5041 563 5099 delectantur
586 5041 804 5105 ardore;
851 5040 1007 5094 etiam
1049 5039 1257 5093 intactis
1287 5038 1353 5092 ab
1391 5039 1658 5093 immunda

114 5128 364 5192 Violatione
403 5134 734 5204 corporibus,
766 5132 897 5201 fugit
922 5131 1135 5186 castitas
1170 5131 1277 5199 ipsa
1300 5128 1367 5185 de
1404 5130 1655 5184 moribus.

114 5212 199 5274 Nec
232 5238 403 5293 putare
445 5228 603 5283 debet
641 5240 758 5295 qua:
790 5228 840 5277 in
868 5224 1160 5278 masculum
1194 5222 1300 5291 figit
1339 5224 1566 5287 oculum,
1605 5230 1662 5277 et

115 5304 229 5367 illius
250 5315 297 5370 in
325 5320 549 5389 seipsam
575 5317 740 5385 diligit
767 5316 949 5375 fixum,
975 5328 1078 5367 non
1104 5314 1169 5367 ab
1196 5313 1313 5366 aliis
1332 5314 1515 5377 videri,
1536 5328 1655 5367 cum

117 5393 200 5453 hoc
222 5405 362 5475 facit;
392 5409 599 5463 videtur
631 5406 845 5459 omnino
874 5413 931 5458 et
956 5419 985 5456 a
1017 5403 1208 5472 quibus
1237 5402 1399 5457 videri
1433 5418 1534 5456 non
1565 5418 1655 5457 ar-

117 5486 322 5556 bitratur.
362 5502 467 5559 Sed
500 5514 626 5556 ecce
665 5500 845 5561 lateat,
885 5504 938 5550 et
972 5512 1002 5549 a
1031 5496 1237 5550 nemine
1275 5493 1543 5549 hominum
1580 5495 1659 5548 vi-

121 5580 291 5657 deatur,
326 5595 446 5665 quid
489 5593 644 5648 faciet
668 5591 733 5645 de
773 5590 863 5644 illo
906 5604 1135 5658 superno
1163 5588 1461 5657 inspectore
1498 5604 1654 5657 quem

120 5671 256 5737 latere
281 5687 405 5742 nihil
436 5685 642 5755 potest?
675 5684 753 5737 An
777 5681 895 5735 ideo
922 5680 1186 5751 putandus
1210 5688 1289 5734 est
1319 5695 1422 5733 nou
1454 5679 1653 5744 videre,

122 5769 217 5845 quia
258 5783 391 5835 tanto
426 5778 569 5835 videt
610 5774 931 5849 patientius,
977 5782 1174 5847 quanto
1213 5772 1537 5846 sapientius?
1576 5773 1655 5831 illi

3241 368 3350 430 969

1778 488 1903 543 ergo
1944 474 2129 529 timeat
2168 483 2349 531 sancta
2388 476 2582 533 femina
2623 478 2923 550 diSplicere,
2965 498 3033 538 ne
3068 485 3195 540 velit
3230 489 3352 544 viro

1778 568 1913 620 male
1926 568 2161 637 placere:
2182 568 2326 622 illum
2340 571 2534 640 cogitet
2548 573 2722 625 omnia
2738 574 2933 639 videre,
2954 590 3020 629 ne
3040 576 3165 630 velit
3178 578 3347 634 virum

1775 660 1914 715 male
1941 660 2139 716 videre.
2174 661 2317 716 Illius
2339 678 2563 732 namque
2591 664 2721 718 etin
2753 666 2851 720 hac
2875 681 3032 720 causa
3061 682 3337 723 commen-

1775 750 1929 804 datus
1949 761 2030 805 est
2056 753 2230 818 timor,
2263 753 2354 807 ubi
2382 755 2634 821 scriptum
2663 762 2745 809 est
2774 773 2785 809 :
2817 755 3130 811 Abominatio
3148 768 3218 812 est
3248 759 3355 814 Do-

1774 844 1909 896 mino
1949 844 2169 913 deﬁgens
2204 843 2403 897 oculum
2439 844 2631 916 (Prov.
2664 861 2829 912 xxvtt,
2873 847 2964 913 20,
3003 865 3104 902 sec.
3149 849 3289 904 LXX
3312 851 3353 921 ).

1774 935 1995 1002 Quando
2027 951 2153 1005 ergo
2195 935 2349 990 simul
2401 938 2529 992 estis
2564 938 2615 991 in
2653 939 2897 1005 ecclesia,
2938 949 2992 994 et
3034 941 3353 1012 ubicumque

1775 1026 1862 1079 ubi
1888 1034 1944 1081 et
1970 1027 2068 1079 viri
2094 1036 2234 1090 sunt,
2261 1028 2481 1082 invicem
2502 1038 2727 1084 vestram
2746 1031 3046 1100 pudicitiam
3066 1034 3352 1089 custodite.

1776 1118 1914 1172 Deus
1944 1120 2085 1173 enim
2114 1120 2203 1189 qtti
2234 1119 2433 1174 habitat
2456 1121 2507 1175 in
2534 1122 2699 1187 vobis,
2734 1123 2892 1177 etiam
2923 1123 3025 1178 isto
3050 1123 3209 1179 modo
3252 1139 3349 1180 cu-

1773 1210 1965 1263 stodiet
1994 1226 2086 1265 vos
2117 1226 2179 1264 ex
2210 1211 2376 1265 vobis.

1843 1302 1864 1353 1
1882 1302 1927 1353 1.
1960 1300 2025 1354 Ει
2054 1303 2095 1354 si
2126 1301 2258 1355 hanc
2285 1302 2349 1355 de
2375 1318 2473 1371 qua
2500 1303 2708 1373 loquor,
2737 1304 2873 1359 oculi
2905 1306 3250 1376 petulantiam
3292 1308 3342 1363 iu

1771 1391 1941 1459 aliqua
1962 1401 2189 1446 vestrum
2205 1392 2556 1458 adverteritis,
2576 1395 2749 1447 statim
2771 1393 3072 1461 admonete,
3091 1412 3157 1451 ne
3171 1407 3342 1466 empta

1770 1484 2193 1551 progrediantur,
2224 1484 2318 1537 sed
2347 1499 2411 1538 ex
2442 1486 2681 1553 proximo
2710 1486 3056 1554 corrigantur.
3086 1485 3141 1542 Si
3169 1496 3347 1543 autem

1770 1582 1824 1625 et
1851 1582 1968 1639 post
1986 1572 2398 1627 admonitionem
2430 1573 2640 1637 iterum,
2674 1574 2753 1627 vel
2773 1576 2877 1629 alio
2906 1592 3235 1647 quocumque
3256 1580 3343 1634 die

1772 1664 1997 1732 idipsum
2026 1680 2143 1719 eam
2191 1665 2366 1717 facere
2403 1664 2658 1724 videritis,
2696 1665 2803 1733 jam
2843 1666 2983 1719 velut
3024 1668 3350 1724 vulneratam

1770 1755 2057 1809 sanandam
2100 1756 2286 1826 prodat
2330 1772 2673 1826 quaecumque
2721 1757 2956 1813 invenire
3001 1761 3170 1828 potuit
3210 1760 3349 1828 hoc,

1768 1848 1916 1918 prius
1939 1858 2110 1902 tamen
2129 1858 2182 1903 et
2210 1849 2363 1903 alteri
2384 1849 2468 1903 vel
2496 1849 2663 1903 tertiae
2680 1848 3118 1916 demonstratam,
3146 1852 3351 1907 utdua-

1769 1955 1885 1993 rum
1918 1940 1995 1993 vel
2031 1940 2186 1993 trium
2223 1940 2385 2009 possit
2411 1955 2503 1993 ore
2531 1940 2769 1993 convinci
2799 1939 3019 2008 (Matth.
3051 1957 3199 2005 xvut,
3238 1942 3350 2013 16),

1769 2038 1823 2083 et
1846 2031 2166 2098 competenti
2212 2029 2492 2084 severitate
2539 2030 2794 2084 coerceri.
2845 2030 2953 2084 Nec
2984 2046 3078 2084 vos
3104 2031 3353 2100 judicetis

1770 2136 1888 2175 esse
1926 2122 2228 2185 malevolus,
2277 2121 2487 2190 quando
2515 2122 2614 2175 hoc
2645 2121 2901 2175 indicatis.
2950 2122 3113 2191 Magis
3157 2124 3350 2192 quippe

1771 2212 2078 2267 innocentes
2103 2228 2207 2266 non
2227 2213 2373 2276 estis,
2396 2212 2439 2265 si
2457 2226 2669 2265 sorores
2686 2220 2906 2275 vestras,
2926 2213 3349 2281 quasindicando

1769 2306 2034 2373 corrigere
2060 2303 2297 2373 poteSIis,
2332 2304 2554 2359 tacendo
2581 2304 2752 2373 perire
2780 2306 3100 2375 permittitis.
3124 2306 3177 2361 Si
3206 2307 3348 2362 enim

1770 2412 1926 2450 soror
1954 2408 2037 2450 tna
2065 2398 2253 2449 vnlnns
2284 2396 2501 2449 haberet
2527 2398 2845 2467 incorpore,
2885 2398 3024 2465 quod
3064 2397 3220 2451 vellet
3256 2414 3349 2453 oc-

1770 2488 1980 2553 cultari,
2018 2488 2141 2540 dttm
2186 2488 2398 2541 timeret
2441 2487 2631 2552 secari,
2661 2502 2834 2541 nonne
2876 2488 3158 2543 crudeliter
3176 2489 3269 2547 abs
3301 2498 3351 2545 te

1769 2580 2034 2644 sileretur,
2061 2588 2115 2633 et
2148 2579 2559 2633 misericorditer
2589 2578 2945 2634 indicaretur?
2982 2582 3188 2645 Quanto
3226 2599 3351 2653 ergo

1770 2670 1944 2738 potius
1972 2685 2087 2722 eam
2112 2668 2273 2722 debes
2299 2669 2656 2734 manifestare,
2700 2686 2765 2723 ne
2792 2671 3136 2739 perniciosius
3172 2685 3351 2743 putre-

1770 2770 1881 2815 scat
1907 2762 1958 2840 in
1988 2760 2187 2814 corde?
2217 2760 2319 2813 Sed
2364 2770 2641 2829 antequam
2669 2761 2785 2815 aliis
2821 2761 3229 2827 demonstretur,
3260 2779 3352 2833 per

1769 2866 1900 2919 quas
1939 2850 2295 2904 convincenda
2322 2860 2403 2904 est
2440 2851 2481 2904 si
2527 2850 2811 2919 negaverit,
2860 2852 3155 2920 przepositre
3193 2852 3352 2908 debet

1770 2940 1999 3005 ostendi,
2033 2941 2075 2993 si
2106 2940 2372 2993 admonita
2395 2940 2681 3009 neglexerit
2706 2941 2916 3009 corrigi,
2941 2957 3008 2994 ne
3027 2941 3160 2996 forte
3186 2944 3352 3011 possit

1770 3034 2025 3087 secretius
2052 3042 2292 3101 correpta
2325 3046 2426 3086 non
2456 3032 2469 3062 ¹
2502 3034 2830 3084 innotescere
2850 3032 3075 3086 ueteris.
3100 3032 3347 3087 Siautent

1772 3123 2062 3190 negaverit,
2098 3131 2218 3175 tunc
2249 3122 2455 3190 neganti
2478 3122 2498 3152 ¹
2518 3121 2829 3175 adhibendae
2855 3131 2977 3176 sunt
3001 3122 3137 3189 alite,
3167 3134 3220 3178 ut
3240 3124 3349 3193 jam

1770 3229 1946 3266 coram
1990 3214 2236 3267 omnibus
2265 3213 2449 3282 possit,
2474 3228 2577 3266 non
2604 3212 2669 3266 ab
2699 3228 2799 3267 una
2826 3222 2960 3268 teste
2989 3215 3156 3284 argui,
3198 3214 3291 3271 sed
3320 3231 3347 3269 a

1771 3307 1976 3377 duabus
2006 3306 2237 3361 tribusve
2272 3306 2530 3361 convinci.
2577 3306 2825 3361 Cnnvieta
2874 3322 3019 3372 vero,
3061 3308 3348 3363 secundum

1771 3397 2067 3467 przeposita:
2097 3397 2178 3451 vel
2215 3397 2506 3467 presbyteri
2546 3396 2817 3452 arbitrium
2847 3395 3005 3451 debet
3046 3397 3350 3452 emendato-

1770 3488 1900 3541 riam
1928 3489 2188 3541 sustinere
2226 3488 2507 3541 vindictam
2538 3487 2559 3518 ³
2591 3505 2603 3540 :
2634 3503 2790 3557 quam
2820 3488 2865 3542 si
2896 3488 3031 3543 ferre
3074 3504 3347 3544 recusave-

1769 3579 1857 3645 rit,
1888 3586 1941 3633 et
1966 3579 2009 3632 si
2034 3579 2142 3646 ipsa
2173 3592 2278 3631 non
2300 3578 2634 3639 abscesserit,
2658 3578 2724 3631 de
2750 3586 2921 3631 vestra
2949 3579 3200 3633 societate
3223 3595 3345 3649 pro-

1763 3672 1996 3742 jiciatur.
2040 3670 2153 3724 Non
2187 3670 2327 3723 enim
2374 3677 2427 3723 et
2461 3670 2561 3722 hoc
2592 3668 2648 3721 fit
2676 3669 2977 3734 crudeliter,
3016 3670 3109 3724 sed
3143 3672 3348 3726 miscri-

1767 3764 2016 3826 corditer,
2042 3777 2108 3815 ne
2138 3760 2449 3829 contagione
2478 3756 2722 3828 pestifera
2766 3760 3013 3829 plurimas
3050 3761 3251 3831 perdat.
3282 3762 3348 3817 Et

1768 3854 1870 3910 hoc
1894 3853 2034 3924 quod
2066 3853 2172 3906 dixi
2202 3853 2267 3907 de
2294 3853 2451 3906 oculo
2482 3866 2585 3905 non
2614 3851 2841 3921 figendo,
2869 3852 3028 3906 etiam
3060 3852 3109 3906 in
3140 3855 3347 3909 caeteris

1766 3945 2125 4007 inveniendis,
2170 3942 2532 4012 prohibendis,
2570 3942 2894 4007 indicandis,
2940 3944 3341 4009 convincendis,

1766 4034 2193 4104 vindicandisque
2244 4034 2476 4103 peccatis
2526 4033 2809 4103 diligenter
2852 4032 3182 4099 observetur,
3222 4048 3342 4087 cum

1765 4131 2049 4186 dilectione
2095 4128 2366 4182 hominum
2412 4134 2465 4180 et
2511 4125 2635 4181 odio
2678 4126 2943 4179 vitiorum.
2993 4124 3345 4195 Quacumque

1765 4231 1940 4276 autem
1968 4221 2018 4274 in
2050 4227 2249 4273 tantum
2294 4232 2572 4288 progressa
2613 4216 2771 4271 fuerit
2798 4216 3017 4282 malum,
3058 4224 3117 4271 ut
3144 4217 3347 4272 occulte

1765 4314 1832 4367 ab
1856 4313 2033 4382 aliquo
2059 4311 2261 4365 litteras
2285 4311 2371 4364 vel
2413 4310 2658 4379 quaelibet
2690 4308 2997 4362 munuscula
3030 4308 3267 4378 accipiat,
3299 4309 3345 4363 si

1766 4404 1868 4459 hoc
1892 4404 2031 4457 ultro
2054 4400 2353 4465 confitetur,
2383 4408 2627 4469 parcatur
2653 4398 2748 4461 illi,
2781 4408 2833 4452 et
2858 4406 3039 4452 oretur
3060 4412 3159 4467 pro
3181 4414 3264 4453 ea.
3286 4398 3345 4454 Si

1763 4506 1937 4550 autem
1984 4492 2395 4563 deprehenditur
2433 4500 2591 4560 atque
2637 4490 2995 4555 convincitur,
3051 4489 3341 4545 secundum

1764 4585 2038 4639 arbitrium
2071 4582 2364 4652 praepositae
2393 4580 2476 4634 vel
2502 4580 2815 4650 presbyteri,
2843 4580 2926 4634 vel
2950 4579 3107 4633 etiam
3135 4579 3344 4648 episco-

1765 4675 1839 4746 pi,
1878 4675 2091 4745 gravius
2136 4671 2466 4726 emendetur.

1838 4766 1925 4819 12.
1960 4764 2145 4819 Vestes
2190 4769 2394 4816 vestras
2437 4759 2489 4814 in
2540 4774 2645 4815 uno
2692 4759 2809 4814 loco
2847 4758 3033 4814 habete
3058 4757 3080 4790 ⁸
3108 4759 3206 4813 sub
3234 4775 3337 4815 una

1764 4854 2001 4919 custode,
2030 4853 2112 4906 vel
2143 4850 2367 4915 duabus,
2400 4849 2483 4903 vel
2521 4859 2650 4919 quot
2688 4848 2932 4903 sufficere
2964 4849 3235 4917 potuerint
3270 4850 3340 4905 ad

1764 4960 1856 4999 cas
1883 4940 2242 5005 excutiendas,
2273 4955 2341 4994 ne
2367 4956 2395 4992 a
2426 4940 2564 4994 tinea
2591 4938 2851 4993 laedantur
2880 4955 2893 4991 :
2922 4946 2976 4991 et
3000 4938 3135 4993 sicut
3164 4942 3338 5008 pasci-

1764 5038 1893 5092 mini
1920 5051 1983 5091 ex
2013 5050 2117 5089 uno
2159 5033 2397 5096 cellario,
2428 5033 2505 5087 sic
2530 5030 2815 5086 induamini
2843 5045 2908 5085 ex
2935 5045 3041 5085 uno
3066 5032 3338 5088 vestiario.

1766 5129 1832 5183 Et
1858 5129 1900 5183 si
1926 5127 2037 5182 fieri
2066 5133 2254 5195 potest,
2284 5140 2387 5178 non
2419 5124 2488 5178 ad
2516 5138 2610 5177 vos
2637 5122 2893 5191 pertineat
2921 5122 3045 5192 quid
3074 5122 3223 5179 vobis
3254 5126 3340 5180 itt-

1764 5219 2030 5275 duendnm
2060 5232 2153 5287 pro
2182 5217 2434 5285 temporis
2459 5215 2799 5283 congruentia
2820 5214 3136 5284 proferatur,
3162 5226 3337 5272 utrum

1765 5311 1865 5366 hoc
1888 5312 2104 5380 recipiat
2129 5323 2454 5379 unaquaeque
2480 5316 2711 5362 vestrum
2740 5306 2878 5374 quod
2902 5307 3236 5377 deposuerat,
3267 5323 3334 5361 au

1762 5402 1905 5457 aliud
1950 5402 2090 5471 quod
2128 5402 2289 5455 altera
2334 5399 2605 5460 habuerat,
2653 5397 2777 5452 dum
2827 5406 3003 5454 tamen
3056 5398 3337 5467 unicuique

1826 5538 1843 5568 ι
1868 5535 1979 5584 Edd.
2003 5534 2234 5584 carebant
2267 5532 2343 5581 hic
2365 5533 2645 5596 negatione,
2667 5544 2778 5596 quae
2801 5545 2866 5581 ex
2887 5539 2991 5581 Mss.
3014 5530 3304 5580 restituitur.

1825 5599 1844 5628 ²
1998 5596 2196 5653 habent,
2220 5600 2329 5643 tunc
2353 5593 2609 5643 mentienti.

1827 5659 1846 5689 ³
1873 5666 1973 5707 Mss.
1999 5671 2183 5712 omnes.
2213 5654 2529 5715 disciplinam.

1825 5719 1846 5787 ξ
1869 5719 1944 5787 sic
1964 5722 2010 5767 in
2036 5728 2138 5769 Mss.
2164 5725 2219 5767 At
2252 5719 2302 5765 in
2336 5713 2517 5779 uagula
2538 5718 2653 5767 viris
2685 5724 2842 5777 aptata
2870 5713 3081 5778 legitur,
3104 5713 3153 5766 in
3187 5725 3335 5775 mttunt
