3990 6388
668 296 775 354 965

668 405 811 479 quod
837 421 971 479 opus
1000 414 1080 463 est
1104 420 1209 463 non
1244 413 1484 477 negetur.
1535 404 1592 460 Si
1616 413 1792 460 autem
1834 402 1958 459 hinc
1986 406 2123 459 inter
2159 418 2258 459 vos

668 501 1039 557 contentiones
1054 508 1109 556 et
1134 513 1401 555 murmura
1420 499 1682 563 oriuntur,
1708 506 1760 554 et
1775 500 2120 568 conqueritur
2148 500 2248 553 ali-

673 606 775 665 qua
800 594 1038 651 deterius
1052 591 1600 662 aliquidjseaccepisse
1627 604 1783 661 quam
1810 591 1954 661 prius
1974 591 2247 657 habuerat,

668 694 722 742 et
760 686 1029 757 indignam
1063 700 1121 740 se
1142 683 1345 753 iudicat
1373 698 1491 738 esse
1515 698 1633 754 qua).
1660 683 1677 714 ¹
1712 684 1781 737 ita
1812 683 2087 750 vestiatur,
2119 684 2257 737 sicut

670 777 774 833 alia
805 792 960 832 soror
979 776 1092 847 eius
1114 776 1467 842 vestiebatur;
1493 776 1613 830 hinc
1634 790 1730 829 vos
1757 774 1975 845 probate
1999 786 2254 843 quantum

670 870 824 924 vobis
853 867 990 925 desit
1016 867 1070 923 in
1097 866 1189 924 illo
1212 867 1461 924 interiore
1490 880 1674 923 sancto
1698 868 1879 925 habitu
1908 870 2102 934 cordis,
2134 886 2252 940 qua:

668 977 767 1034 pro
787 960 967 1017 habitu
992 962 1231 1033 corporis
1259 962 1489 1033 litigatis.
1514 960 1713 1017 Tamen
1733 963 1775 1018 si
1804 973 1979 1019 vestra
2000 964 2256 1019 toleratur

666 1053 972 1120 intlrmitas,
1006 1062 1062 1109 ut
1088 1054 1191 1111 hoc
1217 1053 1483 1124 recipiatis
1505 1052 1646 1125 quod
1684 1055 2001 1125 posueratis,
2051 1056 2101 1111 in
2146 1073 2254 1113 uno

665 1152 841 1201 tamen
868 1145 986 1201 loco
1008 1145 1108 1202 sub
1136 1146 1503 1202 communibus
1537 1148 1844 1202 custodibus
1884 1149 2074 1205 habete
2112 1149 2255 1219 quod

663 1238 887 1307 ponitis;
934 1238 1005 1293 ita
1050 1251 1178 1293 sane
1216 1247 1271 1292 ut
1301 1239 1443 1293 nulla
1475 1239 1573 1293 sibi
1604 1238 1797 1309 aliquid
1845 1244 2112 1308 operetur,
2143 1241 2254 1295 sive

665 1331 807 1386 unde
836 1329 1103 1398 induatur,
1149 1332 1260 1386 sive
1301 1331 1388 1387 ubi
1429 1337 1625 1401 jaceat,
1672 1332 1783 1387 sive
1817 1332 1955 1386 unde
1991 1332 2250 1400 cingatur,

662 1422 747 1477 vel
773 1423 1063 1493 operiatur,
1096 1421 1179 1479 vel
1208 1432 1363 1494 caput
1406 1432 1682 1494 contegat;
1728 1423 1821 1479 sed
1868 1424 2044 1479 omnia
2091 1439 2254 1494 Opera

662 1522 839 1570 vestra
871 1516 924 1569 in
945 1529 1230 1571 commune
1258 1514 1383 1569 ῐίειιιῑ
1413 1513 1615 1585 majore
1641 1514 1816 1570 studio
1831 1523 1885 1571 et
1911 1513 2253 1585 lrequcntiori

660 1606 954 1675 alacritate,
985 1623 1143 1681 quam
1171 1608 1215 1663 si
1254 1608 1405 1663 vobis
1436 1609 1647 1678 propria
1693 1607 1957 1665 faceretis.
2008 1607 2254 1663 Charitas

659 1702 801 1758 enim
826 1701 892 1757 de
916 1718 1019 1772 qua
1045 1703 1297 1771 scriptum
1329 1711 1409 1755 est
1437 1701 1578 1771 quod
1626 1718 1725 1755 non
1765 1701 1948 1773 quwrit
1997 1717 2111 1772 qua:
2160 1719 2251 1756 sua

659 1804 775 1849 sunt
798 1793 815 1863 (
842 1792 995 1848 lCor.
1025 1793 1255 1867 xnt,5),
1288 1793 1366 1849 sic
1406 1792 1740 1864 intelligitur,
1788 1794 1909 1864 quia
1949 1795 2251 1849 communia

659 1886 908 1956 propriis,
931 1902 1035 1939 non
1062 1884 1269 1955 propria
1294 1885 1667 1939 communibus
1716 1885 2008 1955 antepooit.
2047 1884 2111 1941 Et
2135 1887 2252 1942 ideo

658 1990 857 2050 quanto
882 1979 1107 2048 amplius
1134 1996 1244 2035 rem
1272 1994 1608 2034 communem
1632 1995 1790 2048 quam
1811 1978 2074 2049 propriam
2097 1995 2248 2035 cura-

658 2073 856 2135 veritis,
893 2083 1037 2128 tanto
1064 2073 1292 2143 amplius
1324 2089 1419 2128 vos
1449 2071 1737 2144 profecisse
1787 2072 2071 2141 noveritis;
2112 2086 2169 2129 ut
2198 2076 2251 2130 in

657 2168 902 2223 omnibus
928 2168 1119 2238 quibus
1143 2168 1311 2222 utitur
1358 2168 1643 2222 transitura
1699 2168 2007 2233 necessitas,
2057 2183 2250 2238 super-

656 2260 889 2316 emineat
913 2276 1031 2330 qua:
1060 2270 1332 2330 permanet
1356 2261 1605 2315 Charitas.
1634 2259 1976 2330 Consequens
2015 2276 2144 2329 ergo
2169 2270 2253 2317 est

667 2362 722 2408 ut
750 2353 907 2407 etiam
936 2352 1065 2407 illud
1108 2352 1253 2423 quod
1278 2353 1387 2408 suis
1416 2354 1500 2408 vel
1525 2353 1731 2408 filiabus
1755 2354 1837 2408 vel
1867 2355 2041 2425 aliqua
2067 2370 2252 2411 neces-

657 2444 888 2500 situdine
917 2443 983 2499 ad
1014 2460 1071 2499 se
1100 2444 1487 2514 pertinentibus
1514 2446 1567 2500 in
1597 2447 1921 2502 monasterio
1950 2448 2251 2504 constitutis

656 2535 847 2607 aliquis
873 2535 954 2589 vel
981 2536 1157 2605 aliqua
1201 2536 1506 2604 contulerit,
1537 2537 1649 2594 sive
1683 2547 1905 2605 vestem,
1936 2540 2048 2595 sive
2076 2540 2246 2610 quod-

655 2624 782 2682 libet
812 2627 951 2681 aliud
980 2628 1117 2681 inter
1144 2628 1440 2684 necessaria
1486 2627 1865 2698 deputandum,
1908 2645 2013 2686 non
2040 2632 2247 2687 occulte

656 2717 976 2789 accipiatur;
1011 2718 1105 2775 sed
1136 2720 1203 2774 sit
1225 2720 1275 2773 in
1307 2727 1563 2789 potestate
1594 2722 1916 2792 praepositae,
1933 2730 1989 2777 ut
2016 2723 2068 2779 in
2099 2738 2249 2779 com-

654 2826 817 2866 mune
846 2809 1138 2877 redactum.
1174 2813 1259 2867 cui
1281 2813 1302 2844 ¹
1325 2814 1682 2868 necesSarium
1706 2812 1888 2880 fuerit,
1931 2814 2248 2885 prmbeatur.

654 2903 805 2972 Quod
830 2905 874 2958 si
900 2906 1072 2976 aliqua
1096 2920 1211 2961 rem
1234 2905 1334 2961 sibi
1351 2904 1598 2962 collatam
1609 2907 1878 2972 celaverit,
1907 2906 2029 2963 furti
2050 2907 2251 2980 iudicio

653 2996 1035 3051 condemnetur
1065 2996 1107 3049 ³.

728 3089 815 3143 15.
843 3088 1157 3144 Indumenta
1185 3099 1359 3145 vestra
1382 3089 1673 3145 secundum
1720 3089 1997 3146 arbitrium
2038 3105 2249 3161 praepo-

655 3182 770 3237 sitae
791 3181 1052 3249 laventur,
1079 3184 1190 3239 sive
1217 3200 1245 3237 a
1270 3184 1440 3255 vobis,
1466 3186 1578 3241 sive
1606 3200 1634 3240 a
1664 3185 1966 3248 fullonibus.
1993 3201 2063 3242 ne
2108 3187 2249 3244 inte-

656 3273 825 3329 riores
850 3277 1039 3329 anima:
1063 3274 1252 3330 sordes
1278 3276 1556 3331 contrahat
1584 3277 1793 3331 munda:
1837 3278 2003 3333 vestis
2052 3276 2251 3363 nimius

656 3366 943 3437 appetitus.
969 3367 1257 3422 Lavacrum
1273 3368 1432 3423 etiam
1448 3382 1757 3438 corporum,
1777 3383 2011 3439 ususque
2036 3366 2250 3423 balnea-

658 3473 779 3514 rum
807 3476 911 3516 uon
940 3458 1010 3513 sit
1033 3458 1300 3525 assiduus,
1326 3458 1421 3515 sed
1438 3474 1505 3514 eo
1528 3474 1634 3528 quo
1661 3460 1797 3515 solet
1818 3460 2093 3515 intervallo
2116 3472 2249 3518 tem-

658 3551 803 3622 poris
827 3552 1110 3619 tribuatur,
1130 3551 1231 3608 hoc
1258 3560 1358 3617 est,
1382 3551 1546 3607 semel
1565 3552 1616 3606 in
1642 3566 1848 3607 mense.
1878 3551 2045 3620 Cujus
2068 3564 2251 3608 autem

657 3641 979 3698 inﬁrmitatis
1020 3643 1310 3699 necessitas
1355 3644 1496 3713 cogit
1534 3644 1811 3697 lavandum
1860 3658 2083 3711 corpus,
2138 3660 2250 3698 non

656 3735 864 3806 longius
886 3736 1190 3792 differatur:
1209 3737 1301 3793 fiat
1319 3736 1434 3792 sine
1460 3752 1730 3792 murmure
1751 3736 1819 3791 de
1836 3736 2061 3791 consilio
2081 3737 2252 3792 medi-

658 3826 730 3893 ci,
758 3826 829 3882 ita
855 3836 912 3882 ut
937 3827 1096 3881 etiam
1124 3828 1173 3882 si
1200 3828 1357 3891 nolit,
1372 3828 1592 3897 iubente
1618 3827 1895 3898 prteposita
1929 3827 2085 3883 faciat
2103 3828 2245 3899 quod

658 3918 963 3981 faciendum
982 3929 1068 3977 cst
1092 3935 1189 3991 pro
1205 3920 1394 3976 salute.
1419 3921 1473 3976 Si
1502 3931 1681 3976 autem
1702 3920 1847 3985 velit,
1874 3930 1927 3975 et
1956 3919 2095 3975 forte
2134 3936 2251 3977 non.

658 4012 909 4082 expedit,
964 4028 1077 4069 suae
1130 4013 1403 4082 cupiditati
1460 4028 1565 4068 non
1621 4012 1897 4067 obediatur
1925 4030 1939 4067 :
1964 4013 2248 4081 aliquando

659 4104 800 4160 enim
828 4105 1033 4160 etiamsi
1064 4115 1272 4171 noceat,
1297 4104 1549 4174 prodesse
1573 4104 1805 4159 creditur
1828 4103 1969 4173 quod
1994 4102 2241 4159 delectat.

660 4197 899 4268 Denique
924 4198 967 4252 si
990 4198 1257 4255 lateusest
1276 4197 1429 4253 dolor
1457 4198 1507 4250 in
1531 4210 1754 4265 corpore
1779 4196 1987 4251 famula:
2016 4196 2130 4260 Dei,
2159 4195 2244 4250 di-

660 4290 809 4346 centi.
826 4289 951 4359 quid
971 4290 1069 4345 sibi
1089 4290 1289 4355 doleat,
1316 4288 1434 4344 sine
1462 4289 1791 4344 dubitatione
1827 4288 2077 4343 credatur
2107 4307 2119 4341 :
2148 4289 2244 4345 sed

661 4390 839 4435 tamen
860 4390 1035 4437 utrum
1066 4382 1302 4437 sanando
1332 4383 1402 4436 illi
1423 4382 1614 4446 doleri,
1642 4382 1783 4451 quod
1803 4382 2051 4446 delectat,
2084 4398 2247 4451 expe-

662 4472 789 4536 diat,
813 4473 856 4527 si
879 4489 984 4528 non
1011 4482 1094 4528 est
1119 4484 1344 4540 certum,
1374 4475 1612 4530 medicus
1636 4476 1959 4529 considatur.
1987 4476 2097 4531 Nec
2121 4485 2247 4531 eant

659 4568 725 4623 ad
744 4568 985 4635 balneas,
1004 4569 1115 4623 sive
1140 4576 1477 4639 quocumque
1505 4569 1585 4624 ire
1611 4583 1828 4623 necesse
1852 4568 2032 4634 fuerit,
2067 4570 2246 4625 mint-

659 4675 817 4731 quam
840 4668 969 4716 tres.
998 4658 1104 4714 Nec
1129 4660 1215 4714 illa
1238 4675 1355 4729 quae
1384 4659 1540 4715 habet
1568 4660 1745 4729 aliquo
1776 4661 1931 4714 eundi
1956 4663 2244 4717 necessitao

660 4760 786 4815 tem,
816 4764 936 4805 eum
956 4750 1149 4821 quibus
1170 4751 1279 4819 ipsa
1295 4750 1541 4815 voluerit,
1568 4751 1665 4805 sed
1682 4766 1802 4806 cum
1819 4752 2009 4821 quibus
2037 4766 2247 4823 praepo-

657 4846 759 4899 sita
783 4844 1020 4914 jusserit,
1047 4845 1127 4901 ire
1157 4844 1389 4900 debebit.
1415 4845 1806 4917 Egrotantinm
1836 4862 1961 4901 cura
1987 4849 2098 4902 sive
2125 4856 2245 4917 post

656 4937 1022 5004 aegritudinem
1067 4936 1489 5004 reﬁciendarum,
1518 4938 1628 4992 sive
1654 4938 1826 5009 aliqua
1883 4938 2244 4995 imbecillitate

655 5031 816 5085 etiam
845 5033 959 5086 sine
986 5032 1215 5088 febribus
1242 5032 1617 5097 laborantium,
1645 5032 1797 5086 alicui
1819 5032 1977 5087 debet
2018 5033 2239 5105 iniungi,

656 5129 714 5175 ut
742 5121 853 5190 ipsa
883 5121 952 5178 de
987 5124 1201 5179 cellario
1229 5132 1371 5196 potat
1398 5126 1537 5195 quod
1560 5127 1753 5195 cuique
1789 5138 1922 5193 opus
1968 5140 2087 5181 esse
2118 5143 2241 5196 per-

654 5215 922 5287 spexerit;
947 5217 1060 5271 sive
1078 5226 1256 5273 autem
1280 5233 1400 5288 qua:
1424 5218 1659 5283 cellario,
1693 5217 1806 5272 sive
1832 5230 1951 5287 quae
1979 5217 2235 5284 vestibus,

718 5415 737 5449 ⁸
760 5415 959 5467 sum.
982 5416 1132 5467 Vatic.
1164 5414 1221 5466 At
1255 5414 1365 5465 Edd.
1392 5421 1446 5465 et
1479 5414 1692 5466 virorum
1717 5412 1917 5479 regula,
1952 5424 2046 5465 non
2072 5414 2243 5467 ﬂave-

904 5550 1013 5591 etrnt
1032 5539 1351 5591 necessm‘innt
1372 5538 1530 5601 fuerit.
1544 5540 1634 5587 Sed
1654 5537 2077 5599 meliususs.,cni,
2099 5546 2149 5589 et
2170 5540 2239 5591 sic

654 5604 779 5653 haud
811 5605 958 5652 dubie
1002 5603 1198 5663 legebat
1236 5612 1279 5649 ς.
1309 5602 1607 5659 Benedictus,
1633 5604 1713 5665 qui
1755 5604 2105 5663 praeminentes
2130 5604 2239 5653 hinc

658 5682 748 5714 non
787 5682 971 5726 μυίαις.
1001 5676 1155 5736 Δειιψιι·
1185 5667 1316 5736 illam
1360 5668 1506 5736 iisam
1552 5667 1618 5712 sic
1661 5665 2238 5736 transtulibinsigniori]

657 5725 805 5775 suain.
836 5744 901 5787 ea,
929 5770 933 5773 .
959 5730 1015 5774 .‘il
1038 5746 1047 5775 :
1082 5725 1131 5773 ἠ
1166 5729 1219 5773 :lv'
1267 5728 1323 5775 (is
1350 5725 1407 5775 sit
1434 5733 1668 5783 rotestute.
1694 5726 1771 5789 (tri
1794 5726 2087 5789 illtrdjttbeal
2107 5725 2233 5777 dari.

728 5792 771 5823 ’ί
810 5796 835 5811 ·τ
902 5810 925 5821 ι·
958 5819 967 5823 -
997 5812 1002 5817 -
1027 5803 1051 5825 ι’
1134 5794 1159 5815 ·ῖ
1248 5798 1251 5799 ⁷
1311 5801 1345 5831 si
1372 5806 1393 5835 ’δ
1453 5808 1515 5834 ss.
1548 5788 1803 5836 tnuntullis.

1906 293 1964 349 S.
2006 284 2373 349 AUGUSTINI
2412 287 2718 347 EPlSCOPl
3751 323 3825 383 ω

2364 401 2475 494 sive
2501 419 2619 473 qua:
2647 404 2915 461 codicibus
2943 420 3332 482 praeponuntur,
3366 416 3472 475 sine
3506 438 3729 489 murmure
3751 451 3829 494 ser.

2364 492 2513 546 viant
2529 495 2801 551 sororibus
2822 497 2951 551 suis.
2983 498 3204 556 Codices
3225 513 3357 558 certa
3377 506 3492 563 hora
3505 492 3825 587 singulisdiebus

2364 594 2642 653 petantur;
2672 596 2816 642 extra
2840 588 3021 645 horam
3044 608 3161 663 quae
3189 596 3452 664 petiverint
3494 620 3585 661 non
3621 613 3827 684 accipiam,

2364 676 2688 734 Vestimenta
2720 698 2843 735 vero
2868 692 2921 737 et
2957 686 3309 743 calceamenta
3346 696 3539 762 quando
3562 676 3725 759 fuerint
3736 710 3823 766 indi.

2360 772 2502 841 genti
2535 775 2849 841 necessaria,
2868 775 2996 832 dare
3018 796 3121 834 non
3144 780 3382 839 dill'erant
3400 788 3490 845 sub
3507 808 3691 861 quarum
3708 814 3814 859 cuslo

2361 863 2444 917 dia
2464 876 2583 918 sunt
2599 882 2717 935 qua:
2743 879 3049 937 poscuntur.

2435 958 2517 1013 M.
2563 957 2703 1014 Lites
2724 970 2815 1016 aut
2846 962 3014 1017 nullas
3042 962 3310 1035 habeatis,
3338 979 3424 1025 aut
3455 990 3597 1045 quam
3620 980 3827 1046 celerrime

2362 1044 2579 1137 ﬁniatis,
2608 1066 2675 1105 ne
2703 1051 2776 1106 ira
2804 1064 3007 1109 crescat
3038 1057 3088 1110 in
3116 1057 3293 1114 odium
3313 1103 3326 1124 ,
3348 1071 3399 1116 et
3434 1044 3612 1122 trabem
3642 1068 3761 1130 faciat
3790 1044 3833 1137 de

2360 1136 2581 1208 festuca,
2614 1153 2668 1200 et
2697 1145 2927 1201 animam
2958 1142 3116 1205 faciat
3142 1150 3470 1210 homicidam.
3492 1156 3649 1230 Neque
3669 1136 3833 1227 enimad

2361 1234 2505 1287 Solos
2532 1234 2673 1291 viros
2707 1238 2935 1306 pertinet
2971 1242 3113 1312 quod
3140 1244 3388 1316 scriptum
3415 1259 3490 1304 est
3507 1292 3521 1317 ,
3551 1252 3634 1317 Qui
3658 1258 3741 1312 odit
3758 1267 3831 1332 {ra-

2361 1333 2485 1379 lrem
2528 1344 2708 1397 suum,
2751 1330 3004 1387 homicida
3043 1345 3116 1388 est
3153 1332 3202 1409 (l
3225 1330 3378 1393 Joan.
3408 1356 3486 1406 ut,
3510 1344 3586 1417 lii)
3611 1366 3621 1399 :
3645 1349 3717 1405 sed
3749 1330 3836 1410 sexu

2362 1417 2672 1484 masculino,
2704 1436 2862 1490 quem
2893 1424 3118 1493 primum
3149 1418 3287 1481 Deus
3321 1424 3468 1496 fecit,
3489 1434 3627 1489 etiam
3651 1438 3834 1499 femineus

2362 1520 2682 1575 praeceptum
2730 1527 2889 1567 sexus
2931 1516 3153 1584 accepit.
3183 1516 3528 1591 Quaecumque
3553 1528 3762 1597 convicio,
3783 1535 3834 1589 vel

2360 1599 2674 1669 maledicto,
2706 1604 2788 1659 vel
2814 1605 2972 1659 etiam
3000 1608 3237 1664 criminis
3267 1610 3499 1682 objecta,
3526 1615 3713 1673 alteram
3732 1622 3835 1677 laese-

2360 1690 2461 1758 rit,
2496 1694 2793 1779 meminerit
2828 1695 3187 1757 satisfactione
3230 1706 3528 1773 quantocius
3562 1723 3717 1767 curare
3744 1715 3837 1784 quod

2362 1781 2511 1849 fecit,
2544 1793 2597 1840 et
2626 1784 2711 1839 illa
2746 1802 2863 1857 qua:
2894 1789 3015 1844 laesa
3047 1803 3159 1859 est,
3189 1796 3305 1849 sine
3346 1796 3687 1868 disceptatione
3720 1781 3840 1861 dimit-

2360 1880 2492 1953 tere.
2521 1874 2575 1931 Si
2604 1890 2780 1933 autem
2811 1880 3032 1937 invicem
3061 1899 3119 1940 se
3144 1886 3425 1957 lmserunt,
3453 1891 3650 1949 invicem
3674 1897 3752 1952 sibi
3779 1899 3841 1956 de-

2358 1963 2465 2019 bita
2510 1965 2750 2024 relaxare
2787 1970 3086 2041 debebunt,
3138 1990 3355 2049 propter
3389 1985 3631 2043 orationes
3668 2000 3838 2059 vestias;

2357 2070 2491 2127 quas
2510 2059 2690 2130 utique
2709 2073 2906 2130 quanto
2926 2068 3225 2125 crebriores
3246 2071 3465 2141 habetis,
3485 2085 3613 2133 tanto
3631 2082 3842 2141 sanctiores

2357 2146 2557 2203 habere
2596 2150 2819 2207 debetis.
2848 2154 3031 2212 Melior
3074 2170 3155 2214 est
3200 2172 3377 2218 autem
3422 2183 3531 2237 quae
3568 2174 3761 2240 quamvis
3792 2176 3841 2230 ira

2358 2254 2501 2310 saepe
2533 2251 2780 2311 tentatur,
2810 2258 2983 2304 tamen
3014 2253 3298 2322 impetrare
3320 2258 3520 2314 festinat
3542 2271 3592 2316 ut
3616 2265 3696 2319 sibi
3716 2264 3839 2321 dimit-

2359 2340 2435 2425 tat
2458 2334 2543 2389 cui
2572 2351 2631 2391 se
2651 2336 2839 2396 fecisse
2865 2348 3105 2413 agnoscit
3131 2348 3397 2418 iniuriam,
3419 2370 3564 2422 quam
3586 2372 3683 2425 qua:
3703 2358 3841 2415 tardius

2358 2421 2625 2495 irascitur,
2655 2440 2709 2485 et
2728 2430 2796 2486 ad
2819 2436 3025 2490 veniam
3049 2441 3331 2507 petendam
3350 2421 3841 2505 diﬂicilius-inclinatur.

2359 2514 2489 2585 Quae
2528 2535 2633 2575 non
2673 2524 2784 2579 vult
2826 2524 3094 2586 dimittere
3130 2536 3334 2599 sorori,
3364 2550 3464 2590 non
3490 2549 3650 2608 speret
3670 2542 3842 2611 accipere

2362 2611 2618 2666 orationis
2646 2613 2893 2672 effectum
2918 2636 2931 2672 :
2955 2637 3073 2691 qua;
3092 2631 3273 2679 autem
3303 2642 3556 2697 nunquam
3598 2631 3693 2685 vult
3719 2643 3843 2701 petere

2361 2717 2603 2773 veniam,
2631 2718 2723 2761 aut
2750 2725 2856 2763 non
2901 2728 2965 2766 ex
3006 2714 3182 2769 animo
3229 2720 3390 2787 petit,
3418 2720 3529 2776 sine
3566 2737 3699 2776 causa
3726 2733 3785 2779 est
3807 2724 3843 2778 is

2358 2802 2721 2867 monasterio,
2767 2806 2974 2860 etiamsi
3017 2824 3123 2864 non
3164 2810 3294 2866 inde
3336 2813 3637 2883 proiiciatur.
3680 2815 3842 2872 Proinde

2358 2891 2510 2947 vobis
2537 2909 2566 2946 a
2596 2896 2773 2950 verbis
2801 2897 3107 2955 durioribus
3134 2905 3365 2971 parcite;
3389 2921 3503 2975 qua:
3528 2908 3567 2961 si
3593 2909 3751 2962 emissa
3772 2908 3845 2963 lue-

2356 2982 2465 3036 rint
2484 2998 2550 3039 ex
2564 3000 2658 3041 ore
2673 2997 2871 3055 vestro,
2904 3005 3007 3045 n0n
3040 2992 3214 3062 pigeat
3229 3009 3298 3050 ex
3328 2997 3437 3065 ipso
3452 3011 3540 3053 ore
3555 2996 3753 3068 proferre
3767 3013 3842 3053 nec

2356 3073 2676 3143 dicamenta,
2705 3096 2767 3135 ex
2796 3096 2903 3151 qua
2930 3082 3065 3138 facta
3093 3095 3218 3141 sunt
3247 3090 3483 3146 vulnera.
3511 3092 3701 3159 Quando
3721 3104 3842 3147 autem

2358 3170 2647 3224 necessitas
2674 3171 2966 3241 Jisciplinze
2996 3176 3295 3232 minoribus
3321 3183 3610 3237 coercendis
3631 3183 3846 3238 dicet-eros

2356 3261 2518 3315 verba
2558 3262 2685 3317 dura
2716 3267 3005 3335 compellit,
3035 3269 3079 3323 si
3117 3270 3281 3325 etiam
3324 3274 3376 3328 in
3417 3274 3542 3343 ipsis
3576 3276 3749 3331 modum
3781 3290 3847 3329 res

2356 3354 2650 3409 excessisse
2680 3358 2887 3411 sentitis
2905 3398 2921 3425 ,
2944 3375 3047 3413 non
3082 3376 3111 3415 a
3141 3364 3296 3418 vobis
3321 3366 3536 3436 exigitur
3560 3378 3610 3421 ut
3635 3368 3693 3422 ab
3709 3368 3768 3422 eis
3784 3381 3843 3419 re-

2355 3445 2499 3499 niam
2528 3449 2827 3517 postuletis,
2850 3467 2918 3507 ne
2948 3454 3085 3523 apud
3110 3471 3204 3511 eas
3234 3475 3366 3527 quas
3395 3470 3594 3530 oportet
3627 3476 3723 3516 esse
3751 3460 3842 3514 sub.

2349 3536 2549 3606 iectas,
2581 3539 2708 3594 dum
2742 3542 2901 3597 nimia
2929 3556 3167 3601 ~ervatur
3195 3548 3497 3617 humilitas,
3531 3551 3712 3622 regendi
3742 3548 3842 3605 frau-

2354 3638 2508 3699 gatur
2547 3633 2880 3690 auctoritas:
2918 3637 3013 3692 sed
3056 3649 3232 3695 tamen
3281 3644 3497 3712 petenda
3538 3657 3611 3701 eSt
3651 3646 3767 3700 venia
3797 3642 3841 3697 ab

2355 3722 2592 3777 omnium
2618 3724 2866 3792 Domino,
2896 3730 2985 3798 qui
3016 3733 3162 3787 novit
3183 3737 3350 3789 etiam
3375 3753 3461 3792 eas
3487 3754 3611 3808 quas
3632 3737 3842 3808 plusjum

2355 3810 2491 3869 forte
2515 3817 3005 3889 corripitis,quanta
3033 3824 3402 3883 benevolentia
3430 3830 3653 3900 diligatis.
3670 3828 3843 3883 Nonar-

2356 3913 2462 3960 tem
2490 3908 2737 3969 carnalis.
2768 3911 2860 3964 sed
2886 3912 3173 3982 spiritualis
3200 3916 3343 3973 inter
3370 3934 3461 3974 vos
3484 3920 3625 3974 debet
3660 3933 3753 3974 esse
3780 3914 3841 3968 di;

2354 3995 2511 4051 lectio
2535 4016 2549 4052 :
2573 4014 2692 4055 nam
2731 4016 2851 4071 quae
2892 4002 3086 4060 faciunt
3116 4008 3339 4075 pudoris
3372 4012 3709 4073 immemores,
3729 4008 3843 4062 etiam

2354 4085 2565 4144 feminis
2593 4091 2823 4160 feminae,
2848 4095 3075 4165 iocando
3103 4102 3332 4169 turpiter
3358 4113 3410 4159 et
3437 4103 3663 4165 ludendo,
3684 4116 3764 4155 non
3785 4112 3847 4152 so-

2355 4179 2461 4233 lum
2493 4196 2522 4233 a
2550 4182 2719 4237 viduis
2746 4197 2800 4240 et
2830 4188 3039 4243 intactis
3064 4191 3276 4247 ancillis
3294 4193 3487 4251 Christi
3512 4196 3558 4250 in
3582 4203 3737 4249 sancto
3754 4206 3846 4261 pm-

2356 4274 2529 4342 posito
2550 4278 2850 4334 constitutis
2871 4322 2884 4343 ,
2912 4280 3006 4336 sed
3045 4285 3266 4340 omnino
3293 4301 3399 4345 nec
3420 4302 3451 4343 ι
3477 4285 3739 4343 mulieribts
3770 4296 3845 4336 uu-

2355 4367 2478 4433 ptis,
2512 4383 2609 4423 nec
2630 4384 2661 4423 a
2692 4371 2983 4441 virginibus
3004 4383 3123 4427 sunt
3158 4377 3396 4435 facienda
3425 4378 3659 4447 nupturis.

2429 4460 2514 4514 15.
2558 4460 2860 4530 Pneposiue
2908 4476 3153 4533 tanquam
3204 4472 3363 4525 matri
3398 4472 3669 4534 obediatur,
3697 4467 3845 4523 honore

2354 4562 2582 4617 servato,
2606 4569 2675 4608 ne
2702 4554 2751 4607 in
2780 4555 2868 4609 illa
2900 4556 3195 4614 offendatur
3221 4562 3359 4617 Deus
3382 4582 3396 4617 :
3421 4564 3577 4619 multo
3600 4563 3741 4631 mgis
3766 4568 3844 4626 μθ

2353 4644 2569 4714 shytero
2611 4646 2697 4714 qui
2739 4648 2975 4703 omnium
3007 4660 3241 4707 vestrum
3284 4669 3461 4709 curam
3503 4655 3640 4726 gerit.
3670 4653 3724 4708 Ut
3754 4662 3845 4715 ιφ

2352 4745 2541 4789 cuncta
2568 4737 2665 4790 ista
2691 4751 2989 4808 serventur,
3017 4752 3072 4798 et
3097 4746 3145 4799 si
3166 4747 3295 4815 quid
3320 4758 3574 4803 servatum
3598 4758 3688 4802 non
3713 4742 3842 4801 [ιιαίι.

2353 4842 2458 4881 non
2488 4830 2811 4899 negligenter
2841 4842 3202 4903 praetereatur,
3228 4839 3321 4894 sed
3349 4837 3700 4895 emendandum
3723 4828 3845 4887 corri-

2351 4921 2685 4992 gendumque
2698 4936 2931 4990 curetur,
2951 4927 3017 4981 ad
3040 4932 3373 4999 praepositam
3396 4932 3637 5001 praecipue
3657 4926 3841 4997 pertinet,

2350 5012 2421 5065 ita
2446 5024 2503 5067 ut
2532 5016 2597 5069 ad
2624 5017 2989 5087 presbyterum
3020 5020 3107 5087 qui
3137 5021 3283 5076 vobis
3307 5022 3537 5085 intendit,
3562 5008 3844 5081 refet'llv‘lu"d

2348 5104 2566 5161 modum
2594 5108 2676 5161 vel
2702 5106 2841 5163 vires
2876 5109 2992 5178 eius
3019 5112 3244 5167 excedit.
3272 5113 3388 5181 ipsa
3414 5126 3533 5168 vero
3556 5126 3649 5165 non
3683 5121 3731 5161 se
3756 5101 3865 5181 eli“;

2346 5198 2529 5252 stimet.
2556 5205 2812 5266 potestate
2850 5200 3192 5269 dominante,
3364 5206 3605 5260 charitate
3636 5178 3865 5254 serviente!

2346 5288 2577 5346 felicem.
2611 5291 2823 5347 Honore
2848 5308 3033 5349 coram.
3053 5295 3353 5352 hominibus
3388 5295 3587 5365 praelata
3613 5294 3674 5347 sit
3694 5284 3840 5345 vehit:

2348 5383 2541 5439 timere
2586 5384 2599 5414 ³
2646 5398 2822 5438 coram
2871 5385 2978 5441 Deo
3020 5388 3282 5443 substrata
3329 5388 3398 5442 sit
3437 5386 3638 5456 pedibus
3675 5374 3867 5435 vestrisv‘

2345 5477 2499 5534 Circa
2549 5492 2735 5535 omnes
2786 5494 2847 5535 se
2888 5480 3057 5549 ipsam
3109 5482 3362 5537 bonorum
3417 5493 3618 5550 operum
3657 5469 3840 5543 μηδαί

2344 5571 2645 5641 exemplum
2674 5572 2798 5643 (Tit.
2826 5588 2884 5637 ιι,
2914 5572 2989 5641 7).
3019 5572 3279 5643 Corripiat
3306 5572 3570 5642 inquietas,
3594 5563 3836 5623 oousoltl'lr

2410 5728 2549 5777 ‘Edd.
2572 5731 2811 5787 omittunt,
2828 5729 3010 5782 timore.
3035 5734 3179 5791 Quam
3201 5742 3364 5782 vocem
3386 5730 3475 5779 huc
3492 5724 3773 5791 revomvlmﬂ!
3785 5724 3827 5763 ε’

2343 5800 2444 5838 uno
2465 5805 2493 5839 e
2512 5799 2616 5839 Mss.
2639 5794 2777 5841 vatie.
2806 5801 2855 5841 et
2881 5806 2941 5842 ex
2969 5788 3141 5857 Regula
3160 5792 3268 5843 vit-is
3283 5788 3622 5841 ιωσωωσώιω.
