3990 6380
139 368 227 427 965

140 477 482 556 pusillanimes,
510 470 762 540 suscipiat
786 469 1041 535 inﬁrmas,
1065 467 1273 538 patiens
1302 468 1371 521 sit
1399 466 1465 521 ad
1498 479 1687 523 omnes

138 562 185 646 (Ἰ
212 573 368 626 Thess.
394 583 446 634 v,
471 565 584 635 id),
612 564 945 634 disciplinam
985 563 1155 619 libens
1186 563 1407 625 habeat,
1445 571 1690 617 metuens

137 672 357 737 imponat.
373 659 687 731 thuamvis
716 668 999 728 utrumque
1022 657 1487 720 sitnecessarium,
1509 666 1686 711 tamen

136 762 233 833 plus
257 775 284 813 a
309 754 450 810 vobis
489 752 653 807 amari
684 760 897 822 appetat
926 768 1083 821 quam
1115 752 1326 816 timeri;
1356 766 1570 817 semper
1596 764 1686 805 co-

135 855 276 924 gitans
306 850 407 903 Deo
444 862 500 900 se
532 862 625 915 pro
666 846 818 901 vobis
862 845 1191 901 reddituram
1238 861 1357 899 esse
1402 846 1683 899 rationem.

136 943 259 999 Unde
279 940 436 1009 magis
461 937 757 992 obediendo
785 954 887 991 non
914 939 1084 993 solum
1109 938 1292 1004 vestri,
1316 953 1499 993 verum
1526 939 1684 992 etiam

133 1036 270 1108 ipsius
297 1032 615 1088 miseremini
640 1049 653 1095 ;
682 1033 802 1101 quia
837 1033 973 1086 inter
999 1048 1094 1086 νος
1126 1042 1326 1102 quanto
1356 1034 1407 1086 in
1432 1032 1547 1088 loco
1591 1047 1682 1087 suo

134 1128 328 1198 periere,
353 1135 494 1179 tanto
521 1126 573 1178 in
604 1126 838 1195 periculo
872 1125 1070 1195 majore
1099 1134 1359 1181 versatur.

190 1214 263 1274 l6.
304 1212 465 1272 Donet
503 1219 757 1273 Dominus
784 1227 837 1271 ut
864 1218 1159 1273 observetis
1198 1219 1311 1273 hmo
1355 1220 1531 1274 omnia
1564 1235 1684 1274 cum

134 1313 380 1368 dilectione
408 1321 656 1380 tanquam
687 1312 978 1380 spirituztlis
1017 1312 1423 1380 pulchritudinis
1462 1314 1684 1367 amatri-

132 1421 218 1472 ces,
244 1416 289 1459 et
317 1403 453 1459 bono
474 1404 670 1459 Christi
701 1404 865 1458 odore
893 1406 959 1460 de
989 1404 1124 1458 bona
1152 1408 1559 1461 ocuvcrsatioue
1580 1404 1687 1460 fra-

131 1508 327 1569 grantes,
357 1515 457 1554 non
486 1498 625 1553 sicut
650 1497 856 1553 ancillae
883 1499 983 1552 sub
1010 1498 1125 1568 lege
1148 1541 1160 1561 ,
1191 1498 1285 1553 sed
1322 1497 1460 1553 sicut
1502 1499 1685 1553 libera:

131 1591 208 1646 sub
232 1590 383 1661 gratia
412 1591 735 1646 constitutae.
763 1590 834 1647 Ut
874 1601 1049 1645 autem
1096 1592 1145 1643 in
1193 1590 1293 1645 hoc
1338 1590 1519 1645 libello
1568 1600 1686 1643 tan-

129 1697 257 1751 quam
280 1683 325 1736 in
349 1684 565 1751 speculo
588 1698 682 1738 vos
698 1683 911 1752 possitis
938 1684 1222 1751 inspicere,
1244 1699 1309 1737 ne
1342 1698 1438 1752 per
1463 1682 1687 1737 oblivio-

132 1787 231 1826 nem
258 1774 444 1844 aliquid
471 1776 749 1847 negligatis
770 1815 786 1841 ,
823 1776 989 1829 semel
1021 1777 1073 1829 in
1101 1777 1399 1845 septimana
1430 1775 1581 1829 vobis
1608 1777 1686 1830 le-

128 1874 253 1933 gatur
273 1882 284 1917 :
308 1876 358 1921 et
385 1867 472 1921 ubi
504 1884 600 1922 vos
634 1868 945 1922 inveneritis
983 1883 1046 1922 ea
1077 1884 1193 1937 quae
1222 1868 1415 1936 scripta
1448 1876 1572 1921 sunt
1603 1865 1679 1920 fa-

130 1958 296 2012 cientes
327 2001 341 2023 ,
399 1960 539 2029 agite
592 1961 803 2030 gratias.
845 1960 1067 2015 Domino
1138 1960 1398 2014 bonorum
1448 1961 1687 2014 omnium

129 2050 366 2120 largitori;
397 2054 484 2107 ubi
535 2062 711 2109 autem
754 2054 852 2107 sibi
894 2069 1241 2123 qua'cumque
1271 2062 1504 2106 vestrum
1546 2052 1689 2106 videt

129 2140 282 2197 deesse
306 2143 525 2214 aliquid,
551 2145 731 2199 doleat
757 2145 824 2199 de
855 2145 1146 2216 prtrterito,
1171 2153 1354 2199 caveat
1381 2143 1447 2197 de
1486 2145 1685 2209 futuro,

128 2248 259 2289 orans
286 2247 339 2291 ut
366 2246 420 2293 et
447 2238 685 2294 debitum
713 2238 1107 2305 dimittatur,.et
1130 2239 1179 2291 in
1212 2237 1556 2292 tcntatiouem
1579 2250 1687 2290 non

128 2326 389 2386 inducatur.

565 2444 895 2501 EPISTOLA
935 2441 1117 2497 ccxu
1156 2446 1176 2467 ο
1216 2440 1316 2517 (ιι).

130 2554 405 2625 Augustinus
435 2558 769 2625 Quintiliano,
794 2559 1107 2612 commendat
1126 2562 1335 2610 matrem
1355 2556 1553 2610 viduam
1577 2572 1692 2611 cum

183 2652 281 2719 ﬁlia
299 2654 511 2725 virgine,
537 2669 652 2725 qua!
678 2652 969 2725 deferebant
994 2652 1236 2721 reliquias
1262 2651 1513 2718 Stephani
1548 2667 1690 2704 mar-

183 2744 311 2812 tgris.

127 2832 322 2890 Domino
365 2838 706 2904 beatissimo,
735 2848 790 2894 et
848 2837 1042 2894 merito
1102 2837 1392 2893 venerabili
1438 2834 1589 2891 fratri
1638 2843 1698 2893 et

176 2928 489 2998 coepiscopo
514 2930 863 2997 QUINTILIANO
896 2931 946 2997 ί,
981 2930 1352 2996 AUGUSTINUS,
1383 2930 1434 2983 in
1467 2929 1696 2983 Domino

174 3019 414 3076 salutem.

170 3133 526 3193 Ilonorabiles
546 3132 637 3193 Dei
660 3137 907 3203 famulas,
933 3148 985 3195 et
1010 3140 1242 3209 pretiosa
1263 3141 1283 3170 ¹
1306 3138 1502 3193 Christi
1528 3153 1699 3194 mem-

118 3225 210 3295 bra,
241 3229 452 3285 Gallam
501 3232 711 3285 viduam
749 3233 915 3287 sancti
958 3231 1245 3302 prapositi,
1273 3234 1337 3287 'et
1374 3230 1489 3301 ejus
1534 3232 1699 3285 ﬁliam

118 3312 486 3391 Simpliciolam
528 3324 783 3394 virginem
829 3339 1069 3390 sacram,
1111 3325 1267 3378 matri
1313 3334 1471 3379 aetate
1514 3324 1699 3378 subdi-

122 3414 242 3479 tam,
270 3410 563 3469 Sanctitate
604 3415 911 3484 praelatam,
945 3431 1071 3485 quas
1114 3416 1279 3469 verbo
1322 3416 1526 3470 Domini
1570 3416 1704 3469 alui-

126 3508 223 3558 mus
244 3510 298 3558 ut
317 3505 614 3574 potuimus,
635 3504 973 3560 Venerationi
998 3515 1101 3560 tuae
1122 3507 1172 3560 in
1191 3506 1388 3562 Christi
1416 3507 1704 3562 dilectione

130 3592 446 3662 cemmendo,
472 3608 526 3653 et
548 3606 795 3668 tanquam
818 3614 935 3653 mea
962 3615 1119 3654 manu
1149 3615 1243 3669 per
1264 3598 1397 3653 hanc
1423 3600 1705 3670 epistolam

132 3687 261 3744 trado
288 3689 641 3745 consolandas
662 3731 676 3757 ,
724 3700 776 3745 et
820 3691 872 3745 in
904 3692 1152 3746 omnibus
1197 3692 1526 3763 adjuvandae
1546 3736 1559 3759 ,
1584 3708 1706 3763 quae

132 3778 309 3837 utilitas
346 3786 533 3837 earum
571 3781 657 3836 vel
698 3783 990 3837 necessitas
1044 3784 1277 3853 postulat
1305 3801 1317 3835 :
1343 3784 1482 3855 quod
1510 3793 1563 3840 et
1591 3785 1708 3840 sine

134 3883 234 3945 mea
260 3874 722 3929 commendatione
762 3874 945 3943 procul
988 3873 1153 3929 dubio
1195 3875 1394 3930 faceret
1440 3875 1710 3931 Sanctitas

134 3968 225 4019 tua.
252 3958 304 4021 Si
331 3970 475 4023 enim
514 3983 611 4023 nos
644 3978 861 4040 propter
888 3984 1173 4038 supernam
1200 3967 1494 4024 Jerusalem
1514 4011 1529 4035 ,
1554 3970 1719 4040 cuius

135 4060 424 4117 nos‘omnes
451 4062 597 4117 cives
625 4076 808 4116 sumus
828 4103 843 4128 ,
877 4070 929 4115 et
957 4062 1009 4115 in
1038 4077 1140 4131 qua
1182 4062 1570 4131 concupierunt
1612 4062 1709 4117 ba-

135 4143 243 4203 bere
265 4154 655 4210 excellentioris
681 4153 977 4207 sanctitatis
1005 4153 1180 4208 locum
1203 4194 1216 4218 ,
1243 4170 1348 4207 non
1377 4154 1547 4208 solum
1579 4154 1711 4209 civi-

137 4251 265 4307 cum,
292 4261 478 4302 vermn
511 4247 668 4301 etiam
697 4244 994 4300 fraternum
1019 4246 1096 4301 cis
1127 4245 1384 4300 debemus
1412 4245 1659 4301 all‘ectum
1689 4263 1705 4299 :

138 4345 310 4400 quanto
338 4339 510 4411 magis
541 4354 636 4393 vos
658 4382 673 4407 ,
710 4338 851 4409 apud
883 4354 1016 4410 quos
1055 4354 1239 4394 earum
1279 4340 1441 4395 etiam
1482 4340 1712 4395 carnalis

138 4426 202 4479 cst
230 4432 385 4497 patria
409 4475 423 4494 ,
470 4433 521 4487 in
560 4448 662 4503 qua
692 4433 1004 4489 saecularem
1038 4432 1367 4487 nobilitatem
1392 4450 1484 4502 pro
1512 4434 1714 4490 Christi

140 4529 296 4577 amore
344 4534 701 4580 contemnunt
752 4526 983 4581 dominae
1035 4525 1178 4581 illm?
1214 4524 1457 4580 Ofﬁcium
1496 4542 1714 4598 quoque

143 4608 455 4674 salutationis
483 4633 580 4688 per
607 4618 729 4672 illas
754 4634 931 4672 meum
960 4633 1021 4673 ea
1047 4617 1309 4673 charitate
1330 4623 1450 4688 peto
1477 4619 1717 4689 digneris

140 4712 326 4762 sumere
350 4726 457 4780 qua
482 4710 687 4775 direxi,
715 4717 771 4765 et
810 4709 1120 4764 meminisse
1161 4710 1328 4764 nostri
1370 4712 1427 4764 in
1458 4712 1717 4767 oratiom-

141 4790 225 4851 bus
248 4801 363 4857 tuis.
390 4805 616 4860 Portant
656 4819 787 4859 sane
826 4819 1006 4859 secum
1046 4804 1299 4874 reliquias
1341 4804 1635 4860 beatissimi
1658 4813 1717 4860 et

142 4886 486 4955 gloriosissimi
508 4898 759 4970 martyris
782 4896 1060 4967 Stephani,
1080 4912 1213 4968 quas
1234 4913 1337 4953 non
1361 4899 1563 4969 ignorat
1584 4898 1712 4955 San-

145 4981 273 5039 ctitas
296 5001 493 5058 vestra,
515 4991 650 5046 sicut
670 5002 729 5047 et
749 5006 846 5047 nos
872 4990 1115 5059 fecimus,
1144 5006 1304 5062 quam
1327 4993 1717 5050 convenienter

148 5069 383 5139 honorare
408 5083 670 5140 debeatis.

146 5229 254 5342 ἤρξω
235 5236 280 5282 ιιι
296 5239 428 5298 prius
444 5240 657 5302 excusis,
680 5236 947 5300 Quintiano.
982 5247 1038 5291 At
1058 5241 1107 5291 in
1129 5242 1351 5291 omnibus
1372 5250 1499 5307 Mam,

146 5331 464 5484 Am.
503 5370 578 5413 Er.
619 5370 673 5415 et
702 5371 809 5415 Mss.
849 5367 1044 5427 opﬁmte
1080 5371 1214 5415 notae
1230 5367 1366 5417 ωτι).
1394 5372 1574 5428 Germ,
1597 5372 1719 5431 δια,

197 5518 291 5574 'Ad
313 5527 379 5578 bl.
403 5530 480 5580 cb.
506 5529 557 5580 θ’.
576 5545 661 5595 gg.
687 5545 729 5580 r.
757 5539 791 5582 t.
818 5544 891 5582 vc.
914 5540 1017 5582 tres
1054 5547 1098 5582 v.
1127 5541 1178 5583 et
1200 5534 1259 5582 ad
1288 5533 1400 5583 Edd.
1419 5538 1681 5586 recensita.

148 5629 394 5746 alii“)
410 5640 524 5692 106:
545 5654 657 5703 qua:
677 5648 850 5691 autem
865 5639 956 5689 212
978 5647 1105 5703 erat,
1121 5650 1251 5691 nunc
1268 5640 1376 5691 23!.
1403 5645 1581 5705 Scripta
1599 5644 1716 5697 circ.

1294 340 1781 407 EPISTULABUM
1816 344 2089 404 CLASSIS
2127 344 2213 403 Ill.

3282 356 3388 417 96C

2213 460 2395 518 ACTA
2434 461 2972 521 ECCLESIASTICA

2537 596 2634 635 SEU

2208 692 2537 748 EPISTULA
2576 693 2779 750 CCXIII
2818 698 2839 719 '
2877 694 2975 767 (a).

1794 818 2148 885 Ecclesiastica
2184 828 2332 884 Gesta
2374 848 2405 883 α
2449 830 2515 885 Β.
2565 830 2849 902 Augustino
2886 830 3113 901 confecta
3152 832 3203 885 in
3249 833 3384 888 desi-

1861 926 2066 998 gnando
2111 925 2342 981 Enacuo
2380 929 2464 997 qui
2505 927 2604 995 ipsi
2642 927 2692 979 in
2733 927 3021 998 epismpatu
3057 927 3377 982 succederet.

1861 1030 2013 1091 atque
2065 1021 2263 1073 Interim
2309 1036 2475 1074 senem
2523 1017 2693 1089 aliqua
2731 1028 2874 1091 parte
2918 1036 3157 1074 curarum
3209 1020 3379 1073 suble-

1861 1121 2019 1166 varet.

1868 1245 1919 1297 1.
1961 1242 2338 1299 Gloriosissimo
2367 1242 2651 1297 Theodosio
2677 1242 3006 1297 duodecimae!
3033 1241 3389 1299 Valentiniano

1792 1338 2017 1408 Augusto
2033 1338 2211 1392 iterum
2238 1338 2556 1399 consulibus,
2583 1347 2719 1391 sexto
2744 1336 2981 1390 calendas
3005 1336 3249 1402 octobris,
3272 1352 3387 1389 cum

1793 1431 2109 1500 Augustinus
2136 1431 2398 1498 episcopus
2427 1445 2528 1482 una
2563 1445 2676 1482 eunt
2703 1428 2971 1498 Reﬁgiana
2998 1439 3044 1481 et
3073 1428 3385 1481 Martiniano

1792 1524 2103 1593 coepiscopis
2124 1524 2229 1577 suis
2253 1522 2561 1576 consedisset
2587 1523 2638 1575 in
2665 1522 2872 1576 ecclesia
2899 1520 3053 1577 Pacis
3082 1520 3385 1592 Hipponen-

1792 1618 1923 1670 sium
1957 1617 2226 1687 Regiorum
2248 1657 2261 1679 ,
2298 1615 2629 1685 prwsentibus
2667 1612 2969 1678 Saturnino,
2996 1614 3229 1683 Leporio,
3258 1614 3389 1667 Bar-

1793 1711 1944 1773 naba‘,
1978 1708 2375 1771 Fartunatiano,
2408 1708 2648 1769 Rustico,
2671 1705 2900 1769 Lazaro,
2941 1716 2988 1758 et
3028 1705 3234 1758 Erectio
3274 1720 3388 1775 pre-

1792 1804 2003 1872 sbyteris
2037 1802 2076 1867 ³,
2105 1810 2303 1855 astante
2324 1798 2456 1851 clero
2499 1809 2547 1852 et
2574 1798 2821 1870 frequenti
2840 1797 3045 1865 populo,
3077 1795 3394 1864 Augustine!

1794 1894 2061 1962 episcopus
2083 1892 2212 1945 dixit
2237 1908 2255 1944 :
2282 1890 2433 1957 Quod
2481 1890 2729 1944 hesterno
2756 1889 2841 1943 die
2874 1888 3090 1957 promisi
3131 1886 3393 1941 Cbaritati

1794 1996 2004 2048 vestrm,
2027 1998 2244 2055 propter
2266 1985 2408 2055 quod
2434 1999 2528 2038 vos
2559 1984 2698 2038 volui
2725 1982 3053 2051 frequentius
3072 1982 3383 2048 convenire,

1795 2091 1850 2135 ct
1878 2080 2032 2135 video
2062 2079 2387 2148 frequentius
2417 2078 2750 2138 convenisse,
2793 2088 2938 2129 mora
2979 2076 3122 2129 omni
3170 2084 3388 2143 postpo-

1796 2177 1895 2229 sita
1939 2175 2040 2229 hoc
2081 2170 2341 2244 agendum
2370 2181 2467 2226 est.
2499 2172 2552 2225 Si
2581 2170 2722 2224 enim
2754 2167 2895 2221 aliud
2925 2167 3085 2221 velim
3129 2166 3301 2236 loqui,
3334 2166 3393 2220 in

1798 2270 1925 2325 illud
1955 2266 2200 2337 suspensi
2230 2265 2402 2318 minus
2432 2263 2643 2317 auditis.
2670 2260 2870 2316 Omnes
2896 2260 2948 2313 in
2978 2261 3074 2313 hac
3102 2258 3204 2311 vita
3236 2266 3382 2312 more

1799 2363 1936 2417 tales
1964 2376 2168 2426 sumus,
2196 2367 2246 2413 et
2273 2356 2568 2425 dieshnjns
2594 2356 2723 2407 vitae
2746 2353 2984 2416 ultimus,
3017 2351 3161 2405 omni
3189 2350 3399 2405 homini

1801 2464 1884 2509 est
1911 2467 2127 2521 semper
2156 2452 2391 2504 incertus
2417 2466 2428 2499 :
2457 2455 2821 2500 Verumtamen
2844 2444 2894 2496 in
2914 2442 3132 2497 infantia
3152 2448 3396 2511 speratur

1802 2544 2050 2616 pueritia;
2069 2550 2123 2597 et
2138 2543 2189 2595 in
2210 2541 2432 2610 pueritia
2446 2546 2689 2607 Speratur
2699 2535 3077 2598 adolescentia;
3091 2542 3143 2587 et
3156 2534 3206 2586 in
3223 2531 3396 2587 adoiee

1804 2638 2003 2693 scentia
2016 2642 2260 2704 speratur
2267 2633 2536 2701 juventus;
2550 2638 2605 2683 et
2617 2630 2667 2681 in
2681 2629 2955 2697 iuventute
2968 2634 3212 2693 speratur
3222 2624 3403 2693 gravitr

1805 2740 1916 2796 tas;
1939 2739 1993 2784 et
2016 2729 2066 2782 in
2087 2728 2343 2797 gravitate
2367 2730 2608 2791 Speratur
2628 2724 3094 2773 senectusmtrum
3127 2717 3402 2783 comingat

1807 2828 2068 2881 incertum
2094 2830 2203 2885 est;
2234 2828 2315 2874 est
2348 2828 2527 2871 tamen
2550 2813 2692 2884 quod
2720 2820 2982 2881 speretur.
3011 2810 3271 2864 Senectus
3294 2820 3399 2862 aue

1809 2929 1914 2974 tem
1941 2917 2098 2971 aliam
2131 2920 2339 2967 aetatem
2367 2924 2523 2979 quam
2554 2914 2751 2977 speret,
2782 2914 2891 2958 non
2918 2903 3076 2956 habet
3101 2919 3114 2954 :
3139 2901 3401 2955 incertum

1809 3023 1891 3069 est
1911 3013 2069 3068 etiam
2096 3009 2210 3078 ipsa
2237 3012 2483 3062 senectus
2512 3000 2763 3071 quamdiu
2802 2998 2868 3051 sit
2899 2995 3132 3060 homini;
3159 2993 3287 3048 illud
3316 3000 3403 3047 tan

1810 3112 1932 3160 men
1963 3110 2168 3158 certum
2196 3111 2306 3164 ess,
2336 3096 2537 3151 nullam
2568 3096 2845 3147 remanere
2864 3095 3073 3141 aetatem
3095 3100 3213 3156 qua:
3235 3083 3403 3154 possit

1813 3196 2101 3253 succedere
2125 3191 2402 3248 senectuti.
2437 3188 2568 3255 Quia
2601 3184 2765 3239 voluit
2795 3182 2933 3236 Deus
2952 3223 2967 3248 ,
2996 3179 3063 3233 ad
3088 3179 3242 3234 ietam
3267 3177 3401 3232 civi-ﬁ

1816 3301 1976 3347 tatem
2015 3296 2135 3345 cum
2179 3286 2361 3356 vigore
2393 3283 2563 3337 mtatis
2595 3277 2818 3341 adveni;
2848 3274 2941 3329 sed
2971 3282 3149 3328 tamen
3188 3270 3403 3341 juvenis

1817 3384 1892 3438 fni
1914 3427 1929 3449 ,
1958 3391 2012 3437 et
2035 3381 2204 3437 senui.
2233 3377 2358 3433 Scio
2385 3384 2502 3446 post
2530 3373 2706 3428 obitus
2732 3369 3099 3438 episcoporum
3120 3406 3135 3431 ,
3164 3374 3261 3434 per
3284 3378 3403 3417 ams

1818 3479 2042 3534 bitiosos
2071 3485 2161 3530 aut
2189 3472 2550 3529 contentiosos
2578 3468 2749 3520 solere
2781 3461 3045 3517 Ecclesiae
3069 3456 3403 3527 perturbari;

1818 3580 1875 3628 et
1904 3569 2044 3641 quod
2072 3576 2213 3637 saepe
2237 3571 2485 3634 expertus
2507 3574 2623 3615 sum
2654 3566 2709 3614 et
2737 3556 2880 3611 dolui
2903 3596 2917 3619 ,
2949 3552 3119 3607 debeo
3146 3544 3407 3641 quantuni

1819 3665 1886 3720 ad
1919 3636 2004 3718 me
2034 3636 2220 3716 attinet
2241 3701 2255 3724 ,
2277 3668 2345 3710 ne
2370 3654 2657 3722 contingat,
2689 3649 2811 3703 huic
2840 3644 3153 3716 prospicere
3176 3636 3405 3696 civitati.

1821 3756 1990 3813 Sicuti
2030 3753 2175 3808 noVit
2211 3748 2455 3804 Charitas“
2492 3748 2701 3805 vestra,
2734 3741 2785 3793 in
2826 3730 3122 3793 Milevitana
3168 3724 3408 3787 Ecclesia

1824 3848 1983 3904 modo
2004 3845 2078 3900 fui
2101 3863 2113 3898 :
2142 3843 2406 3913 petierunt
2430 3838 2569 3891 enim
2597 3836 2681 3888 me
2707 3826 2915 3896 fratres,
2942 3839 2993 3884 et
3017 3828 3247 3882 maxime
3266 3814 3407 3880 servi

1828 3939 1920 3995 Dei
1955 3938 2041 4007 qui
2076 3936 2145 3989 ibi
2171 3943 2312 3998 sunt,
2338 3938 2394 3985 ut
2412 3928 2686 3992 venirem;
2714 3925 2836 3995 quia
2863 3931 2981 3992 post
3008 3918 3207 3975 obitum
3236 3918 3408 3970 beatae

1823 4029 2097 4087 memoriae
2140 4026 2315 4081 fratris
2355 4033 2407 4079 et
2442 4021 2739 4090 coepiScopi
2778 4017 2881 4071 mei
2925 4015 3127 4080 Severi,
3153 4007 3409 4067 nonnulla

1826 4122 1897 4178 ibi
1926 4119 2252 4193 perturbatio
2281 4115 2582 4170 timebatur.
2616 4110 2780 4172 Veni;
2832 4114 2895 4159 et
2928 4102 3194 4174 quomodo
3242 4092 3412 4154 voluit

1828 4208 2114 4280 Dominus,
2142 4210 2345 4280 adjuvit
2388 4218 2486 4261 nos
2530 4208 2625 4274 pro
2659 4216 2750 4255 sua
2780 4194 3174 4258 misericordia,
3208 4198 3264 4245 ut
3289 4204 3409 4280 cum

1831 4324 1960 4379 pace
1985 4273 2294 4376 episcopum
2322 4273 2650 4367 acciperent,
2680 4300 2837 4363 quem
2877 4288 3026 4343 vivus
3046 4273 3415 4354 designavcra't

1827 4378 2110 4471 episeopus
2136 4410 2318 4451 eorum
2347 4414 2359 4445 :
2389 4391 2492 4446 hoc
2521 4387 2665 4444 enim
2690 4384 2768 4439 eis
2798 4398 2916 4437 cum
2943 4379 3256 4471 innotuis‘set
3274 4378 3415 4471 ,g'vp-a

1829 4465 2087 4550 luntatem
2134 4486 2502 4561 prmccdentis‘
2522 4492 2574 4536 et
2613 4477 2919 4533 decedentis
2956 4470 3191 4544 episcopi
3228 4468 3307 4561 sui
3354 4465 3418 4561 li—l

1831 4590 2020 4643 benter
2063 4552 2297 4653 amplexi
2348 4585 2495 4633 Sunt.
2540 4566 2713 4628 Minus
2755 4578 2931 4623 tamen
2976 4561 3169 4653 aliquid
3218 4552 3417 4653 factum

1830 4688 1977 4743 erat,
2020 4636 2173 4730 unde‘
2206 4660 2445 4727 nonnulli
2472 4663 2941 4723 contristabantur,
2967 4656 3087 4726 quia
3131 4644 3290 4706 frater
3316 4636 3416 4706 Se-

1834 4782 1990 4825 Verus
2035 4763 2259 4821 credidit
2302 4775 2458 4831 posse
2496 4756 2739 4811 sufﬁcere
2774 4759 2830 4805 ut
2861 4754 3220 4831 successorem
3262 4744 3418 4795 suum‘

1832 4862 1973 4934 apud
2016 4858 2238 4915 clericos
2281 4828 2602 4923 designaret,
2637 4846 2702 4902 ad
2734 4843 2982 4915 pepulu‘m
3027 4828 3149 4934 inde
3192 4838 3420 4934 non‘eSt

1834 4928 2071 5017 loeutus;
2118 4958 2172 5007 et
2217 4957 2331 5003 erat
2375 4946 2496 5000 inde
2544 4943 2836 5012 aliquorum
2883 4930 3133 4989 nonnulla
3183 4928 3416 4984 tristitia.

1833 5045 1970 5115 Quid
1998 5040 2181 5115 plura?
2202 5041 2309 5095 Deo
2334 5035 2558 5109 placuit;
2591 5030 2799 5087 tristitia
2841 5022 3009 5097 fugata
3036 5032 3137 5088 est,
3165 5022 3416 5115 gaudium

1835 5106 2128 5193 successit:
2152 5106 2427 5189 ordinatus
2468 5136 2551 5182 est
2589 5123 2866 5193 episeopus
2886 5160 2899 5182 ,
2929 5124 3083 5186 quem
3112 5106 3423 5185 praecedens

1899 5486 1916 5516 ι
1941 5482 2076 5536 Edd..
2095 5476 2286 5529 Et'adio.
2301 5481 2357 5525 At
2369 5474 2422 5522 in
2432 5478 2541 5536 mss.
2555 5462 3056 5536 constantermraelw,
3070 5466 3153 5536 aut
3166 5454 3389 5509 ηαυτιιυ
3402 5462 3423 5507 .‘

1833 5524 2081 5596 mox-mss:
2095 5524 2309 5603 Eddius
2332 5524 2640 5601 presbyteris,
2664 5524 2848 5582 habent
2867 5524 3156 5593 presbytero.

1898 5627 1917 5643 ‘
1942 5625 2120 5675 Collata
2155 5600 2262 5672 cum
2289 5600 2339 5669 b.
2374 5616 2439 5668 bl.
2474 5617 2549 5667 cl).
2571 5615 2604 5666 f.
2640 5614 2688 5664 ff.
2723 5627 2806 5677 gg.
2830 5624 2898 5661 ω.
2922 5622 2965 5659 r.
2990 5620 3065 5658 vc.
3088 5605 3175 5656 2s.
3194 5603 3226 5653 2
3261 5610 3296 5653 t.
3316 5600 3348 5651 4
3369 5614 3419 5654 γ.

1834 5690 1934 5737 luti.
1959 5689 2067 5737 Bad.
2101 5692 2155 5733 Er
2191 5692 2299 5733 Lov.

1864 5796 1867 5797 '
1897 5791 1969 5853 (α)
1993 5789 2113 5853 Alias
2138 5788 2225 5837 HO
2248 5801 2258 5835 :
2283 5796 2393 5853 quas
2418 5793 2579 5835 autem
2599 5770 2692 5831 213
2721 5785 2852 5840 erat,
2878 5790 3003 5826 nunc
3027 5770 3072 5825 i.
3096 5758 3429 5824 Confecta

1833 5848 2161 5914 W'aeptcmb.
2186 5862 2267 5898 an.
2291 5848 2399 5897 4%.
2864 5862 2867 5865 -
