3990 6384
629 372 730 436 967

626 500 861 555 omnium
883 509 1115 557 vestrum
1146 504 1383 558 notitiam
1409 502 1617 574 perfero
1642 522 1653 557 :
1679 506 2049 576 presbyterum
2075 502 2208 555 Era-

624 593 783 648 clium
827 594 952 647 mihi
996 611 1357 653 successorem
1386 600 1525 653 volo.
1563 600 1605 650 Α
1643 599 1829 669 populo
1872 600 2206 654 acclamatum

622 695 728 751 est,
758 683 867 739 Deo
888 686 1105 757 gratias,
1138 686 1334 742 Christo
1361 690 1573 755 laudes;
1600 690 1791 743 dictant
1819 700 1888 745 est
1916 691 2063 745 uicies
2101 700 2203 745 ter-

623 775 732 829 tios.
757 773 963 829 Exaudi
990 775 1213 845 Christe,
1239 779 1521 850 Augustino
1548 781 1685 844 vita;
1721 781 1910 835 dictum
1939 792 2011 836 est
2043 782 2203 836 sexies

623 865 804 920 decies.
833 865 900 920 Te
926 877 1140 936 patrem,
1164 878 1210 922 te
1231 871 1551 939 episcopum;
1578 872 1764 926 dictum
1792 884 1863 927 est
1889 875 2058 927 octies.

690 959 743 1012 2.
786 958 1008 1031 Cumque
1042 962 1344 1028 reliceretur,
1377 962 1685 1034 Augustinus
1724 966 1986 1034 episcopus
2027 964 2204 1019 dixit:

620 1050 735 1107 Non
757 1067 891 1123 opus
916 1064 995 1108 est
1020 1070 1105 1110 me
1127 1053 1195 1110 de
1221 1055 1461 1110 laudibus
1476 1059 1591 1126 ejus
1608 1058 1802 1128 aliquid
1821 1059 2027 1121 dicere;
2048 1057 2202 1113 faveo

617 1144 909 1214 sapientiai,
925 1155 978 1199 et
990 1161 1146 1214 parco
1157 1147 1489 1202 verecundiae
1505 1167 1518 1202 ε
1532 1148 1725 1205 sufﬁcit
1742 1149 1863 1219 quia
1878 1149 2045 1203 nostis
2058 1164 2197 1213 eum;

618 1242 672 1288 et
699 1233 798 1289 hoc
818 1249 904 1289 me
925 1236 1060 1291 velle
1075 1237 1193 1292 dico
1208 1238 1348 1308 quod
1368 1254 1461 1294 vos
1477 1240 1614 1293 velle
1634 1241 1743 1295 scio
1765 1258 1778 1301 ;
1807 1248 1861 1295 et
1880 1240 1924 1295 si
1948 1249 2071 1295 ante
2100 1256 2196 1295 ne-

616 1324 996 1390 scirem,hodie
1013 1327 1311 1397 probarem.
1337 1330 1447 1384 Hoc
1474 1347 1602 1401 ergo
1632 1332 1754 1386 volo
1778 1350 1790 1386 :
1818 1332 1918 1387 hoc
1932 1347 1959 1385 a
1977 1333 2199 1388 Domino

617 1413 728 1469 Deo
756 1425 958 1481 nostro,
983 1432 1123 1472 nunc
1151 1420 1307 1474 etiam
1340 1420 1393 1473 in
1418 1431 1574 1475 aetate
1590 1419 1801 1491 frigida,
1826 1422 1964 1478 votis
1985 1422 2196 1477 ferven-

618 1505 756 1561 tibus
779 1522 969 1576 posco;
998 1508 1098 1563 hoc
1120 1517 1175 1563 ut
1200 1526 1406 1565 mecum
1428 1513 1593 1567 oretis
1614 1514 1887 1577 exhortor,
1908 1514 2191 1583 admoneo,

616 1600 1073 1667 rogo,utomnium
1093 1601 1142 1654 in
1162 1616 1287 1670 pace
1299 1602 1495 1657 Christi
1507 1605 1713 1660 collatis
1724 1606 2026 1661 etconﬁatis
2043 1624 2197 1662 men-

616 1688 755 1742 tibus
782 1690 1058 1745 conﬁrmet
1081 1692 1218 1747 Deus
1238 1694 1376 1762 quod
1396 1705 1646 1764 operatus
1666 1707 1747 1751 est
1777 1698 1828 1751 in
1855 1698 2007 1754 nobis
2024 1698 2193 1769 (Psal.

617 1794 758 1834 vau
781 1822 794 1843 ,
822 1780 936 1849 29).
973 1782 1071 1847 Qui
1105 1785 1247 1838 misit
1286 1787 1413 1840 mihi
1451 1802 1571 1842 eum
1592 1829 1606 1849 .
1629 1801 1806 1845 servet
1829 1808 1987 1854 eum;
2020 1803 2196 1849 servet

615 1866 955 1934 incolumem,
974 1884 1150 1927 servet
1178 1876 1293 1929 sine
1319 1877 1562 1943 crimine,
1592 1888 1651 1933 ut
1677 1882 1766 1950 qui
1796 1881 1919 1935 facit
1947 1884 2193 1952 gaudium

612 1960 836 2014 viventis
855 2002 869 2026 ,
898 1963 1070 2017 locum
1097 1967 1340 2034 suppleat
1372 1970 1665 2025 morientis.
1696 1976 1737 2025 A
1768 1976 1985 2028 notariis
2012 1977 2196 2032 Eccle-

612 2050 732 2115 siae,
769 2052 903 2106 sicut
932 2056 1180 2121 cernitis,
1223 2060 1558 2127 excipiuntur
1597 2078 1714 2131 quae
1755 2064 2013 2131 dicimus,
2051 2068 2195 2122 exci-

611 2142 827 2210 piuntur
849 2160 967 2212 quae
993 2145 1201 2210 dicitis;
1231 2159 1283 2201 et
1313 2165 1460 2204 meus
1491 2166 1699 2218 sermo,
1726 2165 1777 2207 et
1802 2159 1988 2209 vestra:
2016 2160 2191 2212 accla-

611 2233 873 2289 mationes
905 2236 956 2288 in
983 2246 1175 2292 terram
1218 2256 1320 2293 non
1366 2241 1579 2296 cadunt.
1621 2246 1870 2313 Apertius
1900 2257 1955 2301 ut
1984 2248 2188 2315 dicant,

610 2327 965 2383 ecclesiastica
1008 2347 1147 2385 nunc
1190 2332 1348 2387 Gesta
1397 2338 1743 2393 conficimus:
1784 2341 1861 2394 sic
1898 2344 2038 2395 enim
2089 2344 2192 2400 hoc

611 2430 730 2471 esse
759 2459 773 2483 ,
829 2430 1083 2488 quantum
1128 2422 1192 2475 ad
1250 2423 1494 2481 homines
1541 2429 1728 2483 attinet
1758 2471 1773 2495 ,
1817 2434 2186 2488 conﬁrmatum

610 2507 750 2560 volo.
789 2507 833 2560 Α
869 2511 1057 2578 populo
1096 2514 1429 2570 acclamatum
1467 2528 1539 2571 est
1576 2520 1796 2591 trigesies
1838 2525 1996 2577 sexies
2026 2545 2040 2578 :
2081 2527 2190 2581 Deo

606 2600 815 2670 gratias,
844 2601 1041 2657 Christo
1059 2606 1252 2660 laudes.
1279 2608 1497 2676 Exaudi,
1517 2611 1733 2679 Christe,
1756 2616 2034 2687 Augustino
2055 2622 2189 2686 vita;

608 2692 796 2747 dictant
824 2706 898 2748 est.
922 2696 1175 2753 tredecies.
1209 2699 1280 2753 Te
1300 2713 1513 2771 patrem,
1540 2716 1585 2758 te
1614 2708 1899 2776 episcopum
1929 2728 1947 2775 ;
2001 2714 2191 2767 dictum

612 2796 685 2839 est
712 2787 883 2841 octies.
916 2787 1114 2860 Dignus
1155 2803 1200 2844 et
1225 2795 1399 2863 justus
1423 2807 1527 2862 est;
1554 2800 1740 2853 dictum
1767 2812 1838 2857 est
1861 2805 2025 2858 vicies.
2053 2805 2191 2860 Bene

606 2877 833 2943 meritus,
865 2879 985 2933 bene
1012 2882 1231 2952 dignus;
1256 2886 1441 2939 dictum
1478 2899 1549 2942 est
1586 2892 1866 2962 quinquies.
1911 2894 2105 2967 Dignus
2142 2907 2189 2952 et

606 2966 769 3033 iustus
794 2978 896 3031 est;
923 2971 1110 3025 dictum
1130 2983 1201 3027 est
1221 2977 1398 3030 sexies.

678 3061 730 3114 3.
754 3060 977 3133 Cumque
1010 3065 1313 3135 reticerelur,
1352 3070 1658 3141 Augustinus
1697 3078 1960 3149 episcopus
2006 3082 2133 3137 dixit
2169 3101 2189 3139 :

606 3146 771 3217 Ergo,
806 3158 859 3203 ut
889 3151 1150 3219 dicebam,
1178 3158 1501 3214 voluntatem
1542 3146 1731 3219 meam
1761 3178 1815 3222 et
1861 3146 2183 3228 voluntatem

606 3249 839 3296 vestram
859 3243 1033 3298 Gestis
1055 3250 1446 3316 ecclesiasticis,
1466 3269 1717 3324 quantum
1747 3262 1810 3315 ad
1842 3263 2081 3321 homines
2102 3277 2185 3322 at-

607 3331 767 3397 tinet,
796 3335 1163 3393 conﬁrmatam
1193 3343 1311 3394 volo
1336 3361 1347 3396 :
1369 3356 1618 3411 quantum
1661 3367 1787 3405 vero
1821 3356 1885 3407 ad
1937 3358 2183 3414 latentem

605 3421 999 3492 Omnipotentis
1025 3428 1366 3497 voluntatem,
1394 3452 1601 3503 otnnes,
1631 3450 1687 3492 ut
1710 3441 1840 3506 dixi,
1873 3460 2085 3501 oremus
2132 3438 2187 3505 nt

604 3516 884 3572 conﬁrmet
911 3518 1047 3575 Deus
1077 3523 1215 3590 quod
1248 3537 1497 3593 operatus
1526 3539 1608 3584 est
1636 3532 1686 3584 iu
1717 3536 1887 3590 nobis.
1925 3538 1966 3590 Α
1997 3543 2183 3610 populo

604 3605 936 3662 acclamatum
962 3621 1031 3664 est
1056 3610 1293 3667 :Judicio
1321 3626 1404 3670 tuo
1429 3622 1619 3687 gratias
1645 3626 1875 3691 agimus;
1898 3630 2088 3684 dictant
2113 3645 2183 3687 est

602 3696 836 3751 sedecies.
866 3698 1017 3763 Fiat,
1046 3702 1135 3769 ﬁat
1152 3720 1173 3766 ;
1200 3705 1387 3760 dictant
1435 3720 1508 3762 est
1557 3713 1837 3770 duodecies.
1869 3718 1939 3771 Te
1967 3733 2178 3790 patrem,

604 3783 866 3839 Eraclium
895 3791 1216 3861 episcopum;
1245 3796 1434 3851 dictum
1461 3812 1534 3854 est
1566 3808 1741 3860 sexies.

676 3878 729 3932 4.
771 3879 988 3953 Cumque
1022 3887 1325 3957 reliceretur,
1364 3895 1673 3965 Augustinus
1708 3903 1971 3975 episcOpus
2006 3909 2132 3963 dixit
2164 3928 2183 3966 :

603 3966 725 4023 Scio
757 3972 895 4040 quod
925 3976 1071 4030 scitis
1098 3988 1151 4033 et
1172 3996 1286 4050 vos,
1318 3985 1412 4039 sed
1442 3988 1563 4042 nolo
1587 3990 1654 4044 dc
1676 3966 1767 4047 illo
1794 3966 1904 4050 ﬁeri
1945 4001 2085 4068 quod
2114 4002 2181 4059 de

601 4075 687 4116 me
729 4060 919 4119 factum
954 4077 1057 4122 est.
1089 4071 1223 4138 Quid
1259 4085 1432 4130 autem
1472 4080 1665 4135 factum
1708 4086 1777 4139 sit
1806 4060 2176 4162 multi-scitis;

598 4152 674 4208 illi
706 4156 803 4209 soli
835 4160 1079 4215 nesciunt
1101 4165 1187 4233 qui
1216 4176 1340 4223 tunc
1360 4179 1450 4224 aut
1477 4174 1711 4229 nondum
1743 4181 1851 4233 nati
1878 4193 2059 4250 erant,
2088 4195 2180 4242 aut

599 4244 831 4299 nondum
863 4248 1124 4307 habebant
1151 4264 1357 4312 aetatem
1391 4262 1610 4317 sciendi.
1641 4266 1829 4323 Adhuc
1864 4271 1915 4325 in
1954 4244 2178 4344 corpore

597 4338 769 4403 posito
812 4338 981 4395 beatae
1028 4350 1297 4405 memoria:
1339 4363 1487 4421 patre
1529 4365 1583 4411 et
1623 4360 1875 4433 episcopo
1901 4382 2021 4435 meo
2050 4384 2178 4426 sene

603 4422 831 4491 Valerio,
862 4430 1138 4501 episeOpus
1165 4439 1436 4497 ordinatus
1463 4459 1577 4505 sum
1599 4489 1614 4513 ,
1659 4422 1714 4504 et
1752 4422 1863 4507 sedi
1892 4432 2011 4511 cum
2041 4460 2171 4517 illo:

593 4516 733 4587 quod
774 4521 1001 4575 concilio
1032 4524 1242 4583 Nicaeno
1286 4533 1606 4599 prohibitum
1644 4539 1808 4598 fuisse
1848 4549 2168 4620 nesciebam,

593 4621 693 4663 nec
718 4606 830 4678 ipse
852 4611 1072 4668 sciebat.
1097 4616 1247 4682 Quod
1273 4634 1400 4692 ergo
1427 4628 1806 4694 reprehensum
1847 4645 1926 4690 est
1966 4637 2018 4693 in
2064 4606 2170 4712 me,

590 4698 715 4754 nolo
737 4704 1051 4770 reprehendi
1075 4706 1127 4760 in
1154 4707 1259 4764 ﬁlio
1280 4728 1420 4767 meo.
1440 4716 1483 4768 A
1502 4721 1687 4789 populo
1710 4726 2039 4785 acclamatum
2067 4698 2172 4789 est;

592 4793 699 4849 Deo
726 4798 949 4866 gratias;
975 4797 1172 4856 Christo
1201 4804 1408 4873 laudes;
1437 4812 1623 4868 dictant
1652 4828 1725 4871 est
1756 4822 2010 4878 tredecies.

660 4887 711 4941 5.
755 4886 979 4960 Cumque
1005 4895 1312 4968 reticeretur,
1341 4902 1652 4975 Augustinus
1694 4913 1954 4985 episcopus
1993 4919 2122 4976 dixit
2151 4940 2177 4979 .'

589 4975 704 5031 Erit
741 4982 1018 5054 presbyter
1047 4997 1103 5040 ut
1128 4998 1244 5057 est;
1268 4996 1479 5063 quando
1506 4998 1646 5056 Deus
1678 4975 1929 5074 voluerit,
1962 4975 2167 5073 futurus

586 5070 883 5139 episcornis.
917 5076 1020 5131 Sed
1051 5081 1207 5149 plane
1245 5087 1404 5141 modo
1453 5088 1685 5151 facturus
1724 5113 1841 5155 sum
1884 5104 2167 5175 adjuvante

585 5162 944 5220 misericordia
968 5168 1195 5239 Christi,
1224 5179 1363 5245 quod
1390 5181 1562 5239 adhuc
1585 5201 1752 5258 usque
1780 5207 1885 5248 non
1914 5162 2033 5253 feci.
2059 5200 2167 5257 No-

583 5253 678 5308 stis
706 5266 827 5311 ante
854 5260 1053 5331 aliquot
1079 5281 1247 5323 annos
1276 5273 1399 5340 quid
1441 5276 1616 5335 facere
1650 5283 1904 5341 voluerim
1927 5332 1942 5356 ,
1974 5303 2027 5346 et
2055 5309 2161 5351 non

583 5344 916 5417 permisistis.
944 5354 1145 5413 Placuit
1166 5362 1294 5415 mihi
1323 5376 1373 5419 et
1396 5368 1544 5423 vobis
1571 5383 1785 5443 propter
1808 5344 1989 5435 curam
2013 5384 2159 5441 Scri-

578 5449 870 5509 ptor-arum,
895 5461 1052 5515 quam
1085 5452 1211 5505 mihi
1241 5454 1431 5513 fratres
1454 5470 1507 5515 et
1534 5474 1710 5532 patres
1735 5470 1836 5523 mei
1859 5475 2157 5549 coepiscopi

579 5532 782 5589 duobus
806 5538 1042 5593 conciliis
1063 5541 1321 5601 Numidia:
1343 5559 1397 5604 et
1417 5553 1745 5626 Carthaginis
1774 5532 2047 5634 imponere
2072 5532 2155 5625 di-

575 5626 715 5693 gnati
746 5638 902 5692 sunt,
931 5641 989 5684 ut
1020 5649 1112 5700 per
1131 5637 1364 5709 quinque
1389 5644 1503 5699 dies
1541 5664 1698 5705 nemo
1729 5626 1863 5710 mihi
1897 5660 2155 5722 molestus

573 5724 731 5769 esset.
756 5714 916 5771 Gesta
941 5722 1181 5779 confecta
1213 5742 1353 5791 sunt.
1382 5736 1595 5804 placuit,
1623 5746 1955 5807 acclamastis
1978 5771 1991 5807 :
2018 5760 2153 5813 reci-

1892 3808 2015 3823 ,σο-α’

1860 378 1913 441 s.
1955 383 2319 449 AUGUSTINI
2356 376 2657 446 EPISCOPI
3739 409 3816 479 οε,

2317 508 2556 570 tempore
2595 512 2862 558 servatum
2900 510 2985 561 est
3019 504 3158 563 circa
3197 524 3312 575 me;
3341 520 3394 567 et
3416 522 3584 584 postea
3606 521 3810 588 violenter

2316 592 2578 661 irruptum
2605 603 2707 662 est,
2736 605 2789 650 et
2814 612 2921 651 non
2946 600 3227 668 permittor
3250 602 3313 657 ad
3335 605 3468 673 quod
3494 609 3621 680 volo,
3644 629 3811 678 vacare:

2314 692 2439 739 ante
2469 688 2747 743 meridiem
2786 700 2839 744 et
2878 700 2998 760 post
3035 692 3307 750 meridiem
3336 703 3722 770 occupationibus
3740 711 3813 769 bo-

2312 775 2516 831 miuum
2548 778 2813 848 implieor.
2842 780 3078 838 Obsecro
3103 799 3200 839 vos
3223 795 3277 841 et
3301 787 3560 864 obstringe
3592 812 3672 865 per
3699 800 3815 859 Chri-

2309 874 2473 931 stum,
2519 877 2579 922 ut
2627 869 2750 924 huic
2786 871 2991 940 juveni,
3032 873 3133 929 hoc
3177 884 3261 931 est
3295 876 3500 935 Eraclio
3545 888 3811 962 presbytero,

2310 971 2467 1026 quem
2491 958 2649 1015 hodie
2674 960 2727 1015 in
2751 963 2966 1018 nomine
2984 963 3180 1020 Christi
3201 966 3419 1039 designo
3443 958 3711 1047 episcopum
3727 958 3815 1042 suc.

2308 1062 2579 1107 cessorem
2606 1053 2757 1121 mihi,
2783 1057 3052 1125 patiamini
3082 1074 3167 1114 me
3186 1061 3463 1119 refundere
3482 1081 3627 1123 onera
3645 1088 3815 1145 occupa.

2310 1140 2510 1196 tionum
2553 1159 2813 1200 mearum.
2844 1148 2886 1200 Α
2914 1150 3103 1218 popqu
3145 1152 3473 1209 acclamatum
3517 1170 3625 1216 est:
3657 1140 3815 1224 Iudicio

2307 1240 2393 1285 tuo
2417 1235 2607 1304 gratias
2631 1237 2860 1307 agimus;
2882 1240 3070 1294 dictum
3095 1252 3166 1296 est
3190 1244 3337 1300 vicies
3356 1249 3528 1304 sexies.

2376 1324 2429 1378 6.
2470 1324 2694 1396 Cumque
2733 1329 3041 1397 reliceretur,
3080 1332 3390 1405 Augustinus
3426 1341 3664 1415 episcopus
3686 1348 3813 1408 duit:

2305 1415 2420 1485 Ego
2445 1416 2692 1472 charitati
2732 1428 2787 1473 et
2820 1419 3207 1479 benevolentia:
3228 1436 3417 1482 vestrre
3441 1434 3571 1500 apud
3596 1435 3813 1499 Dominum

2304 1503 2471 1559 Deum
2513 1517 2751 1563 nostrum
2799 1512 2994 1579 gratias
3036 1529 3155 1584 ago,
3198 1516 3306 1571 imo
3343 1519 3410 1574 de
3449 1520 3529 1577 illa
3552 1524 3647 1580 Deo
3668 1531 3813 1597 gratias

2302 1610 2421 1666 ago.
2447 1598 2605 1666 Ergo.
2636 1600 2848 1669 fratres,
2876 1603 3132 1674 quidquid
3159 1617 3242 1662 est
3269 1611 3406 1680 quod
3433 1612 3498 1667 ad
3524 1630 3605 1670 me
3628 1620 3811 1686 perfere-

2304 1686 2479 1755 batur,
2512 1690 2578 1745 ad
2608 1692 2753 1747 illum
2785 1695 3081 1763 perferatur
3109 1716 3121 1752 :
3153 1702 3240 1756 ubi
3269 1708 3610 1763 necessarium
3630 1710 3813 1771 habuerit

2303 1785 2607 1845 consilium,
2638 1802 2815 1842 meum
2842 1805 2946 1843 non
2973 1792 3175 1861 negabo
3196 1796 3483 1863 auxilium;
3510 1802 3634 1855 absit
3653 1814 3700 1858 ut
3720 1808 3811 1861 sub-

2302 1874 2529 1929 traham.
2556 1876 2754 1932 Tamen
2784 1880 3034 1950 quidquid
3066 1885 3191 1939 illud
3233 1896 3318 1941 est
3344 1890 3480 1956 quod
3502 1892 3562 1945 ad
3589 1909 3662 1950 me
3682 1898 3813 1966 perfe-

2300 1966 2535 2034 rebatur,
2567 1969 2631 2023 ad
2660 1971 2803 2024 illum
2833 1973 3148 2041 perferatur.
3174 1977 3293 2046 Ipse
3315 1996 3400 2034 me
3424 1993 3510 2037 aut
3531 1988 3760 2051 consulat,
3782 1992 3814 2045 si

2299 2048 2433 2111 forte
2478 2074 2583 2112 non
2630 2060 2894 2117 invenerit
2938 2066 3061 2134 quid
3107 2067 3283 2123 facere
3320 2070 3538 2137 debeat,
3574 2048 3814 2147 autposcat

2297 2149 2593 2218 adjutorem
2618 2170 2773 2222 quem
2802 2157 2945 2210 novit
2972 2168 3170 2226 patrem
3199 2180 3212 2215 :
3238 2172 3301 2215 ut
3319 2172 3373 2218 et
3398 2167 3539 2219 vobis
3567 2170 3679 2223 nihil
3695 2171 3810 2236 desit,

2297 2251 2350 2295 et
2386 2259 2483 2314 ego
2518 2247 2731 2301 tandem
2771 2249 3073 2318 aliquando,
3106 2255 3147 2306 si
3179 2259 3695 2331 quantulumcumque
3726 2277 3814 2333 Spa-

2299 2335 2426 2387 tium
2477 2335 2602 2391 mihi
2651 2336 2806 2406 hujus
2849 2341 2969 2395 vitm
3007 2342 3290 2400 donaverit
3319 2348 3474 2415 Deus,
3504 2352 3652 2420 ipsam
3686 2372 3812 2411 meum

2300 2429 2835 2500 quantulumcumque
2852 2435 3011 2489 vitam
3034 2452 3136 2490 non
3155 2440 3278 2492 dem
3300 2443 3553 2510 segnitiei,
3571 2461 3658 2501 nec
3669 2448 3814 2503 donem

2297 2516 2521 2583 lllC‘l‘lliL‘,
2554 2520 2644 2573 sed
2680 2522 2728 2574 in
2767 2525 2961 2577 suetis
2987 2526 3305 2597 Scripturis,
3335 2544 3576 2601 quantum
3605 2537 3702 2605 ipse
3725 2554 3813 2606 per-

2296 2608 2453 2660 mittit
2486 2618 2539 2663 et
2568 2610 2819 2680 largitur,
2853 2631 3164 2682 exerceatur;
3197 2620 3307 2676 hoc
3334 2635 3385 2676 et
3415 2625 3506 2693 ipsi
3536 2628 3815 2697 proderit,et

2294 2716 2390 2769 per
2416 2702 2584 2769 ipsum
2613 2706 2771 2757 etiam
2798 2708 2964 2761 vobis.
2990 2708 3158 2765 Nemo
3185 2730 3321 2782 ergo
3350 2717 3572 2773 invideat
3594 2721 3688 2772 otio
3710 2737 3812 2787 tneo,

2293 2791 2412 2859 quia
2444 2809 2617 2846 meum
2642 2796 2806 2849 otium
2832 2814 3080 2869 magnum
3103 2802 3263 2858 habet
3301 2810 3579 2877 negotium.
3602 2811 3741 2867 Video
3756 2828 3815 2868 me
3890 2864 3897 2869 .

2293 2881 2359 2936 de
2389 2883 2486 2938 hac
2507 2902 2564 2939 re
2592 2898 2807 2957 propter
2833 2908 2988 2960 quam
3015 2910 3107 2947 vos
3134 2897 3379 2964 invitavi,
3405 2904 3570 2957 omnia
3599 2905 3815 2960 vobiscum

2292 2973 2464 3043 egisse
2504 2991 2622 3044 qum
2659 2979 2815 3033 debui
2850 3002 2862 3035 ;
2897 2984 2995 3037 hoc
3025 2986 3089 3038 ad
3127 2988 3376 3045 ultimum
3416 3010 3570 3064 rogo,
3605 3005 3655 3049 ut
3684 2995 3816 3051 Gestit

2292 3062 2407 3117 istis
2435 3064 2722 3134 dignemini
2753 3072 3088 3130 subscribere
3115 3081 3201 3148 qui
3230 3062 3596 3150 potestis.vliic
3623 3088 3728 3141 mihi
3753 3104 3817 3143 re-

2291 3159 2580 3226 sponsione
2623 3172 2799 3217 vestra
2851 3181 2984 3235 opus
3032 3181 3113 3224 est
3155 3188 3167 3223 :
3212 3182 3428 3229 teneam
3482 3180 3814 3248 responsionem

2290 3263 2551 3317 vestram;
2586 3254 2654 3309 de
2687 3256 2785 3313 hac
2814 3263 3124 3319 assensione
3148 3266 3353 3336 aliquid
3379 3271 3665 3326 acclamate.
3688 3274 3723 3326 A
3746 3291 3815 3341 po-

2291 3347 2411 3414 pulo
2436 3350 2766 3403 acclamatum
2790 3363 2862 3407 est
2885 3370 2903 3406 :
2923 3354 3058 3419 Fiat,
3081 3359 3202 3423 ﬁat;
3222 3362 3417 3414 dictum
3439 3365 3577 3419 vicies
3594 3366 3813 3438 quinquies.

2293 3436 2515 3507 Dignum
2546 3451 2635 3504 est,
2654 3443 2850 3512 justum
2872 3458 2976 3508 est;
2997 3450 3185 3503 dictum
3209 3453 3362 3508 vicies
3388 3458 3551 3512 octies.
3585 3457 3699 3521 Fiat,
3719 3460 3815 3525 ﬁat;

2289 3529 2475 3582 dictum
2497 3546 2675 3603 quater
2699 3535 2876 3592 decies.
2897 3540 3029 3592 Olim
3051 3542 3250 3610 dignus,
3285 3546 3408 3599 olim
3436 3550 3623 3603 meritus
3641 3566 3655 3611 ;
3673 3551 3811 3603 dictum

2286 3620 2434 3675 vicies
2458 3624 2735 3692 quinquies.
2757 3625 2962 3682 Iudicio
2985 3642 3071 3684 tuo
3088 3636 3288 3703 gratias
3312 3641 3541 3709 agimus;
3562 3643 3723 3694 dictum
3744 3650 3813 3694 m-

2286 3711 2463 3767 decies.
2486 3713 2711 3779 Exaudi,
2725 3713 2938 3789 Christe,
2959 3723 3215 3780 Eraclium
3234 3746 3480 3787 conserva
3494 3753 3512 3801 ;
3528 3735 3688 3789 dictum
3699 3734 3813 3788 actia

2286 3802 2467 3859 decies.

2357 3896 2410 3948 7.
2448 3893 2670 3968 Cumque
2711 3903 3017 3969 reticeretur,
3043 3907 3363 3979 Augustinus
3408 3919 3651 3987 episcopus
3680 3918 3812 3972 diu't:

2283 3986 2428 4043 Bene
2456 3989 2612 4046 habet
2645 4001 2699 4047 ut
2730 4011 2790 4050 ea
2816 4012 2935 4068 qua:
2956 3999 3049 4055 Dei
3076 4014 3217 4071 sunt,
3244 4007 3391 4065 circa
3417 3986 3704 4068 sacriﬁcium
3726 4012 3813 4082 ejus

2284 4089 2443 4146 agere
2483 4081 2784 4150 valeamus;
2814 4086 2866 4140 in
2907 4104 3009 4157 qua
3052 4090 3179 4147 hora
3224 4101 3618 4168 supplicationis
3658 4081 3810 4156 nostra

2282 4168 2512 4224 maxime
2534 4175 2847 4230 commendo
2872 4178 3127 4237 Charitati
3153 4198 3347 4244 vestrae
3378 4202 3428 4246 ut
3460 4207 3630 4247 omnes
3651 4201 3809 4247 vestras

2280 4273 2471 4316 causas
2508 4272 2562 4318 et
2598 4268 2805 4345 negqtia
2846 4269 3243 4343 intermittatis,
3271 4292 3328 4337 et
3357 4299 3453 4353 pro
3482 4286 3570 4341 ista
3602 4283 3803 4349 Ecclesia.

2279 4361 2332 4408 et
2356 4370 2455 4424 pro
2479 4373 2585 4425 me,
2608 4368 2662 4414 et
2686 4376 2785 4430 pro
2813 4365 3128 4439 presbytero
3147 4371 3380 4443 Eraclio,
3412 4378 3624 4435 Domino
3641 4390 3807 4451 precem

2277 4444 2529 4505 fundatis.

2693 4523 3024 4584 EPISTOLA
3063 4529 3268 4591 ccxrv
3300 4543 3316 4563 -
3348 4539 3447 4612 (a).

2277 4610 2585 4682 Augustinus
2615 4613 2884 4675 Valentino
2912 4624 3091 4679 Abbati
3115 4637 3162 4681 et
3199 4610 3469 4688 Monachis
3500 4633 3803 4698 Adrumetiais,

2345 4704 2515 4758 oborta
2540 4708 2669 4761 inter
2690 4725 2775 4764 eos
2800 4712 3109 4771 dissensione
3132 4719 3195 4773 de
3223 4722 3377 4777 libero
3405 4726 3604 4780 arbitrio
3627 4735 3668 4779 et
3682 4721 3806 4795 justi-

2344 4795 2415 4847 tia
2445 4795 2537 4850 Dei
2556 4840 2570 4863 ,
2599 4815 2661 4853 ex
2695 4817 2849 4869 prava
2885 4806 3293 4878 interpretatione
3315 4816 3541 4883 epistola:
3567 4814 3806 4886 prolidoris

2339 4884 2411 4938 ad
2449 4883 2681 4952 Sixtum,
2710 4892 2851 4947 docet
2894 4895 3046 4964 ﬁdem
3086 4902 3385 4958 catholicam
3419 4909 3470 4960 in
3513 4883 3599 4961 illa
3635 4902 3804 4977 epistola

2343 4988 2708 5048 propugnatam
2739 4983 2870 5037 hanc
2895 5001 3020 5053 esse,
3042 5006 3155 5058 quae
3178 5009 3334 5064 neque
3364 4997 3569 5052 liberum
3586 4996 3804 5051 arbitrium

2339 5080 2503 5138 neget,
2531 5087 2691 5142 neque
2720 5084 2915 5130 tantum
2943 5081 2991 5133 ei
3016 5082 3233 5150 tribuat,
3257 5096 3312 5140 ut
3332 5090 3442 5143 sine
3457 5090 3614 5161 gratia
3632 5088 3715 5143 Dei
3734 5100 3803 5140 ra-

2340 5160 2439 5213 lea!
2463 5163 2736 5235 quidquam
2759 5169 2827 5221 ad
2849 5168 3052 5227 bonum.

2268 5252 2494 5312 Domino
2514 5257 2882 5331 dilectissimo,
2901 5274 2955 5320 et
2975 5265 3025 5321 in
3048 5268 3242 5325 Christi
3264 5274 3518 5330 membris
3535 5269 3803 5330 honorando

2336 5347 2485 5405 fratri
2512 5351 2845 5423 Vacunae,
2877 5368 2931 5413 et
2962 5361 3209 5419 fratribus
3236 5366 3325 5435 qui
3353 5374 3528 5424 tecum
3551 5378 3690 5435 sunt,
3709 5366 3797 5420 At:-

2335 5456 2604 5510 cus'rmus,
2631 5444 2684 5499 in
2715 5447 2937 5504 Domino
2966 5451 3213 5510 salutem.

2335 5534 2385 5587 1.
2430 5534 2704 5593 Venerunt
2745 5540 2810 5595 ad
2854 5558 2952 5599 nos
2991 5544 3097 5601 duo
3136 5550 3385 5618 juvenes,
3428 5552 3719 5608 Cresconius
3755 5556 3799 5603 et

2324 5624 2342 5643 '
2355 5628 2530 5706 Δῐξρὶεμ.
2539 5635 2701 5706 gcxtv
2720 5638 2773 5681 et
2786 5639 2924 5706 pcxv
2943 5641 3303 5692 emendavimus
3322 5656 3420 5705 ope
3434 5657 3462 5693 a
3474 5658 3519 5693 a.
3540 5644 3674 5706 ἰλὺς.
3688 5639 3744 5706 bl.
3758 5652 3795 5690 C-

2257 5699 2329 5737 oc.
2349 5687 2428 5736 ob.
2449 5687 2511 5737 cl.
2538 5688 2586 5738 ff.
2612 5705 2663 5755 g.
2684 5696 2817 5757 gv.j.
2835 5709 2899 5745 m.
2926 5713 2974 5749 n.
3001 5687 3045 5751 r.
3061 5687 3383 5755 5367:1137
3394 5687 3710 5755 £16583
3723 5687 3792 5751 δά·

2255 5758 2459 5812 quatuor
2483 5765 2529 5800 v.

572 5806 712 5862 tatur
726 5804 976 5876 placitum
989 5821 1248 5886 vestrum,
1266 5834 1318 5878 et
1335 5828 1743 5896 acclamationes
1756 5804 2149 5911 vestrae.
2252 5804 3071 5923 [[3:ij
3095 5837 3214 5892 cm’
3231 5840 3356 5879 nunc
3373 5828 3420 5881 2'
3439 5829 3607 5895 scrip"
3630 5825 3792 5885 ﬁdem

1862 5982 1869 5989 ί
1891 5980 1913 6010 Ὦ

2449 5907 2467 5936 ,
2490 5882 2573 5926 aut
2594 5876 2705 5938 427,
2728 5888 2842 5933 ante
2866 5885 3054 5940 Pascha.
