3990 6384
231 328 335 391 969

1415 317 1897 381 EPISTOLARUM
1935 323 2207 383 CLASSIS
2243 326 2329 382 ιιι.
2362 288 2363 291 γ
2480 365 2510 397 ,

230 448 411 514 Felix,
441 445 513 501 dc
544 451 724 499 vestra
749 432 1159 511 congregatione
1187 451 1247 492 se
1282 450 1401 491 esse
1434 435 1701 501 dicentes,
1728 437 1837 523 qui‘

230 540 383 597 nobis
412 538 718 593 retulerunt
759 531 1142 589 monasterium
1168 538 1402 585 vestrum
1430 528 1682 584 nonnulla
1710 528 1834 609 dis-‘

3410 337 3516 399 970

1908 438 2249 509 (acceperint,
2276 441 2366 510 qui
2395 455 2454 496 se
2481 456 2511 495 a
2541 441 2727 513 seipsis
2752 444 3026 516 justificari
3068 459 3288 520 putant;
3319 468 3383 509 ac
3412 471 3508 525 per

1900 528 2033 608 ghoc
2060 531 2113 585 in
2142 534 2460 603 semetipsis,
2492 550 2596 589 non
2639 536 2691 590 in
2724 537 2946 593 Domino
2984 542 3292 612 gloriantur.

229 634 480 693 sensione
501 632 776 688 turbatum
792 670 807 697 ,
837 641 905 683 eo
931 623 1073 696 quod
1094 622 1307 695 quidam
1334 622 1387 677 in
1413 621 1567 676 vobis
1599 622 1676 675 sic
1699 635 1835 707 gra-Z
1998 625 2053 680 4.
2079 624 2305 696 Propter
2328 626 2469 697 quod
2494 642 2593 697 ego
2612 628 2665 683 in
2685 628 2785 684 hac
2805 632 3026 700 epistola
3050 650 3166 705 qua:
3184 636 3250 691 ad
3271 653 3364 692 vos
3384 654 3508 709 per-

229 726 354 781 tiam
384 722 704 793 praedicent,
731 729 788 774 ut
816 725 1011 788 negent
1037 713 1267 770 hominis
1293 726 1410 768 esse
1432 712 1655 767 liberum
1680 702 1836 765 arbi-i

227 823 420 886 trium;
448 826 527 881 et,
549 815 696 886 quod
720 824 804 869 est
828 812 1059 883 gravius,
1086 810 1265 863 dicant
1288 805 1431 876 quod
1457 806 1508 859 in
1534 805 1619 859 die
1635 803 1821 874 judicii

228 928 330 970 non
371 884 442 965 sit
482 884 798 963 redditurus
834 904 972 959 Deus
1000 900 1284 969 unicuique
1323 896 1616 953 secundum
1656 884 1842 970 operai

226 1005 338 1075 ejus
365 998 589 1073 (Matth.
614 1011 726 1062 xvt,
747 993 837 1058 27,
865 1002 910 1046 et
938 989 1089 1044 Rom.
1113 1005 1170 1057 ιι,
1201 988 1280 1057 6).
1312 987 1483 1041 Etiam
1512 985 1615 1039 hoc
1642 990 1843 1059 tamen“

225 1095 629 1155 indicaverunt,
666 1086 806 1159 quod
841 1085 1022 1155 plures
1047 1089 1282 1136 vestrum
1314 1093 1421 1133 non
1448 1078 1519 1132 ita
1549 1077 1840 1143 sentiant,‘

227 1186 319 1245 sed
346 1184 585 1241 liberum
615 1178 890 1235 arbitrium
918 1173 1155 1244 adjuvari
1181 1173 1442 1227 fateantur
1459 1185 1558 1241 per
1580 1169 1673 1224 Dei
1698 1184 1821 1239 gra-

226 1280 380 1345 tiam,
410 1284 472 1330 ut
500 1280 655 1330 recta
692 1269 959 1341 sapiamus
984 1274 1145 1335 atque
1173 1262 1460 1327 faciamus;
1490 1270 1547 1315 ut
1583 1276 1702 1315 cum
1730 1276 1818 1314 ve-

225 1369 361 1427 nerit
405 1364 675 1421 Dominus
726 1356 951 1415 reddere
1000 1353 1283 1423 unicuique
1330 1349 1620 1406 secundum
1658 1364 1831 1423 opera,

225 1462 358 1529 ejus,
378 1454 624 1511 inveniat
642 1465 803 1521 opera
824 1444 1185 1544 nostra-bona,
1201 1439 1821 1544 prteparavit‘Deus

226 1560 281 1606 ut
306 1550 362 1605 in
391 1547 503 1603 illis
525 1542 866 1599 ambulemus
891 1536 1053 1610 (Eph.
1077 1552 1136 1602 ιι,
1164 1532 1273 1603 10).
1298 1532 1411 1587 11οε
1440 1532 1530 1602 qui
1564 1532 1818 1598 sentiunt,

222 1645 356 1701 bene
385 1639 650 1696 sentiunt.

222 1824 390 1881 oravit
415 1817 734 1892 Apostolus,
764 1830 852 1885 per
874 1826 1055 1865 nomen
1076 1807 1282 1904 Domini
1294 1803 1450 1903 nostri
1464 1804 1593 1904 esu
1612 1800 1817 1904 'Cbristi,

222 1926 275 1971 ut
300 1916 534 1985 idipsum
562 1907 742 1964 dicatis
768 1918 939 1959 ontnes
958 1942 972 1965 ,
999 1908 1043 1953 et
1069 1896 1293 1992 non-sint
1322 1894 1374 1992 in
1394 1892 1529 1947 vobis
1550 1892 1822 1992 schismata

224 2008 268 2078 (l
294 1983 413 2061 Cor.
442 2020 482 2069 ι,
511 1999 628 2073 10).
659 1997 840 2053 Primo
862 1992 1007 2048 enim
1034 1986 1292 2043 Dominus
1316 1983 1492 2084 Jesus,
1521 1983 1660 2035 sicut
1685 1983 1819 2084 scri-

224 2075 369 2170 ptum
399 2105 487 2152 est
518 2094 573 2150 in
602 2086 891 2160 Evangelio
919 2080 1141 2139 Joannis
1177 2075 1440 2148 apostoli,
1479 2091 1581 2129 non
1601 2075 1741 2170 penit
1768 2082 1821 2126 ut

222 2165 475 2260 iudicaret
532 2182 810 2244 mundum,
870 2174 960 2230 sed
1004 2181 1059 2226 ut
1112 2170 1390 2225 salvaretur
1454 2165 1671 2269 mundus
1732 2181 1823 2235 per

222 2258 390 2356 ipsum
416 2281 437 2353 (
462 2279 625 2334 Joan.
651 2291 729 2340 ιιι,
758 2273 823 2326 17
848 2270 887 2341 ).
911 2268 1100 2323 Postea
1128 2278 1256 2317 vero
1272 2303 1292 2364 ,Ι
1316 2260 1453 2364 sicut
1463 2258 1668 2364 'scribit

223 2348 393 2432 s'tolus
418 2348 625 2427 Paulus
646 2409 661 2433 ,
696 2359 947 2435 judicabit
973 2356 1113 2410 Deus
1134 2351 1382 2407 mundum
1410 2350 1430 2419 (
1454 2348 1605 2403 Rom.
1630 2363 1708 2414 ιιι,
1741 2348 1818 2417 6),

224 2464 439 2540 quando
488 2468 726 2515 venturus
778 2463 888 2519 est,
936 2449 1074 2505 sicut
1124 2453 1232 2499 tota
1274 2440 1513 2497 Ecclesia

223 2530 347 2615 bolo
388 2553 703 2616 confitetur,
742 2543 979 2617 judicare
1014 2540 1149 2593 vivos
1191 2545 1236 2590 et
1275 2542 1539 2633 mortuos.‘
1563 2530 1618 2586 Si
1648 2530 1823 2633 igitur

224 2667 329 2708 non
367 2658 456 2705 est
495 2645 594 2702 Dei
638 2638 838 2712 gratia,
867 2631 1133 2707 quomodo
1170 2627 1338 2685 salvat
1378 2621 1751 2712 mundum‘iet
1775 2621 1822 2712 si

223 2758 330 2797 non
349 2748 435 2795 est
456 2711 688 2792 liberum
714 2725 1013 2789 arbitrium,
1037 2717 1304 2791 quomodo
1319 2714 1522 2787 judicat
1541 2711 1822 2768 mundum?

224 2830 460 2887 Proinde
492 2827 683 2881 librum
705 2819 789 2874 vel
815 2813 1091 2887 epistolam
1123 2824 1297 2865 meam
1316 2849 1331 2874 ,
1360 2821 1515 2908 quam
1545 2802 1821 2908 saccum'ad

220 2941 322 2981 nos
347 2927 363 2957 ⁸
388 2917 688 2991 supradicti
713 2911 1030 2972 attulerunt,
1059 2902 1349 3001 secundum
1381 2898 1518 2954 hanc
1548 2897 1704 3001 fidem
1734 2897 1820 2950 in-

216 2988 476 3087 telligitc,
493 3020 561 3068 ut
584 3021 757 3079 neque
783 3000 987 3073 negetis
1006 2994 1371 3090 Dei_gratiarn,
1399 3004 1569 3060 neque
1594 2988 1819 3090 liberum

213 3082 514 3163 arbilrium
536 3102 613 3157 sic
631 3092 949 3158 defendatis,
972 3096 1077 3144 uta
1100 3083 1193 3140 Dei
1218 3082 1383 3153 gratia
1405 3082 1683 3150 separetis,
1705 3086 1821 3132 tan-

210 3214 376 3270 quam
399 3195 531 3248 sine
557 3190 643 3245 illa
664 3186 744 3241 vel
765 3183 999 3253 cogitare
1022 3172 1325 3271 aliquidvel
1346 3185 1502 3271 agerc
1528 3167 1820 3223 secundum

211 3263 389 3346 Deum
410 3282 532 3339 ulla
555 3278 759 3335 ratione
782 3270 1082 3344 possimus;
1105 3263 1246 3335 quod
1266 3263 1612 3363 omninoﬁnon
1633 3272 1821 3363 possu-

218 3395 361 3436 mus.
394 3376 631 3444 PrOpter
657 3368 760 3423 hoc
786 3364 929 3420 enim
957 3358 1215 3453 Dominus
1238 3368 1358 3453 cum
1380 3351 1449 3408 de
1476 3351 1647 3453 fructu
1660 3351 1819 3453 justi-

222 3472 310 3527 tiae
341 3439 684 3536 loqueretur,
715 3458 789 3512 ait
816 3449 1092 3522 discipulis
1113 3448 1224 3504 suis
1253 3464 1265 3496 :
1298 3443 1423 3499 Sine
1459 3458 1538 3496 me
1566 3439 1694 3496 nihil
1725 3457 1819 3512 po-

227 3562 362 3616 testis
390 3560 560 3630 facere
589 3551 766 3623 (Joan.
795 3561 887 3611 xv,
911 3540 988 3614 5).
1021 3632 1032 3639 ⁸
1124 3630 1136 3639 _
1300 3626 1313 3639 ‘
1340 3626 1393 3639 Μ

296 3653 353 3707 ὅ.
384 3624 543 3705 Unde
570 3639 926 3712 supradictam
951 3630 1227 3703 epistolam
1251 3626 1314 3682 ad
1340 3626 1543 3682 Sixtum
1567 3624 1820 3680 Romanae

233 3740 492 3799 Ecclesiae
514 3733 879 3807 presbyterum
895 3725 991 3798 (a),
1005 3731 1190 3780 contra
1203 3732 1369 3818 novos
1382 3718 1660 3818 haereticos
1678 3715 1820 3818 Pela-

234 3834 419 3903 gianos
447 3824 700 3883 noveritis
729 3835 848 3877 esse
877 3814 1253 3883 conscriptam,
1277 3809 1365 3880 qui
1387 3807 1571 3910 dicuni
1594 3807 1818 3910 gratiam

236 3898 327 3980 Dei
367 3918 659 3979 secundum
688 3912 877 3969 merita
904 3914 1088 3962 nostra
1130 3901 1265 3967 dari,
1299 3907 1357 3954 ut
1403 3899 1493 3997 qui
1520 3898 1777 3997 gloriatur
1798 3938 1813 3963 ,

236 4030 338 4071 non
364 4014 421 4068 in
450 4008 698 4071 Domino,
716 4001 810 4059 sed
835 4000 888 4054 in
909 3997 1085 4066 seipso
1108 3991 1382 4063 glorietur,
1404 3988 1504 4087 hoc
1530 3996 1618 4087 est.
1634 3987 1689 4041 in
1715 3986 1815 4087 ho-

238 4106 397 4171 mine,
429 4117 539 4159 non
578 4099 632 4153 in
662 4092 907 4151 Domino.
948 4084 1099 4155 Quod
1129 4081 1374 4171 prohibet
1401 4077 1707 4171 Apostolus,
1732 4076 1815 4131 di-

238 4166 392 4262 cens,
434 4191 601 4247 Nemo
638 4185 881 4258 glorietur
906 4181 960 4234 in
1005 4174 1206 4230 homine
1235 4169 1289 4269 (l
1317 4168 1431 4269 lgor.
1454 4182 1553 4269 .m,
1598 4166 1661 4269 ξι
1683 4166 1816 4269 ὕει

237 4290 337 4344 alio
367 4257 518 4349 loco,
553 4257 652 4347 Qui
689 4275 955 4349 gloriatur,
1003 4261 1284 4359 inquit,_in
1312 4258 1532 4359 Domino
1576 4257 1818 4359 glorietur

240 4379 352 4445 (Id.
385 4394 424 4446 ι,
458 4373 579 4443 3t).
621 4369 697 4423 llli
724 4380 850 4422 vero
876 4356 1114 4454 haeretici
1142 4353 1404 4454 seipsos.a
1430 4353 1623 4454 seipsis
1643 4353 1817 4454 justos

240 4437 349 4526 lieri
377 4437 649 4541 putantes.
693 4457 842 4530 quasi
870 4454 973 4509 hoc
994 4452 1074 4545 eis
1112 4463 1217 4545 non
1264 4443 1469 4545 dederit
1515 4437 1815 4545 Deustsed

242 4562 334 4631 ipsi
360 4534 499 4622 sibi;
532 4570 636 4610 non
677 4550 859 4618 utique
895 4545 947 4599 in
992 4539 1237 4634 Domino,
1278 4534 1388 4634 sed
1417 4534 1472 4587 in
1517 4534 1817 4634 semetipsis

242 4622 551 4722 gloriantur.
596 4640 811 4698 Talibus
839 4635 980 4691 enim
1020 4631 1146 4686 dicit
1175 4626 1457 4725 apostolus
1488 4642 1500 4678 :
1532 4622 1658 4725 guis
1686 4622 1818 4674 enim

244 4714 286 4797 le
311 4737 588 4797 discernit?
611 4729 764 4801 Quod
784 4728 902 4783 ideo
924 4723 1070 4789 dicit,
1102 4721 1224 4791 quia
1242 4718 1308 4772 de
1328 4729 1502 4815 massa
1532 4714 1672 4815 illius
1693 4728 1816 4815 per-

245 4831 452 4889 ditionis
481 4841 598 4899 qure
628 4824 762 4879 facta
787 4825 869 4874 est
902 4831 967 4870 ex
996 4811 1187 4877 Adam,
1235 4823 1340 4864 non
1365 4805 1619 4909 discernit
1642 4804 1814 4909 homi-

246 4940 377 4992 nem,
405 4932 470 4978 ut
496 4933 616 4976 eum
645 4914 802 4970 faciat
827 4923 922 4963 vas
942 4908 994 4961 in
1023 4904 1304 4998 honorem,
1332 4912 1436 4953 non
1464 4904 1516 4951 in
1544 4904 1820 4998 contumef

246 4986 395 5082 liam',
442 5010 547 5067 nisi
600 5007 759 5062 Deus.
815 4998 920 5057 Sed
972 4993 1223 5090 quoniam
1260 4989 1439 5090 .homo
1485 4986 1717 5090 carnalis

247 5077 470 5160 inaniter
494 5099 706 5155 inﬂatus
725 5108 847 5150 cum
875 5086 1130 5151 audisset,
1173 5081 1298 5149 Quis
1323 5079 1457 5134 enim
1483 5088 1529 5131 te
1552 5077 1821 5185 discernit?

249 5210 421 5271 posset
449 5193 773 5269 respondere
810 5189 892 5244 vel
919 5199 1056 5275 voce
1068 5181 1163 5275 vel
1200 5177 1519 5275 cogitatione
1618 5172 1818 5237 dicere,

250 5270 504 5349 Discernit
542 5302 630 5343 me
669 5282 801 5339 fides
841 5293 980 5344 mea,
1026 5270 1279 5329 discernit
1321 5282 1408 5323 me
1453 5270 1623 5365 oratio
1665 5278 1818 5365 mea,

252 5384 496 5441 discernit
533 5394 619 5436 me
653 5372 856 5448 justitia
894 5383 1053 5433 mea;
1101 5378 1226 5419 mox
1268 5358 1551 5429 Apostolus
1591 5358 1823 5410 occurrit

253 5472 649 5548 cogitationibus
672 5468 788 5539 ejus
806 5474 862 5521 et
882 5462 1016 5554 dixit
1038 5477 1065 5554 ε-
1080 5456 1215 5554 Quid
1229 5453 1366 5554 enim
1387 5451 1539 5554 babes
1562 5448 1697 5551 quod
1720 5464 1821 5501 non

255 5542 521 5641 accepisti?
549 5563 609 5619 Si
638 5566 804 5615 autem
829 5551 1087 5625 accepisti,
1118 5545 1258 5644 quid
1268 5542 1524 5644 gloriaris,
1552 5542 1697 5644 quasi
1721 5554 1821 5593 non

255 5637 490 5730 acceperis
520 5655 569 5731 (1
577 5656 631 5708 d.
671 5669 746 5718 tv,
774 5647 868 5723 '1)?
896 5646 985 5702 Sic
1008 5652 1185 5697 autem
1209 5637 1502 5710 gloriantur
1533 5637 1685 5706 quasi
1714 5646 1817 5688 non

315 5775 331 5804 ¹
354 5772 488 5833 Edd.,
511 5768 581 5833 ad,
723 5771 778 5813 At
800 5770 904 5813 Mss.
931 5755 1187 5814 tredecim,
1213 5752 1278 5802 ad
1295 5762 1397 5802 nos.

311 5834 378 5899 (α)
401 5828 750 5963 ﬁngitur.
800 5888 1081 5956 Aususr.
1114 5878 1198 5946 11.

1903 713 2101 787 ίνειιίι,
2152 715 2368 785 probavi
2407 732 2504 787 per
2547 719 2845 775 testimonia
2883 733 3183 779 sanctarum
3212 726 3512 799 Scriptura-

1907 807 2068 873 ;rum,
2095 821 2213 877 qua:
2239 807 2310 862 ibi
2342 810 2563 877 potestis
2591 812 2869 881 inspicere,
2894 825 2946 870 ct
2965 816 3102 871 bona
3124 833 3284 887 opera
3306 832 3505 889 nostra,
3556 878 3560 885 ,

1909 887 1985 952 ²ει
2007 898 2123 967 pias
2149 901 2432 967 orationes,
2462 912 2518 958 et
2537 914 2731 960 rectam
2757 906 2911 961 fidem
2934 910 3078 965 nullo
3100 912 3257 967 modo
3278 913 3330 967 in
3354 916 3509 971 nobis

1928 1003 2048 1043 esse
2078 991 2311 1059 potuisse
2328 1034 2342 1057 ,
2371 993 2469 1047 nisi
2492 992 2607 1049 haec
2625 998 2985 1065 acciperemus
3010 1001 3076 1054 ab
3098 1002 3188 1056 illo
3211 1002 3279 1058 de
3303 1021 3408 1075 quo
3428 1007 3517 1061 di-.

1929 1079 2001 1133 cit
2024 1081 2293 1149 apostolus
2320 1082 2548 1139 Jacobus
2568 1127 2580 1148 ,
2612 1085 2773 1140 Omne
2800 1089 2974 1141 datum
3002 1092 3262 1160 Optimum,
3291 1103 3337 1146 ct
3363 1112 3511 1150 omne

1907 1170 2118 1242 donum
2146 1173 2421 1244 perfectum
2450 1175 2709 1231 desursum
2740 1189 2840 1245 est,
2876 1180 3178 1235 descendens
3206 1201 3239 1237 a
3263 1195 3409 1255 patre
3429 1188 3512 1241 lu-

1928 1265 2120 1318 minum
2142 1264 2349 1334 (Jacobi
2368 1282 2382 1320 l
2403 1310 2418 1335 ,
2446 1266 2556 1341 l7);
2585 1285 2652 1324 ne
2678 1271 2956 1341 quisquam
2985 1274 3125 1327 dicat
3149 1276 3355 1332 meritis
3379 1294 3511 1348 0pc-

1928 1372 2047 1411 rum
2072 1372 2288 1413 suorum
2308 1400 2324 1425 ,
2352 1360 2434 1416 vel
2458 1363 2667 1417 meritis
2696 1366 2994 1419 orationum
3023 1382 3265 1433 suarum,
3296 1370 3379 1424 vel
3401 1388 3511 1425 me-

1929 1446 2045 1502 ritis
2081 1448 2201 1503 fidei
2231 1464 2341 1505 suae
2360 1491 2374 1517 ,
2407 1452 2504 1507 sibi
2531 1454 2775 1507 traditam
2804 1455 2896 1509 Dei
2923 1458 3145 1527 gratiam
3166 1500 3182 1526 ,
3213 1471 3266 1515 et
3296 1469 3511 1531 putetur

1928 1553 2111 1593 verum
2138 1555 2259 1595 esse
2284 1542 2426 1611 quod
2456 1543 2531 1597 illi
2561 1544 2795 1599 hmretici
2824 1546 3035 1615 dicunt,
3063 1552 3285 1619 gratiam
3312 1554 3401 1607 Dei
3427 1570 3513 1625 sc-j

1928 1630 2156 1684 cundum
2179 1632 2365 1686 merita
2391 1643 2568 1688 nostra
2590 1635 2703 1689 dari
2728 1652 2742 1701 ;
2771 1639 2912 1706 quod
2936 1643 3153 1695 omnino
3173 1643 3511 1700 falsissimum

291 1733 347 1789 2.
375 1731 606 1786 Obsecro
632 1726 809 1795 itaque
828 1738 936 1787 vos,
962 1722 1163 1793 fratres,
1186 1716 1325 1772 sicut
1342 1713 1646 1769 Corinthios
1667 1711 1820 1767 obse-
1866 1748 1873 1754 ο

1928 1728 2012 1775 est
2058 1739 2072 1775 :
2121 1736 2226 1775 non
2255 1723 2375 1793 quia
2408 1725 2607 1780 nullum
2637 1737 2719 1781 est
2744 1729 3021 1799 meritum,
3054 1733 3137 1787 vel
3168 1734 3362 1790 bonum
3393 1738 3511 1805 pio-

1929 1826 2045 1865 rum
2066 1854 2081 1879 ,
2121 1813 2206 1867 vel
2244 1815 2442 1869 malum
2471 1816 2783 1887 impiorum;
2816 1820 3046 1892 alioquin
3077 1826 3345 1894 quomodo
3369 1827 3514 1897 judi-

1928 1904 2072 1958 cabit
2108 1905 2248 1959 Deus
2286 1907 2586 1962 mundum?
2618 1910 2709 1964 sed
2749 1912 3113 1969 misericordia
3149 1928 3201 1971 et
3226 1920 3391 1987 gratia
3420 1920 3514 1981 Dei

1929 1998 2187 2051 convertit
2211 1997 2503 2068 hominem,
2533 2001 2599 2056 de
2624 2017 2727 2071 qua
2755 2003 2996 2059 Psaltnus
3017 2005 3161 2072 dicit,
3187 2008 3325 2064 Deus
3350 2029 3509 2078 meus,

1927 2087 2270 2143 misericordia
2311 2092 2420 2160 ejus
2459 2094 2722 2161 ρνιευεηίει
2748 2111 2825 2148 me
2845 2093 3012 2169 (Psal.
3038 2114 3180 2167 mu,
3212 2102 3335 2171 ll);
3361 2104 3513 2173 utju-

1928 2180 2187 2235 stificetut‘
2211 2183 2421 2253 impius,
2452 2183 2554 2240 hoc
2587 2195 2668 2240 est
2693 2203 2757 2241 ex
2778 2187 2941 2258 impio
2961 2188 3051 2243 fiat
3074 2191 3269 2260 justus,
3298 2205 3354 2249 et
3380 2196 3512 2250 inci-

1929 2273 2038 2341 piat
2078 2272 2274 2331 habere
2312 2278 2556 2333 meritum
2589 2280 2781 2335 bonum
2800 2323 2813 2346 ,
2841 2283 2984 2352 quod
3010 2283 3263 2341 Dominus
3290 2302 3512 2343 corona-

1928 2364 2032 2430 bit,
2060 2367 2272 2436 quando
2295 2368 2617 2438 judicabitur
2638 2372 2885 2427 mundus.

1998 2457 2051 2511 5.
2081 2456 2240 2513 Multa
2266 2469 2417 2515 erant
2439 2476 2559 2531 qua:
2591 2462 2740 2518 vobis
2766 2465 2977 2521 mittere
3003 2468 3301 2538 cupiebam,
3322 2471 3510 2541 quibus

1929 2547 2111 2616 lectis,
2151 2558 2313 2604 totam
2343 2551 2511 2621 ipsam
2542 2568 2753 2608 causam
2778 2572 2895 2625 qua:
2923 2558 3167 2615 conciliis
3196 2561 3512 2633 episcopali-

1926 2638 2027 2694 bus
2066 2648 2179 2694 acta
2222 2653 2303 2695 est
2339 2642 2595 2698 adversus
2619 2645 2837 2700 eosdem
2861 2646 3169 2718 Pelagianos
3195 2651 3509 2724 haereticos,

1928 2729 2232 2800 diligentius
2269 2740 2326 2787 et
2347 2733 2551 2802 plenius
2575 2749 2733 2790 nosse
2753 2738 2996 2805 possetis;
3019 2739 3114 2795 sed
3133 2740 3514 2807 festinaverunt

1927 2821 2119 2878 fratres
2137 2865 2151 2888 ,
2182 2824 2269 2893 qui
2305 2840 2367 2879 ex
2410 2841 2634 2881 numero
2662 2837 2839 2883 vestro
2860 2830 2927 2884 ad
2954 2846 3053 2885 nos
3080 2846 3378 2901 venerunt,
3412 2852 3507 2905 per

1927 2929 2060 2984 quos
2096 2916 2247 2971 vobis
2286 2930 2391 2971 non
2438 2918 2807 2989 rescripsimus
2854 2920 2984 2986 ista,
3035 2923 3130 2977 sed
3178 2926 3508 2995 scripsimus.

1927 3005 2113 3060 Nullas
2156 3007 2296 3060 enim
2344 3007 2410 3061 ad
2448 3022 2544 3062 nos
2572 3017 2764 3064 vestra:
2790 3009 3073 3066 Charitatis
3098 3013 3301 3069 litteras
3324 3018 3511 3073 attule-

1927 3104 2051 3152 runt
2078 3116 2091 3151 :
2124 3106 2297 3152 tamen
2327 3100 2658 3169 suscepimus
2679 3116 2791 3169 eos,
2815 3104 3064 3172 quoniam
3082 3105 3393 3176 simplicitas
3414 3126 3509 3165 eo-

1927 3203 2044 3242 rum
2088 3188 2216 3241 satis
2256 3188 2521 3244 indicabat
2548 3189 2677 3246 nihil
2705 3193 2821 3247 illos
2856 3194 3009 3249 nobis
3038 3197 3273 3266 potuisse
3302 3201 3511 3256 conlin-

1924 3294 2070 3349 gere.
2117 3278 2242 3335 ideo
2275 3290 2451 3337 autem
2476 3282 2894 3353 festinaverunt,
2928 3295 2984 3341 ut
3007 3288 3145 3357 apud
3168 3304 3265 3345 vos
3290 3302 3513 3363 agerent

1926 3370 2126 3427 Pascha
2149 3415 2162 3440 ,
2204 3389 2308 3443 quo
2332 3374 2527 3443 possit,
2560 3375 2845 3446 adjuvante
2873 3378 3126 3447 Domino,
3156 3389 3262 3435 tam
3292 3393 3510 3439 sanctus

1925 3464 2039 3521 dies
2050 3475 2279 3521 vestram
2292 3482 2477 3537 pacem
2490 3483 2646 3537 quam
2662 3468 3047 3525 dissensionem
3061 3473 3236 3539 potius
3248 3473 3507 3531 invenire.

1996 3558 2049 3612 6.
2079 3557 2263 3612 Melius
2288 3567 2465 3612 autem
2492 3558 2659 3612 facitis
2676 3558 2838 3629 (quod
2854 3560 3073 3613 multum
3087 3563 3258 3633 rogo),
3274 3563 3315 3617 si
3335 3569 3511 3633 ipsum

1925 3666 1955 3706 a
1994 3666 2099 3723 quo
2136 3651 2320 3707 dicunt
2360 3665 2421 3705 se
2457 3649 2622 3707 fuisse
2658 3650 2929 3716 turbatos,
2969 3652 3036 3706 ad
3063 3668 3149 3707 me
3169 3655 3379 3711 mittere
3400 3673 3510 3717 non

1924 3746 2235 3819 gravemini.
2256 3746 2364 3800 Aut
2388 3744 2531 3801 enim
2560 3757 2665 3799 non
2686 3743 2930 3814 intelligit
2954 3745 3145 3800 librum
3175 3762 3381 3818 meum,
3410 3760 3504 3806 aut

1926 3840 2059 3895 forte
2095 3839 2211 3908 ipse
2247 3851 2351 3893 non
2378 3836 2711 3906 intelligitur,
2736 3837 2949 3906 quando
2974 3837 3337 3896 difficillimam
3358 3858 3506 3911 quaa-

1924 3933 2150 3986 stionem
2196 3940 2251 3986 et
2287 3931 2468 4000 paucis
2505 3929 2885 3999 intelligibilem
2930 3931 3135 3985 solvere
3173 3942 3335 4003 atque
3372 3950 3503 3991 eno-

1922 4023 2049 4078 dare
2069 4032 2309 4079 conatur.
2331 4021 2447 4092 Ipsa
2469 4029 2551 4077 est
2569 4022 2709 4077 enim
2732 4023 2954 4092 quaestio
2973 4023 3037 4077 de
3057 4025 3226 4093 gratia
3248 4026 3363 4094 Dei,
3388 4044 3507 4097 quae

1924 4115 2045 4170 fecit
2071 4124 2127 4169 ut
2154 4114 2396 4169 homines
2422 4128 2529 4168 non
2557 4112 2912 4182 intelligentcs
2939 4121 3182 4182 putarent
3202 4118 3503 4185 apostolum

1922 4206 2143 4261 Paulum
2171 4206 2349 4261 dicere
2382 4224 2394 4260 :
2425 4204 2696 4258 Faciamus
2720 4204 2874 4270 mala,
2893 4212 2946 4258 ut
2960 4206 3159 4259 veniant
3175 4208 3303 4261 bona
3320 4208 3497 4281 (Rom.

1922 4315 2012 4363 tn,
2055 4298 2134 4369 8).
2183 4296 2336 4352 Unde
2376 4297 2645 4365 apostolus
2683 4295 2870 4349 Petrus
2910 4295 2961 4350 in
3001 4297 3232 4353 secunda
3269 4299 3506 4369 Epistola

1923 4406 2017 4446 sua
2041 4433 2055 4457 ,
2090 4390 2408 4461 QuaprOpter
2430 4431 2445 4456 ,
2474 4388 2672 4458 inquit,
2700 4388 2981 4442 charissimi
3001 4432 3015 4455 ,
3040 4391 3147 4444 hinc
3161 4403 3502 4463 exspectantes

1922 4482 2132 4553 satagitc
2172 4480 2398 4535 inviolati
2444 4489 2490 4533 et
2527 4480 2836 4534 immaculati
2882 4481 3022 4551 apud
3060 4498 3174 4536 eum
3208 4487 3418 4554 reperiri
3451 4488 3507 4541 in

1924 4587 2081 4642 pace;
2123 4580 2170 4625 et
2210 4570 2411 4624 Domini
2440 4571 2596 4624 nostri
2625 4571 2918 4640 patientiam
2941 4572 3155 4625 salutem
3180 4575 3458 4631 existimate
3485 4594 3505 4633 :

1922 4667 2047 4719 sicut
2069 4672 2116 4719 et
2135 4663 2483 4718 dilectissimus
2503 4662 2659 4733 frater
2678 4673 2841 4717 noster
2863 4663 3057 4718 Paulus
3074 4706 3088 4732 ,
3105 4668 3378 4722 secundum
3394 4687 3504 4725 eam

1922 4775 2039 4831 qua:
2076 4759 2197 4811 data
2220 4766 2290 4810 est
2313 4756 2358 4810 ei
2379 4756 2696 4827 sapientiam,
2728 4757 2928 4826 scripsit
2947 4756 3100 4821 vobis,
3128 4767 3181 4810 ut
3200 4768 3246 4811 et
3268 4760 3320 4813 in
3340 4764 3505 4816 omni-

1925 4851 2014 4904 bus
2060 4848 2281 4920 epistolis
2318 4848 2524 4914 loquens
2559 4848 2613 4901 in
2636 4848 2706 4901 eis
2731 4847 2791 4900 de
2810 4847 2887 4900 Itis
2909 4864 2928 4911 ;
2950 4848 3003 4900 in
3023 4847 3201 4917 quibus
3221 4860 3337 4904 sunt
3355 4869 3503 4923 qua:-

1925 4944 2045 4996 dam
2072 4940 2294 5011 di/ficilia
2319 4939 2600 5005 intellectu,
2624 4955 2736 5008 qua:
2759 4938 2949 4991 indocti
2978 4948 3023 4991 et
3048 4940 3303 4995 instabiles
3328 4943 3497 4998 homi-

1925 5050 2011 5088 nes
2031 5040 2313 5103 pervertunt
2330 5072 2344 5097 ,
2375 5031 2501 5084 sicut
2529 5039 2575 5085 et
2600 5038 2802 5083 crateras
2824 5028 3135 5100 Scripturas,
3155 5033 3223 5086 ad
3242 5036 3506 5106 praprium

1925 5143 2072 5182 suum
2098 5126 2350 5179 interitum
2380 5122 2447 5195 (ll
2477 5121 2617 5176 Petr.
2650 5138 2731 5187 ιιι,
2761 5121 2969 5192 1446.)

1998 5223 2049 5276 7.
2081 5220 2273 5277 Cavete
2293 5232 2419 5287 ergo
2436 5215 2574 5287 quod
2597 5223 2770 5269 tantus
2787 5214 3057 5284 apostolus
3078 5225 3179 5270 tam
3198 5217 3505 5274 terribiliter

1927 5313 2088 5378 dicit;
2123 5320 2176 5367 et
2193 5309 2285 5365 ubi
2310 5306 2515 5364 sentitis
2543 5319 2637 5360 vos
2662 5319 2766 5360 non
2798 5305 3118 5375 intelligere,
3151 5308 3359 5361 interim
3386 5324 3504 5365 cro-

1925 5403 2034 5458 dite
2070 5400 2263 5457 divinis
2291 5396 2541 5467 eloquiis,
2572 5396 2695 5467 quia
2719 5406 2774 5451 et
2796 5396 3020 5451 liberum
3049 5404 3130 5450 est
3157 5395 3387 5452 hominis
3413 5414 3501 5453 ar-

1926 5493 2169 5558 bitrium,
2193 5499 2247 5546 ct
2262 5489 2430 5560 gratia
2456 5487 2571 5551 Dei,
2598 5488 2714 5542 sine
2734 5486 2882 5557 cujus
2898 5486 3160 5555 adjutorio
3178 5487 3401 5542 liberum
3418 5505 3502 5544 ar-

1925 5585 2139 5642 bitrium
2164 5596 2263 5637 nec
2288 5580 2525 5636 converti
2550 5588 2722 5649 potest
2744 5578 2810 5633 ad
2842 5578 3025 5644 Deum,
3056 5592 3155 5632 nec
3177 5580 3502 5648 proficerein

1926 5680 2053 5734 Deo.
2081 5677 2148 5731 Et
2167 5674 2304 5745 quod
2328 5673 2411 5744 pie
2430 5670 2667 5739 creditis,
2694 5680 2749 5724 ut
2770 5671 2927 5725 etiam
2952 5669 3219 5739 sapienter
3238 5670 3502 5744 intelliga-

1927 5774 1994 5829 tis
2019 5780 2184 5826 orate.
2221 5769 2279 5821 Et
2308 5766 2371 5820 ad
2408 5766 2507 5821 hoc
2544 5765 2713 5834 ipsum
2737 5762 2917 5837 enim,
2947 5761 2997 5815 id
3022 5769 3123 5829 est,
3153 5771 3208 5818 ut
3234 5764 3501 5837 sapienter

2669 5855 3139 5939 (Trente-une.)
