3990 6402
270 250 398 314 973

1480 256 1960 334 Eprsrousnuu
1998 260 2270 338 cLAssts
2302 265 2392 324 Ill.

3454 285 3562 354 971

345 367 424 423 4.
465 367 733 452 Quantum
772 383 899 455 ergo
945 370 1247 444 potuimus,
1277 370 1481 441 egimus
1503 386 1623 426 cum
1667 371 1782 428 istis
1823 381 1879 429 et
1975 372 2110 441 Cur,
2143 388 2422 467 putamus,
2462 379 2564 436 nisi
2589 381 2710 454 quia
2745 382 2816 452 ita
2860 385 2961 442 via:
2999 399 3128 468 sunt
3174 392 3329 450 bona:
3375 411 3493 469 qua:
3518 415 3552 456 ι

268 449 492 530 vestris
522 471 574 516 et
600 453 796 516 nostris
825 449 1128 542 fratribust
1154 471 1210 542 ut
1239 463 1291 518 in
1319 462 1421 518 fide
1463 481 1589 520 sana
1619 465 1875 522 catholica

269 565 683 624 perseverent:
718 571 832 632 quae
876 539 1046 628 neque
1097 539 1319 612 liberum
1361 556 1632 612 arbitrium
1684 568 1872 630 negat,

267 632 398 700 sive
430 646 486 700 in
512 645 669 700 vitam
709 645 900 700 malam
928 647 1039 701 sive
1065 647 1116 700 in
1145 647 1338 702 bonam
1360 690 1374 714 ,
1405 665 1574 718 neque
1600 658 1801 703 tantum
1825 650 1873 704 ei

269 737 480 792 tribuit
508 780 522 804 ,
554 748 611 794 ut
649 740 763 792 sine
787 740 950 809 gratia
982 739 1074 794 Dei
1114 741 1284 794 valeat
1314 741 1542 810 aliquid,
1576 741 1686 795 sive
1726 749 1783 795 ut
1810 757 1875 795 ex

267 827 432 883 malo
459 838 800 884 convertatur
827 829 876 882 in
900 827 1130 894 bonum,
1161 830 1273 884 sive
1300 840 1355 884 ut
1382 830 1433 884 in
1459 831 1597 885 bono
1628 845 1874 901 perseve-

265 931 474 975 ranter
501 921 766 992 proficiat,
801 920 913 976 sive
943 931 998 976 ut
1023 921 1088 976 ad
1120 922 1313 976 bonum
1345 923 1722 991 sempiternum
1752 940 1873 993 per-

263 1014 505 1078 veniat,
537 1013 623 1067 ubi
649 1013 758 1082 jam
790 1027 893 1067 non
925 1015 1105 1068 timeat
1133 1030 1198 1068 ne
1225 1014 1454 1069 deficiat.
1487 1015 1595 1069 Vos
1623 1032 1833 1087 quoque
1853 1058 1868 1084 ,

263 1101 619 1171 charissim,
642 1103 801 1158 etiam
832 1106 882 1158 in
915 1105 1012 1160 hac
1039 1106 1260 1177 epistola
1287 1106 1541 1162 exhortor
1565 1151 1579 1174 ,
1609 1109 1747 1177 quod
1776 1125 1872 1164 nos

261 1209 476 1251 omnes
519 1195 830 1251 exhortatur
871 1197 1191 1266 Apostolus,
1242 1215 1340 1251 non
1382 1201 1496 1269 plus
1525 1215 1702 1269 sapere
1722 1217 1872 1270 quam

259 1299 483 1358 oportet
509 1290 722 1360 sapere;
753 1290 839 1344 sed
864 1306 1037 1360 sapere
1063 1289 1130 1343 ad
1149 1293 1522 1362 temperantiam
1548 1333 1562 1358 ,
1592 1292 1719 1345 sicut
1758 1293 1872 1345 uni-

259 1383 464 1450 cuique
495 1381 632 1436 Deus
659 1382 873 1451 partitus
899 1390 970 1435 est
1008 1398 1289 1435 mensuram
1313 1383 1433 1451 fidei
1462 1380 1636 1451 (Rom.
1667 1398 1762 1448 xlt,
1792 1380 1867 1455 5).

334 1475 407 1530 5.
433 1455 726 1528 ~Attendite
751 1473 874 1544 quid
909 1488 1003 1544 per
1025 1471 1365 1528 Salomonem
1398 1482 1610 1527 moneat
1641 1473 1871 1542 Spiritus

256 1574 504 1636 sanctus
534 1583 548 1621 :
581 1565 764 1620 Reclos
788 1582 996 1630 cursus,
1041 1565 1244 1635 inquit,
1294 1565 1374 1635 fac
1403 1566 1609 1634 pedibus
1638 1566 1735 1619 tuis
1755 1606 1770 1632 ,
1823 1575 1871 1620 et

254 1659 380 1712 vias
416 1667 534 1712 tuas
576 1657 737 1728 dirige
764 1672 783 1711 :
821 1674 881 1712 ne
904 1656 1120 1710 declines
1145 1657 1197 1710 in
1225 1657 1480 1709 dexteram
1499 1697 1514 1723 ,
1538 1673 1694 1725 neque
1714 1657 1766 1709 in
1795 1658 1866 1710 si-

254 1749 534 1813 nistram;
561 1757 726 1803 averte
765 1757 931 1802 autem
977 1748 1153 1819 pedem
1181 1756 1319 1800 tuum
1363 1765 1396 1800 a
1420 1749 1501 1801 via
1543 1748 1698 1801 mala.
1752 1747 1869 1802 Vias

252 1839 417 1894 enim
460 1855 574 1912 qua:
615 1857 647 1892 a
685 1839 871 1894 dextris
909 1848 1055 1906 sunt,
1102 1838 1234 1892 novit
1282 1837 1531 1893 Dominus
1571 1855 1589 1893 :
1630 1856 1870 1910 perversa:

253 1950 392 2005 vero
423 1943 542 1988 sunt
576 1949 689 2006 qua:
715 1949 748 1986 a
773 1933 987 1987 sinistris
1022 1940 1153 1987 sunt.
1186 1930 1308 2003 Ipse
1332 1941 1498 1986 autem
1532 1943 1692 1987 rectos
1720 1932 1869 2003 faciet

251 2041 463 2079 cursus
499 2031 642 2088 tuos;
665 2023 847 2076 itinera
873 2029 1038 2076 autem
1064 2032 1149 2076 tua
1178 2023 1231 2076 in
1259 2039 1381 2093 pace
1421 2023 1658 2092 producet
1687 2022 1863 2097 (Prov.

251 2128 346 2182 tv,
390 2112 489 2179 26,
516 2112 628 2184 27).
675 2112 732 2167 In
762 2111 844 2168 his
874 2114 1054 2168 verbis
1083 2124 1276 2168 sanctae
1306 2111 1592 2182 Scripturze
1621 2113 1868 2169 conside-

250 2218 395 2260 rate
418 2248 433 2272 ,
469 2204 690 2272 fratres,
736 2205 858 2276 quia
889 2204 934 2259 si
980 2221 1082 2258 non
1115 2213 1255 2259 esset
1295 2205 1519 2260 liberum
1560 2206 1864 2272 arbitrium,

250 2311 382 2351 non
417 2295 712 2361 diceretur,
744 2293 927 2349 Rectos
956 2311 1130 2348 cursus
1168 2298 1250 2364 fac
1273 2294 1479 2364 pedibus
1503 2294 1635 2361 luis,
1681 2305 1728 2348 et
1763 2296 1868 2350 vias

251 2395 394 2441 tuas
417 2384 612 2455 dirige;
631 2401 692 2440 ne
712 2384 927 2439 declines
947 2386 999 2437 in
1028 2384 1306 2449 dexteram,
1337 2400 1491 2454 neque
1508 2385 1562 2437 in
1591 2385 1861 2439 sinistram.

250 2477 335 2533 Et
363 2487 548 2531 tamen
575 2477 690 2532 sine
715 2477 805 2531 Dei
834 2476 1001 2546 gratia
1019 2518 1033 2542 ,
1061 2477 1104 2530 si
1135 2486 1311 2546 posset
1338 2475 1437 2529 hoc
1460 2475 1572 2530 fieri
1593 2518 1607 2543 ,
1642 2492 1745 2531 non
1769 2493 1866 2546 po-

248 2580 391 2626 stea
415 2569 716 2635 diceretur,
749 2567 869 2640 Ipse
898 2578 1069 2634 autem
1097 2577 1253 2622 rectos
1282 2567 1432 2639 faciet
1455 2584 1632 2622 cursus
1653 2577 1791 2636 tuos,
1821 2579 1868 2624 et

249 2661 464 2716 itinera
486 2669 571 2713 tua
595 2661 647 2713 in
676 2676 798 2731 pace
828 2659 1084 2726 producet.

339 2751 408 2806 6.
433 2750 608 2805 Nolite
633 2765 760 2819 ergo
781 2750 1048 2804 declinare
1077 2750 1129 2802 in
1156 2747 1427 2803 dexteram
1463 2764 1635 2818 neque
1661 2750 1712 2803 in
1739 2750 1866 2806 sini-

252 2855 484 2908 stram;
532 2843 771 2913 quamvis
814 2842 1094 2896 laudentur
1122 2841 1222 2895 viae
1261 2857 1377 2910 quzc
1409 2857 1438 2895 a
1463 2841 1666 2896 dextris
1705 2852 1862 2911 sunt,

249 2946 314 2992 et.
349 2935 725 3002 vituperemur
767 2949 883 3002 quae
937 2943 1060 2986 sunt
1101 2949 1130 2987 a
1167 2932 1414 2986 sinistris.
1463 2931 1573 2987 lloc
1616 2943 1695 2986 est
1724 2934 1864 2988 enim

251 3034 504 3097 propter
528 3022 668 3093 quod
699 3022 936 3090 addidit,
968 3024 1145 3077 Averte
1172 3034 1336 3076 autem
1364 3023 1538 3092 pedem
1565 3033 1702 3076 tuum
1729 3042 1760 3076 a
1787 3027 1864 3078 via

249 3115 448 3177 ntala,
475 3113 576 3168 hoc
605 3123 685 3168 est
709 3129 738 3166 a
769 3115 977 3168 sinistra
1006 3133 1017 3166 :
1042 3115 1181 3184 quod
1237 3115 1537 3168 manifestat
1580 3117 1630 3168 in
1675 3131 1862 3170 conse-

248 3204 604 3276 quentibus,
649 3203 864 3268 dicens,
918 3204 1037 3257 Vias
1074 3205 1206 3257 enim
1248 3221 1359 3274 qua:
1395 3222 1425 3256 a
1470 3205 1660 3260 dextris
1707 3218 1862 3275 sunt,

248 3293 418 3349 novit
447 3289 694 3344 Dominus
719 3308 736 3345 .·
757 3308 999 3363 perversa
1026 3308 1138 3346 vero
1162 3303 1276 3346 sunt
1295 3309 1408 3363 qua:
1433 3311 1463 3346 a
1485 3296 1701 3350 sinistris
1728 3307 1860 3350 sunt.

251 3385 389 3440 Eas
410 3382 594 3452 utique
621 3383 731 3435 vias
756 3383 1029 3438 ambulare
1051 3383 1321 3447 debemus,
1352 3399 1484 3454 quas
1512 3387 1658 3440 novit
1685 3387 1862 3442 Domi-

254 3486 382 3529 nus
413 3489 424 3524 :
459 3469 527 3526 de
565 3473 754 3542 quibus
799 3473 848 3526 in
895 3473 1107 3528 Psalmo
1147 3475 1332 3543 legitur
1357 3517 1370 3540 ,
1415 3467 1572 3530 Novit
1614 3474 1863 3533 Dominus

256 3567 413 3618 viam
449 3563 742 3633 justorum,
773 3572 820 3617 et
849 3566 926 3617 via
974 3565 1243 3634 impiorum
1287 3566 1464 3634 peribit
1507 3565 1677 3636 (Psal.
1711 3585 1748 3636 ι,
1783 3569 1858 3642 6).

258 3653 428 3708 Hanc
457 3652 597 3706 enim
640 3669 742 3706 non
777 3653 924 3709 novit
950 3655 1237 3720 Dominus,
1269 3655 1390 3724 quia
1437 3657 1647 3712 sinistra
1691 3660 1809 3713 est'
1845 3677 1860 3712 ε

261 3745 418 3799 sicut
448 3743 688 3797 dicturus
717 3753 800 3798 est
824 3749 985 3798 etiam
1015 3745 1117 3798 illis
1145 3744 1210 3799 ad
1240 3745 1510 3800 sinistram
1540 3751 1858 3814 constitutis,

264 3829 405 3888 Non
436 3835 546 3886 novi
576 3849 659 3888 vos
688 3831 898 3907 (Matth.
929 3850 1058 3896 xxv,
1093 3835 1180 3899 12,
1211 3845 1259 3888 et
1286 3835 1408 3888 Luc.
1443 3852 1555 3901 xm,
1583 3837 1696 3908 27).
1728 3840 1860 3912 Quid

262 3934 363 3989 Crit
388 3933 566 3988 autem
591 3925 728 4003 quod
753 3926 840 3989 ille
872 3941 973 3986 non
996 3937 1162 4000 novu,
1198 3927 1484 4002 quiutique
1516 3931 1659 3988 novit
1686 3937 1863 3990 omnia

265 4013 393 4081 sive
430 4028 561 4080 bona
593 4025 897 4090 hominum,
950 4026 1060 4080 sive
1089 4025 1265 4078 mala?
1294 4025 1396 4080 Sed
1429 4025 1552 4096 quid
1579 4036 1694 4092 est,
1743 4027 1863 4081 Non

265 4131 365 4173 vos
393 4117 532 4182 novi,
562 4115 658 4170 nisi
703 4118 830 4171 tales
856 4131 950 4170 vos
976 4131 1074 4185 ego
1100 4131 1202 4169 non
1241 4113 1375 4169 feci?
1400 4115 1859 4182 Quemadmodum

269 4205 409 4263 illud
453 4207 593 4276 quod
629 4206 827 4263 dictum
857 4217 937 4261 est
963 4207 1030 4260 de
1057 4207 1171 4274 ipso
1204 4205 1426 4259 Domino
1453 4207 1576 4261 Jesu
1609 4205 1820 4261 Christo
1843 4249 1857 4272 ,

270 4299 400 4369 quia
431 4315 530 4352 non
552 4308 753 4352 noverat
772 4307 1027 4369 peccatum
1047 4296 1110 4369 (11
1133 4298 1248 4352 Cor.
1273 4313 1327 4361 v,
1358 4296 1474 4369 2i);
1503 4299 1628 4368 quid
1651 4309 1731 4353 est
1759 4316 1860 4354 non

272 4400 518 4456 noverat,
549 4390 652 4445 nisi
678 4390 797 4461 quia
824 4404 930 4444 non
957 4389 1192 4444 fecerat?
1237 4392 1312 4444 Ac
1341 4404 1436 4459 per
1462 4389 1566 4445 hoc
1603 4386 1745 4460 quod
1773 4391 1857 4445 di-

273 4492 423 4537 ctum
466 4491 547 4537 est
569 4524 584 4548 ,
642 4480 761 4535 Vias
788 4496 900 4552 qua:
926 4499 960 4535 a
983 4481 1171 4535 dextris
1200 4490 1350 4548 sunt,
1400 4483 1534 4536 novit
1573 4480 1852 4550 Dominus,

275 4573 549 4644 quomodo
583 4573 980 4641 intelligendum
1011 4584 1122 4638 est,
1171 4574 1276 4630 nisi
1298 4577 1420 4646 quia
1452 4576 1564 4646 ipse
1601 4574 1726 4630 fecit
1746 4577 1858 4632 vias

276 4663 493 4717 dextras
513 4704 529 4728 ,
558 4662 611 4716 id
639 4672 720 4717 est
743 4664 853 4718 vias
877 4666 1174 4732 justorum,
1206 4679 1322 4734 qua‘
1347 4674 1470 4719 sunt
1489 4668 1668 4735 utique
1695 4682 1856 4736 opera

277 4753 418 4828 bona
444 4795 457 4818 ,
489 4769 602 4826 qua
621 4756 921 4826 praeparavit
946 4755 1118 4823 Deus,
1147 4755 1284 4810 sicut
1309 4757 1432 4812 dicit
1460 4759 1772 4827 Apostolus,
1803 4768 1858 4813 ut

277 4844 334 4899 in
358 4843 461 4900 illis
487 4845 798 4900 ambulemus
824 4842 1002 4917 (Eph.
1028 4863 1085 4913 tt,
1112 4845 1237 4918 10)?
1263 4847 1388 4902 Vias
1407 4857 1584 4904 autem
1615 4849 1856 4905 sinistras

283 4950 558 5004 perversas
577 4977 590 5000 ,
633 4936 683 4990 id
717 4944 800 4992 est
823 4936 934 4991 vias
969 4937 1250 5005 impiorum
1272 4976 1288 5003 ,
1330 4951 1435 4991 non
1465 4937 1644 5007 utique
1669 4940 1851 5006 novit,

279 5027 402 5098 quia
429 5044 532 5082 non
558 5043 650 5084 eas
677 5029 789 5100 ipse
829 5025 953 5084 fecit
991 5027 1220 5095 homini,
1249 5028 1346 5084 sed
1371 5027 1530 5084 homo
1558 5031 1654 5086 sibi
1686 5050 1698 5085 ε
1732 5047 1854 5102 pro-

280 5127 397 5188 pter
420 5118 560 5188 quod
587 5118 748 5185 dicit,
784 5117 930 5171 0divi
955 5128 1120 5173 autem
1147 5135 1236 5190 ego
1273 5135 1529 5191 perversos
1555 5123 1661 5176 vias
1687 5123 1854 5176 malo-

280 5224 391 5263 rum
411 5251 426 5274 ,
457 5211 583 5279 ipsa?
605 5219 722 5264 sunt
746 5228 776 5262 a
799 5211 1036 5266 sinistris.

347 5304 402 5356 7.
433 5301 541 5358 Sed
579 5303 929 5372 respondetur
955 5305 1108 5358 nobis
1131 5346 1146 5368 ,
1177 5305 1284 5359 Cur
1305 5320 1432 5375 ergo
1457 5306 1617 5370 dixit,
1651 5307 1734 5361 Nc
1761 5309 1849 5362 de-

281 5395 432 5448 clines
456 5395 508 5448 in
537 5393 790 5449 dexteram
808 5436 824 5461 ,
852 5411 1006 5464 neque
1029 5395 1080 5448 in
1105 5395 1389 5463 sinistram;
1419 5413 1538 5452 cum
1574 5401 1745 5468 potius
1774 5400 1851 5453 di-

281 5497 400 5538 cere
428 5483 676 5538 debuisse
703 5484 944 5540 videatur
962 5525 978 5549 ,
1006 5483 1154 5539 Tene
1178 5484 1449 5540 dexteram
1470 5529 1485 5553 ,
1512 5498 1567 5543 et
1596 5505 1661 5542 ne
1686 5490 1852 5544 decil-

245 5637 249 5644 ‘
280 5585 375 5648 nes
399 5572 454 5626 in
479 5574 743 5627 sinistram
764 5590 780 5638 ;
801 5573 850 5629 si
865 5573 1016 5628 bonrc
1034 5582 1156 5627 sunt
1178 5575 1276 5627 vire
1302 5592 1413 5645 qius
1438 5593 1468 5632 τι
1489 5577 1686 5634 dextris
1706 5581 1852 5634 sunt?

341 5688 364 5718 ι
392 5688 505 5736 Β.
523 5683 614 5750 eL,
639 5687 882 5750 Halitus,
904 5699 1016 5749 quae
1035 5700 1069 5738 a
1088 5685 1283 5737 sinistra
1303 5691 1392 5736 est.

1980 466 2181 523 dextris
2211 477 2360 534 sunt,
2394 461 2449 525 ut
2475 473 2528 526 in
2555 473 2826 530 dexteram
2857 466 3032 534 tamen
3057 481 3325 543 declinare
3349 461 3455 543 non
3483 489 3552 544 sit

1983 558 2224 614 bonum?
2254 561 2527 619 Declinare
2570 566 2763 637 quippe
2815 569 2903 625 ille
2942 581 3025 627 est
3069 558 3442 648 intelligendus
3493 582 3549 638 in

1979 650 2252 708 dexteram
2274 698 2287 719 ,
2314 658 2402 726 qui
2435 657 2569 712 bona
2599 659 2710 728 ipsa
2740 676 2900 731 Opera
2925 707 2940 731 ,
2972 681 3090 735 quas
3118 667 3187 722 ad
3212 669 3325 736 vias
3363 672 3552 731 dexte-

1979 759 2066 798 ras
2094 748 2387 815 pertinent,
2415 750 2514 804 sibi
2545 751 2655 806 vult
2697 753 2998 825 assignare,
3031 775 3136 814 non
3168 744 3296 817 Deo.
3334 763 3400 819 Et
3433 766 3539 824 idet;

1979 850 2100 890 cum
2128 837 2381 906 dixisset,
2397 836 2516 895 Vias
2537 844 2667 896 enim
2688 861 2799 912 qua:
2826 864 2857 899 a
2889 847 3076 903 dextris
3101 859 3218 906 sunt
3239 894 3254 918 ,
3277 855 3414 910 novit
3438 854 3522 913 Do

1978 927 2143 981 minus
2174 944 2192 981 :
2222 946 2464 1000 perversae
2497 942 2662 986 autem
2690 945 2804 989 sunt
2828 954 2940 1006 qum
2964 956 2996 991 a
3018 939 3234 996 sinistris
3263 958 3376 998 sunt
3400 962 3421 1012 ;
3441 955 3557 1003 tan-
3631 1003 3634 1006 .

1977 1035 2132 1089 quam
2176 1021 2442 1077 diceretur
2466 1023 2514 1080 ei
2532 1065 2546 1089 ,
2591 1027 2870 1092 Quomodo
2899 1045 3025 1100 ergo
3054 1018 3162 1094 non
3187 1034 3267 1090 vis
3293 1019 3351 1092 ut
3389 1036 3555 1098 decli-

1975 1124 2166 1164 nemus
2205 1112 2270 1166 ad
2300 1113 2605 1182 dexteram;
2651 1126 2864 1174 secutus
2905 1121 3172 1192 adiunxit,
3224 1112 3345 1194 Ipse
3386 1139 3554 1185 autem

1974 1210 2135 1255 rectos
2156 1204 2306 1272 faciet
2333 1221 2507 1259 cursus
2533 1215 2681 1271 tuos;
2703 1209 2883 1262 itinera
2911 1222 3076 1266 autem
3101 1223 3185 1268 tua
3206 1216 3257 1269 in
3281 1234 3403 1286 pace
3429 1197 3549 1290 pro?

1975 1289 2139 1382 ducet.
2189 1290 2276 1349 Sic
2307 1310 2432 1365 ergo
2461 1296 2723 1368 intellige,
2755 1300 2894 1370 quod
2935 1303 3026 1357 tibi
3077 1316 3399 1378 praeceptum
3432 1289 3549 1382 est,

1974 1378 2156 1437 Rectos
2189 1401 2364 1440 cursus
2397 1391 2482 1458 fac
2507 1388 2716 1458 pedibus
2747 1392 2875 1460 tuis,
2907 1401 2956 1446 et
2980 1397 3086 1450 vias
3121 1406 3231 1450 tuas
3258 1399 3418 1472 dirige
3439 1444 3454 1468 ,
3492 1378 3552 1460 ut

1975 1474 2220 1540 noveris,
2253 1491 2373 1529 cum
2403 1477 2507 1532 hoc
2540 1476 2702 1547 facis,
2744 1496 2773 1536 a
2801 1483 3023 1540 Domino
3049 1488 3158 1542 Deo
3189 1473 3283 1545 tibi
3312 1494 3549 1562 przcstari

1974 1573 2029 1618 ut
2059 1563 2159 1619 hoc
2186 1567 2344 1621 facias
2369 1586 2383 1635 ;
2415 1578 2593 1625 etnon
2620 1571 2910 1630 declinabis
2934 1579 2998 1631 ad
3026 1578 3296 1637 dexteram
3315 1627 3330 1651 ,
3365 1600 3550 1654 quam-

1972 1653 2052 1708 vis
2078 1655 2318 1712 ambules
2343 1660 2395 1712 in
2422 1661 2520 1714 viis
2548 1660 2748 1718 dextris
2766 1705 2781 1729 ,
2827 1680 2934 1721 non
2964 1671 3236 1726 conlidens
3278 1675 3328 1729 in
3355 1653 3548 1734 virtute

1972 1752 2059 1799 tua
2094 1763 2107 1800 :
2139 1756 2192 1802 et
2222 1748 2334 1818 ipse
2365 1751 2464 1804 erit
2493 1751 2659 1807 virtus
2699 1764 2812 1820 tua,
2858 1757 2945 1828 qui
2988 1742 3157 1815 rectos
3175 1760 3324 1832 faciet
3371 1782 3546 1822 cursus

1971 1843 2084 1890 tuos
2105 1879 2119 1902 ,
2152 1846 2198 1891 et
2220 1838 2401 1893 itinera
2420 1849 2507 1895 tua
2529 1843 2580 1896 in
2604 1861 2730 1914 pace
2762 1848 3020 1916 producet.

2044 1930 2097 1982 8.
2139 1926 2503 2000 Quapropter,
2537 1933 2898 2003 dilectissimi,
2921 1941 3238 2014 quicumque
3262 1943 3408 2010 dicit,
3441 1946 3548 2004 Vo-

1971 2017 2149 2072 luntas
2170 2035 2286 2074 mea
2319 2021 2444 2075 mihi
2471 2023 2666 2079 sufficit
2693 2027 2756 2079 ad
2783 2026 3020 2084 facienda
3051 2047 3210 2101 opera
3235 2032 3372 2090 bona
3393 2078 3408 2101 ,
3451 2039 3547 2094 de-

1969 2108 2131 2163 clinat
2155 2110 2206 2164 in
2234 2110 2526 2169 dexteram.
2575 2114 2680 2170 Sed
2706 2131 2888 2171 rursus
2912 2119 2986 2174 illi
3027 2123 3114 2190 qui
3145 2132 3328 2191 putant
3355 2125 3546 2184 bonam

1969 2201 2129 2255 vitam
2160 2218 2278 2257 esse
2317 2205 2695 2271 deserendam,
2724 2210 2935 2278 quando
2964 2212 3181 2269 audiunt
3210 2214 3287 2271 sic
3311 2217 3404 2273 Dei
3430 2235 3548 2290 gra-

1970 2293 2095 2347 tiam
2123 2296 2430 2363 pracdicari,
2463 2307 2519 2352 ut
2546 2289 2796 2355 credatur
2821 2312 2874 2358 et
2905 2304 3230 2375 intelligatur
3251 2289 3548 2369 Voluntates

1969 2382 2242 2439 hominum
2267 2388 2378 2456 ipsa
2407 2403 2470 2442 ex
2498 2392 2648 2444 malis
2673 2391 2836 2446 bonas
2862 2394 3064 2460 facere,
3088 2394 3201 2464 ipsa
3229 2400 3386 2454 etiam
3414 2417 3544 2472 quas

1968 2473 2154 2529 fecerit
2174 2477 2460 2543 custodire,
2489 2488 2539 2533 et
2559 2490 2834 2549 propterea
2863 2483 3061 2548 dicunt,
3087 2484 3358 2544 Faciamus
3384 2492 3540 2561 mala,

1968 2573 2023 2617 ut
2052 2567 2250 2618 veniant
2279 2568 2407 2620 bona
2435 2567 2605 2641 (Rom.
2635 2586 2710 2636 ut,
2743 2571 2834 2644 8);
2868 2573 2920 2626 in
2946 2574 3211 2631 sinistram
3255 2579 3540 2638 declinant.

1972 2653 2094 2709 Ideo
2117 2657 2266 2710 vobis
2289 2657 2457 2724 dixit,
2493 2659 2614 2713 Non
2652 2663 2906 2717 declinetis
2930 2666 2982 2718 in
3006 2666 3282 2733 dexteram,
3316 2687 3472 2742 neque
3489 2675 3542 2727 in

1967 2746 2222 2800 sinistram
2247 2788 2260 2810 ,
2295 2747 2395 2802 hoc
2422 2760 2498 2803 est
2527 2791 2540 2814 ,
2573 2765 2678 2805 non
2717 2753 2793 2804 sic
2815 2753 3112 2809 defendatis
3151 2756 3375 2814 liberum
3398 2763 3542 2818 arbi-

1969 2835 2125 2888 trium
2153 2878 2165 2899 ,
2193 2844 2249 2890 ut
2274 2837 2322 2891 ei
2347 2839 2478 2892 bona
2506 2855 2666 2909 opera
2696 2842 2809 2896 sine
2830 2843 2922 2896 Dei
2942 2846 3108 2914 gratia
3142 2847 3418 2916 tribuatis;
3447 2867 3542 2908 nec

1968 2925 2044 2979 sic
2068 2926 2364 2981 defendatis
2402 2931 2624 2999 gratiam
2644 2971 2658 2997 ,
2690 2941 2745 2985 ut
2772 2934 2919 3001 quasi
2946 2934 3013 2989 de
3039 2936 3126 2990 illa
3149 2941 3320 2992 securi
3345 2981 3359 3007 ,
3401 2943 3540 2997 mala

1968 3029 2126 3084 opera
2157 3016 2385 3086 diligatis
2413 3035 2428 3072 :
2460 3021 2598 3088 quod
2631 3022 2742 3090 ipsa
2771 3025 2934 3091 gratia
2967 3025 3060 3080 Dei
3083 3037 3287 3083 avertat
3313 3044 3340 3083 a
3372 3032 3537 3087 vobis.

1969 3105 2174 3159 Talium
2212 3109 2407 3176 quippe
2444 3111 2604 3165 verba
2633 3113 2732 3166 sibi
2772 3129 3080 3184 proponens
3118 3120 3405 3190 Apostolus
3433 3127 3540 3192 ait,

1971 3193 2106 3260 Quid
2128 3211 2248 3265 ergo
2267 3199 2489 3253 dicemus
2502 3201 2529 3255 ν
2555 3205 2953 3272 permanebimus
2978 3208 3032 3262 in
3052 3220 3271 3280 peccato,
3297 3222 3357 3268 ut
3381 3217 3545 3287 gratia

1966 3288 2224 3345 abundet?
2268 3300 2426 3362 atque
2468 3293 2554 3348 bis
2594 3298 2769 3352 verbis
2802 3298 3076 3357 hominum
3127 3307 3449 3374 errantium,
3491 3319 3546 3367 et

1968 3378 2062 3468 Dei
2088 3383 2312 3449 gratiam
2341 3397 2445 3438 non
2471 3386 2907 3458 intelligentium,
2940 3395 3212 3466 respondit
3240 3407 3295 3453 ut
3319 3399 3502 3455 debuit
3522 3444 3537 3468 ,

1966 3466 2169 3537 dicens,
2201 3473 2361 3526 Absit.
2387 3474 2450 3529 Si
2463 3478 2596 3530 enim
2619 3481 2802 3536 mortui
2826 3498 3002 3539 sumus
3027 3497 3229 3556 peccato
3245 3529 3258 3553 ,
3281 3466 3539 3558 quomoda

1964 3561 2184 3617 vivemus
2209 3565 2263 3621 in
2289 3581 2348 3622 co
2381 3566 2488 3641 (Id.
2519 3587 2593 3638 vr,
2625 3575 2686 3639 1,
2713 3574 2796 3644 2)?
2820 3575 2959 3629 Nihil
3001 3579 3170 3646 potuit
3197 3576 3303 3634 dici
3328 3581 3544 3637 brevius

1967 3661 2021 3706 et
2045 3656 2258 3714 melius.
2299 3661 2436 3728 Quid
2475 3664 2618 3718 enim
2645 3665 2800 3720 nobis
2822 3669 2990 3736 gratia
3018 3669 3112 3724 Dei
3139 3671 3316 3726 utilius
3338 3675 3544 3730 confert

1966 3747 2020 3806 in
2050 3751 2150 3808 hoe
2179 3757 2425 3823 praesenti
2473 3758 2666 3812 saeculo
2697 3759 2959 3830 maligno,
3014 3763 3118 3817 nisi
3166 3771 3223 3818 ut
3250 3767 3542 3824 moriamur

1967 3848 2227 3914 peccato?
2255 3847 2334 3902 Ac
2358 3863 2454 3917 per
2481 3849 2583 3904 hoc
2613 3849 2712 3918 ipsi
2738 3852 2922 3920 gratiae
2945 3853 3241 3910 invenietur
3268 3844 3536 3927 ingratus,

1965 3936 2052 4004 qui
2086 3947 2300 4005 propter
2328 3938 2470 3992 illam
2500 3940 2612 3995 vult
2654 3942 2830 3995 vivere
2869 3944 2919 3996 in
2964 3955 3209 4012 peccato,
3261 3962 3358 4018 per
3381 3966 3538 4019 quam

1967 4027 2225 4081 morimur
2249 4037 2484 4096 peccato.
2519 4030 2657 4084 Deus
2693 4041 2868 4086 autem
2911 4034 3002 4103 qui
3029 4035 3176 4091 dives
3201 4045 3281 4092 est
3304 4039 3357 4092 in
3379 4039 3540 4096 mise-

1967 4117 2228 4185 ricordia,
2259 4119 2350 4175 det
2367 4121 2520 4176 vobis
2560 4129 2614 4175 et
2635 4137 2820 4177 sanum
2845 4138 3064 4192 sapere,
3099 4135 3153 4180 et
3177 4141 3344 4197 usque
3385 4131 3435 4184 in
3469 4131 3533 4184 fi-

1964 4221 2092 4262 nem
2136 4208 2470 4278 prolicienter
2505 4212 2557 4264 in
2589 4211 2730 4266 bono
2753 4214 3024 4282 proposito
3050 4230 3382 4284 permanere.
3423 4219 3536 4276 Hoc

1965 4314 2064 4368 pro
2086 4300 2234 4355 vobis
2257 4340 2274 4368 ,
2307 4301 2408 4356 hoc
2439 4318 2534 4372 pro
2575 4292 2758 4370 nobis,
2805 4304 2906 4358 hoe
2931 4320 3030 4374 pro
3052 4307 3300 4364 omnibus
3323 4309 3412 4378 qui
3439 4323 3534 4365 vos

1964 4388 2183 4459 diligunt
2203 4433 2218 4457 ,
2247 4400 2301 4445 et
2327 4406 2423 4460 pro
2448 4393 2527 4447 eis
2542 4393 2632 4462 qui
2652 4406 2747 4447 vos
2767 4393 3012 4461 oderunt,
3046 4395 3306 4452 instanter
3325 4399 3380 4453 in
3403 4416 3532 4470 pace

1964 4477 2193 4535 fraterna
2228 4490 2280 4536 et
2305 4482 2584 4552 vigilanter
2609 4493 2775 4538 orate.
2819 4486 2932 4540 Deo
2959 4488 3165 4542 vivatis.
3211 4488 3266 4544 Si
3313 4493 3437 4560 quid
3465 4493 3538 4549 de

1963 4569 2113 4624 vobis
2138 4586 2348 4628 mereor
2364 4613 2380 4639 ,
2408 4574 2584 4628 veniat
2608 4574 2674 4628 ad
2699 4591 2782 4630 me
2810 4576 2973 4632 frater
2998 4578 3205 4634 Florus.

2367 4663 2695 4739 EPlSTOLA
2734 4665 2956 4739 CCXVI.
2995 4671 3010 4689 ⁵

1975 4728 2264 4784 Valentinus
2296 4733 2578 4802 Augustino
2598 4775 2612 4798 ,
2651 4738 2944 4790 renuntiatis
2971 4728 3082 4807 qua:
3096 4728 3349 4792 exstiterit
3376 4757 3530 4796 causa

2031 4819 2226 4874 dissidii
2246 4863 2260 4886 ,
2289 4822 2431 4892 quive
2452 4833 2679 4878 auctores
2698 4826 2938 4880 tumultus
2955 4828 3006 4880 in
3031 4844 3122 4880 suo
3147 4831 3401 4895 cwnobio;
3424 4842 3528 4888 tum

2030 4909 2292 4964 declarans
2316 4912 2468 4980 fiderit
2495 4931 2639 4968 suam
2665 4916 2727 4970 de
2750 4915 2902 4970 libero
2936 4917 3139 4972 arbitrio
3163 4927 3211 4974 et
3243 4920 3306 4984 de
3325 4920 3532 4991 justitia

2029 4997 2125 5052 Dei
2150 5004 2545 5068 remunerantis;
2588 5021 2647 5058 ac
2691 5006 2899 5075 denique
2944 5004 3192 5075 Florum,
3242 5027 3388 5080 quem
3433 5014 3532 5084 ipsi

2030 5087 2209 5155 mittit,
2240 5091 2302 5144 ab
2327 5094 2509 5148 erroris
2530 5095 2810 5166 suspicione
2828 5095 3064 5150 liberans.

1959 5179 2184 5235 Domino
2228 5197 2354 5237 vere
2393 5193 2604 5249 sancto,
2649 5199 2712 5238 ac
2758 5185 2913 5240 nobis
2953 5188 3328 5247 venerabiliter
3366 5209 3526 5262 super

2028 5273 2202 5325 omnia
2258 5261 2610 5342 praeferendo,
2659 5280 2713 5328 et
2767 5275 2850 5345 pia
2900 5279 3248 5336 exsultatione
3298 5283 3524 5338 colendo

2029 5365 2334 5419 beatissimo
2381 5381 2525 5434 papa:
2573 5367 2906 5433 Aucusrmo,
2955 5369 3290 5427 nummus
3336 5389 3523 5430 servus

2030 5465 2134 5508 tum
2161 5454 2482 5521 Sanctitatis,
2515 5465 2569 5510 et
2593 5458 2765 5512 omnis
2783 5463 3116 5530 congregatio
3141 5479 3259 5532 quae
3282 5465 3384 5519 tuis
3406 5479 3527 5521 ora-

2018 5568 2038 5631 ‘_
2061 5569 2312 5631 Emendata
2335 5569 2392 5616 ad
2415 5566 2478 5617 cl.
2495 5570 2534 5631 j.
2557 5571 2634 5619 sl).
2656 5585 2704 5621 γ.
2735 5581 2787 5622 et.
2807 5579 2916 5624 Lor.

2018 5629 2092 5703 (ᾳ)
2116 5630 2241 5703 ια.Ιίθῆ
2259 5630 2347 5678 9:53
2372 5645 2382 5676 :
2402 5645 2466 5694 qu
2485 5629 2509 5680 e
2526 5639 2690 5682 autem
2706 5633 2942 5696 216mm,
2953 5648 3078 5686 nunc
3093 5634 3171 5687 85.
3185 5644 3370 5700 Scripta
3387 5639 3540 5703 paulo

1958 5700 2065 5754 post.
2083 5695 2376 5754 superiores.
