4024 6376
478 292 585 357 975

547 412 783 470 tionibus
802 421 1013 466 mecum
1032 412 1213 477 sperat
1237 402 1290 459 in
1316 402 1563 466 Domino,
1595 397 1844 454 salutem.

545 508 600 561 1.
643 499 959 559 Venerabilia
983 498 1195 567 scripta,
1227 504 1275 551 et
1304 492 1487 549 librum
1507 501 1609 546 tute
1632 488 1929 545 Sanctitatis
1948 529 1962 554 ,
1990 488 2064 542 ita

474 594 797 652 tremebunda
824 590 975 647 corde
1018 588 1328 659 suscepimus
1347 628 1363 652 ,
1390 593 1445 638 ut
1484 584 1615 638 sicut
1652 581 1827 637 beatus
1878 579 2022 634 Elias
2042 621 2057 647 ,

474 708 591 745 cum
618 690 670 743 in
690 687 943 759 spelunca
970 683 1140 738 limine
1163 688 1348 744 staret,
1373 678 1553 748 faciem
1580 692 1727 731 suam
1760 674 1925 746 gloria
1948 671 2062 727 Do-

472 780 599 837 mini
627 786 913 834 transeunte
938 773 1152 835 velavit;
1188 771 1261 823 ita
1286 785 1377 823 nos
1405 768 1698 838 objurgatos
1737 766 1908 819 oculos
1935 763 2063 817 texi-

470 888 585 925 mus
603 910 618 937 ,
646 870 763 939 quia
785 883 873 937 per
897 862 1222 919 rusticitatem
1247 863 1463 932 fratrum
1484 866 1769 911 nostrorum
1791 863 1959 908 nostro
1970 852 2065 923 ju-

466 964 604 1019 dicio
629 959 948 1023 erubuimus,
979 969 1191 1026 quorum
1237 950 1531 1004 inordinata
1575 946 1885 1018 profectione
1923 952 2062 996 tuam

469 1054 741 1108 meruimus
765 1047 1129 1104 Beatitudinem
1156 1044 1415 1107 salutare;
1440 1043 1560 1111 quia
1583 1050 1775 1110 tempus
1806 1037 2063 1107 loquendi,

470 1154 519 1199 et
548 1154 740 1212 tempus
771 1137 1002 1204 tacendi,
1044 1152 1106 1190 ne
1134 1136 1253 1189 dum
1281 1150 1370 1204 per
1390 1131 1677 1184 dubitantes
1702 1140 1748 1183 et
1770 1129 1832 1182 de
1862 1128 2066 1181 veritate

469 1240 772 1309 fiuctuantes
792 1231 1137 1293 scriberemus,
1169 1229 1233 1282 de
1256 1226 1401 1281 dictis
1426 1225 1687 1295 sapientia
1713 1233 1831 1289 tute,
1854 1236 1966 1291 qum
1994 1229 2065 1274 est

468 1330 599 1384 sicut
628 1326 793 1397 angeli
813 1323 912 1379 Dei
933 1366 946 1389 ,
980 1320 1210 1375 dubitare
1237 1336 1350 1373 cum
1380 1316 1723 1371 dubitantibus
1758 1314 2062 1368 videremur.

471 1422 594 1478 Non
612 1422 744 1476 enim
772 1427 878 1473 erat
895 1416 1035 1471 nobis
1062 1413 1400 1469 necessarium
1426 1412 1739 1480 interrogare
1768 1409 1830 1461 de
1850 1408 2064 1461 beatitu-

470 1518 617 1586 a'ine,
649 1527 695 1572 et
738 1517 801 1571 de
830 1514 1082 1585 sapientia
1112 1522 1200 1566 tua
1220 1552 1232 1575 ,
1264 1526 1377 1581 qua:
1416 1518 1488 1563 est
1524 1506 1665 1560 nobis
1706 1516 1824 1559 nata
1852 1520 1939 1574 per
1967 1502 2064 1557 Dei

470 1611 706 1681 gratiam.
754 1607 894 1661 Nam
936 1606 1003 1659 ad
1046 1605 1227 1659 librum
1257 1601 1606 1655 dulcissimum
1638 1596 1935 1651 Sanctitatis
1966 1604 2066 1650 tute

470 1702 544 1754 ita
583 1716 757 1753 sumus
794 1697 1031 1752 alacriter
1044 1693 1354 1765 jucundati,
1384 1699 1437 1744 ut
1462 1692 1588 1744 sicut
1618 1687 1844 1758 Apasloli
1886 1686 2063 1739 Domi-

471 1807 592 1846 num
617 1800 727 1863 post
760 1787 1177 1843 resurrectionem
1220 1781 1550 1854 prandentem
1576 1795 1745 1833 secum
1788 1794 1889 1831 non
1911 1777 2066 1831 aude-

474 1886 593 1939 bant
633 1887 946 1952 interrogare
980 1879 1092 1951 quis
1141 1885 1299 1939 esset;
1341 1874 1562 1928 sciebant
1596 1873 1729 1926 enim
1755 1871 1874 1941 quia
1914 1870 2065 1924 Jesus

473 1984 545 2029 est
568 1973 741 2045 (Joan.
770 1987 886 2037 XXI,
930 1968 1023 2040 12)
1050 1987 1061 2021 :
1103 1967 1175 2020 ita
1205 1974 1251 2019 et
1277 1980 1367 2018 nos
1398 1979 1486 2016 nec
1513 1961 1761 2016 voluimus
1783 2002 1796 2025 ,
1838 1977 1927 2015 nec
1952 1960 2064 2013 ausi

472 2084 646 2122 sumus
668 2066 979 2135 interrogare
993 2060 1056 2115 de
1082 2060 1207 2114 libro
1225 2100 1240 2123 ,
1264 2066 1431 2110 utrum
1454 2064 1552 2109 tua:
1577 2053 1876 2108 Sanctitatis
1902 2060 2065 2117 esset;

472 2175 588 2212 cum
607 2158 721 2228 ipsa
755 2154 983 2224 ﬁdelium
1006 2150 1172 2223 gratia
1195 2162 1308 2219 qua:
1326 2148 1341 2178 ¹
1373 2147 1427 2199 in
1450 2162 1508 2199 eo
1526 2144 1795 2199 liberaliter
1814 2159 2067 2197 commen-

472 2251 653 2316 datur,
685 2248 828 2302 nobis
864 2255 1036 2312 tuum,
1066 2242 1269 2297 domine
1291 2249 1465 2294 sancte
1497 2254 1634 2307 papa
1657 2278 1671 2303 ,
1696 2236 1905 2307 eloquiis
1926 2236 2063 2289 viva-

473 2341 687 2397 s‘issimis
712 2346 1031 2395 contestatur.

545 2435 601 2489 2.
634 2430 950 2503 Incipiamus
973 2438 1143 2483 autem
1161 2471 1174 2495 ,
1204 2426 1404 2481 domine
1428 2424 1711 2478 beatissime
1725 2439 1877 2494 papa,
1906 2422 2068 2492 ipsius

474 2525 705 2579 ordinem
726 2519 1114 2593 perturbationis
1136 2534 1404 2589 exponere.
1436 2514 1775 2572 Charissimus
1800 2518 1956 2585 frater
1979 2530 2068 2567 no-

475 2626 578 2671 ster
605 2614 793 2669 Florus
814 2629 982 2669 servus
1006 2610 1335 2665 Paternitatis
1361 2617 1461 2662 tute
1480 2649 1494 2674 ,
1528 2624 1645 2661 cum
1664 2605 1732 2659 ad
1767 2604 2068 2660 Uzalensem

476 2707 695 2777 patriam
731 2705 906 2774 fuisset
952 2702 1194 2757 suadente
1234 2699 1481 2752 charitate
1506 2700 1797 2769 profectus,
1844 2695 2070 2765 eulogias

475 2797 767 2852 monasterii
794 2797 815 2827 ²
852 2795 983 2849 inter
1006 2808 1113 2847 suae
1138 2790 1352 2845 civitatis
1372 2804 1539 2842 moras
1561 2828 1575 2853 ,
1602 2787 1664 2840 de
1688 2785 1943 2858 opusculis
1974 2800 2068 2839 no-

477 2890 551 2944 bis
592 2898 698 2944 tute.
730 2887 896 2941 attulit
942 2883 1243 2940 Sanctitatis
1264 2923 1278 2946 ,
1312 2898 1413 2935 uno
1445 2883 1604 2951 fratre
1647 2876 1820 2931 Felice
1844 2920 1857 2944 ,
1889 2878 1975 2949 qui
2003 2876 2071 2930 ad

477 2993 617 3037 tuam
644 2981 975 3037 Sanctitatem
1000 2976 1143 3030 tarde
1164 2983 1275 3046 post
1299 2974 1501 3027 comites
1524 2988 1642 3026 suos
1671 2970 1860 3025 venisse
1887 2970 2070 3041 digno-

476 3075 636 3129 scitur
654 3114 671 3140 ,
715 3073 942 3127 eumdem
969 3070 1154 3124 librant
1182 3069 1355 3122 devote
1374 3066 1626 3130 dictante;
1671 3074 1875 3118 ventum
1907 3073 1978 3117 est
2004 3063 2071 3115 ad

478 3164 836 3219 monasterium
857 3178 973 3215 cum
1000 3159 1174 3215 eodem
1212 3158 1411 3222 libello,
1448 3159 1605 3227 fratre
1632 3154 1792 3209 Floro
1841 3154 1909 3208 ad
1946 3153 2072 3208 Car-

480 3255 737 3325 thaginem
766 3252 828 3306 de
859 3249 1097 3308 Uzalensi
1124 3249 1324 3303 civitate
1366 3250 1610 3318 profecto.
1642 3245 1775 3299 Mihi
1800 3263 1905 3314 non
1928 3262 2073 3300 mon-

478 3355 638 3401 strato
664 3343 792 3399 libro
812 3384 828 3411 ,
868 3340 1113 3411 imperitis
1141 3338 1384 3411 fratribus
1418 3338 1631 3391 recitare
1658 3345 1912 3406 coeperunt
1938 3353 1956 3401 ;
1986 3335 2072 3405 qui

478 3435 813 3508 quarumdam
849 3449 951 3487 nan
987 3430 1376 3503 intelligentium
1424 3427 1582 3481 corda
1609 3426 1870 3481 commovit
1892 3468 1905 3493 ,
1953 3428 2072 3496 quia

479 3546 597 3583 cum
622 3528 806 3582 diceret
829 3524 1079 3579 Dominus
1105 3541 1124 3575 ί
1163 3522 1262 3589 Qui
1303 3537 1403 3575 non
1443 3519 1823 3574 manducaverit
1870 3537 2072 3573 carnem

478 3621 575 3690 filii
604 3618 840 3685 hominis,
869 3634 1027 3688 neque
1052 3616 1225 3671 biberit
1251 3614 1549 3684 sanguinem
1574 3616 1683 3683 ejus
1701 3655 1715 3679 ,
1747 3629 1846 3666 non
1876 3613 2073 3667 habebit

478 3711 634 3764 vitam
648 3712 700 3764 in
714 3709 982 3779 semetipso
1016 3726 1035 3759 ι
1066 3706 1176 3777 (Id.
1196 3720 1274 3772 γι,
1296 3705 1410 3775 54),
1436 3704 1768 3768 discesserunt
1785 3704 1903 3774 qui3
1920 3704 2073 3772 impie

479 3799 865 3863 intellexerunt,
906 3813 1007 3852 non
1033 3796 1184 3867 culpa
1222 3794 1430 3849 Domini
1468 3793 1712 3859 dicentis,
1752 3793 1840 3847 sed
1884 3793 2073 3848 duritia

480 3891 768 3964 impiissimi
801 3889 989 3945 cordis.

551 3984 605 4038 3.
633 3980 901 4054 Coeperunt
949 3979 1209 4035 memorati
1250 3978 1459 4049 fratres,
1500 3977 1587 4047 qui
1620 3978 1789 4030 omnia
1824 3976 2073 4032 subverte-

480 4086 629 4141 runt,
666 4074 989 4129 innocentum
1032 4073 1230 4127 animas
1277 4086 1617 4134 commovere,
1670 4087 1781 4125 mea
1824 4072 2072 4141 parvitate

479 4166 678 4236 penitus
706 4166 1006 4237 ignorante;
1034 4164 1088 4218 in
1109 4172 1306 4217 tantum
1328 4171 1597 4218 conventus
1624 4162 1829 4216 illorum
1846 4177 2072 4216 murmu-

480 4260 641 4312 rantis
668 4259 858 4324 nescii,
890 4267 946 4311 ut
971 4258 1070 4311 nisi
1096 4256 1252 4326 frater
1282 4253 1472 4309 Florus
1501 4254 1564 4308 de
1592 4254 1896 4326 Carthagine
1923 4273 2069 4327 repe-

482 4349 610 4402 dans
620 4347 663 4416 ⁵,
677 4364 848 4402 eorum
860 4346 1252 4417 perturbationes
1263 4362 1558 4417 agnoscens,
1577 4346 1701 4398 mihi
1720 4346 1931 4400 sollicite
1942 4365 2072 4402 nun-

483 4442 671 4506 tiasset,
703 4440 889 4510 furtiva
912 4447 959 4491 et
985 4447 1223 4507 tanquam
1242 4437 1438 4491 servilis
1467 4444 1573 4490 erat
1598 4438 1727 4490 inter
1755 4454 1837 4491 eos
1884 4439 1946 4491 de
1970 4456 2071 4492 non

481 4532 808 4605 intelligenda
845 4530 1049 4585 veritate
1076 4528 1339 4583 contentio.
1382 4527 1633 4597 PrOposui
1662 4528 1729 4580 ad
1770 4530 2073 4597 auferendae

482 4627 665 4698 impias
685 4624 1003 4696 quastiones,
1032 4631 1087 4676 ut
1106 4621 1173 4674 ad
1189 4619 1447 4674 dominum
1472 4629 1699 4674 sanctum
1724 4631 1915 4693 patrem
1940 4623 2073 4679 Evo-

483 4720 625 4773 dium
645 4719 974 4782 mitteremus,
1000 4725 1054 4768 ut
1083 4715 1190 4785 ipse
1217 4712 1358 4767 nobis
1390 4715 1452 4766 de
1476 4714 1570 4767 hoc
1597 4727 1915 4772 sacrosancto
1945 4718 2071 4775 libro

484 4822 688 4883 propter
703 4812 906 4883 ignaros
931 4806 1127 4879 aliquid
1156 4807 1336 4861 certius
1362 4808 1694 4879 rescripsisset
1720 4807 1815 4883 (α).
1842 4810 1952 4866 Nec
1978 4814 2072 4869 hoc

485 4904 754 4975 patientius
773 4902 996 4971 accipere
1023 4899 1287 4953 valuerunt
1308 4915 1327 4963 ;
1355 4899 1444 4953 sed
1463 4901 1783 4971 arripuerunt
1806 4906 2072 4973 profectio-

485 5012 599 5051 nem
623 4994 763 5048 nobis
788 4993 952 5045 taliter
971 5007 1069 5045 non
1096 5000 1320 5062 aptatam
1345 5006 1363 5044 :
1391 4990 1549 5060 fratre
1572 4991 1731 5047 Floro
1760 4996 1933 5064 furore
1957 4999 2072 5067 illo-

481 5106 595 5145 rum
613 5084 977 5159 propemodum
1000 5082 1291 5138 conturbata
1313 5084 1354 5151 ⁸,
1386 5084 1436 5137 in
1465 5101 1609 5154 quem
1632 5088 1925 5157 swviebaut,
1953 5094 2072 5162 quia

544 5224 661 5294 f_sie
690 5219 1091 5294 .Gall_ie.’Msrs.ia_t
1126 5216 1275 5267 editio
1309 5224 1419 5270 Lov.
1452 5221 1645 5283 omittit,
1670 5236 1796 5288 quae,
1831 5235 1883 5277 et
1903 5228 2070 5292 habet,

479 5286 612 5338 nobis
634 5281 745 5343 tuis,
771 5280 977 5341 domine,
1007 5285 1102 5329 etc.

544 5371 563 5400 ι
588 5375 667 5430 διε,
691 5362 920 5430 Julianus,
945 5359 1246 5430 monasteria-
1342 5377 1453 5414 mox
1470 5365 1599 5416 idem
1620 5368 1775 5419 codex
1798 5385 1906 5422 cum
1929 5389 2024 5424 uno
2041 5390 2069 5425 e

483 5431 628 5481 Vatic.
652 5428 819 5485 habet,
842 5421 1014 5476 nostris
1037 5429 1135 5475 tua:
1156 5421 1326 5484 attulit,
1358 5434 1451 5478 etc.

546 5493 567 5561 ξ
589 5493 662 5541 sic
684 5499 763 5540 Ms.
787 5488 850 5539 cl.
871 5488 1159 5561 [quoniam].

544 5556 568 5586 ⁸
591 5561 723 5628 μοι,
748 5550 992 5664 repetitas,
1017 5550 1109 5600 sed
1129 5551 1304 5603 melius
1325 5550 1486 5602 Gallic.
1511 5560 1639 5619 Mss,
1656 5556 1911 5622 repedans.

544 5618 563 5650 ³
584 5624 659 5664 810
676 5622 759 5664 Ms.
833 5650 845 5663 .
882 5612 1093 5664 [ulmum
1113 5616 1427 5664 conturbata].

539 5618 563 5650 ⁸
584 5618 659 5666 sic
676 5612 759 5665 his.
784 5612 845 5664 cl.
882 5612 1093 5675 [illorum
1113 5616 1427 5678 conturbata].

543 5699 896 5769 (a)_neset'ipsit
925 5698 1303 5769 sane‘Eyodius;
1329 5699 1717 5769 ejusquasuper
1755 5703 1845 5754 hac
1878 5706 1977 5767 ipsa
2011 5718 2069 5756 re

480 5757 865 5813 ad'V’alentinum
888 5759 1090 5824 epistola
1111 5760 1161 5812 in
1181 5757 1416 5815 codices.
1438 5757 1963 5823 Maximi-ﬁeretcum:
1985 5782 2071 5824 re-

1710 277 1770 337 S.
1810 264 2176 337 AUGUSTINI
2216 269 2522 331 EPISCOPI
3632 268 3721 329 976

2173 390 2281 461 ipse
2306 389 2410 445 illis
2427 429 2443 455 ,
2475 397 2531 442 ut
2556 386 2833 461 putabant,
2864 384 3073 442 vulnera
3092 383 3207 441 libri
3231 384 3378 457 hujus
3400 386 3655 451 attulisset;
3677 388 3726 443 in

2171 499 2271 553 quo
2298 499 2401 537 non
2430 490 2661 553 poterant
2704 478 3004 535 medicinam
3042 478 3233 547 infirmi
3268 494 3568 550 cognoscere.
3598 477 3726 536 Unde

2171 583 2219 629 et
2247 584 2473 628 sanctum
2499 573 2840 645 presbyterum
2859 571 3107 627 Sabinum
3127 569 3197 623 ad
3220 571 3458 641 majorem
3482 573 3727 627 auctorita-

2171 674 2270 719 tem
2296 667 2583 737 rogavimus
2602 706 2616 729 ,
2645 674 2689 719 et
2728 664 2886 735 ipsius
2917 662 3178 719 Sanctitas
3204 660 3385 717 librum
3412 679 3522 716 cum
3550 663 3729 735 liquidis

2169 758 2665 828 interpretationibus
2704 758 2861 827 legit;
2907 773 2996 811 nec
3037 756 3110 810 sic
3135 756 3306 810 anima
3340 758 3557 811 sauciata
3579 769 3731 814 curata

2171 861 2263 905 est.
2298 851 2491 917 Quibus
2528 860 2735 922 propter
2776 850 2940 921 ipsam
2967 850 3204 921 pietatem
3230 860 3451 922 sumptus
3492 851 3732 921 dedimus,

2171 958 2234 997 ne
2269 944 2477 996 vulnera
2505 945 2730 1014 ipsorum
2760 943 3168 1008 cuntularemus,
3222 958 3334 1013 qua:
3373 951 3534 1012 posset
3574 960 3734 999 sanare

2172 1035 2286 1090 libri
2315 1036 2467 1106 hujus
2494 1037 2679 1107 gratia,
2707 1037 2763 1090 in
2789 1053 2889 1107 qua
2918 1036 3135 1107 refulget
3163 1044 3250 1089 tua
3271 1046 3446 1090 sancta
3472 1039 3729 1105 prasentia.

2175 1126 2366 1192 Quibus
2394 1128 2631 1197 profectis
2650 1170 2664 1193 ,
2698 1127 2839 1197 quies
2876 1135 2923 1182 et
2948 1143 3051 1198 pax
3078 1144 3167 1195 per
3196 1143 3365 1180 omnes
3387 1128 3564 1197 fratres
3583 1129 3732 1183 exsul-

2178 1217 2302 1270 tavit
2345 1218 2399 1270 in
2423 1215 2664 1271 Domino.
2701 1215 2934 1289 Quinque
2969 1217 3133 1282 enim,
3177 1216 3255 1271 vel
3282 1216 3500 1287 amplius
3543 1221 3731 1287 fratrum

2170 1309 2490 1362 animositate
2518 1310 2616 1362 ista
2643 1318 2716 1363 est
2742 1310 2917 1361 innata
2942 1309 3212 1361 contentio.

2240 1400 2295 1454 4.
2338 1399 2443 1453 Sed
2466 1399 2585 1469 quia
2611 1398 2887 1464 interdum,
2916 1399 3119 1453 domine
3148 1416 3287 1470 papa
3312 1400 3351 1467 ί,
3385 1400 3599 1469 provenit
3622 1417 3734 1471 gau-

2172 1491 2311 1544 dium
2336 1508 2400 1545 ex
2422 1491 2646 1557 tristitia,
2675 1507 2776 1545 non
2804 1490 2930 1544 adeo
2956 1491 3352 1559 mmstiﬁcamur,
3376 1491 3494 1561 quia
3518 1506 3598 1560 per
3614 1491 3737 1561 igna-

2170 1600 2253 1637 ros
2287 1593 2334 1636 et
2364 1584 2592 1636 curiosos
2628 1581 2935 1636 suavissimis
2959 1579 3315 1635 monitionibus
3346 1589 3446 1635 tute
3473 1580 3738 1636 Sanctitatis

2171 1677 2451 1731 illuminari
2494 1676 2784 1729 meruimus.
2829 1673 2967 1728 Nam
3009 1683 3057 1728 ei
3098 1673 3342 1727 dubitatio
3392 1673 3516 1726 beati
3558 1671 3738 1727 Thomas

2170 1768 2387 1838 apostoli
2424 1767 2676 1839 foramina
2714 1768 2969 1821 clavorum
2997 1766 3266 1835 quaerentis
3296 1763 3484 1837 (Idem.
3515 1780 3606 1831 xx,
3636 1765 3735 1835 25),

2170 1858 2486 1928 confirmatio
2521 1858 2617 1929 fuit
2653 1857 2894 1912 Ecclesia:
2921 1855 3237 1911 universalis.
3268 1856 3563 1926 Accepimus
3589 1856 3733 1926 igitur,

2173 1950 2377 2003 domine
2399 1966 2553 2019 papa,
2579 1948 2995 2003 medicamentum
3022 1948 3102 2018 pie
3124 1948 3414 2001 curantium
3434 1956 3622 2000 tuarum
3644 1962 3739 1999 cum

2170 2042 2335 2113 gratia
2354 2043 2653 2105 litterarum,
2680 2050 2728 2094 et
2748 2039 3065 2094 contudintus
3092 2048 3295 2110 pectora
3320 2048 3493 2093 nostra
3512 2039 3554 2101 ¹,
3582 2047 3631 2090 ut
3653 2036 3739 2090 sal-

2172 2143 2269 2187 tem
2294 2133 2365 2186 sic
2389 2142 2595 2188 sanetur
2618 2132 2921 2187 conscientia
2947 2142 3141 2196 nostra,
3161 2149 3313 2202 quam
3344 2148 3434 2202 per
3456 2131 3649 2185 liberum
3670 2147 3740 2182 ar-

2171 2222 2375 2277 bitrium
2423 2233 2680 2291 nostrum,
2721 2222 2857 2295 quod
2911 2222 3066 2276 donat
3108 2222 3484 2289 misericordia,
3536 2230 3666 2274 curat
3702 2229 3740 2273 et

2172 2316 2388 2383 viviﬁcat
2419 2316 2621 2386 gratia;
2649 2315 2738 2369 sed
2766 2318 2820 2369 in
2847 2316 2940 2369 hoc
2972 2324 3221 2385 tempore,
3249 2314 3455 2386 quando
3484 2313 3639 2367 adhuc
3662 2313 3740 2365 mi-

2173 2406 2503 2460 sericordiam
2527 2423 2641 2460 cum
2667 2406 2913 2462 dilatione
2941 2416 3222 2461 cantamus.
3250 2403 3397 2458 Nam
3426 2421 3533 2458 cum
3557 2404 3740 2474 coeperiv

2173 2516 2283 2552 mus
2298 2498 2553 2569 judicium
2580 2508 2787 2553 cantare
2811 2499 3061 2567 Domina,
3091 2498 3404 2568 reportaturi
3428 2513 3594 2553 sumus
3626 2512 3739 2549 mei-

2174 2589 2343 2643 cedem
2394 2607 2486 2660 pro
2542 2606 2693 2660 opere
2747 2600 2949 2657 nostra,
3004 2590 3121 2661 quia
3176 2589 3464 2643 misericors
3513 2597 3557 2641 et
3594 2590 3740 2659 justus

2176 2679 2446 2745 Dominus,
2476 2682 2741 2736 miserator
2766 2692 2812 2737 et
2840 2692 3006 2736 rectus
3027 2680 3197 2751 (Psal.
3226 2696 3345 2746 CXI,
3378 2678 3453 2751 4).
3486 2678 3609 2745 Quia
3635 2678 3740 2732 sicut

2175 2774 2315 2827 docet
2350 2790 2440 2827 nos
2473 2773 2733 2828 Sanctitas
2758 2784 2844 2827 tua
2868 2816 2882 2839 ,
2912 2771 3261 2843 repra‘sentari
3298 2787 3396 2824 nos
3425 2779 3607 2841 oportet
3646 2778 3741 2821 ante

2179 2865 2402 2918 tribunal
2422 2863 2631 2929 Christi,
2653 2874 2707 2918 ut
2730 2865 2937 2934 recipiat
2959 2864 3295 2934 unusquisque
3310 2872 3537 2916 nostrum
3563 2861 3741 2931 propria

2175 2959 2419 3029 corporis,
2450 2966 2600 3028 praut
2626 2958 2796 3027 gessit,
2826 2958 2929 3011 sive
2960 2958 3142 3011 bonum
3162 2997 3176 3022 ,
3208 2956 3311 3009 sive
3345 2954 3530 3008 malum
3554 2952 3611 3021 (ll
3640 2953 3739 3006 Cor.

2175 3064 2229 3114 ν,
2262 3048 2351 3119 10)
2380 3067 2393 3103 :
2420 3050 2538 3119 quia
2561 3049 2717 3102 veniet
2743 3046 2992 3103 Dominus
3017 3090 3030 3114 ,
3063 3057 3107 3101 et
3133 3064 3321 3101 merces
3365 3049 3471 3120 ejus
3510 3063 3616 3100 cum
3649 3047 3741 3116 ipso

2176 3137 2327 3211 (Isai.
2370 3155 2457 3203 XL,
2506 3138 2597 3210 10)
2638 3157 2651 3193 :
2693 3140 2811 3209 quia
2861 3139 3009 3192 stabit
3054 3139 3200 3192 homo
3234 3149 3279 3192 et
3316 3154 3449 3209 Opus
3478 3138 3497 3170 ⁸
3523 3138 3623 3208 ejus
3646 3147 3741 3193 ante

2174 3230 2343 3301 ipsum
2374 3246 2392 3284 :
2424 3231 2542 3297 quia
2581 3231 2742 3284 veniet
2770 3229 3020 3284 Dominus
3054 3231 3179 3284 sicut
3208 3228 3444 3284 clibanus
3473 3230 3668 3293 ardens,
3695 3237 3738 3281 ut

2173 3319 2408 3375 incendat
2436 3319 2617 3386 impios
2650 3329 2889 3389 tanquam
2923 3320 3163 3390 stipulam
3193 3317 3375 3388 (Joel.
3406 3336 3470 3385 Il,
3504 3321 3535 3373 5
3560 3362 3573 3386 ,
3603 3320 3677 3389 5);
3702 3326 3740 3373 et

2176 3412 2460 3466 timentibus
2500 3428 2681 3465 nomen
2719 3410 2928 3465 Domini
2970 3412 3156 3465 orietur
3198 3410 3276 3464 sol
3292 3412 3531 3481 justitite,
3569 3409 3741 3481 quando

2174 3506 2318 3575 impii
2342 3505 2613 3577 punientur
2635 3503 2826 3573 judicio
2844 3504 3060 3574 justitia:
3086 3502 3347 3573 (Malae/3.
3386 3521 3458 3570 Iv,
3486 3504 3619 3576 1-5).
3650 3501 3741 3555 Hoc

2164 3598 2360 3668 justus,
2384 3598 2530 3668 cujus
2551 3604 2602 3649 tu
2622 3595 2813 3649 amicus
2842 3611 2912 3662 es,
2945 3595 3146 3648 domine
3174 3611 3334 3665 papa,
3365 3595 3618 3656 exclamat,
3640 3608 3741 3646 con-

2174 3689 2432 3755 tremiscit,
2458 3697 2504 3741 et
2528 3687 2827 3757 suppliciter
2851 3685 2971 3740 dicit
2995 3703 3012 3739 :
3039 3704 3056 3736 ι
3073 3685 3307 3753 Domine,
3346 3703 3410 3741 ne
3430 3688 3579 3741 intres
3602 3686 3647 3738 in
3665 3685 3741 3753 ju-

2176 3782 2364 3835 dicium
2385 3797 2497 3834 cum
2526 3797 2665 3835 servo
2693 3789 2777 3833 tuo
2802 3798 2819 3829 ι
2853 3776 3025 3850 (Psal.
3056 3794 3221 3846 CXLII,
3243 3776 3326 3849 2).
3364 3779 3425 3834 Si
3464 3780 3617 3851 gratia
3639 3783 3740 3830 esset

2174 3873 2539 3927 remunerantis
2560 3914 2574 3938 ,
2605 3888 2707 3925 non
2748 3872 2939 3924 timeret
2959 3872 3131 3942 justus
3171 3862 3500 3925 secretarium
3518 3869 3740 3942 judicium

2175 3965 2470 4036 majestatis.
2494 3963 2640 4018 Servi
2663 3962 2738 4015 tui
2773 3961 2915 4016 Flori
2943 3962 3050 4016 Ιιωε
3067 3961 3194 4030 ﬁdes
3215 3972 3307 4029 est,
3343 3972 3515 4034 pater;
3541 3978 3633 4015 non
3656 3959 3740 4012 sic-

2176 4066 2231 4109 ut
2274 4056 2457 4125 fratres
2496 4055 2581 4108 isti
2614 4062 2729 4108 sunt
2769 4052 2940 4107 locuti.
2977 4050 3039 4105 In
3081 4052 3471 4123 prtesentiaium
3507 4051 3740 4105 audierunt

2174 4147 2236 4201 ab
2278 4146 2369 4201 illo
2407 4146 2628 4213 dictum,
2670 4161 2769 4198 non
2788 4144 2943 4215 juxta
2986 4144 3163 4197 merita
3206 4152 3386 4197 nostra
3430 4144 3538 4197 dari
3577 4143 3739 4195 donum

2176 4240 2393 4312 pietatis,
2422 4238 2508 4293 sed
2534 4255 2623 4310 per
2646 4237 2863 4309 gratiam
2893 4235 3245 4307 Redemptoris
3269 4252 3287 4289 :
3313 4254 3436 4291 nam
3463 4236 3523 4291 de
3545 4235 3627 4289 illo
3652 4234 3736 4299 die,

2174 4332 2285 4401 quis
2310 4330 2496 4384 dubitet
2527 4329 2672 4400 longe
2696 4345 2802 4383 esse
2824 4328 3062 4399 gratiam,
3086 4344 3201 4382 cum
3223 4329 3429 4400 cwperit
3452 4327 3595 4382 irasci
3607 4323 3736 4397 justi

2238 4548 2258 4577 ²
2281 4548 2354 4596 Sic
2374 4554 2453 4595 Ms.
2473 4544 2536 4609 cl.
2564 4544 2917 4609 [contundimus
2937 4544 3132 4609 pectora
3153 4547 3359 4609 nostra].

2240 4486 2257 4553 ξ
2282 4485 2355 4553 sic
2378 4491 2457 4533 Ms.
2483 4483 2547 4553 c_t.
2564 4482 2789 4553 laciniae
2799 4481 3055 4553 provenit].

2240 4486 2256 4515 ¹
2282 4485 2355 4533 Sic
2378 4491 2457 4533 Ms.
2483 4483 2547 4533 cl.
2594 4483 2781 4534 domine

2240 4548 2258 4577 ²
2281 4548 2354 4617 sic
2374 4554 2453 4595 Ms.
2473 4544 2536 4595 cl.
2564 4483 2800 4669 {contundi

2240 4609 2260 4640 ³
2282 4614 2356 4658 Sic
2374 4614 2459 4658 Ms.
2483 4606 2545 4658 cl.
2588 4607 2800 4670 corpus].

2176 4719 2315 4776 perta
2340 4720 2418 4763 est
2436 4725 2466 4762 a
2487 4712 2661 4762 Jacobo
2681 4712 2945 4776 Sirmondo,
2964 4714 3048 4776 qui
3070 4713 3185 4776 inde
3218 4713 3546 4776 fragmentum
3553 4708 3675 4776 istud
3696 4708 3735 4757 in

2176 4770 2507 4836 i’raedestiuat.
2548 4776 2720 4825 Histor.
2755 4786 2859 4836 cap.
2887 4770 2941 4832 t,’
2966 4770 3245 4825 transtulit:
3275 4770 3634 4836 {Honorabiles
3653 4770 3732 4819 fra-

2184 4856 2207 4885 ι
2226 4844 2329 4886 tres
2349 4835 2787 4899 retuleruntinobis
2808 4834 2921 4898 Quia
2934 4838 3099 4899 nescio
3113 4849 3225 4899 quze
3240 4838 3310 4886 ibi
3327 4838 3612 4899 quaestiones
3625 4834 3735 4899 inter

2184 4918 2206 4945 ‹‹
2229 4912 2317 4948 vos
2332 4906 2458 4947 natae
2480 4905 2594 4948 sunt
2612 4898 2677 4947 de
2698 4894 2857 4947 libero
2877 4898 3077 4947 arbitrio
3099 4894 3151 4947 ei
3171 4898 3235 4947 de
3258 4894 3438 4949 iustitia
3457 4897 3557 4947 Dei.
3579 4894 3733 4944 lauda-

2184 4978 2206 5007 ε
2228 4973 2336 5009 mus
2355 4959 2554 5023 quidem
2574 4960 2785 5023 studium
2807 4966 3051 5019 vestrum,
3075 4960 3163 5023 sed
3188 4959 3408 5009 noiumus
3432 4972 3539 5009 esse
3560 4962 3732 5023 conten-

2184 5040 2206 5068 α
2229 5018 2405 5071 tiosutii
2425 5036 2435 5070 :
2453 5022 2698 5071 contentio
2720 5026 2854 5071 enim
2892 5018 3309 5082 perturbationem
3332 5023 3524 5079 excitat,
3548 5018 3627 5068 sed
3647 5024 3731 5082 syt-

2184 5102 2207 5130 α
2228 5084 2360 5133 dium
2382 5085 2615 5147 pietatem
2636 5083 2856 5147 requirit.
2879 5077 3035 5132 [liberi
3066 5084 3251 5133 arbitrii
3290 5077 3607 5147 plenissimum
3628 5077 3730 5147 alii}:

2184 5102 2207 5130 α
2228 5098 2360 5133 unum
2402 5098 2615 5133 uelatem
2636 5098 2856 5147 requirit.
2879 5098 3035 5132 Lmen
3066 5098 3251 5133 aruum
3290 5098 3607 5145 plemsnmum
3628 5098 3730 5126 am:-

2184 5162 2205 5193 «
2228 5153 2357 5196 ctum
2379 5098 2548 5194 imbuit
2568 5144 2711 5194 homo
2746 5146 2900 5208 primo
2937 5152 3237 5207 procreatus,
3263 5144 3540 5208 Adamidico.
3565 5139 3646 5192 Sed
3658 5138 3730 5208 ubi

2184 5226 2207 5255 α
2227 5209 2588 5274 sauciatumest
2626 5205 2785 5274 ipsum
2819 5205 3029 5274 liberum
3062 5208 3331 5274 arbitrium,
3352 5205 3724 5274 inﬁrtriatutn_est~

2183 5288 2207 5317 ι
2222 5276 2341 5328 Ergo
2354 5276 2430 5319 est
2444 5271 2494 5318 in
2509 5267 2706 5319 homine
2720 5281 2849 5318 nunc
2862 5268 3069 5319 liberum
3083 5270 3350 5328 arbitrium,
3360 5267 3446 5317 sed
3475 5267 3723 5328 sauciatam.

2183 5349 2205 5378 α
2229 5325 2344 5395 inde
2365 5332 2544 5395 dictum
2570 5338 2647 5380 est
2668 5344 2681 5379 :
2706 5330 2981 5395 Infirmatus
3002 5336 3071 5380 est
3092 5330 3141 5380 in
3163 5325 3365 5395 egestate
3392 5327 3521 5395 vigor
3540 5325 3726 5395 mensae!

2183 5411 2207 5440 ι
2225 5392 2384 5443 lumen
2406 5393 2652 5443 oculorum
2672 5383 2885 5456 meorum
2904 5405 2999 5442 non
3018 5399 3090 5443 est
3110 5383 3298 5443 mecum
3315 5383 3720 5456 (Psal.";xxvu,_i_t).

2183 5473 2207 5502 ι
2230 5456 2295 5505 Ad
2318 5457 2409 5505 hoc
2429 5455 2815 5518 recuperandum
2848 5455 3024 5518 missus
3060 5463 3138 5505 est
3172 5451 3383 5505 medicus
3403 5451 3724 5518 Salratorcim-

2185 5536 2207 5564 α
2224 5526 2345 5583 stus,
2364 5524 2420 5567 ut
2436 5512 2645 5567 salvat-et
2662 5517 2790 5583 quod
2814 5517 3047 5580 perierat,
3068 5524 3121 5567 et
3157 5524 3348 5567 curaret
3364 5512 3498 5583 _quo<_l
3533 5512 3723 5583 vitiatum

2184 5598 2206 5628 ι
2230 5576 2405 5629 fuerat.
2426 5596 2452 5643 ρ
2479 5586 2530 5628 Et
2552 5576 2773 5643 postalia
2791 5576 2854 5627 fu
2872 5576 3051 5643 [tegant
3079 5591 3200 5643 ergo
3231 5578 3374 5629 sancti
3393 5576 3487 5643 Dei
3516 5576 3723 5643 ειη]οΨ

2185 5661 2208 5689 ε
2228 5643 2372 5701 dicta,
2395 5642 2519 5691 sicut
2530 5630 2627 5703 jam
2646 5636 2767 5700 dixi,
2787 5642 2869 5704 qui
2887 5630 3070 5704 habent
3090 5630 3238 5691 di'iiini
3260 5639 3465 5691 muneris
3620 5630 3722 5704 afe-

2186 5722 2208 5751 α
2231 5692 2387 5763 οιυη]’;
2415 5711 2467 5752 et
2493 5692 3118 5767 quandirnon‘intelliguut,
3139 5718 3235 5754 non
3259 5705 3349 5755 cito
3368 5692 3715 5762 ref'ir'ehcudanli

2187 5786 2209 5817 α
2229 5766 2319 5820 sed
2336 5771 2479 5821 orent
2498 5764 2553 5819 ut
2568 5764 2858 5831 intelligant.
2884 5782 2907 5813 ν
