4024 6370
381 415 479 471 977

378 530 479 583 tia?
500 526 613 582 Hoc
637 525 930 593 clamamus,
957 531 1115 597 pater,
1148 525 1241 580 hoc
1266 532 1313 580 te
1338 523 1543 579 docente
1574 524 1820 590 canimus,
1847 538 1947 576 non

375 619 560 683 securi,
582 615 671 671 sed
695 616 877 686 trepidi
904 632 922 669 :
952 634 970 667 ι
995 615 1242 683 Domine,
1274 632 1336 669 ne
1361 615 1414 668 in
1449 620 1619 685 furore
1649 624 1734 667 tuo
1760 628 1946 684 arguas

375 726 466 777 me,
489 725 643 779 neque
662 709 713 762 in
733 709 811 775 ira
830 716 917 761 tua
935 708 1181 778 corripias
1205 724 1311 761 mes
1338 705 1511 777 (Psal.
1527 722 1601 773 γι,
1622 702 1701 778 2).
1725 704 1836 758 Hoc
1860 704 1945 757 di-

372 802 523 855 cimus
545 815 564 853 :
590 800 797 853 emenda
830 815 939 864 nos,
980 797 1214 865 Domine,
1255 808 1303 852 et
1334 797 1396 851 de
1425 797 1530 868 lege
1555 805 1641 849 tua
1663 796 1806 851 crudi
1830 811 1941 861 nos,

370 900 420 945 ut
440 892 629 962 mitiges
654 907 744 945 nos
769 906 800 943 a
825 890 997 945 diebus
1022 889 1171 944 malis
1192 888 1366 961 (Psal.
1398 904 1542 956 xcm,
1575 888 1661 954 12,
1691 888 1797 957 15).
1832 885 1945 939 Hoc

368 985 610 1040 credimus
636 984 843 1038 docente
869 993 934 1051 te,
959 983 1253 1038 venerabilis
1282 991 1422 1053 pater
1441 1024 1455 1049 ,
1485 982 1601 1051 quia
1630 980 1763 1034 Deus
1790 981 1943 1033 inter-

366 1087 502 1149 rogat
530 1078 729 1148 justum
758 1086 803 1131 et
842 1077 1082 1148 impium,
1128 1078 1245 1147 quia
1280 1093 1311 1129 a
1349 1075 1565 1130 dexteris
1595 1082 1639 1127 et
1666 1091 1697 1125 a
1725 1072 1941 1127 sinistris

365 1172 533 1241 positis
555 1170 699 1226 bonis
723 1180 769 1226 et
794 1171 940 1225 malis
959 1212 973 1235 ,
1002 1171 1217 1240 imputat
1255 1167 1621 1223 remuneranda
1647 1183 1799 1237 opera
1828 1166 1938 1235 pie-

361 1263 501 1326 tatis,
534 1271 793 1317 enumerat
828 1260 1135 1331 puniendam
1166 1261 1479 1314 tenacitatem
1517 1257 1805 1329 impietatis.
1840 1255 1938 1312 Ubi

358 1353 447 1405 erit
474 1352 659 1423 gratia,
685 1351 888 1423 quando
908 1368 1001 1422 pro
1020 1351 1100 1405 sui
1121 1351 1359 1421 qualitate
1378 1350 1740 1420 dispungentur
1759 1363 1933 1418 opera,

356 1444 452 1497 sive
475 1443 623 1509 bona,
656 1444 759 1499 sive
785 1442 920 1497 mala
935 1444 961 1498 .9

422 1538 474 1592 5.
507 1536 615 1593 Sed
642 1555 733 1591 cur
761 1554 862 1592 non
887 1536 1130 1591 directum
1160 1553 1260 1591 non
1295 1536 1432 1589 timet
1463 1535 1679 1606 proferri
1721 1533 1933 1588 menda-

350 1630 520 1684 cium?
549 1629 788 1684 Liberum
812 1630 1073 1683 arbitrium
1103 1628 1199 1683 Dei
1236 1628 1399 1700 gratia
1422 1638 1650 1681 curatum
1675 1628 1693 1659 ¹
1711 1644 1811 1681 non
1840 1643 1932 1681 ne-

348 1738 552 1791 gamus;
592 1722 686 1777 sed
728 1740 817 1793 per
845 1721 1029 1777 Christi
1065 1721 1408 1792 quotidianam
1441 1721 1655 1791 gratiam
1692 1720 1934 1791 proﬁcere

348 1814 615 1880 credimus,
638 1824 686 1869 et
708 1814 943 1886 adjuvari
975 1813 1296 1883 conﬁdimus.
1323 1813 1456 1878 Quid
1482 1811 1707 1865 homines
1734 1811 1927 1879 dicunt,

348 1905 412 1959 ,ln
436 1924 546 1961 mea
566 1916 642 1962 est
664 1916 903 1977 potestate
928 1916 982 1960 ut
1007 1907 1194 1972 faciam
1216 1906 1398 1959 bonum
1412 1907 1437 1959 Ρ
1454 1905 1500 1959 si
1518 1914 1683 1958 tamen
1707 1904 1930 1958 homines

346 2002 560 2068 facerent
586 2001 790 2055 bonum.
818 1999 862 2053 0
888 2000 1053 2054 inanis
1081 2000 1313 2071 gloriatio
1350 1998 1679 2052 miserorum!
1712 1997 1931 2066 quotidie

345 2100 545 2161 peccata
574 2101 827 2163 arguunt,
853 2100 897 2146 et
925 2091 1021 2163 ipsi
1058 2092 1152 2146 sibi
1184 2098 1446 2145 assumunt
1485 2090 1677 2143 nudum
1720 2088 1930 2143 liberum

344 2184 589 2253 iactantes
644 2185 953 2249 arbitrium;
1014 2202 1113 2238 non
1194 2184 1513 2237 discutientes
1572 2182 1929 2237 conscientiam

342 2290 484 2329 suam
503 2317 518 2343 ,
541 2292 654 2347 qua:
676 2293 775 2329 non
798 2285 955 2346 potest
978 2276 1147 2329 curari
1168 2274 1265 2328 nisi
1304 2290 1393 2343 per
1426 2274 1675 2345 gratiam,
1704 2283 1758 2328 ut
1786 2274 1927 2328 dice-

342 2374 495 2419 rent:
522 2385 541 2417 ι
571 2365 810 2419 Miserere
840 2366 937 2418 mei
951 2381 973 2435 ς
994 2381 1121 2419 sana
1138 2365 1359 2417 animam
1383 2380 1563 2428 meam,
1590 2365 1708 2433 quia
1730 2362 1929 2432 peccavi

341 2454 428 2508 tibi
450 2474 469 2507 ι
508 2455 675 2528 (Psal.
707 2473 795 2520 XL,
821 2454 899 2527 5).
932 2456 1065 2521 Quid
1093 2459 1309 2527 facerent
1329 2456 1413 2527 qui
1439 2455 1500 2509 de
1526 2456 1680 2508 libero
1700 2455 1793 2508 sibi
1815 2456 1927 2526 glo-

339 2544 535 2598 riantur
563 2546 769 2600 arbitrio
802 2544 955 2616 (quod
978 2562 1079 2599 non
1112 2553 1321 2615 negatur
1349 2545 1368 2575 ²
1399 2561 1511 2597 cum
1544 2543 1641 2597 Dei
1679 2544 1926 2599 duntaxat

338 2633 639 2707 adjutorio),
664 2636 706 2688 si
722 2638 836 2706 jam
874 2634 1111 2705 absorpta
1134 2644 1259 2689 esset
1287 2651 1421 2689 mors
1463 2636 1513 2688 in
1554 2636 1843 2703 victoriam,
1880 2636 1925 2690 si

336 2726 443 2794 iam
487 2728 699 2782 mortale
740 2737 967 2782 nostrum
994 2727 1218 2781 indueret
1255 2726 1714 2793 immortalitatem,
1739 2738 1785 2780 et
1813 2746 1924 2782 cor-

336 2818 573 2887 ruptibile
616 2830 843 2873 nostrum
884 2818 1110 2872 indueret
1156 2819 1578 2889 incorruptionem
1610 2819 1656 2891 (Ι
1686 2818 1803 2874 Cor.
1831 2836 1919 2888 xv,

334 2909 427 2975 55,
457 2911 545 2981 54)
566 2912 588 2965 ?
612 2912 740 2966 Ecce
764 2915 936 2978 foztcnt
962 2912 1199 2978 vulnera,
1229 2921 1275 2965 et
1304 2912 1513 2981 superbe
1552 2914 1734 2981 petitur
1761 2912 1920 2965 medi-

333 3002 469 3055 cina.
510 3002 623 3057 Non
652 3004 825 3057 dicunt
852 3004 977 3057 sicut
998 3005 1191 3072 iustus,
1228 3022 1245 3054 ι
1272 3002 1388 3056 Nisi
1421 3002 1671 3056 Dominus
1696 3003 1923 3072 adjuvis-

332 3102 407 3145 set
434 3110 531 3157 me,
557 3095 707 3162 paulo
728 3096 891 3147 minus
921 3093 1188 3147 habitasset
1225 3095 1278 3146 in
1312 3093 1512 3161 inferno
1553 3094 1723 3145 anima
1762 3109 1871 3145 mea
1894 3111 1916 3147 ι

333 3178 511 3245 (Psal.
568 3198 728 3246 xcm,
772 3181 901 3254 l7):
946 3199 1047 3236 non
1089 3182 1265 3235 dicunt
1306 3182 1434 3235 sicut
1477 3191 1717 3246 sanctus,
1759 3201 1776 3232 ι
1804 3180 1921 3236 Nisi

333 3270 587 3327 Dominus
616 3274 901 3328 custodierit
920 3274 1167 3327 civitatem
1186 3313 1200 3339 ,
1231 3275 1419 3345 frustra
1443 3273 1616 3343 vigilat
1640 3274 1727 3343 qui
1747 3283 1916 3327 custo—

332 3362 409 3417 dit
432 3380 540 3417 eam
570 3384 587 3416 ›
608 3363 775 3435 (Psal.
791 3380 967 3431 CXXVI,
993 3364 1068 3436 1

406 3454 458 3509 6.
503 3455 607 3509 Sed
634 3472 743 3523 ora,
780 3456 1001 3526 piissime
1033 3464 1191 3525 pater,
1226 3464 1280 3509 ut
1302 3456 1410 3524 iam
1438 3472 1536 3510 non
1568 3473 1740 3509 curam
1773 3474 1918 3528 gera-

334 3563 463 3613 mus,
496 3548 594 3601 nisi
623 3565 713 3616 pro
738 3558 936 3619 peccato
966 3556 1134 3602 nostro
1169 3548 1404 3619 lacrymis
1446 3550 1717 3620 expianda,
1750 3562 1795 3605 et
1819 3550 1918 3606 Dei

331 3644 499 3712 gratia
536 3642 953 3696 commendanda.
998 3640 1130 3708 Ora,
1156 3642 1355 3697 domine
1394 3652 1556 3712 pater,
1597 3653 1650 3696 ut
1690 3662 1789 3697 non
1826 3662 1917 3698 ur-

330 3746 443 3807 geat
481 3753 633 3807 super
673 3752 764 3791 nos
796 3745 975 3805 puteus
1011 3752 1067 3791 os
1106 3752 1251 3790 suum
1281 3735 1450 3804 (I’sal.
1496 3752 1676 3799 vam,
1712 3737 1820 3805 16),
1863 3748 1918 3791 ut

330 3829 585 3882 salvemur
618 3845 649 3881 a
674 3827 1088 3881 descendentibus
1115 3827 1165 3880 in
1189 3827 1356 3880 lacum
1381 3826 1550 3896 (Psal.
1580 3843 1727 3891 XXIX,
1756 3826 1834 3899 4),
1862 3837 1918 3881 ut

332 3936 435 3972 non
465 3928 634 3988 pereat
658 3934 771 3971 cum
801 3917 969 3988 impiis
992 3917 1163 3970 anima
1192 3926 1364 3970 nostra
1399 3915 1570 3986 (Psal.
1594 3933 1721 3980 xxv,
1752 3918 1805 3987 9)
1830 3934 1919 3986 per

331 4010 620 4082 superbiam
654 4019 895 4072 nostram,
934 4008 1022 4063 sed
1064 4016 1269 4061 sanetur
1310 4024 1399 4077 per
1431 4006 1637 4059 Domini
1677 4007 1912 4077 gratiam.

333 4105 481 4160 Sicut
506 4120 623 4173 ergo
654 4102 955 4174 praecepisti,
997 4101 1197 4155 domine
1222 4117 1375 4171 papa,
1412 4103 1568 4171 frater
1600 4109 1766 4153 noster
1791 4098 1919 4154 Flo-

330 4214 440 4263 rus,
470 4212 640 4249 servus
667 4194 964 4249 Sanctitatis
990 4203 1107 4259 tute,
1132 4192 1269 4246 omni
1291 4193 1549 4245 alacritate
1576 4193 1811 4262 perrexit,
1834 4192 1916 4245 cui

330 4304 433 4342 non
460 4286 689 4355 impedit,
716 4284 804 4339 sed
835 4284 1033 4354 proﬁcit
1062 4284 1314 4355 fatigatio,
1346 4293 1402 4336 ut
1431 4282 1633 4336 accedat
1664 4283 1710 4336 ei
1734 4284 1916 4337 diluci-

328 4380 451 4431 data
479 4378 644 4432 cordis
671 4376 962 4441 instructio;
990 4392 1136 4446 quem
1160 4385 1258 4429 tua:
1284 4374 1645 4429 Sanctimonite
1669 4375 1915 4445 supplici-

330 4478 404 4521 ter
434 4467 856 4532 commendamus,
893 4467 1176 4538 pariterque
1197 4467 1532 4536 deposcimus,
1561 4476 1614 4519 ut
1640 4476 1687 4520 et
1712 4468 1916 4538 ignaros

335 4558 431 4611 tuis
453 4556 763 4611 orationibus
784 4556 1002 4609 Domino
1028 4556 1343 4610 commendes
1362 4557 1759 4610 mansuetissime
1778 4574 1914 4611 com-

332 4652 607 4723 ponendas.
656 4650 781 4715 Ora,
822 4649 1021 4703 domine
1055 4657 1100 4701 et
1139 4648 1427 4703 dulcissime
1465 4660 1625 4719 pater,
1670 4661 1724 4703 ut
1752 4650 1915 4720 fugiat

330 4742 557 4797 diabolus
586 4742 649 4797 de
674 4741 1055 4811 congregatione
1080 4748 1268 4807 nostra,
1293 4749 1338 4794 et
1361 4751 1530 4793 amota
1556 4741 1691 4794 omni
1720 4740 1915 4793 aliena-

328 4852 441 4889 rum
472 4835 803 4904 quastionum
831 4830 1071 4902 procella,
1100 4834 1241 4885 navis
1279 4832 1521 4903 propositi
1551 4833 1708 4886 nostri
1744 4834 1916 4902 epiba-

330 4926 391 4979 tis
412 4924 491 4997 (a)
516 4924 692 4998 quietis
722 4932 901 4977 onusta
922 4923 1056 4975 intra
1079 4923 1344 4976 stationem
1372 4924 1606 4976 tutissimi
1632 4934 1807 4993 portus
1830 4940 1912 4978 sc-

328 5034 447 5072 cure
483 5016 740 5082 consistat,
777 5016 899 5069 dum
932 5015 1133 5085 navigat
1162 5031 1249 5084 per
1288 5016 1380 5068 hoc
1417 5032 1555 5069 mare
1590 5033 1827 5087 magnum
1866 5029 1914 5073 et

329 5108 648 5172 immensum,
681 5116 724 5159 et
746 5108 797 5159 in
817 5105 906 5160 illo
926 5114 1093 5176 portu,
1122 5106 1256 5159 intra
1276 5123 1419 5175 quem
1436 5108 1548 5178 jam
1568 5125 1668 5162 non
1698 5111 1790 5162 erit
1810 5127 1913 5164 me-

332 5201 572 5255 tuendum
604 5200 718 5253 vita:
753 5199 1026 5268 navigium.
1056 5198 1293 5251 mercium
1329 5198 1673 5269 indiscrepans
1698 5202 1912 5271 accipiat

331 5294 545 5364 pretium
578 5292 896 5361 placiturum.
936 5288 1050 5344 Hoc
1092 5299 1193 5344 tua:
1230 5291 1523 5346 Sanctitatis
1561 5292 1912 5362 impetraturos

331 5399 421 5438 nos
440 5382 741 5452 conﬁdimus
766 5380 1042 5450 adjutorio,
1072 5396 1158 5448 per
1186 5381 1402 5450 gratiam
1427 5397 1541 5448 qute
1579 5393 1648 5435 est
1676 5385 1732 5437 in
1760 5384 1911 5439 Chri-

392 5564 409 5595 ι
434 5569 544 5612 Lov.
569 5561 764 5620 omittit,
786 5564 1004 5610 curatum
1027 5570 1205 5620 :quam
1232 5571 1403 5608 vocem
1425 5558 1607 5611 habent
1626 5561 1786 5614 Gallic.
1804 5573 1907 5616 Mss.

388 5627 604 5736 ὖὲἷοωε.
629 5623 884 5672 sorbonioo
903 5620 1206 5672 restinximus
1235 5620 1330 5679 bic,
1352 5627 1553 5686 negatur
1572 5636 1590 5672 :
1613 5626 1739 5687 quod
1768 5627 1912 5679 deest

330 5699 386 5736 an
536 5700 581 5736 ν.

330 5701 354 5733 a
388 5701 452 5736 ua
475 5701 581 5736 ων.

330 5701 700 5882 r:£13“tt‘pibatai
718 5768 941 5819 dicuntur
963 5765 1143 5818 milites
1163 5764 1409 5827 classiarii,
1423 5768 1505 5832 qui
1518 5770 1567 5819 in
1585 5772 1789 5822 navibus
1803 5786 1903 5823 me.

389 5844 516 5880 HW.

1528 406 2005 466 EPISTULARUM
2040 408 2314 471 CLASSIS
2350 412 2439 470 lli.

3532 433 3641 492 978

2051 533 2128 578 sto
2164 524 2289 579 Jesu
2332 526 2551 584 Domino
2589 540 2777 590 nostro.
2821 535 3009 595 Omnes
3037 540 3172 611 ﬁlios
3214 547 3526 616 apostolatus
3552 550 3637 603 tui

2052 619 2280 674 dominos
2318 633 2512 680 nostros
2553 629 2777 695 clericos,
2827 648 2888 709 ac
2923 643 3121 689 sanctos
3159 636 3215 690 in
3249 645 3634 711 congregatione

2051 717 2294 786 prapositi
2319 720 2582 774 servientes
2613 721 2937 786 deprecamur
2973 734 3027 778 ut
3064 724 3286 797 digneris
3322 738 3489 784 nostro
3523 732 3635 802 ofﬁ-

2048 805 2125 859 cio
2160 808 2398 875 salutare,
2440 819 2496 863 ut
2534 827 2649 864 cum
2685 820 2772 865 tua
2808 812 3127 870 Beatitudine
3166 833 3335 873 omnes
3361 836 3452 890 pro
3489 822 3633 877 nobis

2048 912 2193 950 orare
2216 897 2499 969 dignentur.
2543 899 2896 971 lndiscrepans
2932 902 3151 960 Trinitas
3174 904 3385 962 Domini
3411 908 3510 964 Dei
3537 927 3632 964 no-

2045 988 2137 1040 stri
2160 990 2498 1058 apostolatum
2547 1001 2709 1057 tuum,
2736 1009 2880 1063 quem
2921 994 3065 1065 elegit
3101 1013 3190 1065 per
3235 998 3471 1069 gratiam,
3503 1016 3631 1053 con-

2043 1088 2199 1132 servet
2226 1080 2367 1135 nobis
2403 1083 2455 1135 in
2484 1082 2709 1137 Ecclesia
2732 1101 2844 1146 sua.
2883 1094 2930 1139 et
2958 1089 3112 1140 nostri
3139 1104 3405 1144 memorem
3423 1100 3628 1145 coronet

2043 1170 2097 1223 in
2122 1170 2348 1226 Ecclesia
2374 1190 2591 1244 magna;
2616 1177 2751 1247 quod
2782 1188 3033 1249 Optamus,
3056 1180 3273 1236 domine.
3307 1182 3369 1237 Si
3387 1183 3509 1254 quid
3531 1200 3628 1237 au-

2043 1269 2140 1314 tem
2174 1262 2396 1331 famulus
2430 1274 2530 1319 tua:
2568 1265 2864 1322 Sanctitatis
2899 1269 3055 1338 frater
3086 1273 3382 1342 suggesserit
3413 1272 3622 1338 Florus,

2041 1370 2135 1424 pro
2162 1358 2338 1426 regula
2370 1360 2678 1425 monasterii,
2708 1360 2929 1431 digneris
2960 1373 3119 1432 pater,
3156 1365 3385 1433 petimus,
3415 1364 3625 1421 libenter

2039 1445 2283 1514 accipere,
2311 1454 2358 1499 et
2385 1463 2474 1517 per
2494 1448 2663 1501 omnia
2692 1466 2783 1503 nos
2806 1450 3033 1519 inﬁrmos
3052 1454 3316 1507 instruere.

2447 1574 2777 1632 EPISTOLA
2814 1577 3074 1633 ccxvn'
3104 1580 3202 1651 (α).

2037 1684 2350 1757 Augustinus
2400 1684 2554 1741 Vitali
2592 1686 2993 1760 Carthaginensi,
3039 1690 3204 1745 delato
3246 1694 3381 1764 quod
3422 1695 3621 1750 doceret

2106 1776 2304 1830 initium
2335 1777 2456 1845 ﬁdei
2494 1795 2597 1831 non
2634 1795 2739 1833 esse
2762 1779 2949 1833 donum
2976 1779 3093 1848 Dei,
3134 1782 3373 1836 reclamat
3398 1785 3617 1855 fortiter,

2106 1865 2369 1935 ipsumque
2388 1882 2451 1919 ex
2474 1866 2699 1936 precibus
2722 1867 2964 1923 Ecclesia:
2980 1873 3243 1941 confutat;
3272 1889 3331 1925 ac
3354 1873 3619 1929 duodecim

2105 1958 2307 2025 regulas
2341 1960 2574 2029 proponit
2599 1960 2667 2012 ad
2691 1960 2845 2027 ﬁdem
2878 1960 3121 2016 Ecclesia:
3154 1965 3451 2033 pertinentes
3480 1967 3618 2021 circa

2103 2049 2425 2115 quaestionem
2448 2052 2511 2103 de
2532 2052 2696 2121 gratia
2724 2051 2841 2105 Dei.

2033 2162 2365 2217 AUGUSTINUS
2380 2163 2661 2234 episcopus
2681 2181 2866 2221 servus
2885 2165 3103 2229 Christi.
3122 2176 3174 2223 et
3192 2183 3285 2238 per
3299 2170 3469 2241 ipsum
3494 2187 3615 2226 ser—
3638 2170 3639 2173 “

2032 2266 2131 2306 vus
2171 2267 2444 2308 servorum
2486 2255 2671 2324 ipsius,
2710 2255 2897 2311 VITALI
2924 2256 3096 2325 fratri,
3129 2259 3182 2313 in
3221 2260 3334 2329 ipso
3363 2262 3610 2315 salutem.

2103 2360 2327 2419 CAPUT
2366 2364 2645 2421 PRIMUM.
2686 2395 2759 2405 -—
2788 2368 2841 2421 1.
2880 2365 3013 2422 Cum
3055 2368 3123 2423 de
3162 2377 3213 2423 te
3257 2369 3386 2424 mihi
3433 2379 3615 2425 essent

2032 2456 2269 2511 nuntiata
2294 2472 2401 2511 non
2424 2458 2583 2525 bona,
2604 2468 2658 2514 et
2684 2461 2862 2531 rogavi
2885 2461 3188 2528 Dominum,
3211 2471 3262 2518 et
3285 2463 3457 2520 donec
3481 2466 3615 2520 mihi

2032 2545 2169 2599 bona
2212 2548 2541 2615 nuntientur,
2592 2547 2764 2603 adhuc
2805 2564 2935 2620 rogo
2976 2562 3035 2605 ut
3073 2552 3275 2607 litteras
3320 2568 3466 2608 meas
3513 2569 3614 2609 nec

2029 2646 2375 2706 aspernanter
2404 2653 2603 2704 sumas,
2636 2649 2689 2694 et
2714 2641 2995 2695 salubriter
3020 2643 3185 2711 legas.
3214 2644 3268 2697 Si
3292 2643 3427 2699 hanc
3452 2660 3616 2700 exau-

2029 2730 2105 2785 dit
2134 2745 2229 2799 pro
2274 2738 2325 2784 te
2360 2730 2655 2784 orationem
2687 2746 2882 2798 meam,
2927 2732 3086 2785 etiam
3125 2732 3192 2786 de
3237 2740 3289 2786 te
3322 2735 3613 2803 gratiarum

2028 2824 2291 2878 actionem
2317 2822 2477 2877 donat
2513 2832 2571 2877 ut
2603 2821 2841 2877 otl‘eram.
2868 2823 3020 2891 Quod
3050 2823 3095 2879 si
3137 2823 3383 2893 impetro,
3422 2825 3613 2896 procul

2027 2913 2191 2969 dubio
2234 2929 2338 2968 non
2382 2914 2712 2969 contradices
2756 2914 2880 2969 huic
2919 2916 3019 2984 ipsi
3068 2915 3331 2986 principio
3371 2918 3612 2985 epistolae

2030 3019 2185 3059 meae.
2216 3004 2327 3058 Hoc
2356 3004 2495 3058 enim
2529 3020 2626 3073 pro
2653 3014 2704 3059 te
2730 3018 2847 3071 oro,
2892 3013 2949 3057 ut
2977 3004 3051 3059 sis
3076 3014 3235 3059 recta:
3262 3004 3405 3060 ﬁdei.
3431 3005 3483 3060 Si
3507 3005 3611 3060 hoc

2028 3111 2155 3166 ergo
2192 3111 2287 3165 pro
2320 3096 2494 3150 charis
2524 3097 2722 3150 nostris
2751 3112 2855 3150 non
2884 3096 2977 3152 tibi
3002 3097 3248 3167 displicet
3274 3105 3331 3151 ut
3366 3113 3606 3161 oremus,

2029 3188 2072 3241 si
2098 3187 2233 3241 hanc
2252 3187 2543 3241 orationem
2576 3188 2911 3256 recognoscis
2937 3202 3057 3243 esse
3083 3187 3447 3253 christianam,
3478 3189 3522 3243 si
3553 3200 3609 3244 et

2027 3288 2083 3334 tu
2108 3294 2205 3350 pro
2234 3279 2408 3334 charis
2435 3279 2541 3333 tuis
2566 3279 2685 3333 talia
2717 3280 2799 3334 vel
2826 3295 2980 3335 orare
3008 3288 3063 3336 te
3090 3281 3299 3347 recolis,
3342 3282 3424 3336 vel
3450 3296 3608 3336 orare

2029 3382 2080 3428 te
2105 3372 2301 3428 debere
2320 3372 2625 3442 cognoscis;
2658 3372 2924 3443 quomodo
2948 3372 3084 3428 dicis
3107 3374 3246 3443 quod
3275 3383 3324 3427 te
3346 3373 3502 3427 audio
3525 3373 3609 3427 di-

2027 3478 2170 3532 cere,
2203 3461 2270 3517 Ut
2297 3474 2427 3516 recte
2450 3464 2713 3517 credamus
2742 3464 2795 3517 in
2820 3464 2985 3518 Deum
3014 3474 3060 3517 et
3097 3464 3370 3533 Evangelia
3400 3481 3609 3517 consen-

2029 3556 2234 3621 tiamus,
2264 3572 2365 3607 non
2394 3571 2499 3609 esse
2519 3556 2706 3609 donum
2731 3554 2849 3620 Dei,
2874 3556 2961 3609 sed
2982 3557 3075 3608 hoc
3094 3556 3235 3609 nobis
3260 3572 3365 3608 esse
3390 3571 3422 3607 a
3442 3555 3605 3621 nobis,

2023 3646 2077 3699 id
2118 3654 2190 3699 est
2216 3661 2278 3699 ea:
2304 3647 2509 3716 prapria
2534 3646 2805 3711 voluntate,
2837 3662 2988 3714 quam
3016 3646 3157 3699 nobis
3185 3646 3237 3699 in
3265 3655 3433 3700 nostro
3457 3646 3608 3700 corde

2025 3755 2124 3792 non
2160 3747 2394 3809 operatus
2423 3748 2495 3792 est
2518 3739 2662 3807 ipse?
2691 3738 2757 3792 Et
2788 3738 2855 3793 ad
2883 3738 3002 3805 hoc,
3030 3754 3150 3793 cum
3188 3738 3439 3804 audieris,
3466 3738 3607 3806 Quid

2025 3839 2106 3884 est
2129 3844 2256 3899 ergo
2284 3827 2426 3898 quod
2451 3830 2524 3881 ait
2551 3830 2856 3899 Apostolus,
2886 3828 3024 3883 Deus
3048 3829 3101 3883 in
3130 3830 3265 3884 vobis
3294 3838 3532 3899 operatur
3558 3839 3607 3883 et

2024 3920 2168 3985 velle,
2199 3929 2245 3972 et
2267 3920 2505 3989 perﬁcere
2539 3918 2794 3991 (Philipp.
2824 3936 2881 3984 ιι,
2909 3917 3033 3991 13)?
3066 3920 3377 3990 reSpondes,
3402 3919 3507 3976 Per
3528 3922 3603 3974 le-

2023 4025 2135 4079 gem
2164 4025 2330 4076 suam,
2362 4027 2452 4079 per
2477 4010 2771 4080 Scripturas
2805 4026 2943 4073 suas,
2972 4010 3135 4063 Deum
3162 4011 3362 4079 operari
3397 4019 3450 4063 ut
3478 4010 3605 4064 veli-

2022 4116 2152 4165 mus,
2179 4116 2302 4170 quas
2336 4099 2415 4154 vel
2447 4101 2657 4171 legimus
2693 4100 2769 4154 vel
2797 4101 3031 4155 audimus
3058 4114 3077 4153 :
3101 4100 3189 4154 sed
3217 4102 3287 4154 eis
3325 4101 3605 4154 consentire

2023 4193 2099 4246 vel
2124 4209 2225 4246 non
2252 4193 2532 4247 consentire
2560 4194 2628 4246 ita
2658 4202 2883 4247 nostrum
2909 4202 3000 4257 est,
3036 4201 3112 4257 ut,
3151 4192 3195 4245 si
3220 4192 3445 4255 velimus,
3474 4193 3605 4260 ﬁat;

2023 4284 2065 4338 si
2094 4293 2261 4337 autem
2286 4283 2523 4351 nolimus,
2552 4285 2679 4338 nihil
2707 4286 2758 4338 in
2784 4285 2925 4338 nobis
2954 4286 3293 4355 Operationem
3319 4282 3417 4337 Dei
3443 4284 3607 4338 valere

2022 4375 2286 4446 faciamus.
2324 4373 2575 4445 Operatur
2606 4376 2789 4445 quippe
2827 4376 2932 4441 ille,
2964 4374 3116 4440 dicis,
3151 4384 3393 4444 quantum
3416 4376 3469 4428 in
3496 4376 3606 4445 ipso

2022 4475 2096 4520 est
2122 4476 2174 4519 ut
2193 4467 2422 4534 velimus,
2451 4484 2563 4520 cum
2588 4468 2730 4521 nobis
2754 4478 2873 4521 nota
2895 4469 3024 4537 ﬁunt
3053 4469 3161 4540 ejus
3179 4468 3377 4539 eloquia
3400 4484 3418 4522 :
3446 4468 3534 4523 sed
3561 4471 3607 4522 si

2023 4562 2093 4614 eis
2127 4562 2438 4630 acquiescere
2482 4561 2732 4625 nolumus,
2776 4578 2867 4614 nos
2904 4570 2959 4613 ut
2986 4562 3209 4631 operatio
3234 4562 3353 4631 ejus
3386 4561 3515 4614 nihil
3550 4561 3606 4613 in

2021 4652 2163 4705 nobis
2206 4652 2361 4720 prosit
2399 4651 2655 4720 efﬁcimus.
2684 4652 2813 4719 Qua:
2841 4652 2886 4706 si
2924 4651 3091 4717 dicis,
3127 4650 3365 4719 proiecto
3402 4652 3602 4706 nostris

2022 4742 2347 4797 orationibus
2373 4743 2713 4798 contradicis.

2091 4832 2144 4885 2.
2187 4832 2281 4886 Dic
2327 4846 2456 4902 ergo
2500 4834 2837 4901 apertissime
2863 4846 2961 4886 nos
2990 4845 3085 4901 pro
3110 4831 3175 4886 iis
3202 4830 3393 4901 quibus
3423 4832 3604 4887 Evan-

2019 4925 2214 4997 gelium
2242 4925 2613 4994 praadicamus,
2644 4941 2746 4979 non
2768 4924 2961 4978 debere
2982 4937 3138 4978 orare
3162 4931 3220 4976 ut
3244 4922 3482 4987 credant,
3505 4923 3601 4977 sed

2020 5020 2098 5075 eis
2128 5018 2495 5073 tantummodo
2522 5018 2829 5087 praedicare.
2860 5016 3059 5069 Exsere
3080 5016 3095 5046 ¹
3118 5023 3303 5071 contra
3333 5016 3603 5070 orationes

2020 5107 2273 5164 Ecclesia:
2299 5107 2681 5177 disputationes
2715 5115 2855 5158 tuas:
2872 5113 2925 5159 et
2952 5104 3163 5174 quando
3183 5103 3332 5161 audis
3348 5106 3601 5160 sacerdo-

2021 5209 2128 5257 tem
2146 5201 2235 5256 Dei
2264 5199 2331 5254 ad
2357 5200 2523 5253 altare
2538 5198 2905 5253 exhortantem
2935 5198 3185 5267 populum
3205 5199 3294 5252 Dei
3321 5214 3476 5253 orare
3507 5215 3604 5268 pro

2020 5291 2328 5355 incredulis,
2359 5298 2416 5344 ut
2441 5303 2535 5343 eos
2558 5288 2695 5343 Deus
2714 5295 2989 5342 convertat
3007 5288 3072 5342 ad
3099 5288 3277 5350 ﬁdem,
3309 5295 3362 5341 et
3387 5302 3482 5355 pro
3503 5304 3601 5341 ca—

2020 5383 2369 5446 techumenis,
2394 5391 2449 5435 ut
2474 5380 2553 5435 eis
2575 5380 2897 5435 desiderium
2920 5378 3334 5449 regenerationis
3355 5378 3598 5448 inspiret,

2083 5544 2100 5576 ι
2126 5539 2261 5598 Edd.,
2284 5550 2476 5589 exerce.
2505 5544 2559 5587 At
2582 5544 2686 5587 Mss.
2704 5536 3081 5600 praestantiores,
3104 5545 3292 5585 exsere.

2081 5626 2099 5643 '
2124 5616 2249 5673 Hanc
2268 5622 2568 5671 correximus
2588 5620 2646 5670 ad
2664 5632 2710 5669 a.
2735 5618 2802 5667 bl.
2828 5617 2877 5666 tl‘.
2902 5618 2977 5667 sb.
2997 5617 3028 5666 2
3047 5629 3123 5667 vc.
3148 5617 3180 5665 ’5
3202 5632 3247 5666 ν.
3273 5622 3375 5666 Am.
3393 5617 3503 5667 Bad.
3522 5623 3599 5667 Er.

2015 5694 2127 5737 ιον.

2078 5770 2296 5883 (a1
2315 5770 2400 5822 107
2419 5782 2431 5819 :
2450 5783 2561 5833 quae
2582 5774 2743 5819 autem
2762 5766 2849 5818 217
2870 5772 3002 5828 erat,
3028 5778 3157 5819 nunc
3174 5763 3253 5815 59.
3274 5764 3453 5829 scripta
3475 5765 3603 5817 circa

2017 5848 2095 5885 an.
2122 5848 2228 5883 411.
