4024 6370
561 428 667 487 979
1788 416 1845 475 8.
1886 408 2247 473 AUGUBTINI
2284 408 2583 471 EPISCOPI
3664 439 3748 498 980

563 556 620 602 et
648 560 743 617 pro
771 544 1034 610 ﬁdelibus,
1065 550 1120 598 ut
1155 543 1207 597 in
1238 557 1300 598 eo
1327 540 1463 610 quod
1502 553 1619 593 csse
1663 545 1937 606 ('(eperunt
1958 577 1971 601 ,
2022 533 2137 602 ejus

566 653 787 694 munere
813 645 1191 711 perseverent;
1221 635 1483 691 subsanna
1510 633 1619 701 pias
1649 646 1825 696 voces,
1867 639 1920 683 et
1960 627 2045 681 dic
2088 635 2137 680 te

566 744 673 784 non
704 729 881 783 facere
909 726 1047 797 quad
1076 727 1334 790 hortatur,
1373 724 1425 779 id
1455 733 1553 787 est,
1585 724 1749 777 Deum
1781 736 1879 792 pro
1906 718 2135 774 iulideli-

565 819 686 886 bus,
716 827 775 873 ut
802 832 895 873 eos
934 817 1116 872 ﬁdeles
1147 816 1339 881 faciat,
1380 830 1483 869 non
1525 828 1709 884 rogare
1730 855 1744 879 ,
1776 827 1841 866 co
1864 811 2004 881 quod
2033 826 2137 864 non

568 911 677 965 sint
700 909 801 964 ista
828 906 1021 963 divinae
1051 907 1403 962 miserationis
1433 905 1686 961 henclicia
1711 944 1726 971 ,
1770 901 1864 957 sed
1894 902 2137 955 humanae

568 999 742 1057 ofﬁcia
769 999 1071 1055 voluntatis.
1105 998 1168 1053 Et
1196 998 1358 1052 homo
1386 998 1436 1051 in
1476 995 1877 1065 Cartliagineusi
1904 993 2137 1047 eruditus

567 1088 825 1157 Ecclesia,
856 1090 1016 1147 etiam
1056 1090 1345 1146 beatissimi
1380 1087 1623 1160 Cypriani
1652 1088 1840 1141 librum
1865 1086 1933 1140 de
1954 1084 2138 1137 Domi-

564 1180 683 1238 nica
708 1181 959 1237 Oratione
977 1181 1304 1245 condemns;
1336 1194 1492 1249 quam
1515 1179 1697 1233 doctor
1720 1179 1805 1231 ille
1828 1191 1948 1230 cum
1976 1190 2139 1245 expo-

567 1284 745 1341 ueret,
795 1288 856 1329 ea
893 1274 1121 1344 petenda
1147 1289 1265 1328 esse
1292 1272 1521 1328 ostendit
1549 1288 1576 1325 a
1608 1272 1717 1325 Deo
1740 1279 1908 1340 patre,
1938 1285 2054 1340 qua:
2084 1279 2138 1324 tu

564 1363 698 1422 dicis
723 1379 840 1421 esse
866 1364 1068 1419 homini
1093 1365 1159 1419 ab
1180 1364 1411 1430 homine,
1442 1364 1541 1418 hoc
1571 1372 1653 1417 est
1676 1378 1705 1415 a
1726 1362 1921 1431 seipse.

638 1456 692 1510 5.
732 1453 884 1522 Quod
924 1455 969 1509 si
1013 1454 1081 1510 de
1121 1455 1365 1524 precibus
1404 1454 1655 1508 Ecclesiae
1702 1460 1756 1507 et
1797 1452 1864 1507 de
1906 1458 2139 1521 martyre

563 1548 830 1623 Cypriane
856 1564 1037 1619 parum
1065 1556 1217 1618 putas
1244 1563 1364 1603 esse
1384 1548 1523 1616 quod
1546 1547 1677 1611 dixi,
1709 1546 1843 1599 aude
1871 1547 1886 1576 ¹
1914 1544 2135 1613 majora,

564 1638 894 1711 reprehende
915 1639 1245 1708 Apostolum,
1278 1638 1364 1707 qui
1392 1637 1553 1700 dixit,
1604 1635 1820 1688 Oramus
1850 1634 1915 1686 ad
1951 1633 2134 1696 Deum,

565 1750 630 1791 ne
655 1732 777 1803 quid
802 1732 1000 1807 faciatis
1029 1732 1150 1787 mali
1178 1730 1238 1801 (ll
1266 1729 1383 1785 Cor.
1416 1746 1508 1787 xui
1530 1771 1542 1794 ,
1575 1730 1649 1799 7).
1680 1727 1856 1797 Neque
1885 1724 2023 1779 enim
2054 1726 2138 1779 di-

564 1832 749 1885 cturus
777 1837 836 1878 es
870 1822 1000 1878 nihil
1046 1823 1167 1879 mali
1214 1837 1334 1877 eum
1384 1822 1557 1877 facere
1593 1819 1681 1888 qui
1727 1834 1830 1872 non
1875 1818 2043 1872 credit
2086 1818 2138 1871 in

565 1914 867 1977 Christum,
899 1920 989 1971 aut
1018 1913 1106 1982 qui
1140 1912 1296 1967 ﬁdem
1333 1911 1529 1966 deserit
1558 1910 1785 1973 Christi;
1818 1924 1879 1963 ac
1918 1924 2011 1978 per
2040 1909 2139 1964 hoc

565 2008 655 2077 qui
676 2006 823 2071 dicit,
851 2022 912 2059 ne
932 2006 1052 2075 quid
1078 2006 1275 2076 faciatis
1302 2004 1442 2067 mali,
1471 2018 1571 2057 nec
1596 2002 1691 2055 ista
1730 2002 1838 2054 vult
1868 2000 1981 2055 ﬁeri
2009 2019 2021 2055 :
2046 2016 2136 2055 sa-

565 2097 739 2166 tisque
765 2095 837 2149 illi
863 2110 965 2149 non
993 2104 1071 2149 est
1102 2094 1410 2163 praecipere,
1440 2092 1535 2149 sed
1566 2093 1844 2145 conﬁtetur
1878 2106 1934 2144 se
1971 2092 2135 2145 Deum

562 2194 750 2254 regare
781 2200 848 2240 ne
877 2184 1031 2252 fiant,
1064 2187 1235 2240 sciens
1275 2185 1504 2239 hominis
1546 2184 1872 2237 voluntatem
1913 2184 1978 2237 ab
2022 2184 2137 2252 ipso

563 2277 751 2348 corrigi
784 2292 845 2331 ac
887 2278 1072 2346 dirigi,
1105 2288 1164 2331 ut
1192 2277 1286 2331 ista
1314 2292 1419 2332 non
1450 2276 1621 2331 faciat.
1668 2278 1712 2329 Α
1750 2275 1965 2329 Domino
1995 2277 2135 2331 enim

561 2383 761 2439 gressus
790 2368 1003 2421 hominis
1032 2368 1349 2437 diriguntur,
1394 2377 1439 2421 et
1476 2368 1604 2419 viam
1646 2368 1754 2436 dus
1796 2368 1922 2419 volet
1963 2365 2133 2438 (Psal.

563 2470 759 2521 xxxvr,
787 2456 878 2527 25)
905 2475 917 2509 :
949 2474 1053 2511 non
1080 2458 1231 2521 dixit,
1257 2458 1319 2512 Et
1337 2459 1470 2511 viam
1495 2458 1609 2527 ejus
1626 2459 1809 2523 discet,
1842 2467 1951 2523 aut,
1985 2468 2135 2513 tene-

562 2547 658 2614 bit,
691 2556 800 2612 aut,
831 2548 1138 2614 ambulabit,
1169 2558 1257 2601 aut
1286 2548 1480 2618 aliquid
1506 2549 1805 2617 huiusmodi
1835 2550 1973 2618 quod
2004 2566 2129 2619 pos-

566 2653 651 2693 ses
696 2638 872 2692 dicere
916 2655 944 2692 a
990 2640 1211 2692 Domino
1256 2639 1465 2708 quidem
1502 2640 1644 2705 dari,
1674 2641 1765 2694 sed
1797 2640 1997 2695 homini
2020 2642 2131 2711 jam

564 2729 794 2791 volenti;
822 2738 878 2783 nt
899 2729 1097 2782 scilicet
1127 2728 1435 2783 beneﬁcium
1470 2730 1561 2784 Dei
1592 2745 1696 2799 quo
1724 2746 1936 2799 gressus
1962 2731 2132 2786 homi-

556 2818 646 2873 nis
671 2819 870 2888 dirigit,
901 2828 958 2871 ut
985 2820 1122 2873 viam
1151 2820 1265 2888 ejus
1288 2819 1476 2885 discat,
1507 2830 1701 2886 teneat,
1724 2823 2012 2891 gradiatur,
2038 2839 2131 2878 sua

562 2908 723 2962 homo
755 2911 1022 2964 voluntate
1048 2910 1328 2978 praecedat,
1358 2919 1412 2965 et
1441 2910 1541 2965 hoc
1573 2912 1663 2965 Dei
1702 2912 1897 2966 donum
1928 2930 2128 2981 prisce-

559 3000 718 3055 dente
737 3015 830 3056 sua
848 3002 1115 3056 voluntate
1127 3013 1408 3057 mercatur.
1426 3002 1530 3059 Sed
1549 3004 1664 3059 ideo
1682 3006 1827 3068 dixit,
1853 3006 1896 3059 Α
1913 3006 2131 3062 Domino

558 3106 758 3161 gressus
784 3092 995 3146 hominis
1016 3094 1327 3165 diriguntur,
1355 3104 1401 3149 et
1428 3097 1558 3148 viam
1573 3098 1678 3168 ejus
1695 3099 1841 3162 volet,
1873 3108 1927 3152 ut
1946 3100 2133 3154 intelli-

557 3194 804 3250 geremus
830 3182 995 3249 ipsam
1021 3184 1340 3239 voluntatem
1367 3186 1557 3241 bonam
1578 3202 1678 3256 qua
1701 3188 1976 3256 incipimus
1995 3190 2131 3246 velle

559 3269 777 3326 credere
807 3270 1076 3340 (quoniam
1108 3274 1200 3329 Dei
1231 3276 1311 3327 via
1339 3276 1463 3345 quid
1487 3286 1595 3342 est,
1638 3279 1734 3331 nisi
1767 3278 1895 3333 ﬁdes
1924 3281 2125 3353 recta?)

557 3358 701 3417 illius
716 3376 834 3417 esse
850 3363 1043 3417 donum
1067 3366 1153 3435 qui
1174 3381 1388 3435 gressus
1417 3378 1625 3422 nostros
1650 3364 1925 3440 proptcr'ca
1956 3373 2132 3443 dirigit

554 3453 802 3522 primitus
817 3465 875 3508 ut
896 3456 1133 3510 velimus.
1156 3456 1268 3512 Non
1284 3459 1423 3513 enim
1446 3458 1516 3513 ait
1532 3461 1820 3530 Scriptura,
1846 3464 1883 3519 Α
1916 3463 2130 3518 Domino

556 3554 755 3613 gressus
780 3545 995 3600 hominis
1016 3547 1323 3619 diriguntur,
1345 3551 1464 3620 quia
1491 3553 1625 3605 viam
1648 3553 1759 3622 ejus
1785 3556 1982 3623 voluit;
2010 3558 2124 3625 scd,

559 3634 864 3705 diriguntur,
891 3638 1078 3707 inquit,
1106 3648 1153 3692 et
1175 3640 1321 3694 volet.
1342 3641 1455 3695 Non
1478 3642 1635 3711 igitur
1651 3645 1771 3711 quia
1790 3646 1973 3711 voluit,
1997 3647 2127 3703 diri-

556 3732 779 3793 guntur;
805 3725 899 3779 sed
927 3727 1046 3795 quia
1075 3728 1389 3797 diriguntur,
1424 3731 1580 3785 volet.

632 3814 854 3871 CAPUT
882 3815 946 3869 ll.
974 3847 1045 3859 -ο
1064 3818 1115 3871 4.
1148 3818 1245 3872 llic
1268 3825 1323 3873 tu
1350 3835 1535 3875 rursus
1556 3822 1776 3877 fortasse
1805 3824 2045 3881 dicturus
2070 3844 2129 3884 es

566 3906 669 3962 hoc
691 3906 803 3961 ﬁeri
832 3922 863 3961 a
884 3907 1127 3971 Domino,
1156 3909 1279 3964 dum
1310 3910 1547 3967 doctrina
1573 3914 1689 3982 ejus
1712 3914 1899 3985 legitur
1926 3918 2008 3972 vel
2030 3936 2128 3974 au-

559 3996 721 4064 ditur,
751 3999 795 4052 si
823 3998 982 4054 liomo
1006 4001 1213 4055 veritati
1243 4017 1398 4072 quam
1429 4004 1553 4074 legit
1577 4006 1659 4058 vel
1686 4007 1852 4074 audit,
1878 4024 1971 4063 sua
1995 4027 2128 4066 con-

558 4088 751 4142 sentiat
766 4086 1057 4144 voluntate.
1090 4088 1151 4145 Si
1174 4092 1303 4145 enim
1329 4093 1502 4147 lateret
1525 4098 1656 4158 eum,
1677 4096 1871 4166 inquis,
1901 4099 2131 4155 doctrina

558 4178 673 4241 Dei,
702 4194 801 4232 non
830 4180 1158 4250 dirigerentur
1183 4198 1381 4253 gressus
1407 4185 1535 4255 ejus,
1561 4186 1735 4255 quibus
1761 4188 1962 4243 directis
1985 4190 2131 4245 vellet

557 4268 690 4321 mam
735 4269 850 4322 Dei.
891 4270 969 4325 Ac
1014 4287 1108 4339 per
1151 4274 1250 4327 hoc
1286 4274 1363 4327 sic
1399 4282 1600 4328 tantum
1644 4286 1798 4345 putas
1839 4293 1867 4330 a
1906 4280 2131 4337 Domino

560 4370 774 4427 gressus
817 4359 1051 4415 hominis
1080 4362 1228 4433 dirigi
1263 4364 1330 4418 ad
1372 4365 1664 4436 eligendam
1692 4371 1829 4423 viam
1862 4371 1976 4439 Dei,
2007 4376 2129 4445 quia

560 4450 676 4504 sine
718 4450 958 4505 doctrina
1001 4452 1093 4506 Dei
1133 4468 1235 4507 non
1264 4455 1312 4509 ei
1343 4466 1515 4524 potest
1543 4460 1872 4516 innotescere
1912 4466 2123 4532 veritas,

558 4542 644 4597 cui
678 4543 888 4613 propria
921 4545 1186 4600 voluntate
1212 4548 1528 4603 consentiat.
1561 4550 1653 4604 Cui
1673 4553 1717 4605 si
1746 4557 2007 4623 consentit,
2042 4559 2124 4612 in-

554 4634 675 4703 quis
702 4633 861 4705 (quod
885 4634 937 4688 in
962 4636 1070 4707 ejus
1098 4637 1251 4690 libero
1273 4638 1479 4692 arbitrio
1505 4643 1827 4699 constitutum
1848 4646 1966 4715 est),
1997 4659 2129 4704 recte

555 4725 726 4793 utique
750 4724 984 4778 dicuntur
1008 4727 1070 4779 ab
1099 4727 1189 4780 illo
1213 4727 1362 4799 dirigi
1388 4746 1590 4799 gressus
1622 4735 1733 4805 ejus
1766 4746 1818 4788 ut
1854 4739 1985 4791 viam
2019 4743 2128 4814 ejus

553 4816 689 4879 uelit,
717 4818 863 4886 cujus
881 4818 1179 4884 doctrinam,
1206 4822 1438 4876 suasione
1455 4827 1780 4891 prtecedentc,
1803 4832 2128 4895 subsequente

552 4909 876 4963 consensione
912 4920 1164 4975 sectatur;
1210 4914 1343 4981 quod
1378 4915 1600 4970 libertate
1641 4923 1894 4988 naturali,
1926 4925 1971 4977 si
1995 4927 2121 4993 vult,

553 4997 695 5067 facit,
716 4999 762 5051 si
787 5015 890 5053 non
917 5001 937 5031 ²
963 5000 1087 5067 vult,
1119 5019 1218 5056 non
1245 5004 1399 5072 facit;
1426 5023 1516 5072 pro
1538 5024 1596 5060 eo
1621 5012 1757 5080 quod
1779 5013 1969 5081 fecerit,
1991 5034 2126 5087 prte-

552 5087 730 5151 mium,
756 5088 832 5140 vel
853 5092 1154 5160 supplicium
1181 5106 1489 5164 recepturus.
1518 5097 1642 5155 Haec
1662 5108 1743 5153 est
1772 5102 1858 5156 illa
1890 5102 2125 5176 Pelagia-

548 5194 741 5236 nontm
772 5181 930 5246 mala,
962 5184 1099 5239 male
1124 5184 1389 5241 diﬁ'amata
1415 5192 1706 5262 meritoque
1734 5197 2038 5263 reprobata,
2071 5210 2125 5256 et

546 5271 617 5327 ab
641 5271 756 5340 ipso
772 5271 932 5325 etiam
951 5272 1182 5343 Pelagio,
1200 5278 1419 5333 timente
1446 5280 1684 5336 damnari
1712 5285 1763 5338 in
1789 5285 2123 5344 orientalium

546 5362 917 5432 episcoporum
933 5363 1151 5432 judicio,
1166 5364 1410 5421 damnata
1433 5372 1692 5427 sententia
1707 5373 1805 5445 (a),
1825 5392 1927 5445 qua
1940 5377 2125 5434 dicunt

546 5454 767 5523 gratiam
794 5454 887 5509 Dei
908 5470 1014 5509 non
1040 5455 1106 5510 ad
1132 5456 1366 5526 singulos
1394 5470 1539 5515 actus
1571 5462 1715 5532 dari,
1748 5467 1841 5521 sed
1875 5467 1928 5523 in
1959 5470 2122 5525 libero

546 5544 766 5599 arbitrio
802 5559 952 5613 esse,
991 5546 1073 5600 vel
1115 5546 1166 5600 in
1211 5547 1327 5618 lege
1367 5560 1523 5620 atque
1561 5553 1837 5612 doctrina:
1870 5568 1924 5614 et
1957 5577 2122 5631 usque

615 5679 629 5708 ¹
647 5681 950 5742 antiquiores
966 5679 1098 5754 laud"
1124 5684 1272 5735 adde.
1293 5692 1422 5745 Lov.,
1438 5689 1567 5760 turdi.

612 5741 631 5769 2
650 5747 737 5769 Mm
778 5740 877 5769 Ann
900 5749 1028 5769 ιΙΔΙιΛ
1066 5749 1114 5769 ιιι
1137 5758 1262 5769 ...κ-ι.
1290 5761 1314 5769 ,.
1340 5747 1477 5769 τμη--
1548 5752 1587 5769 ,ε
1611 5752 1702 5769 “-4.
1750 5768 1754 5769 ,
1866 5758 1887 5769 -
1944 5758 1954 5769 .

650 5740 878 5821 residue
900 5743 1048 5793 vatio.
1065 5740 1119 5795 et
1137 5758 1265 5797 umis
1287 5761 1317 5797 θ
1338 5740 1519 5811 Gallic.
1541 5752 1587 5804 si
1607 5752 1721 5815 vult,
1742 5768 1836 5809 non
1854 5758 1987 5821 (adt.

610 5818 681 5881 ψ)
703 5818 804 5868 Vid.
825 5818 914 5870 lib.
932 5820 998 5872 de
1017 5824 1173 5875 Gestis
1192 5826 1375 5890 Pelag,
1393 5842 1439 5879 ο.
1461 5832 1537 5882 14.

2241 529 2371 584 adeo
2388 572 2401 595 ,
2432 529 2612 600 frater,
2640 534 2836 591 erimus
2862 550 3052 606 graves
3092 540 3250 597 corde
3271 582 3284 607 ,
3312 552 3367 599 ut
3394 545 3457 601 de
3481 550 3629 617 gratia
3655 554 3746 624 Dei,

2241 618 2347 673 imo
2374 621 2625 678 adversus
2653 625 2873 694 gratiam
2916 628 3010 683 Dei
3031 671 3045 695 ,
3078 645 3197 685 eam
3225 627 3534 705 pelagianam
3567 618 3749 701 semen;

2240 709 2366 763 tiam
2388 721 2678 781 teneamus,
2694 731 2851 785 quam
2870 729 3081 787 pectore
3104 723 3314 792 quidem
3338 727 3475 795 ﬁcto,
3497 732 3580 785 sed
3608 743 3749 794 tamen

2238 802 2525 859 catholicos
2544 804 2747 875 judices
2776 809 2967 864 timens
2993 811 3235 883 Pelagius
3262 815 3373 884 ipse
3394 818 3665 880 damnavit!

2311 893 2363 948 5.
2406 896 2471 949 Et
2496 899 2779 966 quomodo,
2804 900 3029 971 inquies,
3065 907 3495 975 respondebitur?
3516 912 3749 978 Quomodo

2238 998 2427 1039 censes
2464 986 2667 1043 facilius
2708 997 2765 1044 et
2802 993 3036 1060 apertius
3058 1034 3073 1059 ,
3119 1010 3275 1066 quam
3302 1009 3361 1053 ut
3399 1000 3520 1056 illud
3544 1006 3667 1073 quod
3698 1009 3753 1065 de

2240 1075 2442 1131 orando
2468 1078 2575 1132 Deo
2606 1082 2848 1149 superius
2864 1084 3087 1154 egimus,
3106 1086 3185 1141 sic
3204 1090 3587 1161 amplectamur,
3610 1108 3661 1151 ut
3675 1098 3754 1155 hoc

2241 1168 2403 1222 menti
2430 1179 2623 1225 nostra:
2639 1173 2780 1227 nulla
2801 1175 3077 1231 subtrahat
3094 1178 3376 1236 oblivionis
3396 1183 3618 1256 ineptia,
3640 1191 3754 1246 nulla

2240 1258 2501 1315 calliditas
2522 1266 2993 1331 argumentationis
3020 1274 3371 1340 extorqueat?
3388 1273 3449 1329 Si
3473 1277 3623 1343 enim,
3642 1282 3753 1349 quod

2239 1352 2494 1421 scriptum
2514 1363 2618 1421 est,
2646 1356 2688 1408 Α
2718 1356 2935 1413 Domino
2956 1375 3153 1431 gressus
3177 1364 3387 1419 hominis
3408 1366 3695 1439 diriguntur,
3722 1385 3759 1427 et

2239 1445 2371 1498 viam
2412 1447 2521 1517 ejus
2562 1449 2720 1515 volet;
2754 1460 2836 1518 et,
2883 1453 3214 1523 Prteparatur
3249 1460 3475 1515 voluntas
3509 1479 3539 1516 α
3580 1463 3760 1520 Domino

2238 1533 2423 1603 (Prov.
2461 1552 2580 1605 νηί,
2616 1539 2809 1603 35,scc.
2840 1543 3037 1616 LXX);
3062 1556 3137 1612 et,
3167 1547 3309 1603 Deus
3332 1561 3403 1604 est
3429 1553 3551 1605 enim
3574 1555 3648 1622 qui
3669 1574 3761 1624 ope-

2239 1632 2383 1679 ratur
2413 1627 2467 1679 in
2493 1629 2628 1683 vobis
2656 1639 2699 1684 et
2727 1633 2851 1686 uelle
2884 1649 2903 1687 :
2944 1645 3002 1689 et
3039 1638 3202 1692 multa
3248 1639 3569 1710 hujusmodi,
3606 1647 3761 1713 quibus

2241 1718 2641 1775 commendatur
2664 1736 2787 1776 vera
2821 1723 2912 1777 Dei
2937 1727 3105 1794 gratis
3121 1769 3134 1791 ,
3174 1728 3275 1783 hoc
3310 1740 3414 1797 est,
3439 1747 3551 1803 quae
3574 1751 3667 1789 non
3691 1752 3761 1792 se-

2239 1806 2467 1861 cundum
2491 1810 2674 1863 merita
2697 1822 2877 1867 nostra
2903 1814 3075 1881 datur,
3105 1818 3197 1873 sed
3217 1820 3311 1874 dat
3338 1824 3521 1877 merita
3549 1826 3647 1895 ipsa
3665 1845 3761 1883 cum

2239 1894 2397 1950 datur
2418 1914 2432 1961 ;
2461 1900 2580 1969 quia
2608 1905 2861 1969 pravenit
2881 1905 3111 1963 hominis
3131 1911 3456 1969 voluntatem
3475 1894 3666 1984 bonam,
3687 1935 3763 1976 nec

2239 2002 2357 2045 eam
2387 1991 2693 2062 cnjusquam
2718 1996 2914 2052 invenit
2940 2000 2990 2052 in
3018 2002 3198 2067 corde,
3226 2004 3323 2059 sed
3348 2003 3472 2061 facit
3494 2025 3506 2062 :
3528 2009 3694 2079 siergo
3708 2012 3763 2067 ita

2241 2094 2563 2150 praepararet
2589 2096 2747 2157 atque
2770 2089 2843 2145 ita
2869 2102 3178 2159 operaretur
3205 2094 3351 2151 Deus
3376 2096 3595 2153 hominis
3614 2101 3766 2156 volun-

2241 2180 2401 2227 tatem
2428 2214 2441 2238 ,
2470 2184 2523 2229 ut
2557 2180 2919 2234 tantummodo
2945 2181 3115 2252 legem
3145 2200 3294 2239 suam
3328 2198 3484 2257 atque
3508 2188 3763 2245 doctrinam

2240 2260 2409 2321 libero
2433 2264 2548 2334 ejus
2572 2266 2846 2324 adhiberet
2874 2272 3119 2341 arbitrio,
3159 2291 3257 2333 nec
3284 2280 3559 2336 vocatione
3583 2282 3659 2336 illa
3680 2284 3765 2339 alta

2239 2364 2397 2425 atque
2425 2367 2630 2414 secreta
2658 2361 2737 2417 sic
2756 2361 2872 2431 ejus
2896 2375 3074 2434 ageret
3098 2382 3315 2423 sensum
3338 2411 3355 2437 ,
3404 2380 3461 2425 ut
3492 2374 3648 2428 eidem
3686 2376 3765 2445 legi

2237 2456 2396 2517 atque
2424 2449 2679 2511 doctrinae
2694 2456 3114 2513 accommodaret
3126 2476 3405 2518 assensum
3421 2480 3436 2531 ;
3453 2467 3765 2535 proculdubio

2236 2552 2352 2592 eam
2381 2538 2588 2610 legere,
2619 2542 2702 2596 vel
2734 2544 3032 2617 intelligere
3062 2550 3304 2620 legendo,
3337 2555 3421 2610 vel
3444 2556 3595 2610 etiam
3624 2574 3763 2628 etpo-

2236 2644 2365 2685 nere
2392 2647 2456 2686 ac
2485 2634 2773 2701 prcedicare
2799 2637 3089 2707 sufﬁceret,
3118 2659 3216 2698 nec
3243 2660 3385 2716 opus
3413 2657 3549 2703 esset
3570 2664 3703 2706 orare
3722 2660 3765 2705 ut

2235 2721 2373 2776 Dens
2401 2723 2467 2777 ad
2491 2726 2647 2780 ﬁdem
2675 2744 2825 2783 suam
2854 2730 3142 2788 inﬁdelium
3170 2738 3335 2793 corda
3364 2752 3702 2807 converteret,
3725 2752 3768 2797 et

2236 2815 2505 2867 conversis
2524 2817 2882 2885 proﬁcientem
2903 2827 3353 2891 perseverantiam
3370 2830 3597 2900 ejusdem
3614 2833 3768 2902 gralize

2232 2916 2344 2955 sua:
2372 2904 2607 2974 largitate
2631 2907 2874 2965 donaret.
2892 2912 2949 2967 Si
2974 2928 3100 2983 ergo
3117 2916 3229 2971 haec
3249 2930 3279 2972 a
3305 2919 3526 2976 Domino
3541 2923 3767 2991 poscenda

2231 3007 2350 3047 esse
2377 3010 2479 3048 non
2508 2999 2706 3062 renuis,
2737 3002 2864 3070 quid
2892 3012 3075 3072 restat,
3104 3005 3267 3062 frater
3298 3009 3505 3077 Vitalis,
3534 3013 3626 3067 nisi
3651 3023 3695 3066 ut
3712 3014 3766 3068 ab

2234 3085 2323 3139 illo
2343 3102 2403 3141 ea
2430 3088 2612 3144 donari
2635 3091 2868 3161 fatearis,
2892 3113 2920 3149 a
2946 3114 3051 3168 quo
3076 3102 3346 3169 poscenda
3367 3119 3485 3160 esse
3503 3108 3767 3161 censentis?

2230 3177 2288 3231 Si
2314 3187 2489 3234 autem
2516 3198 2678 3253 negas
2705 3185 2772 3239 ab
2799 3187 2890 3243 illo
2916 3203 3014 3243 uos
3035 3206 3252 3259 poscere
3276 3194 3383 3249 ista
3404 3196 3605 3259 debere,
3621 3197 3766 3253 eidem

2233 3270 2488 3326 doctrina:
2513 3274 2679 3343 ipsius
2705 3280 3055 3346 contradicis;
3078 3284 3199 3353 quia
3227 3294 3281 3339 et
3308 3284 3417 3342 hoc
3444 3288 3495 3343 in
3518 3303 3579 3343 ea
3606 3288 3766 3343 didici-

2236 3376 2369 3425 mus,
2400 3372 2455 3416 ut
2481 3364 2548 3418 ab
2573 3366 2661 3418 illo
2691 3367 2787 3421 ista
2814 3385 3113 3438 poscamus.

2305 3451 2357 3504 6.
2400 3453 2703 3510 Orationem
2735 3459 3053 3517 dominicam
3084 3464 3244 3529 nosti,
3274 3483 3381 3523 nec
3403 3469 3578 3524 dubito
3606 3477 3651 3525 te
3679 3470 3764 3524 Deo

2232 3540 2408 3597 dicere
2437 3562 2449 3596 :
2484 3543 2642 3599 Pater
2665 3560 2862 3618 noster,
2891 3554 2975 3622 qui
2995 3572 3048 3607 es
3072 3555 3125 3608 in
3148 3557 3320 3624 caelis,
3352 3569 3455 3614 etc.
3484 3560 3613 3629 Lege
3633 3574 3767 3628 expo-

2232 3632 2450 3688 sitorem
2478 3636 2594 3704 ejus
2620 3638 2983 3699 beatissimum
3007 3645 3358 3717 Cyprianum,
3386 3659 3441 3704 et
3468 3651 3768 3719 quemadmo-

2145 3750 2163 3805 λ
2232 3725 2357 3780 dum
2402 3732 2704 3797 exposuerit
2745 3734 2885 3804 quod
2924 3736 2995 3791 ibi
3039 3738 3255 3802 dicitur,
3290 3739 3419 3795 Fiat
3444 3744 3763 3804 ωιαηιωιιια,

2230 3818 2359 3871 sicut
2385 3818 2436 3871 in
2462 3820 2614 3888 creto,
2646 3832 2692 3876 et
2718 3826 2771 3877 in
2806 3834 2937 3879 terra
2962 3826 3174 3897 (Matt/2.
3200 3845 3270 3898 vr,
3301 3832 3362 3899 9,
3391 3832 3501 3905 ιθ),
3524 3834 3767 3905 diligenter

2235 3909 2451 3965 attende
2469 3953 2483 3976 ,
2510 3919 2565 3966 et
2589 3915 2901 3972 obedienter
2926 3920 3158 3990 intelligo
3184 3940 3196 3976 :
3224 3924 3469 3992 profecto
3506 3926 3695 3981 docebit
3727 3934 3767 3979 te

2232 4016 2385 4057 orare
2428 4020 2522 4073 pro
2568 4007 2867 4065 inﬁdelibus
2910 4012 3132 4066 inimicis
3179 4014 3468 4082 Ecclesiae,
3512 4017 3764 4073 secundum

2234 4103 2553 4164 praeceptum
2580 4098 2808 4167 Domini,
2835 4101 3077 4167 dicentis,
3105 4103 3258 4160 Orate
3279 4124 3378 4176 pro
3397 4109 3603 4162 inimicis
3623 4106 3769 4162 mnis

2233 4184 2339 4254 (1d.
2371 4204 2422 4254 v,
2451 4190 2574 4260 44);
2619 4201 2673 4245 et
2700 4193 2800 4247 hoc
2824 4208 3000 4260 orare,
3029 4203 3087 4249 ut
3110 4196 3201 4251 ﬁat
3226 4199 3473 4256 voluntas
3496 4200 3617 4265 Dei,
3654 4200 3769 4253 sicut

2234 4278 2285 4331 in
2314 4278 2391 4332 eis
2414 4282 2503 4348 qui
2525 4281 2633 4350 jam
2664 4283 2847 4339 ﬁdeles
2869 4294 2994 4340 sunt
3017 4297 3071 4341 et
3100 4298 3310 4358 portant
3338 4292 3609 4363 imaginem
3626 4290 3766 4347 coele-

2233 4371 2330 4427 stis
2357 4371 2604 4440 hominis,
2628 4384 2684 4431 et
2704 4386 2981 4446 propterea
2996 4381 3121 4435 coeli
3140 4384 3357 4442 nomine
3381 4385 3524 4456 digni
3542 4394 3687 4449 sunt;
3711 4384 3767 4437 ita

2234 4470 2287 4515 et
2314 4461 2368 4515 in
2404 4463 2482 4518 eis
2511 4465 2599 4533 qui
2628 4479 2724 4534 per
2748 4465 3109 4524 inﬁdelitatem
3140 4473 3353 4528 nonnisi
3382 4475 3652 4546 imaginem
3673 4480 3767 4527 ter-

2232 4554 2346 4607 reni
2392 4555 2616 4610 hominis
2652 4566 2861 4625 portant
2895 4558 2941 4631 (Ι
2964 4559 3082 4616 Cor.
3113 4578 3201 4626 xv,
3228 4564 3455 4639 47-49),
3499 4574 3553 4621 et
3585 4564 3648 4620 ob
3686 4563 3768 4617 hoc

2235 4650 2372 4699 lcrra
2397 4643 2587 4699 merito
2615 4658 3002 4718 nuncupantur.
3027 4650 3227 4721 Nempe
3245 4654 3348 4720 isti,
3381 4670 3479 4725 pro
3497 4655 3673 4725 quibus
3686 4650 3767 4705 ini-

2232 4736 2383 4790 micis
2426 4736 2678 4792 Dominus
2720 4754 2819 4794 nos
2850 4741 3009 4809 jussit
3047 4756 3201 4799 orare
3224 4785 3239 4810 ,
3294 4754 3350 4801 et
3389 4744 3765 4816 gloriosissimus

2228 4836 2433 4896 martyr
2460 4828 2537 4881 sic
2571 4831 2813 4898 exposuit
2838 4833 2979 4902 quod
3017 4834 3069 4888 in
3104 4837 3345 4891 oratione
3383 4836 3632 4902 dicimus,
3666 4832 3765 4888 Fiat

2229 4917 2459 4971 voluntas
2497 4927 2581 4972 tua
2602 4960 2617 4983 ,
2661 4922 2788 4974 sicut
2814 4923 2866 4975 in
2896 4925 3048 4990 caelo,
3071 4934 3121 4979 et
3140 4930 3194 4980 in
3220 4937 3373 4994 terra,
3400 4936 3458 4983 ut
3485 4928 3609 4999 ipsis
3628 4925 3766 4982 etiam

2232 5024 2513 5077 poscamus
2548 5010 2707 5067 ﬁdem
2752 5030 2907 5083 quam
2946 5017 3130 5073 ﬁdeles
3170 5018 3365 5077 habent
3401 5039 3415 5074 :
3454 5034 3637 5088 nempe
3657 5029 3766 5083 8'80

2230 5099 2318 5155 isti
2350 5100 2651 5159 christianze
2680 5104 2888 5175 pietatis
2929 5108 3162 5175 inimici,
3190 5111 3360 5183 legem
3392 5111 3486 5167 Dei
3508 5120 3656 5181 atque
3679 5106 3764 5160 d0-

2231 5194 2452 5247 ctrinam
2482 5211 2582 5264 qua
2611 5198 2803 5252 Christi
2834 5200 3147 5267 praedicatur
3170 5202 3321 5267 ﬁdes,
3352 5203 3437 5258 vel
3463 5200 3667 5256 omnino
3684 5212 3763 5249 au-

2231 5285 2343 5340 dire
2370 5287 2575 5352 nolunt,
2600 5288 2685 5342 vel
2724 5289 2789 5343 ad
2817 5289 2917 5344 hoc
2944 5292 3164 5348 audiunt
3189 5296 3302 5350 sive
3326 5294 3485 5350 etiam
3512 5292 3682 5361 ιοεωιι
3717 5292 3764 5339 Ui

2228 5377 2483 5433 irrideant
2506 5388 2560 5433 et
2595 5380 2956 5447 detestentur,
2985 5393 3039 5436 et
3064 5394 3255 5450 quanta
3282 5394 3499 5454 possunt
3518 5380 3761 5440 contradi-

2229 5470 2402 5525 ctione
2447 5472 2829 5541 hlasphement.
2878 5473 3107 5530 Iuaniter
3144 5476 3301 5546 igitur
3342 5487 3389 5530 et
3434 5470 3761 5544 perfunctorie

2231 5564 2402 5631 potius
2429 5579 2583 5633 quam
2612 5567 2870 5621 veraciter
2891 5582 2986 5637 pro
3007 5569 3105 5633 eis,
3132 5578 3189 5622 ut
3216 5568 3466 5624 doctrinae
3489 5567 3572 5620 cui
3598 5565 3761 5618 adver-

2229 5663 2435 5723 santur,
2463 5654 2729 5711 credendo
2754 5654 3104 5725 consentiant,
3137 5659 3248 5715 Deo
3281 5654 3539 5719 fundimus
3572 5654 3757 5728 preces.

2228 5746 2274 5804 si
2313 5747 2379 5800 ad
2420 5747 2535 5815 ejus
2572 5762 2678 5805 non
2716 5751 2940 5819 pertinet
2956 5753 3181 5821 gratiam
3200 5759 3504 5809 convertere
3525 5747 3590 5804 ad
3616 5744 3758 5800 ﬁdem

2233 5851 2383 5891 suam
2412 5838 2515 5907 ipsi
2551 5840 2674 5896 ﬁdei
2707 5845 2996 5901 contrarias
3024 5845 3293 5900 hominum
3320 5841 3619 5903 voluntates.
3646 5836 3752 5891 ἰηι-
