4024 6428
256 324 361 393 961

258 454 403 510 niter
430 452 612 510 etiam
638 456 707 511 et
731 446 1095 523 pertenuem
1116 443 1294 516 potius
1315 450 1477 514 quam
1495 437 1755 499 veraciter
1768 449 1884 492 ma-

258 559 394 618 gnas
438 546 578 600 eum
628 541 1000 600 “solutione
1038 536 1245 609 agimus
1269 534 1380 589 Deo
1403 530 1630 603 gratias,
1673 524 1886 599 quando

261 634 431 707 aliqui
459 636 668 690 eorum
697 632 949 697 eradunt;
981 629 1027 685 si
1050 628 1156 685 hoc
1182 628 1236 681 in
1264 625 1345 681 eis
1368 623 1485 694 ipse
1512 635 1618 683 non
1644 618 1789 681 facit.

335 725 391 779 7.
435 724 565 781 Non
612 723 873 780 fallamus
916 718 1194 784 homines,
1222 729 1346 781 nam
1372 713 1540 773 Deum
1568 708 1757 773 fallere
1778 721 1889 764 non

262 816 537 875 valemus.
588 815 834 872 Prorsm
862 824 968 869 non
997 822 1215 866 oramus
1255 806 1423 862 Deum
1442 844 1461 871 ,
1484 802 1581 863 sed
1604 814 1763 865 orare
1790 812 1889 855 nos

263 906 531 981 ﬁngimus
556 951 576 977 ,
627 908 680 964 si
733 902 833 964 nos
872 906 1048 980 ipsos,
1077 918 1183 958 non
1213 902 1395 964 illum,
1419 896 1688 958 credimus
1716 892 1889 949 facere

262 1000 410 1073 quod
450 1004 718 1056 oramus.
758 999 987 1054 Prorsus
1026 1008 1132 1054 non
1172 992 1376 1064 gratias
1398 989 1511 1049 Deo
1536 987 1763 1057 exiutas,
1791 981 1889 1045 sed

263 1108 368 1150 nos
396 1108 574 1165 agere
608 1092 890 1165 ﬁngimus,
912 1092 958 1147 si
985 1088 1125 1144 unde
1143 1086 1220 1142 illi
1241 1084 1438 1157 gratias
1463 1083 1691 1153 agimus,
1713 1078 1889 1148 ipsum

266 1178 455 1247 facere
488 1199 609 1241 non
640 1190 912 1255 putamus.
939 1180 1099 1237 Labia
1121 1179 1307 1234 dolosa
1328 1176 1373 1229 si
1395 1174 1448 1230 in
1475 1172 1751 1229 hominum
1774 1168 1893 1240 qui-

264 1276 631 1349 buscumque
674 1273 1015 1333 Scrmonibus
1038 1278 1198 1337 sunt,
1244 1269 1435 1324 saltem
1471 1267 1529 1323 in
1560 1262 1891 1320 orationibus

266 1388 379 1429 non
413 1370 554 1425 sint.
596 1352 762 1424 Absit
796 1371 849 1422 ut
875 1364 1016 1437 quod
1043 1362 1220 1419 facere
1248 1360 1414 1415 Deum
1438 1371 1687 1428 rogamus
1710 1354 1892 1409 oribus

266 1472 323 1519 et
349 1459 594 1516 vocibus
622 1456 863 1529 nostris,
895 1470 1015 1511 eum
1045 1455 1217 1508 facere
1243 1463 1497 1521 negemus
1517 1446 1767 1502 cordibus
1791 1458 1891 1500 tto-

266 1552 400 1610 stris
429 1568 444 1606 :
474 1559 561 1620 et,
588 1548 742 1622 quod
763 1556 846 1604 est
861 1540 1092 1619 gravius,
1117 1544 1181 1599 ad
1198 1544 1331 1597 alios
1352 1542 1510 1596 etiam
1528 1535 1889 1609 decipiendos,

269 1632 376 1701 hoc
418 1658 539 1699 non
583 1638 865 1698 taceamus
908 1628 1355 1709 disputationibus
1390 1630 1625 1696 nostris;
1668 1638 1725 1688 et
1764 1628 1893 1683 dum

269 1737 540 1793 volumus
571 1734 724 1807 apud
766 1730 1009 1789 homines
1036 1724 1322 1785 defendere
1343 1726 1567 1783 liberum
1594 1721 1892 1787 arbitrium,

274 1830 425 1902 apud
466 1829 658 1885 Deum
699 1816 984 1900 perdamus
1012 1822 1267 1879 orationis
1292 1818 1547 1874 auxilium
1570 1858 1586 1885 ,
1617 1824 1670 1871 et
1695 1815 1895 1886 gratia-

276 1922 401 1978 rum
428 1914 720 1979 actionem
747 1916 852 1974 ben
883 1910 1171 1973 habeamus
1196 1920 1401 1977 veram,
1433 1908 1560 1966 dum
1582 1920 1764 1963 veram
1787 1919 1896 1961 non

275 2016 651 2087 agnoscimus
675 2013 922 2084 gratiam.

352 2106 609 2163 CAPUT
650 2103 739 2161 111.
770 2132 841 2144 -
868 2102 922 2157 8.
962 2100 1017 2157 Si
1037 2114 1163 2155 vere
1186 2098 1431 2153 volumus
1458 2093 1746 2149 defendere
1770 2091 1901 2147 libe-

278 2214 407 2253 rum
448 2194 780 2257 arbitrium;
830 2198 936 2247 non
975 2198 1340 2261 oppugnemus
1378 2184 1522 2240 unde
1548 2184 1607 2238 ﬁt
1647 2183 1897 2239 liberum.

278 2288 424 2345 Nam
458 2289 558 2359 qui
589 2292 859 2356 oppugnat
882 2282 1129 2356 gratiam,
1155 2294 1255 2349 qua
1279 2286 1519 2331 nostrum
1544 2272 1611 2328 ad
1632 2272 1903 2328 declinan-

283 2379 421 2435 dum
454 2392 488 2433 a
518 2377 667 2433 malo
695 2385 751 2431 et
775 2370 1077 2430 faciendum
1102 2370 1301 2426 bonum
1324 2364 1577 2423 liberatur
1597 2364 1898 2431 arbitrium,

285 2469 410 2540 ipse
454 2467 746 2525 arbitrium
777 2479 930 2520 suum
960 2461 1135 2517 adhuc
1163 2460 1275 2515 vult
1310 2472 1431 2515 esse
1472 2453 1759 2527 captivum.
1791 2454 1899 2510 Re-

287 2561 512 2633 sponde
536 2601 553 2628 ,
594 2559 852 2622 obsecro,
883 2552 1151 2625 quombdo
1178 2540 1308 2606 dicit
1340 2547 1654 2620 Apostolus,
1698 2545 1902 2602 Gratias

288 2654 513 2729 agentes
552 2644 723 2718 Patri,
752 2649 962 2705 idoneos
1000 2644 1207 2722 facienti
1232 2660 1323 2698 nos
1349 2644 1402 2697 in
1428 2650 1573 2712 parte
1595 2642 1746 2695 sortis
1782 2654 1903 2695 san-

289 2754 504 2801 etorunt
536 2745 589 2797 in
611 2736 829 2805 lumine;
852 2739 937 2811 qui
963 2737 1089 2793 eruit
1109 2750 1200 2791 nos
1219 2735 1281 2789 de
1300 2739 1543 2805 potestate
1563 2729 1899 2795 tenebrarum,

290 2846 343 2891 et
382 2826 655 2891 transtulit
689 2834 743 2888 in
770 2826 979 2903 regnum
1006 2828 1131 2884 Filii
1159 2826 1422 2882 cha'ritatis
1460 2834 1567 2879 sum
1608 2822 1827 2895 (Colon.
1858 2837 1899 2889 ι,

294 2916 391 2996 12,
429 2930 567 3004 13);
608 2928 651 2982 sl
678 2942 784 2981 non
813 2925 928 2995 ipse
952 2921 1231 2978 arbitrium
1271 2926 1542 2983 nostrum,
1590 2915 1683 2971 sed
1726 2914 1902 2985 ipsum

291 3023 595 3079 arbitrium
624 3028 685 3077 se
718 3016 945 3075 liberat?
979 3013 1302 3088 liiendaciter
1325 3025 1454 3083 ergo
1482 3011 1688 3081 agimus
1706 3009 1905 3079 gratias

293 3117 481 3185 Patri,
517 3110 765 3185 tanquam
788 3112 902 3183 ipse
928 3109 1088 3166 faciat
1112 3106 1253 3179 quod
1274 3110 1391 3176 ipse
1414 3116 1522 3159 non
1548 3102 1710 3157 facit:
1742 3108 1798 3157 et
1815 3117 1905 3157 er-

293 3131 481 3185 νειμ-ι,
517 3131 601 3169 tan
647 3131 765 3167 uam
790 3131 902 3183 Ipse
928 3131 1088 3166 Iacuit
1112 3131 1253 3179 qlluu
1277 3131 1391 3176 Ipso
1415 3131 1522 3159 nun
1548 3131 1675 3157 lac“
1696 3131 1710 3156 ε
1742 3131 1798 3157 σι
1815 3131 1905 3157 cr-

292 3198 451 3264 ravit
482 3206 572 3277 qui
601 3131 734 3260 gixit
761 3194 901 3274 quod
933 3200 1047 3271 ipse
1082 3194 1181 3255 nos
1219 3194 1377 3277 faciat
1412 3194 1619 3249 idoneos
1661 3188 1716 3247 in
1760 3201 1906 3263 parte

296 3295 467 3352 sortis
499 3274 789 3350 sanctorum
808 3295 861 3346 in
882 3291 1085 3356 lumine,
1113 3288 1233 3361 quia
1262 3274 1377 3357 ipse
1402 3300 1493 3340 nos
1518 3286 1647 3339 eruit
1673 3284 1737 3339 de
1761 3292 1904 3354 pote-

298 3398 442 3444 state
465 3386 799 3450 tenebrarum,
824 3393 869 3438 et
894 3383 1148 3438 transtulit
1176 3382 1230 3436 in
1254 3394 1463 3451 regnum
1493 3377 1617 3433 Filii
1644 3377 1905 3433 cnaritatis

301 3484 443 3536 sum.
483 3478 770 3553 Responde
798 3476 1066 3550 quomodo
1092 3476 1159 3531 ad
1187 3471 1559 3531 declinandum
1590 3488 1620 3527 a
1659 3471 1821 3537 malo,
1853 3477 1910 3527 et

304 3571 618 3628 faciendum
658 3569 858 3626 bonum
907 3567 1133 3623 liberum
1197 3566 1524 3621 habebamus
1584 3563 1902 3629 arbitrium,

306 3663 532 3737 quando
560 3671 677 3721 erat
700 3662 798 3717 sub
822 3668 1085 3732 potestate
1116 3655 1493 3713 tenebrarum?
1534 3655 1673 3710 unde
1700 3667 1797 3708 nos
1822 3654 1867 3708 si
1889 3694 1905 3718 ,

308 3754 768 3830 quemadmodum
786 3753 912 3810 dicit
929 3751 1235 3822 Apostolus,
1261 3750 1401 3805 Deus
1421 3748 1568 3813 eruit,
1592 3750 1705 3817 ipse
1726 3746 1909 3817 utique

310 3848 450 3905 illud
480 3847 709 3903 liberum
751 3844 899 3900 fecit.
945 3842 1098 3910 Quod
1127 3851 1235 3897 tam
1261 3854 1509 3912 magnum
1542 3848 1779 3893 nostrum
1806 3838 1908 3893 bo-

312 3957 471 4009 num,
492 3940 538 3995 Si
563 3954 658 4009 per
677 3942 787 3994 Suae
808 3935 1064 3991 doctrinae
1088 3932 1518 4006 praedicationem
1541 3926 1910 3985 tantummodo

309 4032 482 4099 facit;
515 4030 639 4102 quid
679 4029 746 4084 de
769 4029 836 4084 iis
862 4012 1132 4094 dicemus,
1164 4028 1300 4096 quos
1328 4023 1394 4078 de
1425 4018 1540 4094 ipsa
1569 4021 1908 4075 tenebrarum

316 4129 586 4195 potestate
612 4118 848 4175 nondum
876 4116 1055 4173 eruit?
1094 4112 1427 4187 praedicanda
1456 4119 1664 4167 tantum
1692 4108 1800 4165 illis
1828 4117 1911 4164 est

314 4212 567 4271 doctrina
607 4213 782 4269 divina
803 4253 819 4281 ,
860 4226 929 4265 an
954 4210 1113 4266 etiam
1140 4205 1397 4264 orandum
1423 4219 1521 4277 pro
1540 4206 1638 4269 eis,
1662 4212 1720 4258 ut
1743 4202 1810 4258 de
1834 4212 1913 4258 te-

318 4307 613 4364 nebrarum
652 4291 915 4381 potestate
957 4298 1211 4358 divinitus
1238 4290 1531 4355 eruantur?
1567 4294 1625 4350 Si
1672 4303 1909 4350 tantum-

316 4398 487 4457 modo
530 4395 925 4472 praedicandum
969 4409 1088 4452 esse
1135 4392 1287 4457 dicis,
1331 4389 1560 4460 jussioni
1604 4387 1813 4443 Domini
1859 4394 1915 4442 et

318 4484 659 4553 orationibus
699 4476 953 4546 EccieSiae
996 4480 1317 4559 contradicis
1360 4501 1372 4537 :
1418 4482 1465 4538 si
1508 4482 1685 4535 autem
1726 4477 1914 4533 fateris

318 4576 424 4661 pro
452 4585 531 4640 eis
552 4583 834 4648 orandum,
860 4579 914 4636 id
936 4579 1115 4650 utique
1139 4572 1398 4633 orandum
1428 4573 1630 4639 fateris,
1662 4580 1719 4625 ut
1741 4570 1915 4625 eidem

322 4658 623 4746 doctrinm,
666 4673 888 4733 arbitrio
926 4671 1153 4727 liberato
1182 4685 1212 4723 a
1248 4667 1587 4723 tenebrarum
1622 4658 1910 4735 potestate,

325 4769 683 4829 consentiant.
712 4761 791 4825 Ita
820 4762 881 4819 ﬁt
904 4772 965 4843 ut
991 4764 1163 4835 neque
1191 4758 1373 4815 ﬁdeles
1400 4758 1529 4813 ﬁant
1553 4799 1567 4825 ,
1614 4754 1713 4810 nisi
1744 4755 1914 4810 libero

327 4852 575 4930 arbitrio,
603 4868 658 4916 et
678 4850 856 4915 tamen
884 4854 1024 4911 illius
1042 4853 1214 4927 gratia
1237 4850 1422 4911 ﬁdeles
1448 4848 1594 4918 liant,
1620 4850 1708 4921 qui
1729 4854 1916 4905 eorum

328 4972 357 5012 a
384 4936 649 5030 potestate
676 4947 1011 5007 tenebrarum
1043 4944 1297 5027 liberavit,
1312 4932 1608 4998 arbitrium.
1638 4940 1727 4996 Sic
1747 4949 1801 4995 et
1821 4940 1915 4996 Dei

328 5032 498 5121 gratia
527 5060 634 5100 non
660 5032 907 5114 negatur,
933 5038 1027 5095 sed
1052 5036 1167 5093 sine
1188 5036 1311 5093 ullis
1339 5033 1583 5090 humanis
1606 5032 1918 5105 praeceden-

334 5126 475 5197 tibus
505 5134 712 5194 meritis
738 5122 862 5191 vera
890 5139 1255 5197 monstratur;
1299 5136 1353 5184 et
1378 5126 1604 5183 liberum
1633 5126 1705 5180 ita
1729 5125 1916 5179 delen-

336 5220 499 5299 ditur,
527 5237 585 5285 ut
612 5226 909 5285 humilitate
931 5224 1209 5289 solidetur,
1242 5237 1347 5276 non
1371 5219 1597 5274 elatione
1620 5214 1920 5290 praecipite-

334 5330 420 5383 tur
464 5318 744 5377 arbitrium
765 5357 783 5383 ,
826 5300 882 5372 et
928 5310 1017 5388 qui
1046 5310 1323 5386 gloriatur,
1353 5327 1459 5367 non
1486 5310 1539 5365 in
1570 5308 1805 5374 homine,
1834 5307 1918 5363 vel

333 5416 571 5491 quolibet
613 5413 760 5495 alio,
800 5398 889 5469 vel
932 5400 1112 5482 seipse
1135 5450 1152 5479 ,
1196 5406 1292 5467 sed
1319 5398 1371 5461 in
1402 5404 1629 5461 Domino
1667 5400 1920 5475 glorietur

335 5506 521 5581 (lCor.
552 5522 593 5574 ι,
627 5502 739 5578 51).
788 5584 793 5587 _

406 5599 462 5655 9.
502 5599 745 5655 Potestas
784 5594 927 5650 enim
970 5588 1310 5649 tenebrarum
1336 5588 1462 5661 quid
1491 5596 1610 5655 est,
1637 5588 1741 5644 nisi
1767 5596 1920 5660 pote-

336 5692 449 5747 stas
474 5688 669 5745 diaboli
696 5698 749 5745 et
776 5686 1087 5759 angelorum
1114 5684 1258 5755 ejus,
1286 5682 1379 5753 qui
1405 5698 1528 5737 cum
1559 5680 1783 5736 fuissent
1822 5696 1921 5735 an-

338 5783 443 5857 geli
461 5783 616 5853 lucis,
645 5782 701 5840 in
726 5772 950 5839 veritate
976 5774 1073 5853 per
1097 5776 1324 5835 liberum
1344 5774 1619 5831 arbitrium
1643 5789 1753 5830 non
1779 5780 1925 5831 stan-
1954 5826 1986 5843 λ

1467 312 1951 385 HISTOLABUM
1985 316 2265 383 CLASSIS
2299 324 2389 383 111.

3474 344 3581 403 982

1993 446 2074 499 tes
2099 439 2277 513 (loco.
2308 458 2431 511 vni,
2462 442 2601 516 44),
2645 444 2742 505 sed
2786 444 2911 509 inde
2950 447 3241 525 cadentes,
3282 452 3404 515 facti
3452 466 3579 515 sunt

1994 537 2271 601 tenebrae?
2293 537 2409 603 Non
2448 547 2503 603 te
2540 540 2638 596 ista
2674 542 2863 608 doceo,
2895 543 2990 600 sed
3038 561 3160 616 quae
3187 548 3330 605 nosti
3376 559 3435 605 ut
3478 564 3573 609 re-

1994 628 2230 693 corderis
2252 630 2533 695 admoneo.
2562 632 2697 697 lluie
2734 633 2895 705 igitur
2920 637 3171 709 potestati
3199 640 3538 707 tenebrarum
3560 686 3576 711 .

1994 737 2091 792 per
2118 723 2263 781 illius
2286 725 2529 791 ruinam;
2555 726 2643 785 cui
2666 727 2841 798 printo
2867 729 3067 791 homini
3109 731 3180 797 ab
3207 746 3271 789 ea
3313 742 3578 802 potestate

1995 814 2364 888 praevaricatio
2387 833 2640 889 persuasa
2667 828 2786 889 est,
2813 829 2872 885 et
2910 821 2965 887 ia
3002 838 3115 894 quo
3149 838 3345 889 omnes
3382 825 3585 885 cecidi-

1994 924 2148 977 mus,
2175 910 2471 981 subjectum
2511 922 2593 967 est
2628 927 2796 984 genus
2837 912 3127 971 humanum
3156 924 3409 987 :propter
3437 918 3583 987 quod

1994 998 2064 1057 de
2086 1001 2187 1058 hac
2210 1009 2470 1072 potestate
2495 1002 2834 1067 tenebrarum
2852 1013 3114 1071 eruuntur
3130 1014 3185 1063 et
3208 1009 3436 1077 parvuli,
3458 1023 3584 1064 eum

1997 1103 2380 1163 regenerantor
2400 1094 2455 1151 in
2479 1093 2715 1155 Christo.
2744 1094 2928 1168 Neque
2954 1096 3058 1155 hoc
3082 1109 3303 1170 apparet
3323 1100 3374 1155 in
3395 1116 3583 1159 eorum

1995 1185 2218 1243 arbitrio
2246 1186 2503 1253 liberato,
2535 1187 2639 1243 nisi
2673 1203 2794 1244 cum
2822 1188 2889 1247 ad
2926 1204 3096 1249 annos
3121 1193 3464 1260 pervenerint
3489 1207 3582 1249 ra-

1999 1278 2142 1335 tione
2166 1281 2365 1337 utentis
2390 1280 2582 1346 relatis,
2605 1280 2861 1338 habentes
2883 1283 3306 1345 consentientem
3327 1285 3583 1349 doctrina:

1997 1372 2251 1437 salutari,
2297 1372 2349 1426 in
2394 1386 2497 1441 qua
2532 1372 2713 1431 nutriti
2756 1374 3289 1441 snnt,voluntatem.
3330 1384 3386 1433 et
3422 1376 3476 1433 in
3517 1391 3586 1432 ea

1999 1462 2245 1518 ﬁnientes
2286 1462 2440 1519 iStam
2474 1462 2634 1518 vitam
2656 1504 2671 1529 ,
2710 1463 2755 1518 si
2792 1463 2948 1519 electi
2975 1472 3098 1519 sunt
3124 1464 3179 1521 in
3206 1464 3423 1523 Christo
3459 1475 3586 1529 ante

1998 1553 2428 1609 constitutionem
2456 1553 2640 1609 muudt
2666 1564 2723 1609 ut
2751 1563 2931 1613 essent
2964 1556 3131 1611 sancti
3168 1563 3224 1617 et
3257 1556 3586 1621 immaculati

2000 1644 2055 1699 in
2082 1653 2371 1714 conspectu
2396 1643 2513 1714 eius
2544 1644 2595 1699 in
2622 1643 2880 1701 charitate
2900 1686 2914 1709 ,
2958 1645 3316 1714 praedestinati
3355 1647 3407 1702 in
3453 1647 3586 1711 διιο-

2000 1735 2237 1806 ptionem
2262 1733 2493 1790 ﬁliorum
2520 1732 2681 1806 (Eph.
2718 1751 2762 1799 ι,
2792 1736 2846 1801 4,
2871 1736 2949 1804 5).

2074 1823 2161 1879 10.
2205 1823 2331 1878 Haec
2358 1832 2536 1880 autem
2566 1833 2801 1892 potestas
2829 1823 3166 1881 tenebrarum
3186 1867 3202 1891 ,
3226 1826 3277 1883 id
3300 1836 3381 1883 est
3400 1828 3587 1884 diabo-

2002 1915 2112 1979 lus,
2146 1913 2236 1985 qui
2264 1912 2460 1969 dicitur
2484 1915 2642 1971 etiam
2674 1914 2920 1983 princeps
2950 1916 3226 1985 potestatis
3259 1918 3429 1981 aeris.
3461 1934 3591 1989 ope-

2002 2015 2152 2063 ratur
2190 2008 2245 2062 in
2293 2007 2414 2061 ﬁliis
2452 2006 2765 2062 difﬁdentia:
2811 2006 2920 2078 (Id.
2963 2024 3033 2075 tt,
3068 2006 3151 2080 2),
3196 2010 3441 2079 princeps
3489 2010 3593 2073 isto

2002 2107 2182 2154 rector
2211 2098 2548 2154 tenebrarum
2578 2096 2701 2169 (Id.
2732 2113 2815 2163 vr,
2850 2099 2937 2167 η)
2959 2139 2972 2163 ,
3001 2097 3054 2153 id
3082 2107 3162 2153 est
3189 2099 3424 2168 ipsorum
3449 2100 3593 2159 difﬁ-

2004 2189 2200 2245 dentiae
2225 2188 2454 2245 ﬁliorum
2474 2230 2488 2253 ,
2513 2203 2705 2260 regens
2726 2204 2823 2245 eos
2846 2188 2912 2243 ad
2945 2190 3222 2249 arbitrium
3251 2205 3429 2254 suum,
3449 2193 3592 2262 quod

2008 2298 2179 2354 neque
2207 2282 2322 2353 ipse
2348 2281 2506 2338 habet
2536 2281 2762 2337 liberum
2790 2280 2857 2336 ad
2899 2281 3337 2343 benefaciendum
3358 2324 3373 2350 ,
3405 2283 3498 2338 sed
3524 2284 3593 2340 ad

2007 2376 2293 2432 maximam
2336 2374 2766 2431 malevolentiam
2804 2386 2961 2445 paena
2990 2377 3070 2430 sui
3105 2375 3326 2433 sceleris
3366 2378 3594 2433 obdura-

2006 2465 2327 2522 tum:unde
2374 2481 2534 2522 nemo
2572 2474 2717 2523 sanat
2758 2465 2883 2521 ﬁdei
2924 2466 3124 2531 credit,
3154 2476 3245 2521 aut
3283 2466 3449 2535 dicit,
3490 2468 3591 2525 hos

2008 2565 2280 2628 apostatas
2305 2557 2525 2628 angelos
2547 2556 2615 2612 ad
2645 2558 2918 2626 pristinam
2945 2558 3196 2629 pietatem
3224 2571 3464 2615 correcta
3493 2559 3593 2615 ali-

2010 2647 2224 2719 quando
2248 2648 2519 2703 voluntate
2549 2648 2806 2703 converti.
2848 2647 2983 2715 Quid
3022 2663 3151 2716 ergo
3186 2658 3438 2718 operatur
3478 2648 3596 2704 haec

2012 2748 2253 2813 potestas
2279 2740 2336 2795 in
2360 2739 2485 2796 ﬁliis
2503 2738 2832 2807 difﬁdentiae,
2861 2741 2964 2795 nisi
2992 2755 3155 2810 opera
3176 2755 3271 2795 sua
3290 2742 3447 2807 mala,
3468 2748 3521 2795 et
3539 2742 3594 2796 in

2015 2833 2201 2905 primis
2214 2832 2549 2902 maximeque
2576 2833 2744 2902 ipsam
2768 2832 3115 2887 difﬁdentiam
3144 2839 3203 2888 et
3227 2832 3596 2888 inﬁdelitatem

2013 2939 2118 2997 qua
2146 2932 2271 2982 sunt
2298 2923 2497 2980 inimici
2521 2923 2679 2990 ﬁdei;
2708 2938 2801 2994 per
2828 2938 2985 2993 quam
3011 2924 3113 2978 scit
3134 2936 3228 2979 eos
3252 2936 3409 2993 posse
3436 2938 3595 2978 mun-

2016 3016 2132 3072 dari
2151 3055 2168 3083 ,
2200 3029 2357 3087 posse
2386 3015 2582 3080 sanari,
2614 3026 2772 3085 posse
2802 3013 3185 3084 perfectissime
3211 3013 3428 3078 liberos,
3452 3014 3597 3084 quod

2014 3108 2095 3163 eis
2113 3106 2456 3164 vehementer
2483 3105 2703 3168 invidet.
2730 3105 2786 3161 in
2813 3106 3107 3163 aeternitate
3131 3106 3392 3177 regnaret
3414 3106 3600 3177 itaque

2012 3198 2222 3269 aliquos
2261 3212 2482 3263 eorum,
2511 3212 2605 3268 per
2632 3212 2766 3269 quos
2791 3196 3018 3266 amplius
3060 3196 3308 3266 decipere
3349 3195 3595 3263 allectat,

2013 3291 2142 3346 sinit
2182 3290 2379 3346 habere
2423 3289 2674 3345 nonnulla
2716 3290 2860 3345 velut
2902 3302 3063 3358 opera
3104 3288 3279 3353 bona,
3308 3288 3361 3342 in
3405 3287 3597 3358 quibus

2013 3381 2318 3448 laudantur,
2344 3397 2439 3452 per
2464 3396 2698 3452 quasque
2722 3366 2929 3452 gentes,
2962 3381 3332 3451 praecipueque
3362 3380 3415 3435 in
3433 3386 3594 3449 gente

2012 3470 2275 3542 Romana,
2298 3474 2386 3545 qui
2413 3476 2668 3544 praeclare
2691 3472 3177 3547 gloriosissimeque
3207 3474 3468 3529 vixerunt.
3487 3471 3596 3528 Sed

2013 3567 2296 3637 quoniam,
2348 3565 2485 3620 sicut
2528 3566 2869 3621 voracissima
2914 3564 3186 3633 Scriptura
3223 3562 3384 3627 dicit,
3435 3561 3599 3618 Omne

2014 3659 2151 3729 quod
2179 3675 2279 3713 non
2304 3668 2378 3713 est
2403 3674 2465 3712 ea:
2484 3658 2605 3726 ﬁde,
2634 3667 2893 3727 peceatum
2921 3666 2995 3711 est
3020 3655 3195 3728 (Rom.
3225 3653 3481 3724 x1v,25);
3510 3662 3563 3711 et
3582 3696 3599 3721 ,

2018 3748 2144 3804 Sine
2163 3749 2265 3817 ﬁde
2290 3747 2599 3818 impossibile
2619 3756 2693 3801 est
2719 3748 2897 3817 utique
2922 3746 3122 3817 placere
3148 3744 3257 3800 Deo
3284 3744 3469 3815 (Hebr.
3504 3762 3558 3802 ιι
3580 3787 3598 3811 ,

2013 3842 2095 3915 6),
2129 3856 2235 3897 non
2258 3841 2595 3905 hominibus;
2626 3839 2758 3894 nihil
2786 3840 2864 3893 sic
2890 3839 2998 3910 agit
3024 3837 3108 3892 hic
3128 3837 3379 3909 princeps
3400 3880 3415 3905 ,
3437 3852 3602 3907 quam

2016 3943 2076 3989 ut
2100 3949 2206 3989 non
2233 3933 2481 3989 credatur
2509 3933 2563 3987 in
2590 3928 2753 3988 Deum
2770 3973 2786 4000 ,
2817 3946 2916 3987 nec
2943 3931 3010 3986 ad
3031 3930 3371 3987 Mediatorem
3390 3973 3404 3998 ,
3432 3946 3462 3986 a
3492 3947 3600 4002 quo

2015 4024 2293 4081 solvuntur
2318 4038 2477 4094 opera
2505 4023 2642 4092 ejus,
2670 4022 2939 4079 credendo
2964 4022 3226 4077 veniatur.

2092 4117 2175 4171 11.
2198 4115 2302 4173 Sed
2323 4118 2437 4186 ipse
2451 4116 2709 4172 Mediator
2728 4116 2888 4170 intrat
2906 4116 2958 4169 in
2974 4115 3190 4170 domum
3208 4114 3357 4170 fortis
3382 4113 3595 4187 (Matth.

2017 4207 2242 4281 xu,29),
2258 4208 2313 4263 id
2329 4209 2479 4263 estin
2497 4208 2597 4264 hoc
2611 4207 2869 4264 Saeculum
2891 4206 3192 4263 mortalium
3217 4208 3314 4263 sub
3338 4216 3599 4277 potestate

2016 4300 2245 4369 diaboli,
2297 4309 2552 4374 quantum
2592 4301 2657 4357 ad
2710 4288 2883 4372 ipsum
2925 4302 3187 4372 pertinet,
3216 4301 3594 4366 consumtum;

2018 4393 2083 4449 dc
2107 4394 2223 4464 ipso
2251 4395 2445 4466 quippe
2467 4395 2721 4466 scriptum
2742 4403 2823 4450 est
2843 4436 2856 4460 ,
2889 4393 3031 4466 quod
3058 4400 3375 4465 potestatem
3400 4392 3597 4448 habeat

2018 4486 2207 4542 mortis
2256 4485 2452 4556 (Hebr.
2485 4483 2691 4558 ιι,1ι1).
2734 4484 2903 4541 intrat
2954 4485 3010 4539 in
3049 4483 3267 4539 domum
3333 4482 3515 4552 fortis,
3542 4482 3599 4538 id

2020 4586 2123 4647 est,
2141 4578 2194 4635 in
2243 4592 2341 4634 suo
2385 4578 2662 4634 dominatu
2701 4576 2946 4634 habentis
2993 4588 3163 4647 genus
3192 4575 3515 4641 humanum;
3543 4582 3601 4630 et

2018 4669 2166 4740 prius
2191 4669 2371 4739 alligat
2397 4683 2519 4724 eum
2538 4709 2555 4736 ,
2580 4667 2635 4724 id
2664 4678 2780 4736 est,
2817 4669 2931 4737 ejus
2957 4668 3167 4723 coercet
3190 4673 3243 4721 et
3265 4664 3479 4720 cohibet
3505 4679 3604 4735 po—

2020 4768 2300 4825 testatem,
2341 4760 2617 4830 potestatis
2660 4776 2770 4815 sum
2808 4757 3115 4816 fortioribus
3148 4755 3403 4817 vinculis;
3432 4762 3487 4809 et
3524 4755 3605 4812 sic

2022 4853 2179 4923 eripit
2220 4868 2342 4907 vasa
2390 4850 2539 4923 ejus,
2571 4864 2917 4923 quaecumque
2946 4846 3340 4920 praedestinavit
3364 4842 3596 4917 eripere,

2021 4943 2299 5000 arbitrium
2323 4956 2507 4998 eorum
2524 4943 2591 4998 ab
2606 4944 2720 5013 ejus
2742 4947 3004 5011 potestate
3029 4937 3277 5004 liberans,
3298 4945 3357 4991 ut
3382 4935 3470 4990 illo
3494 4951 3607 4993 non

2021 5035 2343 5105 impediente
2368 5032 2591 5089 ‘credant
2613 5033 2666 5088 in
2695 5033 2853 5087 istum
2873 5030 3039 5085 libera
3060 5028 3349 5085 voluntate.
3376 5028 3605 5085 Proinde

2024 5126 2125 5182 hoc
2140 5132 2273 5198 Opus
2288 5135 2369 5181 est
2382 5127 2584 5197 gratim,
2598 5138 2703 5178 non
2722 5132 2944 5176 naturae.
2957 5121 3101 5193 Opus
3120 5128 3224 5189 est,
3241 5120 3479 5191 inquam,
3491 5136 3614 5192 gra-

2025 5218 2129 5283 tiae,
2154 5230 2311 5289 quam
2330 5217 2483 5271 nobis
2508 5216 2682 5269 attulit
2702 5212 2965 5268 secundus
2996 5212 3199 5281 Adam;
3228 5229 3338 5270 non
3382 5221 3607 5280 naturae,

2023 5323 2181 5381 quam
2214 5318 2374 5363 totam
2399 5305 2624 5378 perdidit
2642 5305 2696 5358 in
2717 5305 3003 5374 semetipso
3024 5306 3227 5375 primus
3252 5304 3440 5359 Adam.
3458 5303 3607 5373 Opus

2024 5407 2108 5457 est
2130 5400 2312 5471 gratiae
2339 5398 2573 5452 tollentis
2594 5405 2865 5467 peceatum
2887 5440 2903 5466 ,
2921 5408 2975 5451 et
3000 5395 3314 5451 viviﬁcantis
3340 5403 3608 5451 mortuum

2026 5501 2392 5564 peecatorcm;
2416 5503 2521 5544 non
2534 5488 2813 5560 opuslegis
2830 5488 3157 5545 ostendentis
3184 5494 3480 5557 peccatum,
3510 5504 3612 5543 nec

2026 5598 2056 5638 a
2085 5591 2303 5655 peccato
2332 5580 2662 5636 viviﬁcantis.
2682 5579 2813 5636 Nam
2839 5581 2926 5636 ille
2954 5594 3175 5650 magnus
3194 5580 3377 5649 gratiae
3419 5578 3613 5648 prtedi-

2027 5685 2196 5743 cator,
2229 5674 2527 5741 Peccatum,
2560 5673 2730 5755 inquit
2750 5716 2763 5740 ,
2806 5689 2905 5726 non
2942 5686 3148 5743 cognovi
3170 5713 3183 5737 ,
3206 5666 3307 5724 nisi
3335 5687 3423 5739 per
3449 5670 3607 5738 legem

2030 5768 2205 5839 (Rom.
2236 5780 2331 5834 vn,
2362 5763 2419 5838 ’1)
2445 5782 2459 5820 :
2482 5773 2567 5832 et,
2588 5749 2798 5820 Sivdata
2822 5772 2966 5832 esset,
2990 5762 3180 5835 inquit,
3206 5752 3290 5819 lea:
3314 5758 3427 5834 oua:
3447 5769 3615 5832 posset
