4024 6370
1953 167 1973 183 (Α
1979 167 2021 188 5,

2029 178 2117 195 λιιι-,ι

604 264 709 323 985

600 378 881 449 vivi/icore,
903 380 1106 437 omnino
1141 396 1205 437 ea:
1232 380 1338 453 lege
1361 386 1486 436 esset
1509 378 1709 450 iustitia
1730 378 1921 449 (Colat.
1948 396 2025 445 Ill,
2054 380 2167 451 21).

600 470 744 540 Opus
782 482 862 527 est
903 472 1005 529 hoc
1040 473 1251 543 gratias,
1280 487 1436 542 quam
1473 471 1560 541 qui
1602 470 1892 539 accipiunt,
1918 469 2171 527 doctrina:

598 562 814 616 salutari
839 563 1226 633 Scripturarum
1258 569 1580 629 sanctarum,
1604 561 1703 615 etsi
1727 562 1918 616 fuerint
1937 562 2166 629 inimici,

596 653 734 706 tiunt
755 654 940 717 amici;
969 668 1076 707 non
1120 667 1254 721 Opus
1296 651 1535 722 ejusdem
1578 650 1864 719 doctrinae,
1891 668 2051 723 quam
2081 654 2168 723 qui

593 744 819 799 audiunt
838 754 890 799 et
915 746 1096 816 legunt
1117 744 1233 800 sine
1249 746 1416 815 gratia
1437 746 1557 812 Dei,
1577 746 1785 816 pejores
1806 746 1921 816 ejus
1940 746 2169 802 efﬁciun-

592 842 677 888 tur
712 836 926 890 inimici.
962 842 967 869 ῖ
1006 842 1011 869 -‘

668 926 892 983 CAPUT
920 927 1004 981 IV.
1023 928 1197 982 ~42.
1222 926 1335 984 Non
1365 937 1447 984 est
1473 928 1629 999 igitur
1654 931 1821 1000 gratia
1850 931 1941 987 Dei
1982 931 2038 985 in
2072 946 2168 987 na-

595 1026 710 1073 tura
739 1016 891 1072 liberi
914 1018 1118 1073 arbitrii
1142 1020 1273 1073 etin
1299 1019 1415 1089 lege
1441 1028 1601 1089 atque
1628 1020 1889 1087 doctrina,
1919 1021 2054 1077 sicut
2075 1037 2169 1092 pe-

594 1109 798 1178 lagiana
841 1108 1161 1177 perversitas
1203 1109 1430 1179 desipit;
1473 1111 1567 1166 sed
1611 1111 1678 1165 ad
1734 1112 1967 1183 singulos
2018 1122 2166 1169 actus

593 1200 748 1253 datur
776 1199 913 1254 illius
944 1200 1246 1267 voluntate,
1274 1200 1341 1255 de
1366 1216 1472 1271 quo
1501 1203 1753 1271 scriptum
1784 1213 1895 1271 est,
1932 1202 2164 1258 Pluviam

590 1290 923 1344 voluntariam
968 1292 1267 1362 segregabis,
1320 1291 1453 1347 Deus
1475 1334 1490 1358 ,
1538 1292 1816 1348 haereditati
1860 1306 1957 1349 tua:
1992 1296 2160 1368 (l’sal.

589 1396 750 1446 van,
780 1379 868 1451 10)
895 1382 1049 1451 :quia
1078 1390 1130 1435 et
1163 1382 1387 1437 liberum
1425 1382 1698 1437 arbitrium
1722 1385 1797 1442 tad
1837 1386 2162 1455 diligendum

590 1470 757 1524 Deum
784 1471 940 1540 primi
970 1472 1169 1540 peccati
1201 1472 1495 1541 granditate
1518 1474 1854 1543 perdidimus,
1874 1485 1924 1529 et
1953 1477 2038 1531 lex
2070 1476 2162 1531 Dei

587 1571 747 1632 atque
772 1563 1032 1631 doctrina,
1050 1565 1291 1634 quamvis
1315 1573 1496 1618 sancta
1517 1574 1569 1619 et
1585 1566 1725 1633 justa
1751 1575 1804 1620 et
1827 1568 1957 1620 bona
1986 1566 2157 1637 (Rom.

584 1669 677 1718 vn,
704 1653 813 1722 {2),
850 1662 1020 1708 tamen
1049 1655 1276 1719 occidit,
1322 1657 1366 1709 si
1405 1671 1509 1709 non
1557 1657 1785 1711 viviﬁcet
1824 1658 2049 1727 Spiritus
2086 1658 2162 1731 (II

530 1758 533 1763 '
585 1742 703 1796 Cor.
738 1758 831 1808 nt,
861 1741 938 1815 6),
975 1760 1070 1814 per
1106 1761 1261 1814 quem
1302 1746 1393 1813 ﬁt,
1427 1762 1530 1800 non
1571 1756 1628 1801 ut
1660 1748 1952 1815 audiendo,
1982 1750 2073 1805 sed
2106 1760 2162 1805 ut

584 1831 907 1895 obediendo,
940 1848 1111 1903 neque
1140 1843 1198 1888 ut
1226 1836 1486 1901 lectione,
1529 1837 1621 1891 sed
1668 1845 1727 1892 ut
1766 1839 2047 1895 dilectione
2078 1849 2157 1897 te-

524 1934 525 1937 ‘
585 1931 790 1974 neatur.
833 1923 1163 1992 Quapropter
1189 1932 1245 1978 ut
1274 1925 1324 1978 in
1355 1926 1520 1980 Deum
1555 1927 1861 1993 credamus,
1889 1938 1944 1984 et
1972 1931 2055 2000 pic
2082 1932 2160 1985 vi-

583 2025 797 2077 vamus,
832 2029 936 2067 non
974 2015 1197 2069 volentis
1241 2031 1416 2085 neque
1452 2018 1745 2084 currentis,
1775 2020 1869 2075 sed
1899 2021 2156 2076 miseren-

585 2103 653 2157 tis
706 2112 786 2159 est
814 2105 908 2158 Dei
940 2105 1117 2177 (Rom.
1143 2124 1225 2174 ix,
1258 2109 1347 2179 16)
1370 2128 1381 2162 :
1406 2126 1512 2165 non
1534 2112 1654 2180 quia
1682 2113 1818 2168 velle
1854 2130 1957 2168 non
1993 2115 2157 2171 debe-

581 2210 697 2249 mus
719 2204 771 2250 et
799 2210 1041 2263 currere;
1067 2198 1160 2252 sed
1199 2198 1320 2268 quia
1345 2200 1537 2269 ipsein
1563 2201 1714 2258 nobis
1751 2213 1804 2257 et
1851 2205 1984 2259 velle
2025 2221 2155 2275 ope-

585 2296 733 2341 ratur
761 2296 815 2343 et
843 2304 1075 2344 currere.
1108 2289 1260 2345 Unde
1303 2300 1358 2346 et
1401 2293 1513 2361 ipse
1549 2294 1805 2350 Dominus
1842 2295 1995 2350 Jesus
2041 2312 2157 2351 cre-

581 2377 770 2431 dentes
816 2394 846 2431 a
894 2394 997 2432 non
1041 2380 1414 2449 credentibus,
1474 2382 1526 2437 id
1568 2392 1695 2450 est,
1754 2386 1820 2440 ab
1872 2387 1964 2441 ira:
2014 2390 2155 2444 vasis

589 2482 716 2520 vasa
758 2466 1137 2522 misericordiae
1175 2470 1516 2540 discernens,
1552 2472 1744 2542 Nemo,
1783 2477 1986 2547 inquit,
2026 2480 2156 2532 venit

578 2559 643 2611 ad
686 2575 782 2623 me,
834 2560 931 2613 nisi
972 2562 1123 2631 fuerit
1162 2562 1205 2616 ei
1248 2565 1422 2617 datum
1458 2583 1489 2618 a
1524 2566 1679 2620 Patre
1728 2585 1835 2622 meo
1876 2570 2151 2638 (JOGII.VI,

578 2647 667 2717 65)
693 2664 705 2699 :
730 2657 783 2703 et
808 2649 986 2718 utique
1006 2691 1019 2713 ,
1051 2658 1108 2704 ut
1136 2651 1237 2707 hoc
1270 2653 1499 2721 diceret,
1530 2656 1581 2710 in
1607 2656 1721 2725 ejus
1759 2658 1998 2715 doctrina
2041 2660 2156 2715 fue-

578 2748 696 2792 rant
720 2741 1058 2795 scandalizati
1085 2742 1327 2813 discipuli
1352 2746 1501 2815 ejus,
1531 2747 1620 2817 qui
1659 2764 1780 2803 eum
1824 2759 2005 2819 postea
2046 2768 2153 2807 non

575 2840 699 2882 sunt
742 2832 928 2884 secuti.
973 2832 1088 2886 Non
1126 2849 1253 2904 ergo
1286 2837 1508 2905 gratiam
1550 2838 1786 2894 dicamus
1813 2855 1931 2896 esse
1960 2842 2153 2897 doctri-

576 2934 696 2971 nam
719 2960 733 2985 ,
767 2921 861 2974 sed
899 2936 1248 2991 agnoscamus
1286 2927 1507 2995 gratiam
1529 2968 1543 2991 ,
1576 2944 1691 2997 quae
1734 2928 1859 2985 facit
1898 2932 2153 3000 prodesse

576 3010 870 3065 doctrinam
892 3030 904 3065 :
925 3029 1043 3083 qua:
1067 3016 1235 3084 gratia
1256 3016 1300 3070 si
1327 3016 1485 3082 desit,
1516 3017 1756 3075 videmus
1781 3022 1940 3077 etiam
1961 3024 2152 3081 obesse

576 3098 891 3155 doctrinam.

648 3193 733 3245 15.
778 3194 1062 3263 Propterea
1094 3197 1232 3251 Deus
1264 3208 1318 3253 ut
1344 3201 1518 3254 omnia
1549 3200 1721 3256 futura
1762 3220 1923 3274 opera
1960 3221 2054 3262 sua
2098 3209 2151 3263 in

578 3282 1039 3350 prmdestinatione
1063 3276 1401 3354 praesciverit,
1426 3290 1501 3343 sic
1522 3290 1607 3343 illa
1630 3292 1903 3361 disposuit,
1924 3304 1979 3350 ut
2003 3313 2154 3366 quos-

577 3372 698 3426 dam
728 3390 829 3428 non
854 3374 1129 3430 credentes
1160 3376 1223 3430 ad
1253 3377 1407 3432 ﬁdem
1434 3393 1612 3445 suam,
1641 3384 1908 3439 orationes
1933 3388 2153 3443 creden-

578 3466 706 3519 tium
724 3482 816 3535 pro
830 3468 905 3521 eis
920 3468 1270 3534 exaudiendo,
1286 3480 1579 3539 convertat;
1594 3473 1733 3529 unde
1748 3474 2063 3548 refutentur,
2075 3491 2148 3549 et,

578 3557 623 3609 si
647 3557 733 3611 ille
758 3568 838 3612 est
864 3559 942 3612 eis
968 3560 1592 3630 propitius,corrigantur
1617 3565 1705 3634 qui
1723 3575 1905 3635 putant
1929 3572 2150 3640 gratiam

578 3648 672 3701 Dei
697 3664 814 3703 esse
845 3658 1085 3704 naturam
1107 3651 1259 3706 liberi
1285 3652 1515 3717 arbitrii,
1552 3670 1672 3709 cum
1711 3671 1812 3725 qua
1851 3661 2147 3726 nascimur;

577 3748 667 3792 aut
693 3741 912 3809 gratiam
938 3742 1033 3795 Dei
1060 3758 1176 3796 esse
1205 3742 1519 3810 doctrinam,
1543 3748 1781 3814 quamvis
1810 3750 2012 3815 utilem,
2034 3768 2154 3821 qua:

578 3843 673 3898 per
696 3829 900 3898 linguas
925 3838 978 3884 et
1004 3831 1207 3885 litteras
1238 3832 1571 3901 praedicatur.
1598 3835 1713 3890 Non
1742 3838 1881 3892 enim
1910 3842 2011 3895 hoc
2034 3857 2153 3897 ora-

578 3932 696 3972 mus
727 3935 821 3989 pro
849 3920 1168 3988 inﬁdelibus,
1203 3932 1257 3976 ut
1291 3923 1378 3976 ﬁat
1407 3939 1591 3979 eorum
1631 3938 1845 3994 natura,
1876 3930 1929 3985 id
1969 3941 2053 3986 est
2096 3943 2153 3988 ut

577 4010 817 4064 homines
851 4011 984 4075 sint;
1021 4021 1112 4065 aut
1157 4022 1214 4066 ut
1250 4013 1486 4069 doctrina
1511 4017 1587 4070 eis
1620 4016 1951 4086 praedicetur,
1992 4038 2150 4091 quam

578 4101 719 4156 malo
744 4118 839 4156 suo
870 4103 1119 4170 audiunt,
1147 4104 1191 4157 si
1218 4120 1321 4159 non
1358 4107 1608 4173 credunt;
1632 4116 1684 4163 et
1716 4110 2024 4183 plerumque
2057 4131 2152 4184 pro

577 4193 655 4246 eis
684 4208 930 4257 oramus,
973 4195 1060 4263 qui
1090 4210 1209 4248 cum
1240 4195 1417 4264 legant
1445 4198 1531 4252 vel
1556 4198 1795 4265 audiant,
1827 4203 2011 4257 nolunt
2036 4220 2151 4260 cre-

577 4281 857 4336 derezsed
902 4299 1113 4338 oramus
1152 4295 1210 4339 ut
1252 4289 1492 4342 voluntas
1535 4290 1847 4359 corrigatur,
1892 4294 2147 4351 doctrina:

578 4373 960 4439 consentiatur,
994 4382 1177 4429 natura
1208 4386 1443 4431 sanetur.

650 4460 736 4513 14.
767 4460 1013 4517 Jamvero
1041 4472 1098 4516 ut
1127 4476 1465 4532 perseverent
1491 4468 1541 4521 in
1565 4483 1629 4523 eo
1658 4472 1798 4539 quod
1824 4488 1939 4528 esse
1968 4490 2146 4544 cmpe-

578 4559 720 4615 runt,
744 4551 897 4605 etiam
928 4567 1024 4623 pro
1054 4569 1111 4608 se
1142 4555 1269 4623 ipsis
1292 4566 1444 4609 orant
1470 4558 1672 4613 lidelcs.
1699 4560 1838 4616 Utile
1858 4574 1938 4617 est
1957 4566 2148 4634 quippe

577 4641 823 4697 omnibus
846 4644 927 4697 vel
955 4659 1089 4712 pene
1119 4645 1364 4699 omnibus
1394 4655 1609 4716 propter
1634 4648 1978 4706 humilitatem
2011 4655 2148 4708 salu-

576 4731 860 4786 berrimam
883 4773 896 4797 ,
940 4744 998 4787 ut
1033 4734 1215 4803 quales
1254 4734 1415 4788 futuri
1455 4737 1588 4803 sint,
1618 4739 1754 4793 scire
1787 4756 1895 4795 non
1924 4745 2143 4811 possint.

574 4822 657 4877 Ad
696 4823 796 4879 hoc
822 4825 1046 4880 dicitur:
1078 4825 1175 4891 Qui
1204 4826 1398 4879 videtur
1423 4839 1585 4895 stare,
1616 4830 1778 4884 videat
1818 4848 1879 4885 ne
1915 4835 2061 4889 cadat
2087 4837 2148 4906 (Ι

576 4911 693 4966 Cor.
722 4930 775 4979 κ,
808 4915 917 4985 12).
949 4916 1172 4986 Propter
1200 4916 1357 4986 hujus
1383 4918 1588 4974 timoris
1616 4921 1925 4990 utilitatem,
1958 4942 2025 4982 ne
2054 4943 2143 4982 re-

575 5004 811 5072 generati
832 5014 883 5057 et
907 5006 990 5074 pie
1014 5008 1191 5061 vivere
1215 5009 1543 5078 incipientes,
1576 5021 1821 5083 tanquam
1852 5019 2020 5072 securi
2041 5022 2145 5076 alta

575 5094 877 5161 sapiamus,
910 5096 1121 5164 quidam
1165 5114 1269 5152 non
1306 5104 1689 5169 perseveraturi
1732 5113 2145 5174 perseveraturis

576 5186 669 5239 Dei
702 5187 1052 5254 permissionc
1090 5190 1171 5243 vel
1214 5193 1512 5260 provisione
1559 5210 1623 5248 ac
1658 5194 2001 5266 dispositione
2049 5205 2147 5259 mi-

572 5287 821 5344 scentur;
850 5278 1040 5347 quibus
1062 5281 1367 5339 cadentibus
1396 5288 1561 5341 territi
1590 5304 1707 5343 cum
1740 5292 1925 5347 timore
1955 5303 2007 5349 et
2037 5307 2145 5352 tre-

572 5383 721 5422 more
764 5369 1066 5437 gradiamur
1109 5371 1246 5426 viam
1282 5373 1511 5443 justam,
1552 5378 1722 5434 donec
1767 5396 1826 5436 ex
1872 5382 1970 5438 hac
2002 5385 2142 5452 vita,

573 5474 689 5523 quae
725 5457 944 5515 tentatio
989 5468 1071 5514 cst
1100 5476 1259 5531 super
1285 5470 1476 5520 terram
1506 5468 1647 5536 (Job.
1677 5487 1770 5538 vn,
1797 5472 1872 5542 1),
1907 5481 2146 5530 transea-

573 5564 688 5603 mus
716 5549 781 5603 ad
820 5550 975 5604 aliam
996 5593 1011 5618 ,
1040 5552 1126 5607 ubi
1157 5556 1268 5623 jam
1295 5574 1402 5612 non
1433 5560 1499 5614 sit
1526 5564 1682 5617 elatio
1708 5568 2106 5636 comprimenda
2128 5611 2141 5636 ,

574 5654 670 5694 nec
679 5644 863 5696 contra
878 5639 991 5713 ejus
1004 5647 1366 5717 suggestiones
1381 5653 1799 5733 tentationesque
1816 5657 2140 5716 luctandum.

1856 265 1913 320 S.
1953 263 2316 322 AUCUSTINI
2352 264 2656 324 EPISCOP!

3683 286 3763 347 981

2352 381 2438 437 15.
2464 380 2569 437 Sed
2594 381 2663 438 de
2689 380 2789 437 hac
2813 394 2895 452 re,
2922 382 2977 439 id
3000 388 3103 451 est,
3128 394 3225 441 cur
3245 385 3438 458 quidam
3459 406 3551 450 non
3571 408 3765 467 perman-

2280 473 2389 527 suri
2424 473 2478 527 in
2514 473 2619 529 ﬁde
2642 483 2695 529 et
2722 474 3001 531 sanctitate
3026 475 3339 546 christiana,
3370 490 3528 539 tamen
3560 490 3766 559 accipiant

2277 562 2343 617 ad
2376 572 2581 635 tempus
2619 564 2755 619 hanc
2779 566 3033 636 gratiam,
3074 575 3129 621 et
3165 566 3473 630 dimittantur
3510 573 3588 631 hic
3624 579 3765 637 vivere

2277 652 2447 709 donec
2473 654 2690 720 cadant,
2718 670 2837 710 cum
2874 656 3083 727 possint
3108 658 3221 728 rapi
3248 657 3313 713 de
3344 660 3436 717 bac
3460 663 3577 730 vita,
3596 683 3653 724 ne
3675 686 3762 726 ma.

2278 744 2387 799 litia
2407 754 2575 801 mutet
2602 746 2925 801 intellectum
2953 762 3161 814 eorum,
3189 750 3328 819 quod
3352 751 3415 808 de
3438 764 3599 811 sancto
3622 759 3763 817 imma-

2276 842 2392 890 tura
2429 845 2585 893 aetate
2612 838 2864 894 defuncto
2896 838 3151 909 scriptum
3178 849 3259 897 est
3300 842 3350 897 in
3388 844 3508 902 libro
3540 848 3763 919 Sapientia:

2276 925 2430 998 (Sap.
2449 944 2522 995 iv,
2553 926 2677 1002 11);
2708 938 2911 999 quaerat
2931 930 3153 1001 quisque
3168 940 3227 987 ut
3250 935 3494 1003 potuerit,
3519 946 3565 993 et
3587 940 3624 994 si
3646 941 3761 1000 inve-

2273 1017 2411 1071 nerit
2440 1026 2631 1086 praeter
2658 1018 2795 1073 hanc
2820 1035 2939 1089 quas
2963 1035 2993 1073 a
3020 1036 3103 1076 me
3124 1021 3324 1077 reddita
3338 1033 3431 1091 est,
3453 1026 3589 1082 aliam
3616 1032 3765 1099 proba-

2273 1105 2432 1162 bilem
2457 1108 2716 1163 rationem
2738 1149 2752 1173 ,
2784 1125 2814 1163 a
2845 1120 3004 1165 rectae
3042 1111 3164 1173 ﬁdei
3198 1114 3371 1183 regula
3403 1131 3502 1172 non
3535 1120 3763 1189 recedens,

2274 1205 2450 1253 teneat
2476 1213 2592 1253 eam
2616 1240 2630 1266 ,
2664 1208 2720 1254 et
2745 1214 2843 1269 ego
2868 1215 2988 1255 cum
3014 1201 3125 1268 illo,
3158 1203 3202 1257 si
3236 1219 3321 1259 me
3345 1220 3445 1260 non
3466 1200 3677 1264 latuerit:
3698 1229 3766 1269 ve-

2271 1296 2570 1342 rumtamen
2599 1289 2649 1342 in
2676 1289 2817 1360 quod
2847 1292 3205 1359 pervenimus,
3234 1293 3289 1348 in
3311 1308 3373 1349 eo
3391 1296 3677 1354 ambulemus
3698 1302 3767 1357 do-

2274 1392 2372 1431 nec
2410 1378 2563 1432 nobis
2589 1379 2730 1434 Deus
2767 1380 2997 1447 revelet,
3026 1382 3069 1435 si
3091 1382 3216 1451 quid
3240 1383 3389 1438 aliter
3410 1387 3616 1455 sapimus
3633 1430 3645 1453 ,
3667 1391 3770 1447 sicut

2267 1469 2571 1537 apostolicis
2600 1469 2815 1525 Litteris
2841 1470 3190 1526 admonemur
3211 1472 3457 1545 (Philipp.
3479 1492 3557 1539 ut,
3587 1480 3659 1547 15,
3685 1482 3767 1553 16).

2268 1559 2615 1616 Pervenimus
2642 1570 2821 1616 autem
2860 1562 2915 1616 in
2949 1578 3012 1617 ea
3042 1579 3161 1634 qua:
3189 1563 3256 1618 ad
3282 1565 3432 1620 ﬁdem
3458 1583 3615 1624 veram
3638 1579 3683 1625 et
3703 1589 3770 1627 ca-

2267 1653 2516 1707 tholicam
2554 1655 2823 1723 pertinere
2867 1654 3168 1710 firmissime
3198 1656 3422 1723 scimus,
3455 1658 3504 1712 in
3526 1661 3688 1730 quibus
3718 1665 3770 1719 ita

2264 1744 2419 1799 nobis
2462 1745 2838 1800 ambulandum
2882 1756 2998 1808 est,
3039 1746 3327 1817 adiuvante
3368 1749 3453 1806 illo
3477 1759 3615 1821 atque
3650 1754 3773 1809 mise-

2267 1844 2438 1901 rante,
2467 1836 2551 1890 cui
2575 1835 2821 1901 dicimus,
2856 1835 3031 1891 Deduc
3057 1852 3168 1903 me,
3197 1836 3435 1905 Domine,
3460 1841 3507 1894 in
3532 1842 3600 1895 via
3621 1851 3715 1909 tua,
3738 1855 3773 1898 et

2264 1925 2529 1979 ambulabo
2557 1926 2610 1978 in
2639 1926 2843 1980 veritate
2868 1936 2954 1979 tua
2980 1924 3163 1994 (Psal.
3206 1943 3399 1998 nxxxv,
3432 1929 3544 2001 11),
3573 1942 3623 1987 ut
3644 1933 3697 1988 ab
3716 1936 3774 1989 eis

2264 2013 2409 2069 nullo
2430 2014 2588 2070 modo
2613 2015 2905 2070 dcviemus.

2507 2130 2744 2167 υσοοεσηί
2778 2131 3047 2168 SENTENTIA!
3075 2132 3266 2171 CONTRA
3295 2135 3578 2176 ηωωποε.

2333 2200 2559 2257 CAPUT
2591 2201 2658 2256 V.
2679 2232 2750 2242 —
2771 2203 2857 2257 16.
2895 2202 3154 2269 Quoniam
3197 2220 3328 2275 ergo
3369 2208 3578 2277 propitio
3611 2208 3776 2267 Christo

2262 2290 2546 2347 Christiani
2583 2293 2827 2347 catholici
2852 2309 3038 2350 sumus
3066 2313 3077 2348 :
3109 2296 3163 2349 1⁰
3194 2296 3403 2352 Scimus
3428 2299 3637 2355 nondum
3659 2311 3778 2356 natos

2262 2382 2391 2436 nihil
2421 2383 2593 2453 egisse
2618 2383 2671 2437 in
2695 2383 2797 2437 vita
2828 2385 3043 2453 propria
3071 2383 3195 2440 boni
3221 2401 3321 2443 seu
3342 2388 3487 2455 mali,
3515 2404 3602 2444 nec
3625 2405 3777 2445 secun-

2261 2472 2387 2527 dum
2416 2473 2603 2528 merita
2633 2474 2827 2544 prioris
2859 2474 3084 2547 alicujus
3111 2477 3233 2532 vita:
3252 2520 3266 2544 ,
3298 2494 3449 2549 quam
3479 2480 3650 2534 nullam
3683 2498 3779 2551 pro-

2262 2565 2427 2634 priam
2453 2566 2469 2597 ¹
2496 2565 2686 2636 singuli
2710 2566 2906 2622 habere
2926 2576 3234 2637 potuerunt,
3266 2571 3318 2625 in
3342 2570 3498 2641 hujus
3518 2572 3623 2626 vita:
3639 2574 3781 2627 venire

2259 2656 2536 2711 miserias:
2565 2656 2660 2711 sed
2690 2665 2865 2713 tamen
2896 2660 3187 2715 secundum
3227 2662 3398 2716 Adam
3438 2663 3689 2719 carnaliter
3708 2678 3780 2717 na-

2261 2755 2342 2800 tos
2381 2746 2685 2816 contagium
2732 2749 2920 2804 mortis
2959 2751 3192 2820 antiquas
3223 2753 3393 2823 prima
3420 2755 3662 2809 nativitate
3684 2770 3781 2809 coti—

2261 2838 2493 2906 trahere,
2521 2854 2621 2894 nec
2650 2839 2861 2894 liberari
2882 2856 2911 2893 a
2942 2843 3201 2911 supplicio
3228 2845 3418 2899 mortis
3440 2854 3652 2911 aeternae,
3672 2845 3781 2915 quod

2261 2927 2424 2981 trahit
2453 2944 2519 2983 ex
2546 2944 2655 2982 uno
2681 2929 2732 2983 in
2759 2945 2946 2986 omnes
2974 2932 3237 2988 transiens
3258 2933 3399 3003 justa
3429 2934 3692 3000 damnatio,
3705 2936 3782 2989 nisi

2259 3033 2353 3087 per
2375 3019 2596 3089 gratiam
2619 3029 2965 3076 renascantur
2990 3022 3042 3076 in
3067 3021 3305 3079 Christo.
3328 3055 3398 3066 —
3414 3024 3470 3078 2°
3489 3025 3673 3081 Scimus
3693 3041 3783 3097 gra-

2183 3143 2186 3148 ι
2259 3110 2383 3165 tiam
2407 3111 2499 3166 Dei
2528 3126 2627 3167 nec
2650 3112 2885 3188 parvulis
2912 3129 3012 3170 nec
3035 3116 3329 3185 majoribus
3349 3118 3617 3174 secundum
3636 3120 3782 3175 merita

2255 3210 2439 3257 nostra
2466 3202 2600 3258 dari.
2618 3205 2761 3259 —5°
2783 3204 2994 3261 Scimus
3019 3208 3315 3277 majoribus
3342 3210 3406 3264 ad
3437 3211 3651 3281 singulos
3672 3218 3783 3265 actus

2257 3294 2526 3350 ἀπὶ-4⁸
2544 3295 2755 3352 Scimus
2776 3314 2881 3352 non
2910 3301 3154 3355 omnibus
3178 3300 3482 3357 hominibus
3497 3302 3619 3368 dari,
3638 3312 3684 3358 ct
3698 3302 3785 3371 qui-

2257 3383 2357 3440 bus
2386 3385 2557 3452 datur,
2602 3403 2709 3441 non
2752 3389 2923 3443 solum
2953 3390 3243 3445 secundum
3277 3394 3462 3447 merita
3487 3406 3683 3463 Operum
3704 3407 3783 3446 nou

2258 3474 2391 3541 dari,
2416 3476 2510 3531 sed
2539 3492 2639 3532 nec
2662 3479 2954 3534 secundum
2984 3482 3173 3535 merita
3198 3483 3488 3538 voluntatis
3514 3499 3674 3539 eorum
3696 3482 3785 3553 qui-

2259 3564 2359 3621 bus
2383 3567 2536 3624 datur
2559 3588 2572 3623 :
2595 3571 2735 3640 quod
2756 3574 2982 3626 maxime
3003 3583 3220 3642 apparet
3246 3576 3300 3629 in
3321 3576 3679 3646 parvulis.—5°
3693 3574 3784 3631 Sci-

2258 3673 2377 3713 mus
2418 3660 2496 3714 eis
2520 3661 2711 3731 quibus
2732 3662 2906 3730 datur,
2935 3664 3303 3722 misericordia
3335 3668 3424 3722 Dei
3454 3669 3656 3739 gratuita
3681 3666 3783 3721 dan'.

2257 3749 2385 3803 —6°
2407 3750 2613 3806 Scimus
2632 3753 2708 3807 eis
2724 3754 2911 3823 quibus
2933 3770 3037 3809 non
3056 3755 3230 3822 datur,
3247 3758 3396 3828 justo
3412 3760 3598 3829 judicio
3612 3759 3689 3814 Dei
3704 3774 3784 3812 non

2258 3839 2527 3895 dari.——7°
2553 3842 2761 3897 Scimus
2790 3845 2929 3914 quod
2958 3861 3143 3902 omnes
3168 3850 3460 3905 astabimus
3474 3848 3786 3907 antelribunal

2257 3929 2488 3999 Christi,
2522 3941 2579 3986 ut
2607 3932 2743 3987 ferat
2780 3937 3142 4007 unusquisque
3183 3941 3479 3996 secundum
3508 3956 3565 3996 ea
3590 3956 3691 4011 qua:
3713 3953 3786 4009 per

2257 4036 2453 4091 corpus
2478 4026 2664 4093 gessit,
2695 4042 2801 4082 non
2828 4027 3117 4083 secundum
3147 4046 3208 4085 ea
3236 4048 3379 4103 quae,
3408 4034 3453 4088 si
3478 4033 3656 4088 diutius
3676 4031 3788 4085 vive

2257 4121 2616 4183 ret,gesturus
2633 4116 2750 4184 fuit,
2770 4120 2881 4174 sive
2905 4119 3101 4175 bonum
3128 4122 3240 4178 sive
3263 4125 3606 4181 malum—8’
3619 4124 3787 4179 Scimus

2256 4203 2414 4256 etiam
2459 4207 2711 4274 parvulos
2749 4209 3035 4264 secundum
3067 4226 3128 4267 ea
3154 4228 3275 4283 qua:
3306 4231 3403 4285 per
3439 4229 3620 4286 corpus
3642 4227 3789 4284 gesse-

2257 4304 2413 4361 runt,
2441 4307 2751 4367 recepturos
2789 4302 2873 4356 vel
2912 4302 3108 4359 bonum
3155 4306 3237 4360 vel
3284 4308 3503 4362 malum.
3546 4308 3787 4364 Cesserunt

2154 4424 2171 4444 ,
2254 4393 2429 4440 autem
2472 4403 2576 4442 non
2624 4404 2719 4458 per
2759 4392 2995 4461 seipsos,
3024 4394 3116 4448 sed
3149 4411 3244 4465 per
3269 4412 3365 4452 eos
3394 4398 3578 4468 quibus
3604 4413 3687 4468 pro
3708 4394 3789 4449 illis

2256 4477 2697 4545 respondentibus
2724 4489 2777 4535 et
2802 4483 3110 4539 renuntiare
3134 4485 3351 4542 diabolo
3380 4489 3615 4543 dicuntur
3630 4498 3677 4543 et
3697 4500 3788 4540 cre-

2254 4565 2382 4623 dere
2409 4568 2461 4622 in
2494 4570 2858 4636 Deum;unde
2892 4585 2947 4629 et
2988 4575 3039 4629 in
3076 4592 3299 4633 numero
3344 4579 3571 4635 ﬁdelium
3612 4592 3790 4647 compu-

2256 4665 2457 4724 tantur,
2492 4662 2816 4729 pertinentes
2861 4664 2927 4718 ad
2971 4668 3285 4722 sententiam
3319 4670 3525 4725 Domini
3559 4667 3785 4723 dicentis:

2257 4749 2355 4814 Qui
2379 4750 2644 4806 crediderit
2674 4764 2719 4807 et
2743 4754 3026 4826 baptizatus
3051 4759 3230 4828 fuerit,
3258 4760 3431 4815 salvus
3459 4762 3566 4816 erit.
3606 4760 3790 4829 PrOpter

2253 4840 2392 4908 quod
2440 4850 2495 4895 et
2536 4842 2640 4896 illis
2677 4844 2767 4914 qui
2815 4844 2916 4900 hoc
2960 4846 3364 4904 Sacramentum
3392 4868 3494 4906 non
3522 4850 3785 4920 accipiunt,

2253 4931 2509 5001 contingit
2551 4933 2692 5003 quod
2739 4935 3014 5004 sequitur:
3049 4937 3150 5003 Qui
3174 4949 3343 4993 autem
3385 4958 3487 4995 non
3527 4939 3787 5004 crediderit,

2252 5024 2663 5079 condemnabitur
2691 5026 2878 5097 (Mare.
2907 5044 3029 5097 xvt,
3075 5031 3185 5099 16).
3228 5030 3385 5089 Unde
3431 5042 3484 5089 et
3526 5033 3650 5104 ipsi,
3676 5032 3789 5084 sicut

2252 5114 2379 5181 dixi,
2412 5115 2457 5169 si
2487 5116 2537 5170 in
2588 5118 2677 5171 illa
2711 5134 2865 5187 parva
2895 5129 3051 5176 mtate
3074 5122 3394 5189 moriuntur,
3424 5125 3599 5194 utique
3625 5135 3788 5177 secun-

2251 5206 2377 5260 dum
2405 5220 2467 5260 ea
2492 5222 2609 5276 quae
2633 5222 2729 5277 per
2748 5223 2940 5280 corpus
2966 5221 3264 5281 gesserunt,
3286 5213 3341 5268 id
3364 5224 3447 5269 est
3467 5224 3685 5283 tempore
3700 5223 3787 5279 quo

2253 5298 2306 5351 in
2332 5310 2552 5365 corpore
2588 5296 2833 5364 fuerunt,
2865 5301 3074 5369 quando
3102 5318 3198 5372 per
3224 5303 3385 5358 corda
3410 5313 3464 5359 et
3490 5319 3580 5359 ora
3600 5309 3786 5375 gestan-

2254 5387 2381 5441 tium
2410 5387 2748 5443 crediderunt
2768 5390 2850 5444 vel
2879 5405 2981 5445 non
3013 5393 3380 5463 crediderunt,
3407 5395 3613 5465 quando
3636 5393 3781 5462 baptir

2253 5480 2352 5535 zati
2390 5480 2473 5535 vel
2509 5495 2612 5537 non
2659 5481 2905 5553 baptizati
2931 5494 3084 5555 sunt,
3113 5486 3324 5558 quando
3366 5503 3575 5553 carnem
3616 5479 3784 5542 Christi

2318 5611 2429 5680 [εἰς
2448 5619 2552 5662 Mss.
2574 5615 2671 5680 duo
2691 5616 2836 5680 )‘atic.
2859 5622 2909 5666 et
2921 5617 3079 5680 Gallic.
3102 5633 3286 5680 omnes,
3311 5591 3499 5672 necnon
3517 5619 3621 5671 Bad.
3641 5624 3686 5669 et
3702 5624 3780 5668 Am

2180 5720 2213 5732 σ,
2256 5678 2311 5725 At
2331 5678 2403 5720 Er.
2431 5680 2481 5723 et
2497 5681 2601 5724 ιον.
2629 5677 2823 5739 habent,
2852 5692 2961 5742 qua:
2981 5679 3112 5731 nulla
3133 5677 3344 5747 propria.
