4024 6382
164 301 255 363 935
1340 287 1818 350 EPISTOLARUM
1854 288 2131 355 CLASSIS
2162 293 2253 352 lll.

164 413 587 475 manducaverunt
626 408 712 466 vel
759 403 879 466 non
908 406 1362 464 manducaverunt
1382 448 1400 475 ,
1430 405 1645 477 quando
1674 412 1729 461 et

164 504 448 579 sanguinem
471 504 719 560 biberunt
739 503 826 559 vel
853 517 961 558 non
989 500 1270 567 biberunt;
1298 498 1589 555 secundum
1609 496 1727 553 haec

162 617 273 675 ergo
306 616 421 672 qua:
461 615 556 669 per
591 614 785 668 corpus
820 604 1130 669 gesserunt,
1176 610 1285 650 non
1329 593 1618 650 secundum
1663 607 1726 647 ea

162 709 282 767 quze,
303 693 346 747 si
369 691 456 746 diu
484 690 570 745 hic
598 691 872 754 viverent,
899 687 1101 760 gesturi
1131 687 1372 753 fuerant,
1395 685 1722 755 judicantur.

161 817 219 828 —
236 784 287 841 9‘
306 784 508 841 Scimus
536 783 719 839 felices
744 797 863 838 esse
891 790 1131 837 mortuos
1151 782 1242 852 qui
1273 781 1325 835 in
1354 780 1579 835 Domino
1608 794 1724 834 mo-

160 880 363 945 riuntur,
386 892 486 933 nec
509 876 576 933 ad
602 892 699 934 eos
722 877 989 948 pertinere
1004 875 1260 947 quidquid
1278 873 1450 929 acturi
1481 873 1687 928 fuerant
1705 914 1721 933 .

160 973 195 1027 si
215 979 437 1041 tempore
470 968 807 1025 diuturniore
822 966 1269 1024 vixissent.-—-lO°
1290 965 1501 1022 Scimus
1517 979 1612 1021 eos
1632 965 1722 1035 qui

159 1063 293 1121 corde
317 1064 527 1134 proprio
556 1064 786 1121 credunt
813 1065 868 1119 in
894 1063 1199 1130 Dominum,
1222 1077 1318 1118 sua
1345 1061 1397 1116 id
1426 1062 1603 1117 facere
1622 1076 1721 1117 vo-

160 1158 330 1211 luntate
348 1170 409 1209 ac
425 1154 593 1210 libero
618 1155 859 1211 arbitrio.
884 1186 955 1196 —
973 1155 1063 1211 ll°
1086 1155 1299 1210 Scimus
1317 1168 1413 1225 pro
1429 1154 1506 1209 eis
1522 1153 1613 1224 qui
1628 1168 1724 1209 no-

157 1250 253 1303 lunt
276 1247 509 1316 credere,
542 1264 641 1303 nos
667 1249 756 1318 qui
778 1248 889 1317 jam
921 1248 1209 1312 credimus,
1238 1256 1382 1302 recta
1411 1245 1514 1302 fide
1537 1260 1718 1316 agere,

155 1355 255 1395 cum
275 1340 431 1395 Deum
453 1356 673 1397 oramus
692 1350 750 1397 ut
767 1342 953 1397 velint.
980 1372 1049 1381 —
1067 1340 1159 1396 l2"
1185 1340 1394 1395 Scimus
1420 1354 1516 1409 pro
1533 1339 1611 1393 eis
1630 1339 1719 1408 qui

152 1446 206 1487 ex
226 1431 320 1487 illis
338 1432 700 1501 crediderunt,
720 1442 971 1504 tanquam
993 1432 1059 1488 de
1082 1432 1373 1498 beneflciis,
1397 1438 1543 1487 recte
1563 1438 1721 1501 atque

151 1526 385 1582 veraciter
407 1535 461 1582 et
479 1527 683 1582 debere
708 1542 807 1582 nos
822 1528 932 1583 Deo
952 1541 1109 1599 agere
1128 1526 1348 1596 gratias,
1376 1532 1430 1579 et
1451 1524 1645 1579 solere.

150 1622 161 1677 ἓ
211 1618 288 1672 l7.
330 1618 692 1690 Recognoseis
727 1634 843 1686 me,
874 1627 929 1673 ut
956 1627 1112 1689 puto,
1142 1618 1196 1672 in
1223 1617 1287 1672 iis
1313 1631 1430 1686 qua:
1454 1630 1553 1669 nos
1582 1614 1720 1669 scire

150 1708 259 1772 dixi,
272 1725 373 1765 non
386 1712 564 1765 omnia
583 1726 704 1780 qu:e
717 1710 783 1765 ad
799 1710 955 1766 fidem
970 1709 1285 1766 catholicam
1302 1708 1563 1778 pertinent
1574 1721 1721 1762 com-

149 1800 693 1877 memorarejvoluisse,
710 1801 803 1858 sed
818 1816 880 1858 ea
898 1810 1102 1856 tantum
1118 1816 1236 1872 qua:
1247 1798 1314 1853 ad
1327 1800 1500 1866 istam,
1518 1813 1635 1867 quas
1647 1796 1721 1851 in-

149 1901 215 1949 ter
232 1908 322 1949 nos
340 1880 533 1965 agitur,
549 1894 621 1950 de
638 1894 727 1949 Dei
740 1892 907 1966 gratia
932 1894 1304 1965 quaestionem,
1322 1900 1496 1947 utrum
1519 1905 1719 1961 praece-

147 1985 222 2039 dat
246 1984 354 2042 haec
387 1988 555 2058 gratia
582 2030 597 2052 ,
624 2004 690 2043 an
719 1988 1074 2059 subsequatur
1099 1987 1333 2043 hominis
1353 1987 1718 2050 voluntatem;

147 2077 231 2133 hoc
246 2086 343 2145 est,
375 2088 435 2135 ut
449 2080 665 2151 planius
693 2080 745 2137 id
771 2082 1010 2151 eloquar,
1026 2082 1203 2135 utrum
1224 2080 1345 2135 ideo
1366 2079 1520 2135 nobis
1537 2077 1716 2144 detur,

146 2168 250 2237 quia
276 2169 520 2225 volumus
541 2213 556 2235 ,
593 2186 661 2226 an
691 2187 787 2242 per
815 2172 981 2243 ipsam
1011 2172 1152 2227 Deus
1191 2172 1349 2226 etiam
1385 2170 1487 2226 hoc
1523 2170 1722 2225 efficiat

146 2272 193 2317 ut
216 2263 451 2320 velimus.
500 2265 561 2322 Si
601 2280 728 2337 ergo
768 2266 898 2321 istas
925 2265 1204 2321 duodecim
1236 2265 1557 2331 sententias,
1588 2280 1721 2335 quas

146 2368 231 2409 nos
254 2354 355 2409 dixi
383 2356 525 2413 scire
550 2356 616 2411 ad
650 2356 808 2411 fidem
850 2369 1048 2412 reetam
1098 2364 1153 2411 et
1192 2356 1508 2411 catholicam
1554 2357 1719 2426 perti-

146 2460 274 2513 nere,
304 2447 464 2503 etiam
494 2457 549 2503 tu
570 2491 585 2514 ,
615 2447 799 2515 frater,
832 2448 1108 2503 nobiscum
1141 2457 1311 2513 tenes,
1338 2463 1439 2519 ago
1467 2449 1574 2504 Deo
1601 2464 1722 2519 gra-

145 2538 259 2603 tias;
290 2555 422 2610 quas
465 2544 707 2612 profecto
732 2557 837 2595 non
863 2541 1127 2597 veraciter
1151 2556 1395 2612 agerem,
1424 2540 1525 2596 nisi
1555 2540 1720 2612 gratia

146 2627 224 2683 Dei
248 2630 397 2685 fieret
426 2642 485 2687 ut
511 2641 742 2688 teneres.
772 2632 901 2699 Quae
932 2631 1024 2687 tibi
1054 2632 1251 2688 tenenti
1278 2632 1483 2687 nullum
1504 2632 1722 2687 omnino

144 2732 363 2777 remanet
394 2724 673 2779 nobiscum
700 2724 767 2779 de
791 2723 890 2779 hac
913 2724 1206 2795 quarstione
1233 2734 1525 2780 certamen.

203 2812 424 2870 CAPUT
470 2816 555 2870 Vl.
578 2848 648 2857 --
671 2818 757 2873 l8.
787 2817 857 2874 Ut
883 2819 1025 2873 enim
1055 2818 1242 2874 eadem
1270 2818 1550 2874 duodecim
1573 2818 1721 2875 brevi

141 2906 461 2973 expositione
487 2924 793 2979 percurram
821 2927 834 2962 :
859 2909 1126 2980 quomodo
1150 2910 1442 2971 voluntatis
1474 2912 1721 2965 humanm

142 2996 375 3051 meritum
418 2999 666 3070 sequitur
703 3000 908 3068 gratia;
938 3015 1059 3056 cum
1086 3000 1242 3057 detur
1264 3010 1318 3056 et
1343 3002 1607 3072 parvulis,
1630 3004 1722 3072 qui

141 3085 227 3142 hoc
252 3088 495 3145 nondum
539 3101 761 3160 possunt
788 3092 927 3147 velle
962 3107 1055 3147 seu
1084 3092 1264 3148 nolle?
1291 3092 1568 3161 Quomodo
1596 3108 1720 3163 gra-

140 3176 247 3233 tiam
278 3180 366 3237 vel
396 3180 453 3234 in
484 3181 774 3250 majoribus
804 3181 1053 3238 dicuntur
1081 3182 1383 3254 prmeedere
1411 3184 1597 3238 merita
1627 3199 1721 3239 vo-

141 3272 381 3339 luntatis;
410 3273 457 3328 si
485 3275 653 3345 gratia
674 3316 690 3341 ,
718 3284 778 3329 ut
804 3291 929 3330 vera
957 3277 1027 3331 sit
1052 3276 1220 3347 gratia
1242 3317 1256 3343 ,
1289 3292 1398 3330 non
1428 3275 1721 3331 secundum

142 3367 310 3421 merita
370 3379 555 3423 nostra
598 3368 793 3424 datur?
832 3368 1003 3436 Quam
1049 3369 1367 3425 sententiam
1407 3369 1724 3425 catholicam

144 3459 369 3532 Pelagius
412 3461 529 3531 ipse
556 3462 632 3518 sic
658 3462 865 3528 timuit,
896 3472 955 3517 ut
998 3478 1093 3519 eos
1141 3463 1230 3533 qui
1282 3463 1463 3519 dicunt
1500 3463 1723 3533 gratiam

145 3549 225 3607 Dei
263 3550 559 3609 secundum
605 3554 792 3608 merita
841 3564 1024 3610 nostra
1064 3553 1212 3619 dari,
1241 3555 1357 3610 sine
1395 3554 1725 3610 dubitatione

146 3642 454 3713 damnaret,
509 3662 577 3701 ne
626 3660 656 3699 a
700 3645 976 3701 catholicis
1030 3645 1297 3715 judicibus
1358 3646 1722 3703 damnaretur.

148 3734 407 3803 Quomodo
454 3736 649 3793 dicitur
696 3738 862 3809 gratia
921 3737 1014 3794 Dei
1069 3738 1121 3793 in
1175 3748 1361 3793 natura
1411 3753 1531 3794 esse
1573 3738 1725 3794 liberi

148 3829 334 3884 arbitrii
382 3831 466 3887 vel
516 3831 567 3885 in
618 3830 733 3902 lege
783 3839 942 3902 atque
981 3829 1254 3895 doctrina;
1299 3846 1420 3886 cum
1469 3838 1526 3885 et
1569 3830 1724 3885 istam

146 3923 449 3979 sententiam
482 3924 725 3994 Pelagius
766 3924 881 3995 ipse
922 3922 1285 3989 damnaverit,
1330 3921 1517 3994 procul
1563 3921 1726 3976 dubio

143 4014 392 4073 confitens
437 4018 660 4087 gratiam
683 4016 778 4073 Dei
803 4016 869 4071 ad
895 4016 1132 4087 singulos
1166 4023 1317 4070 actus
1340 4014 1489 4081 dari,
1520 4014 1599 4069 eis
1624 4012 1727 4068 uti-

144 4121 234 4176 que
255 4112 338 4181 qui
360 4111 479 4181 jam
508 4111 678 4167 libero
706 4109 926 4167 arbitrio
954 4110 1211 4165 utuntur?

207 4202 285 4259 i9.
325 4204 613 4272 Quomodo
642 4204 837 4259 dicitur
880 4219 1067 4259 omnes
1110 4204 1353 4260 homines
1395 4217 1513 4259 eam
1562 4202 1725 4260 fuisse

148 4306 473 4366 accepturos,
501 4297 545 4352 si
574 4312 679 4351 non
713 4297 785 4351 illi
814 4297 1008 4367 quibus
1036 4311 1141 4350 non
1170 4295 1431 4361 donatur,
1471 4310 1590 4351 eam
1628 4309 1724 4351 sua

151 4386 409 4444 voluntate
437 4396 777 4460 respuerent,
804 4389 1053 4459 quoniam
1088 4386 1229 4442 Deus
1272 4387 1378 4441 vult
1420 4402 1591 4441 omnes
1631 4386 1724 4440 ho-

152 4478 285 4535 mines
306 4482 477 4537 salvos
506 4482 620 4549 ﬁeri
647 4480 691 4549 (l
723 4479 859 4534 Tim.
891 4496 950 4547 lt,
973 4478 1064 4551 4);
1092 4494 1213 4534 cum
1234 4478 1417 4534 multis
1440 4493 1544 4533 non
1567 4477 1724 4532 detur

153 4571 389 4637 parvulis,
416 4580 471 4626 et
500 4571 616 4625 sine
646 4571 734 4625 illa
764 4570 1009 4640 plerique
1029 4570 1340 4633 moriantur,
1371 4568 1461 4639 qui
1490 4583 1593 4623 non
1622 4566 1720 4622 ha-

153 4657 261 4717 bent
282 4663 607 4720 contrariam
636 4663 982 4726 voluntatem,
1006 4671 1061 4717 et
1084 4661 1367 4731 aliquando
1386 4660 1722 4730 cupientibus

155 4748 617 4826 festinantibusque
642 4755 971 4826 parentibus,
1006 4753 1263 4808 ministris
1291 4767 1501 4823 quoque
1532 4752 1721 4806 volen-

156 4843 273 4902 tibus
293 4866 355 4905 ac
385 4849 607 4919 paratis,
636 4849 748 4903 Deo
776 4847 990 4902 nolente
1010 4859 1116 4900 non
1142 4844 1315 4910 detur,
1335 4859 1455 4898 cum
1476 4852 1716 4914 repente,

154 4947 412 5012 antequam
459 4942 636 5007 detur,
679 4941 949 5009 exspirat,
988 4953 1086 5009 pro
1126 4953 1261 5007 quo,
1312 4944 1370 4990 ut
1414 4935 1715 5004 acciperet,

154 5034 480 5090 currebatur?
508 5034 666 5089 Unde
701 5032 1038 5088 manifestum
1068 5037 1151 5085 est
1179 5042 1273 5085 cos
1296 5028 1387 5099 qui
1425 5027 1548 5082 huic
1584 5028 1718 5083 resi-

156 5129 277 5180 stunt
306 5135 412 5182 tam
441 5127 737 5199 perspicua:
761 5124 1002 5190 veritati,
1031 5136 1135 5178 non
1172 5121 1465 5192 intelligere
1502 5120 1719 5177 omnino

155 5225 240 5279 (ιυό
262 5218 527 5275 locutione
548 5219 616 5274 sit
638 5218 838 5273 dictum
860 5215 999 5286 quod
1021 5231 1190 5269 omnes
1211 5214 1437 5269 homines
1457 5216 1561 5267 vult
1580 5212 1719 5267 Deus

152 5307 295 5366 salvos
308 5313 417 5382 ﬁeri
434 5330 455 5380 ;
471 5327 592 5368 cum
612 5320 719 5366 tam
736 5310 888 5367 multi
905 5309 1035 5364 salvi
1054 5324 1162 5363 non
1180 5307 1326 5373 fiant,
1341 5321 1445 5362 non
1460 5306 1579 5376 quia
1594 5306 1714 5376 ipsi,

155 5401 231 5455 scd
242 5404 354 5474 quia
366 5406 509 5462 Deus
520 5422 625 5461 non
641 5403 771 5471 vult,
786 5402 929 5475 quod
945 5403 1059 5458 sine
1072 5401 1174 5457 ulla
1189 5399 1413 5469 caligine
1424 5396 1719 5454 manifesta-

157 5496 227 5548 tur
243 5495 289 5552 in
307 5498 557 5569 parvulis.
587 5496 695 5554 Sed
712 5496 849 5552 sicut
872 5494 1001 5551 illud
1022 5493 1163 5565 quod
1192 5492 1390 5549 dictum
1406 5500 1510 5557 est,
1532 5489 1717 5547 Omnes

155 5576 199 5633 in
216 5584 407 5642 Christo
432 5587 818 5657 viviﬁcabuntur
842 5585 897 5658 (1
926 5584 1042 5640 Cor.
1062 5600 1151 5650 xv,
1170 5582 1286 5654 22),
1306 5598 1427 5638 cum
1443 5589 1550 5636 tam
1568 5582 1718 5637 multi

157 5683 330 5734 interna
362 5687 535 5735 morte
558 5677 861 5749 puniantur,
893 5675 1014 5732 ideo
1039 5675 1234 5730 dictum
1255 5682 1365 5739 est,
1390 5672 1510 5744 quia
1532 5686 1717 5728 omnes

159 5764 451 5842 quicumque
479 5772 639 5826 vitam
667 5776 917 5827 aeternam
944 5767 1264 5837 percipiunt,
1292 5781 1395 5823 non
1422 5764 1720 5836 percipiunt

3320 308 3427 368 986

1837 409 1940 465 nisi
1965 410 2020 465 in
2043 407 2257 467 Christo
2278 428 2293 467 :
2317 410 2389 468 ita
2414 411 2555 486 quod
2584 411 2784 472 dictum
2826 422 2938 479 est,
2986 432 3156 477 omnes
3197 421 3429 484 homines

1837 506 1942 558 vult
1959 504 2095 560 Deus
2115 506 2279 561 salvos
2299 508 2431 577 ﬁeri,
2449 523 2569 563 cum
2587 518 2696 566 tam
2711 511 2911 569 multos
2934 514 3067 568 nolit
3094 515 3267 572 salvos
3284 517 3421 588 fieri,

1837 594 1959 651 ideo
1979 596 2175 652 dictum
2192 606 2295 665 est,
2315 600 2436 670 quia
2454 616 2646 657 omnes
2657 602 2749 673 qui
2764 603 2896 660 salvi
2913 604 3067 673 fiunt,
3084 607 3184 662 nisi
3201 610 3316 679 ipso
3328 627 3426 669 vo-

1836 687 1979 745 lente
2004 704 2111 745 non
2138 690 2303 757 fiunt;
2332 702 2385 747 et
2409 693 2455 747 si
2482 709 2588 764 quo
2614 694 2718 749 alio
2746 696 2910 752 modo
2952 698 3042 754 illa
3082 700 3247 756 verba
3293 717 3427 773 apo-

1834 784 2019 839 stolica
2069 785 2287 854 intelligi
2332 796 2585 856 possunt,
2613 796 2671 843 ut
2700 796 2877 845 tamen
2914 789 3039 846 huic
3076 793 3429 863 apertissimis

1832 876 2075 943 veritati,
2106 878 2157 933 in
2188 894 2290 949 qua
2330 879 2569 935 videmus
2593 888 2701 936 tam
2732 882 2957 951 multos,
2985 884 3286 942 volentibus
3327 887 3428 943 ho-

1833 971 2085 1038 minibus,
2113 971 2209 1028 sed
2239 973 2349 1027 Deo
2375 972 2614 1040 uolente,
2638 974 2811 1029 salvos
2840 991 2947 1031 non
2974 974 3091 1031 fieri
3113 1018 3128 1044 ,
3156 977 3427 1034 contraria

1833 1078 1952 1119 esse
1977 1079 2080 1117 non
2108 1050 2333 1134 possint.

1901 1154 1992 1209 20.
2032 1154 2311 1222 Quomodo
2334 1163 2392 1210 ut
2414 1154 2571 1211 detur
2594 1156 2761 1227 gratia
2796 1156 2995 1223 divina,
3027 1158 3276 1214 voluntas
3304 1176 3427 1216 me-

1828 1254 1977 1302 retur
2000 1246 2258 1313 humana;
2286 1248 2331 1302 si
2356 1248 2436 1303 eis
2461 1248 2650 1319 quibus
2677 1249 2850 1314 datur,
2873 1250 3097 1319 gratuita
3119 1251 3424 1307 misericor-

1828 1338 1915 1393 dia
1940 1339 2117 1405 datur,
2145 1349 2203 1394 nt
2235 1355 2359 1396 vera
2385 1341 2453 1395 sit
2478 1341 2685 1411 gratia?
2710 1342 2987 1410 Quomodo
3024 1344 3076 1398 in
3108 1343 3207 1398 hac
3232 1360 3289 1400 re
3312 1361 3427 1401 me-

1828 1431 1930 1484 rita
1976 1439 2267 1501 pensantur
2308 1431 2599 1487 voluntatis
2649 1432 2936 1500 humanae;
2991 1435 3423 1506 quandoquidem

1829 1521 1935 1577 illis
1972 1522 2167 1593 quibus
2212 1522 2381 1593 gratia
2424 1523 2525 1577 ista
2565 1538 2670 1577 non
2708 1522 2879 1589 datur,
2924 1525 3070 1579 nullo
3113 1526 3426 1597 plerumque

1782 1632 1787 1637 ·
1827 1615 2040 1683 merito,
2073 1615 2219 1671 nulla
2262 1615 2533 1670 voluntate
2576 1615 2916 1680 distantibus,
2962 1617 3057 1673 sed
3100 1634 3257 1673 unam
3301 1634 3423 1675 cum

1827 1706 1907 1762 eis
1955 1707 2152 1778 quibus
2198 1706 2378 1772 datur,
2425 1704 2747 1761 habentibus
2805 1709 3205 1777 causam,justo
3245 1718 3423 1767 tamen

1822 1797 2022 1869 judicio
2050 1799 2143 1853 Dei
2183 1813 2289 1853 non
2315 1798 2472 1852 datur
2506 1796 2646 1868 (non
2686 1797 2828 1852 enim
2877 1806 2960 1853 est
3001 1799 3254 1870 iniquitas
3283 1801 3424 1871 apud

1829 1890 1994 1946 Deum
2013 1889 2185 1963 [Ιίοηι.
2211 1906 2282 1953 rx,
2311 1888 2443 1962 14]);
2461 1898 2518 1944 ut
2541 1889 2835 1960 intelligant
2855 1890 3047 1960 quibus
3070 1891 3246 1958 datur,
3265 1907 3423 1963 quam

1827 1984 1990 2053 gratis
2038 1983 2118 2037 eis
2162 1981 2352 2047 detur,
2384 1980 2597 2052 quando
2633 1982 2775 2051 juste
2815 1982 2994 2052 utique
3034 2000 3142 2041 non
3184 1984 3421 2054 daretur,

1827 2074 2078 2145 quoniam
2126 2072 2357 2127 similem
2401 2072 2718 2153 habentibus
2757 2088 2971 2128 causam
3006 2073 3149 2142 juste
3188 2090 3293 2130 non
3323 2076 3421 2131 da-

1828 2164 1953 2219 tur?

1897 2254 1988 2309 21.
2030 2253 2311 2322 Quomodo
2338 2267 2445 2309 non
2479 2255 2660 2325 gratiae
2697 2254 2789 2310 Dei
2817 2263 2933 2323 est,
2965 2272 3071 2312 non
3103 2256 3273 2313 solum
3299 2272 3422 2313 cre-
3460 2252 3465 2255 “

1827 2348 1988 2404 dendi
2027 2348 2272 2403 voluntas
2309 2347 2376 2402 ab
2409 2346 2580 2413 initio,
2616 2362 2799 2403 verum
2843 2348 3004 2404 etiam
3046 2350 3423 2419 perseverandi

1826 2456 1997 2512 usque
2024 2440 2075 2495 in
2104 2441 2299 2505 finem;
2331 2455 2453 2496 cum
2482 2440 2601 2496 linis
2624 2442 2739 2512 ipse
2766 2441 2891 2496 vitre
2912 2441 3069 2512 hujus
3096 2458 3201 2498 non
3237 2444 3289 2498 in
3325 2443 3424 2518 bo-

1827 2533 1988 2588 minis
2009 2575 2023 2599 ,
2052 2532 2146 2588 sed
2168 2533 2220 2587 in
2248 2533 2336 2587 Dei
2369 2532 2439 2587 sit
2464 2542 2750 2602 potestate,
2778 2541 2833 2588 et
2863 2534 3029 2603 possit
3055 2535 3238 2606 utique
3274 2536 3416 2593 Deus

1828 2626 1989 2682 etiam
2021 2625 2125 2681 hoc
2155 2623 2471 2679 beneficium
2500 2639 2604 2678 non
2631 2634 3035 2693 perseveratum
3063 2625 3340 2691 conferre,
3367 2639 3423 2683 ut

1828 2719 2067 2790 rapiatur
2108 2733 2173 2773 ex
2216 2732 2481 2788 corpore,
2523 2733 2592 2772 ne
2633 2717 2835 2772 malitia
2886 2726 3053 2773 mutet
3095 2719 3422 2776 intellectum

1829 2807 2010 2863 illius?
2059 2806 2173 2862 Non
2227 2807 2371 2862 enim
2434 2805 2657 2878 recipiet
2693 2805 2871 2875 ,homo
2922 2822 3018 2862 seu
3072 2806 3271 2863 bonum
3325 2808 3421 2865 Seu

1830 2902 2061 2968 malum,
2103 2901 2203 2955 nisi
2248 2898 2540 2956 secundum
2581 2915 2642 2955 ea
2679 2915 2799 2970 qua:
2842 2915 2938 2970 per
2980 2914 3174 2971 corpus
3218 2902 3420 2971 gessit,

1829 3012 1936 3052 non
1979 2994 2270 3051 secundum
2312 3009 2373 3050 ea
2415 3010 2568 3064 qum,
2604 2994 2649 3048 si
2679 2993 2880 3049 diutius
2908 2994 3146 3062 viveret,
3175 3003 3422 3065 gesturus

1828 3086 1945 3141 fuit.

1897 3178 1987 3234 22.
2046 3178 2324 3245 Quomodo
2376 3178 2569 3235 dicitur
2618 3186 2902 3250 propterea
2949 3179 3268 3251 quibusdam
3312 3197 3420 3239 non

1829 3273 1978 3339 dari,
2005 3271 2324 3343 quibusdam
2358 3271 2631 3328 morituris
2668 3272 2902 3343 parvulis
2944 3272 3037 3326 Dei
3076 3272 3241 3343 gratia
3271 3271 3421 3341 dari,

1830 3366 1951 3437 quia
1977 3380 2165 3420 eorum
2193 3365 2398 3419 futuras
2426 3364 2681 3434 praevidet
2702 3364 3021 3433 voluntates,
3040 3380 3172 3437 quas
3194 3364 3423 3422 habituri

1830 3464 2012 3512 essent
2040 3455 2085 3511 si
2115 3456 2389 3519 viverent;
2417 3469 2535 3509 cum
2559 3454 2854 3511 secundum
2876 3471 2937 3510 ea
2966 3470 3084 3525 quae
3111 3469 3207 3526 per
3230 3471 3422 3525 corpus

1829 3547 2028 3618 gessit,
2060 3562 2165 3603 non
2192 3545 2487 3601 secundum
2510 3561 2571 3599 ea
2594 3561 2713 3615 qua:
2740 3554 2989 3616 gesturus
3019 3553 3193 3609 esset,
3225 3546 3270 3599 si
3299 3544 3423 3599 diu-

1833 3637 1937 3692 tius
1964 3637 2149 3692 fuisset
2188 3636 2241 3691 in
2269 3651 2513 3706 corpore,
2540 3636 2903 3706 unusquisque
2932 3634 3155 3705 recipiat
3189 3636 3300 3692 sive
3328 3636 3421 3692 bo~

1831 3744 1960 3784 num
2003 3729 2116 3784 sive
2160 3728 2388 3795 malum,
2417 3728 2555 3782 sicut
2580 3726 2867 3797 Apostolus
2896 3726 3082 3783 definit
3106 3726 3125 3798 (
3146 3727 3188 3783 ll
3215 3728 3330 3782 Cor.
3362 3745 3417 3794 v,

1832 3821 1962 3893 10)?
1987 3822 2268 3889 Quomodo
2293 3822 2584 3877 secundum
2608 3821 2908 3876 voluntates
2932 3836 3056 3876 suas
3085 3820 3286 3877 futuras
3321 3821 3421 3875 lto-

1831 3916 2006 3968 mines
2042 3913 2381 3983 judicantur,
2412 3928 2544 3984 quas
2581 3912 2811 3967 habituri
2854 3911 3015 3967 fuisse
3053 3912 3331 3978 dicuntur,
3376 3914 3421 3969 si

1831 4005 2030 4060 diutius
2054 4014 2363 4061 tenerentur
2389 4006 2439 4060 in
2468 4021 2662 4072 carne;
2691 4022 2811 4062 cum
2831 4006 2975 4060 dicat
3003 4004 3298 4076 Scriptura,
3321 4006 3422 4060 Fe~

1831 4100 1948 4154 lices
1976 4098 2161 4153 mortui
2199 4098 2286 4168 qui
2318 4098 2369 4151 in
2399 4096 2618 4152 Domino
2641 4099 2924 4151 moriuntur
2950 4096 3131 4169 (Apoc.
3162 4113 3270 4162 xxv,
3291 4098 3421 4167 l3)?

1830 4206 2053 4261 quorum
2083 4190 2199 4245 sine
2222 4189 2384 4244 dubio
2412 4198 2556 4244 certa
2596 4200 2651 4244 et
2686 4204 2873 4245 secura
2901 4188 3123 4245 felicitas
3152 4204 3256 4245 non
3300 4197 3416 4256 est,

1829 4283 1874 4337 si
1901 4291 1952 4338 et
1977 4298 2039 4337 ea
2066 4298 2185 4354 qua:
2215 4297 2320 4337 non
2342 4290 2591 4353 egerunt,
2619 4281 2713 4337 sed
2744 4282 2909 4337 acturi
2934 4280 3177 4349 fuerant,
3207 4280 3253 4336 si
3277 4290 3422 4337 esset

1829 4373 1909 4429 eis
1937 4373 2052 4428 haec
2081 4374 2184 4427 vita
2213 4373 2490 4443 prolixior,
2516 4372 2965 4442 judicabitDeus:
2991 4372 3300 4441 nullumque
3329 4388 3421 4427 ac-

1826 4465 1957 4536 cipit
1992 4466 2310 4521 beneficium
2334 4506 2348 4529 ,
2378 4466 2467 4535 qui
2496 4464 2703 4534 rapitur
2733 4480 2801 4519 ne
2841 4464 3039 4517 malitia
3066 4471 3239 4519 mutet
3263 4462 3421 4517 intel-

1827 4555 2019 4611 lectum
2043 4555 2189 4626 ejus;
2220 4556 2341 4624 quia
2367 4564 2421 4610 et
2448 4570 2545 4624 pro
2576 4554 2665 4608 illa
2698 4554 2916 4620 malitia,
2944 4552 3030 4608 cui
3062 4552 3281 4607 forsitan
3314 4554 3419 4607 im-

1828 4649 2049 4703 minenti
2090 4649 2392 4703 subtractus
2422 4656 2534 4712 est,
2568 4660 2754 4716 pcenas
2787 4645 2920 4700 luit:
2947 4658 3047 4698 nec
3080 4642 3417 4713 gaudendum

1825 4750 1908 4796 est
1930 4741 1996 4796 de
2025 4742 2089 4794 iis
2114 4756 2247 4810 quos
2276 4732 2328 4794 in
2362 4738 2465 4793 fide
2494 4748 2639 4793 recta
2667 4748 2722 4793 et
2746 4738 2851 4792 vita
2877 4736 3013 4790 bona
3035 4735 3278 4790 novimus
3299 4752 3419 4791 65:8

1824 4830 2143 4895 defunctos,
2176 4845 2244 4884 ne
2286 4828 2581 4884 secundum
2629 4829 2805 4894 aliqua
2847 4826 3047 4881 scelera
3088 4825 3415 4893 judicantur,

1824 4938 1942 4992 qua:
1964 4921 2197 4985 fuerant,
2224 4920 2266 4974 si
2293 4920 2550 4985 viverent,
2581 4918 2807 4974 fortasse
2826 4915 3012 4970 facturi
3039 4932 3052 4968 :
3078 4930 3176 4971 nec
3201 4915 3415 4971 dolendi

1822 5016 1909 5071 vel
1937 5009 2238 5070 detestandi
2262 5020 2388 5067 sunt
2419 5012 2452 5067 ii
2484 5012 2574 5083 qui
2602 5011 2764 5065 vitam
2804 5008 2961 5062 istam
3004 5005 3057 5061 in
3104 5007 3419 5063 infidelitate

1822 5127 1885 5165 ac
1911 5110 2130 5181 perditis
2156 5108 2395 5164 moribus
2426 5108 2695 5171 finierunt,
2722 5103 2844 5174 quia
2872 5100 3008 5157 forte
3028 5144 3042 5167 ,
3073 5102 3118 5157 si
3140 5102 3410 5169 viverent,

1822 5204 1992 5259 acturi
2016 5201 2225 5259 fuerant
2250 5199 2613 5272 paenitentiam
2632 5239 2648 5264 ,
2672 5197 2865 5268 pieque
2889 5196 3110 5265 victuri,
3143 5205 3197 5251 et
3222 5211 3380 5251 secnn
3396 5226 3413 5236 -

1822 5296 1950 5351 dum
1980 5296 2077 5350 ista
2104 5301 2232 5350 sunt
2250 5289 2520 5363 judicandi
2547 5307 2559 5342 :
2586 5296 2831 5359 totusque
2866 5288 2955 5343 ille
2992 5288 3059 5343 de
3098 5286 3415 5342 Mortalitate

1822 5389 1958 5446 liber
1986 5385 2359 5459 gloriosissimi
2396 5381 2647 5453 martyris
2671 5380 2923 5453 Cypriani
2964 5377 3331 5449 reprobandus
3357 5387 3414 5433 et
3471 5442 3485 5463 ﬁ

1822 5478 2153 5551 abjiciendus
2181 5486 2284 5544 est,
2318 5476 2369 5531 in
2399 5489 2506 5547 quo
2528 5482 2635 5529 tota
2658 5472 2775 5544 ejus
2806 5472 3029 5527 intentio
3058 5479 3159 5535 est,
3194 5478 3251 5524 ut
3275 5469 3411 5525 scia-
3464 5476 3481 5551 ἐ

1823 5589 1944 5630 mus
1980 5572 2136 5630 bonis
2179 5569 2422 5625 fidelibus
2455 5566 2825 5641 gratulandum
2868 5579 2989 5622 esse
3031 5562 3409 5626 morientibus,

1823 5666 2036 5740 quando
2066 5665 2222 5737 hujus
2252 5663 2373 5719 vitae
2399 5660 2779 5719 tentationibus
2801 5658 3134 5723 auferuntur,
3157 5654 3413 5726 deinceps

1828 5762 1881 5823 in
1910 5760 2213 5818 beatissima
2253 5756 2537 5816 securitate
2578 5754 2835 5811 mansuri.
2875 5749 2981 5821 Sed
3022 5747 3271 5821 quoniam
3309 5746 3413 5806 hoc
