4024 6374
694 351 799 409 987

699 465 885 521 l’alsum
909 480 1016 523 non
1038 471 1123 521 est
1140 506 1157 535 ,
1186 474 1242 523 ot
1265 464 1383 521 sine
1400 460 1731 519 dubitatione
1755 458 1926 532 {elices
1946 465 2069 514 sunt
2089 453 2275 512 mortui

693 560 783 630 qui
809 559 861 615 in
886 558 1103 615 Domino
1130 556 1443 621 moriuntur;
1464 553 1718 613 ridendus
1740 560 1823 611 est
1840 560 1895 617 et
1918 548 2277 625 exsecrandus

697 664 853 706 error
876 664 983 719 quo
1009 658 1220 718 putatur
1242 645 1383 717 quod
1417 645 1661 703 homines
1697 643 1989 703 secundum
2028 655 2153 701 suas
2195 639 2279 699 fu-

701 751 878 805 turas,
909 754 1029 809 quae
1058 738 1395 797 morientium
1435 752 1543 795 non
1584 744 1709 799 sunt
1753 736 1970 804 tuturis,
2004 730 2277 805 iudicandi

697 839 821 891 sunt
846 829 1160 901 voluntates.

767 922 857 981 25,
897 919 1175 991 Quomodo
1201 919 1447 977 dicuntur
1487 934 1681 997 negare
1724 918 1947 981 liberum
1993 918 2279 999 voluntatis

700 1014 997 1076 arbitrium,
1027 1012 1113 1082 qui
1144 1015 1465 1066 conﬁtentur
1489 1028 1704 1067 omnem
1729 1011 2019 1081 hominem,
2039 1012 2278 1085 quisquis

700 1118 799 1161 suo
825 1104 985 1160 corde
1014 1102 1187 1163 credit
1210 1104 1263 1173 in
1291 1104 1487 1171 Deum,
1516 1102 1727 1159 nonnisi
1750 1117 1844 1157 sua
1873 1102 2035 1159 libera
2061 1102 2279 1159 credere

698 1196 997 1261 voluntate;
1028 1209 1149 1253 cum
1182 1193 1357 1267 potius
1386 1193 1461 1253 illi
1486 1200 1793 1265 oppugnent
1826 1192 2104 1249 arbitrium
2149 1192 2279 1253 libe-

702 1302 843 1353 rum,
876 1286 964 1357 qui
992 1293 1299 1356 oppugnant
1328 1285 1420 1343 Dei
1444 1286 1698 1359 gratiam.
1731 1299 1833 1357 qua
1873 1300 1998 1343 vere
2036 1284 2102 1343 ad
2140 1284 2278 1343 bona

697 1377 938 1449 eligenda
965 1386 1019 1433 et
1037 1377 1241 1447 agenda
1270 1376 1329 1433 ﬁt
1348 1374 1612 1433 liberum?
1632 1375 1909 1447 Quomodo
1929 1377 2120 1437 dicitur
2138 1376 2279 1455 quod

699 1482 795 1538 per
815 1468 988 1538 legem
1008 1469 1095 1524 Dei
1117 1479 1275 1541 atque
1291 1468 1583 1527 doctrinam
1600 1469 1990 1539 Scripturarum
2012 1469 2120 1535 ﬁat,
2139 1470 2279 1541 quod

699 1557 883 1612 eadem
906 1558 1176 1626 Scriptura
1203 1558 1370 1625 dixit,
1401 1558 1731 1628 Prwparatur
1758 1561 1983 1616 voluntas
2010 1578 2041 1613 a
2065 1559 2280 1621 Domino

699 1648 882 1719 (Prov.
913 1667 1025 1712 vui,
1054 1651 1151 1719 35,
1178 1668 1279 1707 sec.
1311 1650 1509 1725 LXX);
1532 1667 1595 1711 ac
1619 1668 1724 1707 non
1752 1653 1927 1731 potius
1956 1668 2060 1731 per
2100 1651 2279 1708 occul-

701 1748 807 1797 tam
841 1742 1241 1812 inspirationem
1264 1743 1448 1813 gratiae
1478 1743 1571 1801 Dei
1596 1761 1609 1797 :
1633 1744 2055 1815 quandoquidem
2080 1759 2175 1821 pro
2202 1745 2280 1801 eis

699 1830 790 1907 qui
817 1831 988 1887 eidem
1009 1832 1264 1909 doctrinm
1291 1834 1718 1893 contradicentes
1743 1836 1930 1893 nolunt
1957 1836 2006 1891 ei
2034 1835 2276 1901 credere,

701 1923 872 1995 ipsum
903 1924 1065 1978 Deum
1094 1924 1196 1983 {ide
1223 1931 1367 1980 recta
1391 1940 1637 1995 rogamus
1665 1934 1720 1979 ut
1747 1926 1943 1980 velint?

771 2012 859 2069 24.
899 2013 1174 2079 Quomodo
1194 2014 1335 2073 Deus
1360 2024 1631 2085 exspectat
1655 2016 1954 2073 voluntates
1982 2012 2277 2082 hominum,

702 2112 757 2158 ut
784 2106 1105 2172 praeveniant
1130 2122 1249 2161 eum
1272 2107 1465 2177 quibus
1489 2107 1577 2163 det
1602 2109 1822 2177 gratiam
1843 2124 1857 2174 ;
1878 2124 1996 2163 cum
2015 2109 2208 2178 gratias
2232 2108 2281 2162 ei

700 2208 806 2250 non
837 2194 1103 2255 immerito
1131 2212 1349 2269 agamus
1378 2197 1445 2253 de
1475 2198 1539 2253 iis
1568 2198 1761 2268 quibus
1796 2214 1901 2254 non
1931 2200 1981 2255 ei
2013 2194 2282 2255 credenti-

702 2286 819 2353 bus,
848 2296 902 2343 et
924 2287 1045 2357 ejus
1063 2289 1359 2345 doctrinam
1403 2290 1673 2347 voluntate
1718 2291 1875 2360 impia
1918 2288 2284 2363 persequenti-

704 2376 833 2441 bus,
868 2378 1285 2437 misericordiam
1330 2380 1676 2451 prmrogavit,
1708 2396 1905 2450 eosque
1946 2379 2011 2434 ad
2051 2379 2283 2451 seipsum

702 2468 1215 2539 omnipotentissima
1257 2470 1504 2529 facilitate
1545 2470 1839 2535 convertit,
1869 2486 1931 2526 ac
1954 2470 2190 2526 volentes
2218 2484 2285 2525 ex

704 2559 1004 2621 nolentibus
1035 2560 1193 2617 fecit?
1214 2561 1409 2635 thuid
1437 2564 1484 2618 ei
1508 2563 1629 2619 inde
1653 2564 1847 2634 gratias
1867 2565 2090 2634 agimus,
2121 2564 2163 2619 si
2185 2564 2286 2620 hoc

703 2651 817 2722 ipse
856 2669 961 2711 non
1006 2652 1163 2710 fecit?
1190 2655 1385 2727 thuid
1427 2664 1573 2713 tanto
1603 2657 1769 2728 magis
1812 2672 1934 2711 eum
1982 2655 2287 2727 magniﬁca-

707 2758 848 2809 mus,
879 2753 1075 2813 quanto
1100 2744 1266 2821 magis
1290 2745 1539 2803 nolebant
1564 2747 1781 2803 credere
1800 2789 1814 2813 ,
1842 2762 1973 2816 quos
1996 2746 2289 2804 credidisse

705 2833 1030 2907 gaudemus,
1058 2834 1102 2889 si
1130 2836 1298 2905 gratia
1340 2835 1516 2895 divina
1561 2836 1804 2893 voluntas
1851 2838 1901 2891 in
1950 2835 2139 2893 melius
2180 2854 2287 2894 non

708 2932 938 2985 mutatur
983 2925 1249 2987 humana?
1289 2926 1572 2997 Apostolus
1610 2926 1832 2993 Paulus,
1861 2927 2052 2996 Eram,
2086 2927 2285 2999 inquit,

706 3013 905 3083 ignotus
947 3014 1076 3083 [acie
1118 3010 1359 3070 Ecclesiis
1394 3008 1627 3083 Judaa',
1658 3034 1771 3087 quae
1797 3028 1913 3072 sunt
1955 3020 2007 3071 in
2052 3010 2290 3085 Christo;

711 3114 906 3158 tantum
941 3114 1112 3160 autem
1132 3106 1399 3162 audiebant
1427 3108 1547 3178 quia
1570 3109 1656 3181 qui
1680 3108 1951 3181 aliquando
1989 3126 2080 3163 nos
2117 3125 2291 3180 perse-

707 3191 970 3263 quebatur,
996 3210 1129 3249 nunc
1152 3196 1456 3267 euangelizat
1474 3196 1626 3265 ﬁdem
1650 3213 1801 3269 quam
1822 3198 2094 3267 aliquando
2121 3209 2290 3254 vasta-

708 3283 822 3350 bat;
852 3293 898 3337 et
940 3285 992 3337 in
1032 3302 1111 3338 me
1154 3287 1546 3358 magni/icabant
1570 3287 1735 3341 Deum
1765 3287 1962 3355 (Galat.
1992 3306 2044 3353 t,
2070 3289 2288 3361 22-24).

710 3373 905 3449 thuid
941 3375 1552 3451 magniﬁcabantDeum,
1590 3378 1635 3432 si
1665 3395 1769 3434 non
1798 3379 1937 3435 Deus
1966 3380 2031 3433 ad
2059 3381 2289 3450 seipsum

710 3479 803 3521 cor
825 3464 964 3520 illius
986 3464 1081 3519 viri
1106 3481 1215 3520 sua:
1235 3466 1421 3537 gratia:
1432 3464 1667 3522 bonitate
1686 3476 2040 3535 converterat,
2058 3470 2289 3540 quando,

711 3567 766 3613 ut
804 3558 915 3631 ipse
951 3559 1254 3625 conﬁtetur,
1284 3558 1699 3615 misericordiam
1739 3570 2052 3616 consecutus
2089 3570 2205 3629 est,
2236 3570 2295 3617 ut

710 3647 883 3707 ﬁdelis
907 3656 1049 3705 esset
1082 3648 1121 3722 (1
1148 3650 1265 3705 Cor.
1300 3665 1404 3714 vu,
1435 3650 1549 3722 25),
1578 3666 1639 3705 ea
1673 3650 1778 3706 ﬁde
1812 3667 1967 3721 quam
2010 3653 2293 3722 aliquando

710 3737 989 3792 vastabat?
1030 3739 1206 3808 ipsum
1247 3741 1405 3795 etiam
1452 3741 1671 3796 verbum
1711 3741 1852 3811 quod
1894 3742 2099 3812 posuit,
2135 3758 2291 3815 quem

714 3831 814 3885 nisi
846 3832 1009 3886 Deum
1040 3830 1142 3889 hoc
1169 3840 1271 3887 tam
1305 3848 1552 3903 magnum
1592 3831 1787 3887 bonum
1814 3833 2003 3889 fecisse
2022 3818 2293 3891 deelarat?

712 3920 848 3988 Quid
879 3928 960 3977 est
987 3922 1128 3978 enim
1150 3964 1165 3988 ,
1197 3924 1250 3976 in
1274 3940 1353 3976 me
1377 3924 1761 3994 magniﬁcabant
1783 3922 1973 3992 Deum,
1996 3925 2097 3980 nisi
2126 3925 2177 3981 in
2208 3943 2293 3984 me

710 4014 876 4073 Deum
902 4013 1235 4084 magniﬁcum
1260 4013 1657 4083 praedicabant?
1676 4013 1953 4083 Quomodo
1973 4025 2150 4069 autem
2171 4032 2293 4072 eum

711 4106 1045 4177 magniﬁcum
1075 4105 1470 4177 praedicabant,
1500 4106 1543 4160 si
1574 4120 1821 4177 magnum
1848 4107 1972 4161 illud
2002 4106 2197 4163 factum
2225 4109 2294 4163 de

710 4196 857 4251 Pauli
904 4196 1254 4251 conversione
1304 4196 1417 4265 ipse
1464 4212 1569 4251 non
1616 4192 1854 4252 fecerat?
1895 4206 1947 4252 et
1989 4214 2094 4267 quo
2137 4209 2293 4270 pacto

710 4284 826 4352 ipse
855 4284 1053 4339 fecerat
1072 4326 1087 4350 ,
1113 4285 1157 4340 si
1183 4285 1449 4341 volentem
1495 4287 1713 4343 credere
1734 4302 1798 4343 ex
1821 4288 2034 4344 nolente
2054 4290 2165 4358 ipse
2186 4304 2291 4345 non

711 4375 905 4431 iecerat
922 4375 947 4430 ἲ

786 4466 878 4521 25.
916 4466 1119 4535 Nempe
1149 4467 1483 4524 manifestum
1522 4478 1604 4524 est
1634 4486 1698 4525 ex
1728 4468 1834 4525 illis
1857 4468 2137 4528 duodecim
2166 4489 2292 4531 sen-

713 4559 912 4624 tentiis,
957 4568 1090 4632 qUas
1130 4561 1394 4631 pertinere
1436 4562 1504 4616 ad
1551 4560 1863 4621 catholicam
1899 4563 2057 4620 ﬁdem
2099 4584 2293 4638 negare

713 4670 816 4708 non
841 4654 1051 4720 sineris,
1077 4662 1181 4709 non
1203 4655 1373 4709 solum
1393 4654 1658 4724 omnibus,
1676 4670 1859 4711 verum
1884 4656 2043 4712 etiam
2073 4658 2293 4729 singulis

712 4743 764 4799 id
793 4744 1004 4811 conﬁci,
1043 4753 1100 4800 ut
1123 4745 1473 4802 eonﬁteamur
1500 4749 1667 4819 gratia
1696 4749 1787 4804 Dei
1818 4751 2096 4819 pricveniri
2123 4752 2295 4809 homi-

716 4852 843 4891 num
868 4838 1191 4904 voluntates,
1228 4845 1280 4892 et
1315 4850 1413 4908 per
1450 4838 1584 4893 hanc
1622 4854 1713 4895 eas
1745 4842 1919 4909 potius
1964 4846 2247 4914 prirparari
2273 4886 2288 4911 ,

715 4944 871 4998 quam
912 4940 1127 5000 pr0pter
1180 4938 1365 4987 earum
1407 4931 1652 4985 meritum
1699 4931 1834 5001 dari,
1863 4932 1969 4988 Aut
2008 4934 2053 4989 si
2092 4935 2292 5006 aliquid

714 5034 895 5074 earum
926 5020 1203 5077 duodecim
1225 5030 1345 5077 esse
1360 5036 1543 5077 verum
1564 5037 1744 5092 negas,
1763 5036 1985 5094 quarum
2009 5034 2292 5097 propterea

716 5110 1031 5165 commendo
1084 5111 1241 5166 etiam
1289 5120 1567 5167 numerum
1598 5154 1613 5179 ,
1658 5122 1716 5167 ut
1768 5111 1974 5169 facilius
2022 5117 2293 5173 metuariie

715 5198 1053 5267 mandentur,
1096 5200 1498 5273 distinctiusque
1537 5211 1843 5271 teneantur;
1883 5220 1989 5258 non
2029 5215 2079 5259 te
2121 5207 2293 5277 pigeat

624 5359 631 5364 ,
714 5293 1010 5351 rescribere
1052 5301 1111 5348 ut
1150 5294 1344 5363 sciam,
1373 5304 1426 5351 et
1449 5312 1508 5352 ea
1536 5311 1695 5367 quam
1737 5295 1866 5351 mihi
1906 5298 2159 5353 Dominus
2195 5302 2290 5357 de-

713 5383 891 5450 derit,
934 5378 1180 5440 facultate
1221 5385 1592 5456 respondeam.
1645 5387 1756 5461 Ego
1796 5388 1935 5443 enim
1980 5388 2288 5446 haereticum

713 5474 927 5550 quidem
955 5477 1285 5549 pelagianum
1310 5474 1362 5535 te
1381 5480 1498 5534 esse
1529 5493 1637 5535 non
1661 5474 1853 5546 credo;
1880 5482 1975 5536 sed
2002 5481 2073 5535 ita
2102 5488 2151 5537 te
2170 5497 2290 5540 esse

715 5567 860 5634 volo,
889 5575 947 5623 ut
976 5568 1103 5623 nihil
1128 5568 1271 5624 illius
1295 5569 1361 5625 ad
1382 5579 1433 5626 te
1457 5577 1723 5637 transeat,
1754 5570 1835 5626 vel
1864 5572 1915 5626 in
1940 5579 1992 5627 te
2020 5572 2289 5645 relinqua-

734 5670 798 5712 ur
826 5659 1040 5715 erroris.

782 5742 1005 5805 cum
1036 5734 1143 5808 vii.
1167 5784 1237 5795 -
1255 5754 1344 5811 es.
1372 5755 1483 5812 Sed
1513 5755 1654 5812 inter
1678 5756 1795 5812 haec
1822 5757 2101 5814 duodecim
2129 5772 2290 5831 repe-

1918 341 1979 399 S.
2017 333 2383 401 AUGUSTINI
2421 322 2723 392 EPISCOPI
3800 328 3880 405 [83

2384 451 2491 509 ries
2513 448 2739 509 fortasse
2764 444 2959 521 aliquid
2976 490 2992 521 ,
3025 446 3167 527 quod
3195 448 3483 527 negandum
3501 451 3579 513 vel
3598 446 3881 521 dubitandum

2384 551 2555 621 putes,
2572 550 2626 599 et
2639 542 2777 601 unde
2790 558 2887 599 nos
2900 542 3173 623 operosius
3194 540 3453 613 disputare
3467 548 3745 617 compellas.
3755 544 3882 611 Num.

2382 634 2509 709 quid
2534 646 2588 693 et
2610 651 2761 691 orare
2784 631 3088 707 prohibebis
3117 634 3402 690 Ecclesiam
3431 652 3522 709 pro
3545 638 3822 713 inﬁdelibus,
3840 632 3884 704 ω

2382 726 2488 783 sint
2501 726 2703 795 ﬁdeles;
2722 742 2817 797 pro
2831 725 2897 781 iis
2912 725 3001 801 qui
3017 724 3445 797 noluntcredere,
3459 736 3513 784 ut
3528 731 3673 786 velint
3684 737 3878 805 credere;

2384 834 2479 888 pro
2496 818 2558 872 iis
2585 819 2673 888 qui
2701 814 2767 873 ab
2787 818 2904 901 ejus
2924 819 3037 891 lege
3056 818 3393 911 doctrinaque
3409 819 3784 911 dissentiunt,’ut
3804 829 3881 902 legi

2383 912 2499 987 eius
2523 913 2885 983 doctrinceque
2916 904 3279 990 consentiant,
3316 900 3373 970 ut
3406 904 3493 972 det
3519 916 3616 989 illis
3641 900 3757 976 bolis
3778 900 3880 995 quod

2384 1020 2478 1081 per
2496 1005 2810 1089 prophetam
2833 1004 3107 1089 promisit,
3130 1021 3224 1061 cor
3245 1007 3585 1081 cognoscendi
3608 996 3743 1089 eum,
3760 1022 3802 1069 et
3816 1032 3883 1071 au-

2384 1111 2468 1149 res
2488 1094 2733 1175 audiendi
2765 1088 2987 1167 (Barac/3
3014 1100 3051 1152 ιι
3070 1140 3085 1164 ,
3114 1097 3203 1169 3i)
3221 1140 3234 1163 ,
3262 1113 3391 1175 quas
3412 1096 3583 1171 utique
3607 1088 3881 1175 acceperant,

2382 1180 2449 1239 de
2478 1185 2669 1257 quibus
2703 1183 2946 1241 Salvator
2980 1187 3091 1263 ipse
3116 1182 3356 1256 dicebat,
3390 1188 3487 1253 Qui
3514 1188 3650 1244 habet
3672 1200 3791 1249 aures
3812 1214 3881 1250 au.

2384 1276 2574 1340 diendi,
2593 1278 2766 1331 audiat
2797 1275 3009 1351 (Matth.
3037 1270 3163 1349 xm,
3192 1279 3291 1353 9)?
3318 1276 3575 1352 Numquid
3603 1278 3679 1337 ubi
3704 1284 3883 1343 audieris

2384 1366 2713 1424 sacerdotem
2745 1367 2836 1424 Dei
2863 1370 2928 1424 ad
2955 1369 3069 1440 ejus
3095 1370 3263 1425 altare
3290 1358 3535 1440 populum
3562 1370 3813 1431 hortantem
3836 1379 3882 1433 ad

2386 1457 2550 1513 Deum
2592 1458 2883 1526 orandum,
2928 1460 3007 1515 vel
3053 1460 3224 1529 ipsum
3254 1448 3395 1515 clara
3434 1477 3559 1517 voce
3597 1470 3883 1530 orantem,tit

2385 1547 2681 1603 incredulas
2717 1557 2903 1620 gentes
2940 1548 3008 1605 ad
3051 1548 3209 1605 ﬁdem
3252 1558 3401 1605 suam
3431 1552 3605 1608 venire
3639 1550 3881 1624 cumpcllit,

2386 1656 2489 1693 non
2516 1638 2860 1710 respondebis
2881 1680 2895 1706 ,
2930 1640 3139 1695 Amen?
3178 1641 3260 1695 An
3288 1642 3447 1696 etiam
3478 1641 3623 1712 hujus
3656 1628 3756 1699 lidei
3783 1649 3883 1700 sani-

2386 1733 2477 1787 tati
2516 1716 2782 1799 contraria
2826 1729 3160 1803 'diSputabis?
3185 1732 3450 1803 Numquid
3481 1734 3793 1791 beatissimum
3811 1734 3883 1809 Cy-

2384 1825 2624 1897 prianum
2664 1826 2715 1880 in
2755 1824 2855 1879 hoc
2880 1840 3089 1881 errasse
3121 1824 3377 1897 clamabis
3404 1824 3487 1882 vel
3516 1824 3797 1894 susurrabis,
3821 1826 3882 1885 ubi

2387 1933 2482 1993 pro
2512 1915 2737 1972 inimicis
2781 1918 2899 1972 ﬁdei
2934 1914 3267 1984 Christianae,
3306 1924 3368 1973 ut
3402 1918 3558 1974 etiam
3594 1914 3683 1990 ipsi
3716 1919 3769 1976 ad
3800 1936 3881 1977 eam

2384 2017 2780 2072 convertantur,
2809 2022 2963 2063 orare
2992 2022 3089 2062 nos
3118 2006 3311 2064 docet?

2455 2097 2546 2151 27.
2585 2092 2845 2168 Numquid
2873 2107 3141 2168 postremo
3166 2097 3467 2168 apostolum
3494 2098 3695 2155 Paulum
3716 2100 3792 2171 pro
3816 2098 3882 2155 lu-

2386 2190 2514 2245 daeis
2531 2189 2826 2244 inﬁdelibus
2841 2189 3118 2245 habentem
3144 2190 3262 2244 talia
3277 2198 3399 2245 vota
3415 2188 3737 2262 culpabiside
3747 2192 3883 2261 quibus

2386 2280 2461 2335 ait
2484 2299 2495 2333 :
2528 2278 2671 2334 Bona
2697 2279 2927 2335 voluntas
2954 2280 3154 2352 quidem
3175 2281 3340 2335 cordis
3376 2282 3502 2350 'mei,
3527 2292 3569 2336 et
3592 2282 3822 2353 deprecatio
3839 2282 3884 2335 ad

2390 2372 2551 2425 Deum
2586 2373 2644 2443 ﬁt
2671 2388 2762 2442 pro
2786 2373 2886 2427 illis
2912 2373 2964 2426 in
2985 2372 3196 2427 salutem
3234 2372 3413 2446 (Rom.
3460 2390 3514 2442 ι,
3558 2372 3629 2446 1).
3655 2374 3739 2441 Qui
3772 2375 3883 2429 etiam

2388 2464 2954 2521 Thessalonicensibus
2982 2464 3110 2519 dicit
3152 2481 3165 2518 :
3212 2462 3290 2519 De
3342 2475 3546 2528 ctetero,
3584 2470 3766 2536 fratres,
3790 2474 3886 2519 orate

2390 2572 2482 2627 pro
2517 2556 2675 2621 nobis,
2702 2567 2757 2610 ut
2786 2556 2983 2611 verbum
3018 2552 3227 2612 Domini
3253 2567 3429 2612 currat
3456 2566 3503 2613 et
3524 2557 3798 2630 gloriﬁcatur,
3819 2556 3884 2609 sit-

2390 2656 2446 2701 ut
2492 2649 2643 2702 etiam
2679 2648 2819 2718 apud
2858 2664 2976 2714 vos;
3005 2656 3050 2703 et
3086 2657 3140 2703 ut
3168 2664 3413 2704 eruamur
3448 2648 3507 2704 ab
3545 2650 3763 2719 iniquiset
3784 2648 3886 2701 matis

2392 2741 2676 2796 hominibus
2703 2757 2722 2796 :
2749 2757 2848 2797 non
2881 2742 3012 2796 enim
3040 2741 3264 2796 omnium
3303 2752 3380 2797 est
3418 2743 3539 2813 ﬁdes
3573 2742 3632 2817 (ll
3664 2741 3802 2797 Thess.
3825 2756 3883 2805 ιιι,

2393 2833 2417 2886 l
2443 2872 2461 2899 ,
2482 2830 2561 2903 2).
2584 2831 2861 2899 Quomodo
2881 2841 3121 2888 curreret
3141 2843 3191 2888 et
3209 2830 3591 2903 gloriﬁcaretur
3607 2828 3789 2911 verbum
3806 2831 3883 2896 Dei,

2394 2923 2493 2979 nisi
2521 2922 2585 2978 ad
2614 2922 2771 2978 ﬁdem
2786 2923 3057 2979 conversis
3079 2923 3157 2978 eis
3170 2924 3365 2994 quibus
3393 2922 3757 2994 przedicaretur;
3771 2934 3885 2991 quan-

2392 3012 2675 3084 doquidem
2720 3014 2829 3083 jam
2884 3012 3222 3069 credentibus
3264 3012 3423 3079 dicit,
3472 3012 3826 3085 qumtadm'odsm
3856 3017 3887 3062 et

2393 3107 2533 3176 apud
2556 3104 2678 3160 vos?
2702 3096 2815 3160 Scit
2839 3112 2985 3161 certe
3012 3103 3114 3159 hoc
3140 3103 3207 3159 ab
3248 3103 3346 3159 illo
3388 3103 3530 3170 ﬁeri,
3559 3114 3697 3175 quem
3720 3104 3803 3158 vult
3824 3116 3885 3155 ro-

2394 3194 2506 3265 gari
2533 3202 2591 3251 ut
2615 3194 2719 3252 hoc
2745 3194 2929 3261 faciat,
2953 3203 3010 3249 ut
3034 3195 3192 3249 etiam
3222 3204 3449 3251 eruatur
3474 3195 3537 3249 ab
3562 3193 3730 3264 iniquis
3751 3200 3789 3245 et
3807 3204 3885 3243 ma-

2396 3284 2463 3339 lis
2481 3283 2780 3340 hominibus
2798 3300 2814 3350 ;
2840 3284 2929 3355 qui
2952 3284 3189 3355 proiecto
3207 3294 3261 3339 et
3281 3283 3391 3339 illis
3409 3284 3664 3339 orantibus
3686 3294 3767 3337 non
3782 3286 3886 3335 eunt

2395 3374 2667 3429 credituri.
2699 3374 2924 3445 Propter
2947 3374 3089 3445 quod
3116 3370 3355 3441 addidit,
3391 3391 3491 3429 non
3507 3376 3629 3429 enim
3645 3382 3707 3427 est
3726 3370 3885 3425 omnium

2396 3466 2558 3534 ﬁdes;
2584 3476 2830 3537 tanquam
2855 3465 3076 3533 diceret,
3106 3467 3217 3521 Non
3264 3467 3415 3522 enim
3451 3466 3582 3539 apud
3602 3477 3757 3523 omnes
3774 3460 3883 3516 etiam

2397 3556 2548 3611 vobis
2574 3557 2851 3612 orantibus
2874 3557 3256 3627 gloriﬁcabitur
3282 3559 3504 3613 verbum
3543 3557 3627 3613 Dei
3660 3573 3673 3612 :
3703 3554 3799 3625 quia
3817 3549 3882 3620 ipsi

2398 3647 2577 3717 utique
2606 3646 2813 3702 fuerant
2837 3647 3089 3703 credituri
3127 3648 3219 3718 qui
3260 3648 3492 3703 ordinati
3532 3654 3669 3704 erant
3700 3646 3743 3700 in
3772 3643 3884 3695 vitam

2397 3745 2684 3802 aeternam,
2733 3735 3090 3807 prredestinati
3140 3739 3191 3793 in
3234 3738 3569 3808 adoptionem
3610 3737 3791 3792 ﬁlim
3821 3744 3884 3799 ρει

2396 3827 2576 3884 Iesum
2606 3827 2872 3883 Christum
2885 3827 2943 3881 in
2965 3828 3160 3899 ipsum,
3182 3836 3239 3883 et
3260 3829 3422 3884 electi
3445 3830 3495 3884 in
3514 3829 3619 3899 ipso
3633 3832 3738 3881 ante
3757 3817 3886 3877 mundi

2397 3920 2827 3979 constitutionem
2845 3919 3075 3993 (Epit,
3101 3920 3153 3983 4,
3182 3920 3268 3991 6);
3298 3921 3400 3976 sed
3420 3920 3535 3976 ideo
3564 3918 3687 3973 Deus
3714 3924 3883 3985 pam-

2398 4014 2569 4067 tiones
2594 4010 2919 4067 credentium
2950 4010 3185 4066 nondum
3205 4011 3487 4068 credentes
3499 4008 3696 4068 aedere
3708 4005 3802 4061 lauit
3815 4043 3827 4066 .
3842 4008 3883 4055 ut

2398 4103 2643 4160 ostendat
2670 4104 2790 4173 quia
2821 4104 2934 4172 ipse
2966 4102 3111 4159 facit.
3153 4103 3322 4159 Nemo
3365 4114 3448 4162 est
3487 4104 3620 4160 enim
3648 4110 3739 4156 tan
3762 4098 3883 4165 imper

2398 4194 2530 4249 ritus
2549 4235 2564 4259 ,
2608 4203 2717 4247 tam
2744 4192 2991 4259 carnalis,
3022 4202 3130 4249 tam
3159 4194 3342 4250 tardus
3378 4195 3614 4267 ingenio,
3637 4190 3709 4263 qui
3730 4202 3809 4244 non
3832 4184 3884 4237 vi—

2398 4286 2520 4341 deat
2546 4286 2711 4339 Deuin
2734 4286 2911 4340 facere
2935 4285 3075 4355 quod
3106 4288 3277 4356 rogari
3298 4301 3359 4341 se
3387 4286 3614 4357 prtcipit
3636 4293 3684 4339 ut
3703 4281 3835 4337 facim.

2466 4376 2557 4432 28.
2590 4377 2717 4431 Haec
2740 4386 2794 4431 et
2819 4377 2921 4431 alia
2949 4376 3246 4432 testimonia
3274 4377 3449 4435 divina
3467 4418 3481 4442 ,
3502 4392 3614 4449 quis
3632 4380 3882 4433 ωωαιιο·

2399 4486 2520 4525 rare
2545 4471 2756 4540 longum
2787 4477 2867 4523 est
2884 4510 2899 4535 ,
2936 4468 3224 4525 ostendunt
3252 4469 3420 4526 Deum
3447 4470 3604 4541 gratia
3624 4481 3704 4525 stis
3732 4460 3883 4521 autem

2398 4562 2698 4623 inﬁdelibus
2721 4576 2815 4617 cor
2842 4562 3139 4633 lapideum,
3180 4572 3234 4618 et
3265 4564 3554 4633 pravenire
3586 4560 3633 4617 in
3657 4550 3882 4614 btttniuibus

2398 4655 2657 4710 bonarum
2694 4654 2883 4708 merita
2924 4653 3281 4718 voluntatum;
3306 4654 3383 4708 ita
3408 4661 3465 4709 ut
3486 4652 3704 4709 voluntas
3723 4660 3795 4714 per
3816 4655 3881 4737 ξιι-

2400 4746 2726 4803 tecedentem
2753 4746 2976 4816 gratiam
3006 4754 3353 4818 praeparetur,
3379 4760 3483 4805 non
3512 4738 3726 4813 ωτι-ιω
3743 4738 3881 4793 mento

2399 4840 2687 4895 voluntatis
2741 4837 3085 4893 antecedente
3136 4836 3380 4897 donetur.
3432 4835 3542 4897 Hoc
3577 4842 3629 4891 et
3662 4826 3879 4900 gratiarum

2399 4932 2538 4986 actio
2564 4930 2761 4986 indicat
2778 4928 2922 4998 quod
2946 4928 3149 4993 oratio;
3177 4928 3348 4987 oratio
3372 4941 3467 4997 pro
3489 4920 3774 4985 inﬁdelibni.
3795 4924 3879 4982 8η·

2400 5023 2590 5077 tiarum
2619 5022 2759 5076 actio
2790 5036 2887 5091 pro
2911 5020 3178 5078 ﬁdelibus.
3207 5020 3307 5089 Qui
3344 5018 3482 5083 enim
3520 5024 3597 5072 est
3625 5006 3880 5103 orandus!“

2398 5112 2586 5180 faciat,
2614 5113 2688 5169 illi
2715 5121 2797 5167 est
2816 5112 2958 5167 actio
2984 5112 3273 5183 gratiarum
3306 5107 3563 5191 reddenda
3588 5116 3695 5161 cum
3716 5098 3874 5191 iecerit:

2400 5204 2539 5260 unde
2566 5205 2704 5260 idem
2732 5204 2861 5259 dicit
2893 5204 3165 5275 apostolus
3191 5203 3258 5264 sd
3292 5188 3573 5272 Ephesios,
3612 5194 3792 5259 erupto
3816 5186 3878 5236 hoc

2398 5304 2446 5351 et
2465 5311 2555 5366 ego
2575 5338 2588 5361 ,
2618 5294 2789 5349 audita
2812 5295 2915 5363 ﬁde
2930 5303 3092 5350 uestra
3110 5296 3167 5353 in
3188 5293 3405 5355 Dentiuo
3431 5290 3551 5349 Im
3566 5328 3583 5362 ,
3616 5296 3663 5347 sl
3679 5280 3880 5375 ἄλαιίςνξε

2394 5388 2451 5440 in
2488 5403 2657 5442 omnes
2700 5394 2933 5454 sanctos,
2972 5402 3073 5447 non
3109 5403 3247 5447 cesso
3283 5385 3468 5458 gratias
3502 5396 3638 5454 agerc
3674 5390 3751 5449 pro
3784 5367 3879 5424 robii

2396 5478 2555 5551 (Ibid.
2587 5479 2701 5551 is).

2468 5549 2875 5639 29.1.oquimur
2899 5576 3073 5626 autem
3103 5584 3246 5627 nunc
3264 5568 3335 5629 de
3352 5565 3477 5636 ipsis
3496 5561 3673 5626 initiis.
3688 5568 3789 5612 απιι
3808 5549 3876 5639 δοῖ

2396 5664 2571 5718 mines
2605 5635 2701 5733 qui
2733 5668 2886 5717 erant
2913 5660 3085 5720 aversi
3119 5668 3176 5716 et
3214 5635 3447 5723 adversi.
3482 5653 3811 5715 convertimur
3830 5635 3878 5733 ad

2401 5759 2603 5828 Deum;
2626 5730 2687 5815 ει
2711 5730 3879 5831 νοῆθὶιιοίρὶιιιιιιιιιοάοοιώιω,οιιιὼωίι·
