4024 6380
174 380 268 441 989

171 498 278 562 dein
297 511 451 574 quam
483 510 590 556 non
630 494 927 564 habebant;
955 495 1095 566 quod
1118 504 1181 554 ut
1206 494 1296 550 ﬁat
1322 492 1377 548 in
1397 491 1473 548 eis
1494 533 1508 558 ,
1537 498 1720 545 oratur

171 607 254 664 pro
275 587 347 646 eis
363 629 379 658 ,
405 589 643 660 quamvis
679 603 786 648 non
813 597 993 646 oretur
1029 591 1097 646 ab
1123 589 1202 648 eis
1235 608 1250 646 :
1285 589 1391 661 ipsi
1420 589 1562 646 enim
1585 602 1717 661 quo-

167 675 309 752 modo
334 681 678 749 invocabunt,
704 680 760 737 in
786 696 944 752 quem
970 695 1076 736 non
1100 679 1439 736 crediderunt
1460 678 1634 754 (Rom.
1657 693 1716 745 ι,

171 771 280 844 li)?
305 771 429 830 Cum
457 787 582 827 vero
609 771 804 828 factum
840 772 996 828 fuerit
1022 771 1164 844 quod
1179 780 1377 836 oratur,
1405 771 1452 826 ei
1482 770 1569 842 qui
1599 769 1720 824 fecit

167 864 575 936 aguntnrgratiae,
589 872 645 920 et
657 879 755 935 pro
768 866 845 922 eis
857 876 910 922 et
923 865 989 921 ab
999 866 1096 921 eis.
1115 865 1225 922 Deo
1239 864 1528 919 rationibus
1539 872 1715 918 autem

169 959 252 1011 iam
267 949 507 1021 fidelium,
523 971 654 1027 quas
670 966 722 1011 et
738 949 836 1030 pro
848 971 906 1014 se
923 965 977 1014 et
991 971 1086 1029 pro
1099 957 1215 1012 aliis
1232 955 1473 1016 ﬁdelibus
1491 954 1712 1022 faciunt,

167 1057 213 1101 ut
235 1046 498 1118 proﬁciant
519 1048 570 1102 in
596 1064 663 1106 eo
685 1049 830 1118 quod
853 1064 973 1107 esse
999 1056 1308 1122 cmperunt,
1337 1057 1392 1104 et
1417 1049 1483 1103 de
1513 1049 1714 1119 gratia-

165 1153 260 1194 rum
293 1139 616 1210 aetionibus,
658 1142 779 1218 quia
815 1142 1126 1211 proﬁciunt,
1167 1140 1553 1211 conﬂigendum
1593 1156 1713 1198 esse

163 1241 306 1286 tecum
329 1247 430 1286 non
460 1241 615 1302 puto:
649 1243 834 1290 contra
864 1234 1173 1305 Pelagianos
1201 1241 1286 1290 est
1313 1235 1410 1290 iste
1433 1235 1711 1292 coiiﬂictus

161 1323 232 1378 libi
255 1325 500 1396 nobisque
528 1327 845 1381 communis.
879 1327 958 1383 illi
979 1329 1172 1398 quippe
1201 1329 1374 1382 omnia
1405 1327 1471 1388 ad
1502 1328 1708 1384 ﬁdelem

157 1417 372 1487 piamque
411 1418 573 1472 vitam
615 1418 890 1474 hominum
930 1420 1242 1490 pertinentia
1273 1421 1344 1478 ita
1383 1420 1619 1475 tribuunt
1645 1419 1710 1474 li-

153 1506 261 1562 bero
293 1509 576 1566 voluntatis
602 1510 853 1577 arbitrio,
889 1521 940 1566 ut
966 1511 1205 1567 habenda
1229 1527 1294 1568 ex
1321 1512 1504 1575 nobis,
1540 1527 1646 1568 non
1676 1528 1706 1567 a

153 1599 347 1655 Domino
369 1611 561 1680 putent
599 1618 717 1659 esse
753 1603 1016 1679 pOSCenda
1047 1622 1060 1662 :
1092 1613 1147 1660 tu
1181 1612 1393 1672 autem,
1426 1603 1471 1658 si
1497 1620 1558 1664 ea
1588 1620 1707 1676 quae

151 1691 206 1746 de
228 1702 270 1748 te
289 1693 442 1748 audio
463 1710 592 1758 vera
622 1703 778 1760 sunt,
806 1695 1013 1754 initium
1036 1695 1178 1761 ﬁdei,
1209 1693 1298 1750 ubi
1319 1696 1576 1752 estetiam
1605 1695 1706 1754 ini-

147 1782 255 1837 tium
289 1781 471 1854 bonae,
527 1782 630 1842 hoc
656 1794 736 1839 est
776 1771 878 1858 piae
906 1785 1225 1852 voluntatis,
1253 1801 1360 1841 non
1391 1786 1470 1840 vis
1504 1785 1705 1840 donum

147 1885 246 1927 esse
277 1873 396 1940 Dei,
426 1873 525 1930 Sed
559 1891 622 1930 ex
651 1876 805 1931 nobis
838 1890 936 1932 nos
963 1875 1156 1931 habere
1186 1877 1462 1932 contendis
1489 1886 1543 1932 ιιι
1585 1892 1705 1932 cre-

145 1962 250 2020 dere
291 1965 635 2035 incipiamus;
681 1977 871 2022 cretera
911 1976 1088 2024 autem
1128 1969 1390 2038 religiosae
1418 1969 1537 2023 vita:
1565 1969 1701 2024 bona

143 2054 282 2112 Deum
309 2072 400 2126 per
427 2060 654 2130 gratiam
682 2073 831 2114 suam
858 2058 967 2129 jam
993 2075 1056 2122 ex
1087 2059 1188 2114 ﬁde
1211 2060 1530 2130 petentilms,
1553 2074 1700 2128 qure-

141 2150 745 2224 rcntibus,pulsantibus,
775 2152 977 2210 donare
1003 2153 1294 2212 consentis.
1324 2152 1433 2208 Nec
1470 2151 1700 2206 attendis

141 2237 242 2294 ideo
284 2257 376 2310 pro
412 2242 720 2298 inﬁdelibus
757 2243 928 2304 Deum
970 2243 1142 2314 rogari
1188 2252 1244 2298 ut
1285 2243 1537 2310 credant,
1569 2257 1702 2312 quo-

140 2331 284 2394 niam.
305 2332 442 2387 Deos
510 2333 674 2389 donat
720 2344 772 2389 et
827 2328 1018 2406 ﬁdem;
1063 2331 1184 2389 ideo
1234 2349 1330 2404 pro
1375 2335 1454 2388 eis
1508 2343 1562 2394 et
1608 2333 1700 2404 qui

140 2421 470 2496 crediderint,
529 2425 637 2482 Deo
682 2424 880 2496 gratias
927 2426 1046 2497 agi,
1104 2427 1352 2503 quoniam
1389 2425 1606 2484 donavit
1644 2434 1698 2482 et

137 2510 296 2568 ﬁdem.

192 2603 271 2659 50.
299 2605 655 2688 Quamobrem
687 2617 740 2662 ιιι
765 2607 908 2664 hunc
926 2607 991 2662 ad
1015 2616 1066 2664 te
1091 2624 1394 2664 sermonem
1416 2607 1695 2686 aliquando

133 2696 422 2752 concludam
450 2717 462 2752 :
490 2700 532 2753 si
557 2716 719 2772 negas
744 2701 1000 2755 orandum
1028 2716 1148 2758 esse
1177 2702 1346 2771 utqui
1377 2701 1561 2755 nolunt
1582 2716 1696 2755 cre-

131 2785 268 2859 dere,
297 2790 462 2846 velint
491 2791 742 2859 credere,
774 2792 818 2848 si
851 2808 1012 2864 negas
1036 2791 1268 2863 agendas
1297 2806 1416 2847 esse
1443 2793 1549 2846 Dco
1577 2806 1697 2862 gra-

130 2878 239 2944 tias,
285 2883 539 2951 quoniam
571 2883 790 2939 credere
826 2883 1108 2939 voluerunt
1143 2885 1232 2956 qui
1279 2883 1530 2940 nolebant
1574 2898 1693 2939 cre-

125 2970 266 3038 dere;
293 2974 452 3028 aliter
497 2987 666 3030 tccum
710 2976 972 3046 agendum
1017 2985 1134 3044 est,
1164 2987 1222 3031 ut
1259 2993 1366 3031 non
1407 2975 1484 3029 sic
1509 2989 1690 3041 erres,

123 3074 222 3132 aut,
268 3067 312 3120 si
354 3083 540 3122 errare
571 3069 811 3137 persistis
831 3110 844 3132 ,
880 3085 946 3123 ne
971 3070 1152 3123 mittas
1194 3069 1325 3122 alios
1353 3067 1405 3122 in
1431 3081 1690 3122 errorem.

121 3154 162 3210 Si
183 3168 390 3223 autem,
419 3158 564 3228 quod
594 3157 659 3212 de
689 3168 737 3213 te
770 3161 934 3232 magis
958 3161 1153 3228 credo,
1181 3160 1346 3215 sentis
1370 3169 1528 3229 atque
1565 3175 1694 3212 con-

121 3252 262 3304 sentis
290 3262 450 3303 orare
475 3263 572 3302 nos
594 3247 760 3304 Deum
789 3249 984 3306 debere
1004 3267 1067 3304 ac
1087 3251 1259 3307 solere
1272 3265 1370 3325 pro
1393 3249 1693 3303 nolentibus

121 3339 340 3400 credere,
375 3347 432 3393 ιιι
462 3340 627 3394 velint
654 3340 874 3396 credere
893 3383 907 3408 ,
938 3349 993 3397 et
1017 3357 1113 3416 pro
1134 3342 1210 3397 eis
1230 3343 1318 3412 qui
1347 3341 1693 3395 adversantur

121 3439 162 3486 et
192 3431 565 3487 contradicunt
591 3430 692 3505 legi
736 3432 848 3511 ejus
892 3443 1049 3504 atque
1075 3434 1363 3498 doctrinae,
1403 3441 1462 3490 ut
1501 3433 1546 3487 ci
1578 3447 1694 3488 cre-

122 3522 229 3578 dant
257 3541 486 3600 eamque
513 3534 816 3592 sectentur;
844 3526 888 3580 si
911 3527 1077 3582 sentis
1102 3537 1259 3598 atque
1292 3526 1562 3584 consentis
1592 3530 1692 3586 de-

122 3611 234 3672 bere
255 3633 354 3672 nos
379 3617 542 3672 etiam
579 3615 686 3674 Deo
715 3632 869 3686 agerc
903 3619 1100 3690 gratias
1137 3633 1200 3680 ac
1237 3619 1410 3676 solere
1445 3637 1540 3691 pro
1569 3623 1690 3682 tali-

121 3703 236 3775 bus,
273 3709 394 3765 cum
427 3708 492 3764 ad
522 3707 676 3764 ﬁdem
720 3713 833 3784 ejus
863 3709 1264 3782 doctrinamque
1293 3717 1568 3784 conversi,
1600 3733 1692 3772 vo-

121 3795 272 3854 lentes
302 3815 367 3854 ex
412 3800 710 3854 nolentibus
752 3800 915 3868 ﬁunt,
961 3811 1171 3872 Oportet
1208 3804 1323 3858 sine
1365 3805 1692 3864 dubitatione

122 3887 314 3945 fatearis
338 3892 636 3947 voluntates
663 3890 940 3946 hominum
969 3893 1061 3948 Dei
1099 3895 1264 3964 gratia
1296 3898 1573 3964 praeveniri
1595 3940 1608 3964 ,
1637 3909 1693 3954 et

120 3992 166 4034 ut
199 3981 390 4037 bonum
432 3981 598 4037 vclint
638 3981 882 4040 homines
918 3982 1059 4054 quod
1083 3983 1366 4051 nolebant,
1413 3987 1576 4042 Deum
1605 3988 1688 4048 fa-

117 4083 251 4140 cere,
302 4074 389 4144 qui
441 4083 655 4144 rogatur
708 4084 765 4128 ut
817 4073 1002 4140 faciat,
1056 4083 1110 4131 et
1159 4074 1243 4131 cui
1293 4093 1390 4132 nos
1446 4079 1689 4140 novimus

118 4176 256 4234 agere
294 4168 495 4238 gratias
539 4165 754 4246 dignum
802 4174 856 4222 et
892 4167 1093 4238 justum
1143 4184 1263 4224 esse
1309 4185 1428 4229 cum
1477 4171 1682 4231 fecerit.

123 4255 355 4315 Dominus
395 4259 495 4315 tibi
536 4258 628 4315 det
669 4259 997 4315 intellectum
1045 4259 1098 4314 in
1141 4261 1423 4330 omnibus,
1474 4263 1688 4320 domine

121 4344 282 4404 frater.

522 4460 851 4520 EPISTOLA
889 4459 1133 4519 ccxvru
1161 4465 1180 4488 ·
1200 4461 1297 4538 (α).

123 4562 388 4626 Palatinum
419 4571 720 4626 adhortatur
757 4580 811 4626 ut
851 4573 903 4626 in
941 4573 1214 4629 christiana
1237 4576 1484 4647 sapientia
1523 4579 1684 4648 proﬁ-

177 4659 268 4716 ciat
309 4678 367 4716 ac
418 4673 731 4732 perseveret,
779 4664 834 4718 id
871 4681 1185 4735 summopere
1223 4683 1402 4724 cavom
1437 4685 1502 4724 ne
1545 4687 1684 4740 spem

176 4751 285 4810 bene
307 4757 503 4812 vivendi
527 4758 734 4814 collocat
756 4759 809 4814 in
831 4760 1050 4830 propriis
1073 4760 1280 4820 viribus.

121 4862 322 4928 Domino
349 4869 728 4935 dilectissimo,
773 4879 827 4926 et
864 4871 1314 4928 desideratissimo
1356 4872 1468 4929 ﬁlio
1504 4874 1680 4931 PALA-

611 4977 736 5020 mto
753 5006 768 5030 ,
799 4964 1161 5020 Ausus-nitus.

179 5069 227 5125 Ι.
245 5071 593 5131 Conversath
621 5085 710 5130 tua
747 5075 932 5131 fortior
952 5085 1108 5146 atque
1137 5075 1452 5133 fructuosior
1475 5077 1541 5133 ad
1571 5077 1679 5133 Do-

125 5159 304 5218 minum
347 5166 513 5222 Deum
558 5175 800 5220 nostrum
822 5206 837 5233 ,
863 5181 1114 5237 magnum
1159 5168 1311 5222 nobis
1338 5168 1510 5222 attulit
1547 5184 1678 5238 gau-

122 5249 264 5308 dium.
293 5258 508 5328 Elegisti
537 5259 681 5313 enim
708 5273 737 5312 a
763 5259 1040 5328 juventute
1068 5260 1392 5328 doctrinam,
1429 5271 1488 5316 ut
1526 5263 1677 5318 inve-

121 5341 220 5398 nias
241 5361 400 5418 usque
429 5349 495 5404 ad
530 5363 693 5404 canos
722 5351 1032 5419 sapientiam
1072 5350 1256 5422 (Et-cli.
1286 5367 1338 5406 vr
1361 5395 1375 5418 ,
1403 5352 1514 5423 18).
1544 5354 1677 5410 Cani

120 5443 226 5490 sunt
247 5451 369 5509 ergo
393 5455 582 5497 sensus
605 5442 841 5497 hominis
862 5484 876 5507 ,
907 5451 962 5497 et
984 5444 1272 5498 senectutis
1297 5454 1427 5500 artas
1446 5447 1551 5500 vita
1571 5447 1677 5502 im-

123 5529 356 5586 maculata
383 5531 537 5605 (Sap.
578 5549 654 5601 iv,
681 5532 758 5604 9).
790 5533 957 5600 Quam
982 5533 1142 5589 donet
1161 5535 1260 5590 tibi
1285 5536 1540 5592 Dominus
1579 5555 1674 5608 pe-

172 5659 191 5678 ‘
207 5663 326 5714 Hanc
342 5665 713 5729 recognovimus
733 5666 791 5716 ad
809 5665 879 5716 bl.
905 5668 984 5716 ob.
1010 5679 1083 5717 vc.
1109 5666 1230 5718 duos
1253 5683 1300 5719 v.
1327 5677 1379 5720 et
1399 5676 1505 5720 Lov.

148 5739 371 5814 lcitum
385 5746 477 5797 sos
496 5759 509 5796 :
531 5758 642 5810 quae
661 5754 828 5807 alitem
848 5746 940 5804 218
963 5755 1086 5811 erat,
1105 5761 1234 5801 nunc
1257 5749 1330 5804 ta.
1352 5752 1532 5814 scripta
1549 5751 1673 5804 forte

121 5804 218 5858 αις.
237 5804 362 5864 idem
378 5804 588 5873 tempus.

1331 365 1813 439 EPtsromsuft
1848 375 2122 436 crassrs
2158 381 2245 438 ιιι.

3303 406 3410 467 990

1828 493 1991 559 tenti,
2038 498 2295 564 quaerenti
2333 507 2490 572 atque
2533 505 2798 579 pulsanti,
2834 509 2924 582 qui
2951 513 3098 569 novit
3120 514 3259 574 bona
3283 519 3405 579 data

1825 586 1952 644 dare
1975 589 2097 645 ﬁliis
2112 593 2224 648 suis
2237 591 2448 661 (Matth.
2467 609 2559 662 vn,
2580 597 2603 651 l
2620 595 2666 670 ι)
2677 637 2690 650 .
2709 598 2960 667 Quamvis
2975 604 3117 660 enim
3133 607 3406 669 abundent

1826 680 1919 735 tibi
1948 681 2313 742 exhortatores
2357 694 2412 744 et
2451 689 2845 748 exhortationes
2872 693 2939 748 ad
2966 695 3103 754 viam
3133 699 3316 760 salutis
3345 713 3404 761 et

1824 772 2004 842 glorim
2031 776 2364 850 sempiterna:
2383 819 2398 843 ,
2429 779 2657 836 maxime
2684 781 2795 851 ipsa
2821 786 2990 854 gratia
3017 786 3246 859 Christi,
3277 809 3400 866 qua:

1824 863 1915 918 tibi
1948 873 2054 921 tam
2096 867 2376 924 salubriter
2411 870 2464 926 in
2501 872 2660 930 corde
2703 881 2794 929 tuo
2839 876 3013 932 locuta
3051 891 3169 948 est;
3219 863 3400 942 tamen

1821 955 1980 1012 etiam
2012 973 2110 1014 nos
2128 974 2227 1032 pro
2252 960 2550 1020 dilectionis
2567 963 2744 1020 ofﬁcio
2765 1007 2781 1033 ,
2809 982 2968 1038 quam
2997 970 3090 1025 tibi
3110 972 3396 1046 debemus,

1818 1045 2087 1104 all'erimus
2128 1051 2324 1121 aliquid
2363 1053 2745 1112 exhortationis
2786 1056 2836 1111 in
2883 1058 2982 1115 hac
3020 1045 3396 1124 resalutatione

1818 1147 2000 1193 nostra
2024 1182 2038 1205 ,
2070 1155 2172 1210 qua
2205 1150 2254 1198 te
2284 1159 2388 1204 non
2433 1145 2635 1216 pigrum
2678 1147 2762 1206 vel
2800 1148 3148 1208 dormientem
3192 1157 3394 1217 excite-

1815 1245 1962 1295 mus,
1991 1231 2084 1288 sed
2116 1248 2464 1304 provocemus
2491 1238 2876 1311 incitemusque
2903 1255 3224 1302 currentem.

1884 1324 1938 1386 2.
1980 1326 2182 1398 Sapere
2213 1337 2264 1382 te
2289 1337 2533 1399 oportet,
2567 1331 2637 1385 fili
2657 1374 2672 1396 ,
2702 1343 2758 1387 ut
2785 1350 3091 1406 perseveres
3111 1379 3125 1403 ,
3154 1341 3275 1409 quia
3301 1357 3392 1398 sa-

1815 1413 1971 1484 puisti
1999 1424 2054 1470 ιιι
2081 1417 2325 1488 eligeres.
2358 1418 2437 1476 Sit
2464 1419 2566 1474 hoc
2591 1419 2760 1490 ipsum
2791 1424 3063 1496 sapientiae
3089 1436 3220 1494 tum.
3251 1433 3393 1490 scire

1811 1504 1964 1576 cujus
2009 1506 2206 1563 donum
2264 1509 2366 1565 hoc
2411 1519 2510 1565 est.
2552 1511 2746 1569 Revela
2795 1515 2864 1569 ad
2918 1517 3196 1576 Dominum
3247 1522 3383 1582 viam

1815 1604 1979 1663 tuam,
2029 1607 2084 1650 et
2125 1614 2281 1667 spera
2327 1600 2377 1654 in
2431 1617 2550 1656 eum
2586 1620 2599 1658 ε
2644 1612 2697 1662 et
2745 1604 2860 1674 ipse
2899 1605 3087 1674 faciet,
3127 1619 3182 1666 et
3223 1612 3391 1670 dedu-

1811 1694 1896 1741 cet
1925 1686 2071 1740 velnt
2113 1687 2288 1742 lumen
2324 1688 2583 1758 justitiam
2620 1699 2796 1759 tuam,
2850 1702 2905 1750 et
2939 1695 3193 1764 judicium
3241 1684 3389 1757 tuum

1810 1778 1952 1832 velut
1995 1779 2269 1836 meridiem
2329 1780 2498 1852 (Psal.
2549 1798 2754 1852 xxxvn,
2807 1784 2885 1857 5).
2941 1788 3059 1857 Ipse
3102 1789 3260 1846 faciet
3307 1810 3390 1848 re-

1808 1877 1923 1924 ctos
1965 1886 2152 1926 cursus
2192 1882 2344 1937 tuos,
2390 1881 2444 1928 et
2488 1875 2674 1929 itinera
2721 1884 2808 1930 tua
2865 1878 2920 1933 in
2965 1891 3096 1947 pace
3136 1883 3391 1950 producet

1805 1959 1990 2030 (Prov.
2026 1975 2104 2025 Iv,
2134 1962 2249 2032 27).
2277 1963 2425 2018 Sicut
2461 1966 2705 2034 sprevisti
2735 1967 2874 2035 quod
2899 1969 3152 2036 sperabas
3189 1973 3240 2024 in
3282 1988 3387 2028 soe-

1806 2051 1930 2104 cuio
1950 2093 1964 2115 ,
1994 2067 2063 2106 ne
2103 2053 2156 2106 in
2198 2053 2514 2108 abundantia
2540 2054 2842 2111 divitiarum
2884 2057 3186 2128 gloriareris
3208 2104 3222 2128 ,
3253 2078 3385 2132 quas

1808 2157 1957 2196 more
1984 2143 2208 2197 filiorum
2240 2145 2418 2199 saeculi
2441 2145 2594 2216 hujus
2617 2147 2993 2218 concupiscere
3015 2164 3254 2220 cmperas
3275 2170 3289 2206 :
3311 2153 3383 2208 ita

1805 2249 1948 2288 nunc
1975 2234 2044 2290 ad
2082 2236 2370 2292 tollendum
2406 2239 2588 2309 jugum
2626 2240 2834 2294 Domini
2862 2250 2914 2296 et
2941 2243 3202 2299 sarcinam
3229 2244 3379 2314 ejus,

1806 2324 1858 2378 in
1885 2325 2079 2382 virtute
2105 2335 2189 2386 tua
2226 2343 2330 2381 non
2366 2327 2632 2395 conﬁdas;
2663 2339 2716 2384 ει
2746 2330 2873 2390 illud
2895 2331 3014 2388 leno
3035 2332 3169 2401 erit,
3187 2342 3244 2390 et
3267 2333 3382 2390 haec

1803 2413 1936 2474 levis
1963 2413 2174 2487 (Matth.
2203 2432 2286 2485 ιι,
2304 2417 2394 2487 29,
2421 2419 2537 2492 50).
2565 2419 2771 2478 Pariter
2793 2422 2993 2494 quippe
3021 2424 3383 2494 improbantur

1804 2506 1860 2559 in
1902 2505 2110 2562 Psalmo
2147 2517 2202 2562 et
2222 2509 2309 2578 qui
2357 2510 2629 2565 conﬁdunt
2655 2511 2706 2565 in
2742 2513 2933 2568 virtute
2959 2528 3085 2582 sua,
3115 2523 3172 2572 ει
3197 2515 3286 2586 qui
3326 2514 3380 2571 in

1801 2598 2122 2656 abundantia
2143 2601 2443 2656 divitiarum
2462 2618 2676 2666 suarum
2696 2605 2985 2676 gloriantur
3005 2605 3175 2677 (Ρωι.
3192 2623 3377 2675 xum,

1803 2689 1878 2766 7).
1911 2691 2050 2763 Ergo
2090 2691 2389 2747 divitiarum
2437 2694 2656 2766 gloriam
2698 2711 2801 2750 non
2824 2697 2934 2768 jam
2979 2695 3244 2770 habebas,
3285 2698 3380 2753 sed

1800 2799 1959 2854 quam
2003 2782 2199 2837 habere
2242 2784 2526 2856 cupiebas,
2568 2785 2973 2856 prudentissime
2997 2787 3376 2861 contempsisti.

1801 2873 1940 2928 Cave
1967 2887 2034 2926 ne
2064 2871 2155 2926 tibi
2197 2873 2444 2944 subrepat
2469 2875 2519 2929 in
2558 2883 2646 2930 tua
2678 2878 2866 2931 virtute
2891 2875 3189 2942 confidere;
3220 2878 3378 2933 homo

1798 2980 1856 3020 es
1883 2966 2023 3019 enim
2043 3007 2059 3033 ,
2091 2973 2146 3022 et
2164 2966 2474 3022 maledictus
2495 2969 2666 3023 omnis
2695 2968 2784 3040 qui
2811 2984 2957 3038 spem
2982 2984 3130 3023 suam
3157 2971 3300 3041 ponit
3323 2970 3378 3026 in

1800 3056 2016 3112 homine
2055 3056 2266 3129 (Jerem.
2310 3074 2448 3126 xvii,
2477 3060 2554 3131 5).
2586 3060 2692 3116 Sed
2731 3061 2888 3132 plane
2931 3061 2982 3116 in
3015 3062 3121 3118 Deo
3153 3071 3239 3118 tuo
3266 3072 3376 3120 toto

1798 3149 1960 3203 corde
1993 3148 2235 3216 conﬁde,
2280 3158 2335 3206 et
2378 3151 2490 3220 ipse
2528 3152 2632 3206 erit
2673 3153 2836 3206 virtus
2866 3160 2987 3221 tua,
3020 3153 3071 3208 in
3111 3170 3212 3225 qua
3256 3155 3373 3225 pius

1797 3249 2082 3310 gratusque
2119 3239 2390 3307 conﬁdas,
2423 3241 2506 3295 cui
2545 3241 2691 3296 dicas
2731 3242 2997 3298 humiliter
3034 3252 3088 3298 et
3120 3243 3372 3313 ﬁdeliter,

1797 3331 2024 3404 Diligam
2048 3346 2121 3401 te,
2151 3333 2399 3402 Domine,
2432 3340 2590 3392 virtus
2613 3355 2722 3392 mea
2755 3337 2922 3411 (Psal.
2952 3355 3062 3396 xvu
3083 3383 3098 3409 ,
3121 3341 3181 3414 2)
3206 3361 3218 3396 :
3250 3343 3372 3420 quia

1798 3433 1853 3480 et
1878 3425 1990 3495 ipsa
2025 3425 2256 3481 Charitas
2296 3427 2422 3494 Dei,
2452 3445 2570 3500 quae
2599 3429 2822 3499 perfecta
2853 3429 2994 3485 foras
3026 3432 3183 3486 mittit
3213 3433 3372 3488 timo-

1797 3533 1910 3572 rem
1961 3517 2011 3590 (ι
2052 3517 2205 3572 Joan.
2252 3534 2334 3584 tv,
2386 3520 2509 3590 18),
2557 3536 2660 3575 non
2717 3537 2809 3590 per
2852 3523 2990 3577 vires
3029 3534 3272 3588 nostras,
3320 3526 3372 3581 id

1797 3617 1878 3664 est
1906 3608 2182 3674 humanas,
2199 3607 2507 3663 diffunditur
2534 3611 2583 3662 in
2614 3610 2860 3665 cordibus
2888 3612 3105 3682 nostris,
3129 3612 3223 3668 sed
3253 3615 3368 3669 sic-

1797 3709 1853 3756 ut
1891 3701 2018 3756 dicit
2055 3700 2372 3771 Apostolus,
2412 3718 2500 3773 per
2534 3697 2784 3771 Spiritum
2823 3712 3049 3758 sanctum
3086 3705 3172 3776 qui
3227 3705 3372 3761 datus

1796 3803 1868 3850 est
1893 3795 2034 3848 nobis
2056 3793 2226 3866 (liam.
2259 3809 2311 3861 v,
2341 3793 2418 3860 5).

1866 3888 1919 3940 5.
1970 3887 2135 3955 Vigila
2178 3901 2303 3956 ergo
2343 3895 2396 3940 et
2438 3901 2529 3939 ora
2554 3925 2569 3951 ,
2617 3901 2684 3940 ne
2729 3887 2891 3942 intres
2931 3886 2982 3940 in
3022 3887 3369 3946 tentationcm

1796 3975 1985 4048 (Marc.
2011 3992 2096 4030 xxv
2121 4016 2134 4033 .
2167 3974 2277 4047 58).
2311 3975 2425 4044 Ipsa
2457 3979 2649 4045 quippe
2689 3978 2856 4032 oratio
2880 3976 3127 4032 admonet
3156 3988 3205 4034 ιε
3229 3981 3370 4050 quod

1797 4065 2033 4136 indigeas
2061 4066 2323 4135 adjotorio
2355 4065 2559 4120 Domini
2586 4067 2659 4120 tui
2680 4109 2694 4134 ,
2725 4082 2794 4122 ne
2828 4082 2974 4142 spem
3002 4068 3137 4123 bene
3159 4070 3369 4125 vivendi

1795 4157 1847 4210 in
1873 4165 1923 4211 te
1951 4171 2133 4225 ponas.
2166 4155 2298 4211 Oras
2335 4155 2474 4211 enim
2506 4171 2608 4210 non
2653 4156 2761 4226 jam
2791 4165 2847 4212 ut
2888 4158 3115 4228 accipias
3159 4159 3369 4215 divitias

1794 4261 1847 4305 et
1871 4250 2102 4305 honores
2130 4253 2407 4322 praesentis
2436 4252 2644 4317 surculi,
2673 4261 2764 4305 aut
2785 4251 2982 4322 aliquid
3006 4253 3249 4309 vanitatis
3270 4254 3365 4309 hu-

1794 4360 1992 4409 manm,
2024 4343 2116 4399 sed
2150 4361 2217 4400 ne
2247 4345 2412 4401 intres
2440 4346 2490 4400 in
2527 4345 2870 4401 tentationem
2904 4363 2918 4400 :
2950 4347 3089 4416 quod
3120 4349 3296 4418 utique
3321 4349 3365 4404 si

1793 4438 1954 4493 homo
1990 4437 2089 4493 sibi
2130 4448 2381 4508 prta-stare
2416 4450 2595 4508 posset
2621 4438 2866 4505 volendo,
2908 4455 3014 4493 non
3058 4451 3366 4509 posceretur

1791 4529 2010 4584 orando.
2058 4529 2408 4602 Quapropter,
2457 4535 2514 4583 ut
2574 4543 2679 4584 non
2727 4529 2982 4584 intremus
3025 4529 3078 4584 in
3123 4535 3367 4586 tentatio-

1792 4640 1934 4690 nem,
1965 4623 2011 4678 si
2040 4621 2282 4676 voluntas
2319 4621 2616 4687 sufﬁceret,
2663 4637 2768 4676 non
2806 4636 3112 4688 orarcmus;
3139 4635 3256 4690 qua:
3281 4627 3362 4675 ta-

1788 4729 1911 4769 men
1951 4713 1998 4768 si
2034 4712 2278 4777 deesset,
2317 4727 2416 4767 nec
2437 4727 2594 4766 orare
2633 4723 2928 4782 possemus.
2968 4709 3118 4765 Adsit
3151 4724 3278 4780 ergo
3310 4719 3365 4764 ut

1788 4805 2045 4872 velimus,
2095 4818 2308 4858 oremus
2353 4812 2529 4863 autem
2569 4811 2626 4858 ut
2660 4804 2926 4858 valeamus
2953 4801 3093 4872 quod
3129 4802 3361 4856 volucri-

1789 4911 1942 4965 mus,
1974 4912 2093 4951 cum
2124 4895 2240 4965 ipso
2264 4895 2493 4950 donante
2529 4903 2671 4952 recte
2709 4895 3054 4964 Sapuerimus.
3086 4893 3234 4962 Quod
3265 4897 3354 4952 bo-

1787 5005 1915 5044 num
1955 4989 2204 5059 quoniam
2246 4987 2353 5057 jam
2405 4981 2760 5056 capistifest
2801 4985 2940 5041 unde
2979 4986 3174 5055 gratias
3212 5003 3336 5058 agas

1786 5079 1920 5149 Quid
1945 5080 2087 5134 enim
2117 5078 2282 5133 habes
2310 5079 2448 5149 quod
2479 5094 2579 5132 non
2613 5075 2896 5146 accepisti?
2925 5075 2979 5133 Si
3007 5087 3180 5133 autem
3208 5094 3332 5134 acce

1785 5172 1938 5242 pisti,
1985 5184 2114 5225 cave
2161 5183 2227 5223 ne
2267 5169 2509 5240 glorieris
2542 5167 2690 5238 quasi
2734 5182 2838 5222 non
2869 5169 3134 5239 acceperis
3165 5169 3210 5242 (l
3235 5169 3354 5226 Cor.

1784 5279 1856 5328 tv,
1903 5263 1988 5332 7),
2036 5261 2139 5316 hoc
2179 5268 2296 5323 est,
2336 5258 2484 5328 quasi
2527 5273 2591 5312 ex
2636 5269 2686 5313 te
2727 5258 2841 5328 ipso
2871 5258 3067 5316 habere
3099 5262 3352 5330 potueris.

1783 5351 1970 5408 Sciens
1999 5361 2174 5406 autem
2205 5349 2345 5404 unde
2381 5347 2647 5419 acceperis
2670 5388 2685 5413 ,
2728 5350 2796 5404 ab
2836 5349 2927 5404 illo
2953 5359 3075 5420 pete
3114 5358 3169 5404 ut
3201 5351 3358 5418 perli-

1783 5444 1970 5507 clatur,
2011 5456 2042 5496 a
2082 5455 2187 5511 quo
2225 5438 2404 5496 datum
2449 5448 2529 5494 est
2559 5447 2614 5494 ut
2645 5439 2981 5511 inciperetur.
3011 5441 3139 5496 Cum
3168 5442 3358 5499 timore

1784 5535 1960 5604 itaque
1985 5541 2040 5588 et
2065 5541 2293 5586 tremore
2336 5538 2477 5584 tuam
2522 5531 2745 5586 salutem
2791 5546 3032 5600 operare.
3084 5532 3224 5586 Deus
3273 5543 3358 5588 cst

1779 5626 1922 5682 enim
1965 5625 2052 5694 qui
2096 5631 2343 5692 operatur
2378 5622 2431 5676 in
2470 5630 2523 5678 te
2559 5631 2618 5679 et
2659 5621 2824 5692 velle,
2857 5633 2909 5680 et
2939 5623 3228 5694 perﬁcere,
3261 5641 3356 5697 pro

1779 5717 1918 5772 bona
1948 5715 2215 5770 voluntate
2241 5713 2498 5784 (Philipp.
2530 5730 2601 5780 ιι,
2641 5714 2743 5782 12,
2782 5716 2906 5784 15):
2935 5716 3182 5787 quoniam
3224 5735 3356 5786 pra:-

1779 5817 1999 5888 paratur
2041 5806 2283 5864 voluntas
2323 5821 2353 5861 a
2407 5805 2632 5866 Domino
2673 5803 2866 5882 (Prov.
2915 5823 3040 5884 vin,
3096 5807 3197 5878 55,
3251 5825 3354 5866 sec.
