4024 6404
673 429 777 490 991

676 545 840 620 LXX)
864 589 878 611 ,
915 553 1075 620 atque
1103 546 1170 603 ab
1207 545 1323 616 ipso
1347 558 1559 615 gressus
1598 541 1830 598 hominis
1864 539 2178 611 diriguntur,
2214 545 2268 594 et

674 642 815 695 viam
865 639 981 710 ejus
1025 640 1167 694 volet
1216 636 1387 708 (I’scl.
1448 651 1640 700 xxxvi,
1690 633 1807 706 23).
1857 634 1979 688 llaec
2022 631 2271 701 cogitatio

677 746 862 795 sancta
882 738 1115 793 servabit
1138 746 1189 791 te
1208 778 1221 801 ,
1258 746 1311 789 ut
1338 734 1594 804 sapientia
1629 740 1717 787 tua
1763 732 1928 801 pietas
1955 730 2052 793 sit;
2082 727 2132 781 id
2155 735 2267 791 est,

681 840 735 887 ut
760 847 824 886 ex
848 832 956 886 Deo
979 831 1053 885 sis
1078 831 1248 885 bonus
1269 871 1284 895 ,
1311 836 1365 884 et
1389 827 1584 883 Christi
1612 826 1793 897 gratim
1815 838 1919 878 non
1941 823 2197 893 ingratus.

748 923 801 976 4.
845 921 1157 978 Desiderant
1199 930 1249 975 te
1284 928 1532 989 parentes
1573 917 1682 981 tui,
1725 914 1954 970 ﬁdeliter
1991 920 2275 982 congratu-

680 1014 852 1069 lantes
900 1012 1108 1069 meliori
1160 1013 1271 1083 spei
1325 1020 1427 1067 tuae
1483 1025 1642 1081 quam
1700 1007 1753 1062 in
1798 1007 2025 1061 Domino
2077 1003 2273 1083 habere

679 1105 908 1176 cmpisti.
954 1105 1062 1161 Nos
1100 1114 1277 1159 autem
1325 1112 1376 1158 te
1418 1104 1531 1157 sive
1578 1101 1852 1172 absentem
1896 1111 2123 1167 corpore
2162 1094 2275 1149 sive

681 1205 1021 1268 praesentem,
1046 1196 1097 1249 in
1127 1212 1231 1251 uno
1256 1194 1446 1264 spiritu
1478 1193 1675 1248 habere
1702 1190 1964 1261 cupimus,
1994 1204 2087 1259 per
2116 1200 2274 1256 quem

681 1288 995 1343 dilfunditur
1035 1287 1265 1343 charitas
1307 1286 1360 1340 in
1402 1285 1653 1341 cordibus
1697 1283 1914 1346 nostris,
1941 1288 1999 1334 ut
2039 1278 2277 1349 quolibet

683 1380 801 1434 loco
842 1380 999 1434 fuerit
1029 1394 1153 1433 earo
1193 1386 1373 1433 nostra
1396 1418 1411 1444 ,
1440 1376 1585 1431 nullo
1628 1374 1787 1429 modo
1832 1379 2076 1442 separata
2110 1368 2279 1439 possit

681 1486 804 1526 esse
832 1471 1009 1525 anima
1039 1480 1242 1525 nostra.
1276 1468 1592 1525 Gratissime
1628 1465 1930 1536 accepimus
1959 1461 2129 1517 cilicia
2159 1474 2278 1530 qua:

684 1562 896 1629 misisti,
932 1562 1018 1616 ubi
1058 1577 1156 1616 nos
1184 1560 1251 1616 de
1279 1559 1662 1631 frequentanda
1692 1564 1748 1613 et
1771 1554 2031 1613 servanda
2062 1552 2278 1607 humili-

684 1661 795 1708 tate
824 1653 1125 1708 orationum
1157 1652 1305 1721 prior
1333 1652 1447 1721 ipse
1474 1649 1745 1704 monuisti.

1105 1765 1437 1822 EPISTULA
1475 1763 1721 1820 ccxrx'
1759 1762 1854 1834 (a).

689 1882 1001 1955 Augustinus
1029 1881 1217 1953 aliique
1244 1880 1475 1949 Africani
1506 1888 1703 1950 patres,
1733 1874 2010 1931 Gallicanis
2036 1873 2282 1943 episcopis

762 1974 986 2030 Proculo
1018 1983 1063 2028 et
1091 1973 1327 2044 Cylinuio
1356 1972 1441 2042 qui
1470 1969 1745 2041 choriunt
1773 1967 2073 2022 monac/tum
2100 1966 2152 2017 in
2180 1964 2282 2033 fide

758 2068 1121 2123 incarnationis
1156 2064 1302 2121 Verbi
1328 2074 1577 2120 errantem
1601 2063 1870 2133 ejecerant,
1898 2070 1952 2113 ut
1972 2058 2283 2129 amplectan-

761 2170 842 2214 tur
866 2162 975 2231 iam
1003 2158 1100 2214 Dei
1126 2158 1291 2229 gratia
1320 2156 1637 2229 penitentiam
1662 2163 1707 2209 et
1732 2160 2030 2207 correctum.

692 2276 1058 2333 Dilectissimis
1096 2282 1152 2331 et
1187 2272 1587 2329 hunorabilibus
1630 2268 1881 2324 fratribus
1920 2273 1973 2321 et
2001 2278 2283 2320 consacer-

760 2366 972 2423 dotibus
1000 2366 1246 2421 I’nocueo
1278 2373 1332 2418 et
1368 2362 1623 2417 mexro
1643 2402 1655 2421 .
1686 2361 1953 2414 Auantius
1973 2398 1987 2423 ,
2018 2358 2285 2410 Accusrt-

761 2474 861 2515 ucs
914 2456 1008 2531 (b),
1057 2457 1413 2520 FLonexrws,
1462 2461 1516 2509 et
1563 2452 1914 2516 Secusntsus,
1964 2450 2017 2502 in
2063 2446 2286 2502 Domino

766 2551 1014 2607 salutem.

765 2666 818 2721 1.
859 2663 1053 2719 Filium
1080 2670 1318 2717 nostrum
1345 2660 1628 2730 Leporiun‘.
1654 2657 1793 2729 apud
1821 2664 2054 2713 vestram
2082 2654 2288 2711 Sancti-

691 2766 859 2815 tatem
884 2771 982 2828 pro
1005 2754 1087 2811 sui
1114 2754 1313 2810 erroris
1340 2752 1752 2823 praesumptione
1777 2750 1967 2806 merito
1991 2749 2288 2818 idonecque

692 2858 1023 2921 correptum,
1054 2862 1176 2902 cum
1200 2845 1265 2900 ad
1296 2860 1413 2909 nos,
1444 2854 1790 2915 posteaquam
1822 2840 1944 2896 inde
1974 2840 2285 2896 exturbatus

693 2952 795 3007 est,
843 2941 1097 3003 venisset,
1143 2938 1425 2993 salubriter
1472 2936 1863 3007 perturbatum,
1912 2932 2285 3003 corrigendum

695 3034 1099 3104 sanandumque
1139 3033 1491 3100 suscepimus.
1540 3028 1669 3083 Nam
1720 3028 1856 3081 sicut
1898 3041 1994 3080 vos
2032 3024 2288 3080 nbedtstis

695 3126 955 3195 Apostolo
984 3135 1039 3179 ut
1066 3124 1406 3193 corriperetis
1434 3122 1734 3192 inquietos;
1769 3120 1838 3173 ita
1868 3128 1921 3174 et
1951 3133 2047 3173 nos
2078 3126 2129 3171 ut
2161 3132 2291 3173 con-

696 3217 993 3271 solarentur
1049 3216 1410 3285 pusillanimes
1468 3228 1529 3268 ac
1588 3212 1982 3281 suscipcrcmus
2043 3209 2284 3264 inﬁrmos

703 3306 759 3378 (l
785 3305 965 3359 Thess.
988 3322 1039 3370 v,
1074 3304 1195 3377 14).
1228 3305 1360 3359 Cum
1393 3303 1533 3358 enim
1562 3310 1958 3372 prmoccupatus
1986 3310 2125 3355 esset
2154 3300 2291 3355 sicut

698 3398 861 3453 homo
898 3398 948 3452 in
979 3395 1155 3467 aliquo
1188 3396 1413 3462 delicta,
1445 3395 1738 3464 eodemque
1766 3410 1872 3449 non
1911 3409 2107 3464 parvo,
2141 3402 2197 3447 ut
2221 3392 2289 3449 de

700 3489 973 3561 unigenito
1004 3486 1137 3543 Filio
1179 3488 1290 3552 Dei,
1320 3486 1460 3556 quod
1504 3495 1618 3540 erat
1649 3486 1702 3539 in
1745 3485 2002 3555 principio
2036 3485 2286 3551 Verbum,

697 3592 751 3637 et
781 3581 1015 3637 Verbum
1063 3590 1177 3635 erat
1214 3577 1350 3647 apud
1400 3578 1590 3643 Deum,
1620 3586 1674 3632 et
1717 3578 1854 3633 Deus
1889 3586 2004 3632 erat
2034 3576 2284 3641 Verbum,

697 3691 820 3731 cum
857 3683 1034 3729 autem
1075 3673 1221 3727 venit
1268 3670 1539 3741 plenitudo
1584 3671 1837 3740 temporis
1885 3670 2113 3725 Verbum
2163 3685 2289 3724 caro

699 3769 895 3825 factum
927 3778 1029 3833 est,
1059 3775 1112 3822 et
1142 3765 1395 3820 habitavit
1423 3764 1477 3818 in
1504 3764 1657 3819 nobis
1687 3762 1863 3834 (Joau.
1892 3780 1927 3828 ι,
1961 3765 2011 3829 1,
2043 3761 2154 3834 lt),
2181 3778 2286 3817 non

698 3868 843 3917 recta
893 3857 1133 3929 quaedam
1182 3864 1423 3927 saperet,
1470 3871 1569 3911 nec
1617 3871 1742 3909 vera
1787 3856 2042 3920 sentiret;
2091 3868 2289 3926 negans

698 3954 868 4010 Deum
908 3951 1176 4007 hominem
1209 3949 1437 4016 factum,
1470 3965 1537 4005 ne
1577 3949 1821 4005 videlicet
1863 3949 2171 4005 substantiae
2209 3948 2291 4004 di-

696 4048 855 4112 vinae,
887 4061 989 4118 qua
1017 4043 1236 4116 aequalis
1265 4051 1347 4099 est
1376 4042 1542 4108 Patri,
1573 4042 1785 4113 indigna
1815 4043 2037 4097 mutatio
2064 4042 2143 4097 vel
2169 4057 2289 4097 cor-

697 4142 875 4213 ruptio
910 4148 1265 4210 sequeretur;
1297 4152 1395 4192 nec
1424 4136 1612 4191 videns
1640 4144 1880 4207 quartam
1921 4151 1979 4191 se
2017 4135 2288 4191 subintro-

699 4234 902 4290 ducere
922 4232 975 4287 in
998 4231 1256 4286 Trinitate
1279 4242 1587 4299 personam,
1606 4228 1746 4297 quod
1765 4243 1795 4281 a
1815 4226 2041 4281 sanitate
2063 4225 2289 4298 symboli

700 4324 1082 4390 catholicmque
1133 4320 1369 4376 veritatis
1416 4333 1637 4389 prorsus
1680 4318 1909 4373 alienum
1952 4327 2074 4383 est;
2125 4334 2245 4372 cum
2271 4361 2286 4385 ,

700 4414 856 4469 sicuti
902 4412 1196 4485 potuimus,
1248 4410 1530 4481 adjuvante
1576 4409 1801 4463 Domino
1845 4408 2189 4463 instruximus
2235 4410 2287 4465 in

701 4508 891 4576 spiritu
920 4505 1153 4560 lenitatis
1178 4522 1190 4557 :
1224 4503 1522 4574 praesertim
1549 4502 1672 4572 quia
1697 4517 1818 4556 cum
1851 4502 1952 4557 hoc
1979 4502 2290 4559 admoneret

700 4600 807 4655 Vas
836 4596 1131 4664 electionis,
1160 4594 1373 4665 adjecit,
1398 4592 1673 4648 Intendens
1694 4594 1922 4663 teipsum,
1948 4610 2010 4647 ne
2035 4603 2077 4647 et
2102 4604 2154 4647 tu
2183 4604 2289 4649 ten-

763 4739 783 4757 ‘
800 4736 1082 4802 Adjungitur
1097 4732 1174 4782 hic
1187 4728 1405 4794 epistolis
1423 4728 1692 4793 Augustini,
1708 4734 1763 4778 ut
1776 4728 1839 4777 ab
1854 4728 1972 4791 ipso,
1992 4727 2289 4779 eruditorum

700 4797 945 4866 opinione,
961 4797 1160 4847 dictata.

764 4884 970 4993 magna:
1000 4878 1093 4929 219
1136 4882 1261 4937 erat,
1304 4888 1434 4926 nunc
1476 4873 1584 4925 232.
1622 4873 1801 4937 Scripta
1832 4873 2023 4924 videtur
2060 4886 2139 4923 an.
2179 4875 2289 4937 4:26,

700 4954 784 4997 aut
804 4954 912 4994 427.

765 5006 835 5069 (b)
856 5007 923 5069 ab
934 4995 1430 5069 Augustinodictalam
1441 4997 1877 5069 epistolamjudicat
1889 5010 1951 5047 ex
1964 4997 2080 5069 stilo
2086 4998 2291 5069 Sirmon-

700 5059 793 5119 dus
806 5059 1062 5130 {idemque
1071 5065 1150 5115 alii
1162 5065 1325 5130 ferunt
1328 5059 1560 5123 judicium
1569 5062 1633 5130 de
1648 5059 1827 5130 Libello
1837 5060 2192 5109 Emendationis
2202 5068 2289 5130 Le-

702 5132 843 5195 porii.
867 5122 1008 5195 cujus
1030 5126 1246 5195 monachi
1258 5122 1455 5195 errores
1470 5122 1977 5195 nondutii,opinamur,
1989 5124 2290 5195 venerantin

701 5184 953 5253 Augustini
976 5190 1211 5253 notitiam,
1228 5187 1418 5252 quando
1440 5186 1489 5234 in
1514 5184 1597 5253 lib.
1623 5184 2020 5253 de_Correptionc
2043 5191 2094 5233 et
2113 5185 2287 5253 _G_ratia,

698 5271 742 5307 c.
774 5246 851 5311 il,
877 5254 983 5302 haec
1002 5246 1223 5300 dicebat:
1244 5246 1453 5311 ineque
1479 5246 1609 5311 enim
1623 5246 2029 5311 quisquam__tanta
2052 5247 2127 5294 rei
2148 5246 2294 5311 hujus

705 5337 726 5363 α
752 5323 803 5366 et
837 5306 951 5364 ﬁdei
982 5324 1141 5362 caecus
1168 5317 1246 5360 est
1277 5306 1566 5372 ignorantia,
1591 5306 1844 5372 ut'audeat
1863 5306 2049 5372 dicere,
2076 5306 2293 5369 quamvis

705 5400 727 5427 α
747 5380 813 5429 de
838 5375 1013 5438 Spiritu
1036 5378 1199 5423 sancto
1235 5379 1287 5421 et
1298 5366 1512 5438 “virgine
1538 5366 1679 5438 utaria
1700 5366 1850 5438 ﬁlium
1873 5368 2085 5438 hominis
2094 5366 2290 5431 'natttm,

706 5462 728 5489 (ί
751 5454 842 5503 per
866 5429 1076 5503 liberum
1099 5444 1269 5503 tamen
1297 5429 1545 5503 arbitrium
1569 5433 1702 5502 bene
1724 5429 1930 5503 vivendo
1956 5436 2022 5503 et
2047 5431 2161 5503 sine.
2180 5429 2292 5491 pec?

706 5522 729 5551 α
750 5489 858 5554 cato
888 5501 1016 5550 bona
1060 5508 1207 5559 opera
1249 5494 1467 5559 faciendo
1500 5493 1741 5543 meruisse
1760 5498 1817 5541 ut
1839 5498 1973 5559 esset
1992 5492 2076 5541 Dei
2099 5489 2240 5541 ﬁlius.
2257 5508 2285 5559 ρ

697 5554 1205 5640 quippehancJeiiat‘n
1220 5556 1456 5640 ‘Lepori'us
1479 5573 1501 5602 α
1515 5567 1750 5640 spmmam
1764 5556 2036 5640 |efc'iitatem
2052 5566 2160 5625 “suae
2178 5554 2293 5640 insi-

709 5614 735 5675 ἒ
748 5614 954 5691 pientia;
975 5640 999 5691 ξ
1024 5614 1367 5691 όθιειδῑειιιπίἱῐι
1391 5617 1742 5691 Emendatipnis
1764 5614 1957 5691 libello;
1982 5615 2292 5691 proinde

701 5677 912 5752 sci'iptus
934 5684 1023 5735 fuit
1044 5690 1152 5747 post
1176 5682 1403 5752 eumdem
1425 5679 1602 5729 librum
1616 5679 1693 5752 ‘de‘
1707 5680 2018 5752 Correptione
2027 5683 2098 5752 Aet
2116 5677 2287 5752 Gratia.

700 5738 891 5809 iam
911 5764 943 5809 κα
969 5738 1060 5809 ι)θί
1098 5744 1411 5809 Augustinum
1453 5741 1698 5809 emendati
1719 5757 1741 5784 »
1772 5738 1993 5809 meminit
2022 5738 2293 5809 Gennadius

705 5799 760 5862 iii
771 5799 862 5859 lib.
895 5808 959 5857 de
971 5799 1149 5868 “script.
1166 5799 1374 5863 insoles,
1396 5817 1441 5854 c.
1460 5803 1551 5862 59;
1575 5809 1753 5868 praeter
1767 5803 2039 5868 Cassianum
2077 5801 2123 5868 in
2152 5799 2237 5849 un.
2265 5802 2287 5849 ι

705 5873 773 5922 de
793 5863 1151 5927 tuearnatione;
1174 5874 1408 5917 Joannem
1429 5872 1463 5913 tt
1484 5877 1656 5927 papam
1694 5864 1743 5912 in
1784 5864 1928 5927 epist.
1950 5864 2009 5914 ad
2033 5863 2291 5923 Avienum;

707 5878 773 5922 de
793 5878 1151 5927 tnearnattone;
1174 5878 1408 5917 Joannem
1430 5878 1592 5975 uaﬁap:

707 5929 978 5982 naiadum
997 5930 1049 5978 in
1066 5929 1149 5976 lib.
1180 5929 1225 5987 1,
1247 5942 1290 5976 c.
1316 5927 1364 5987 4,
1386 5933 1435 5975 et
1508 5927 1592 5973 'os.

1922 397 1981 475 s.
2019 414 2386 475 AUGUSTth
2423 415 2729 477 unseen

2379 538 2513 604 teris,
2543 556 2609 594 ne
2634 541 2705 595 ita
2727 555 2785 596 se
2808 541 3024 613 quidam
3053 543 3120 599 ad
3152 553 3463 617 provectum
3492 545 3795 617 spiritualem
3809 565 3905 624 per-

2378 632 2585 689 venisse
2612 633 2938 704 gauderent,
2967 644 3024 691 ut
3059 651 3119 693 se
3154 637 3262 708 jam
3309 654 3419 694 non
3448 654 3603 709 posse
3630 644 3797 698 tentari
3821 654 3911 701 tan-

2377 741 2535 797 quam
2567 727 2811 783 homines
2836 739 3119 800 putarent;
3146 731 3455 803 addiditque
3480 732 3732 789 salubrem
3766 738 3910 806 paciﬁ-

2378 833 2601 889 camque
2626 823 2970 888 sententiam,
2999 832 3055 877 ut
3084 824 3218 879 alter
3238 824 3467 881 alterius
3492 839 3648 880 onera
3672 836 3909 896 portemus,

2378 910 2629 979 quoniam
2669 912 2747 967 sic
2785 913 3191 984 adimplebtmus
3223 916 3404 986 legem
3438 914 3634 972 Christi
3660 934 3673 971 :
3699 916 3784 982 Qui
3813 922 3914 974 enim

2380 1011 2525 1073 putat
2565 1019 2619 1057 se
2660 1020 2765 1059 esse
2810 1006 3023 1075 aliquid,
3065 1023 3181 1060 cum
3223 1007 3290 1061 sit
3338 1006 3493 1072 nihil,
3529 1008 3734 1077 scipsum
3769 1012 3915 1065 seducit

2382 1092 2578 1163 (Galat.
2610 1111 2682 1162 vt,
2708 1096 2852 1167 1-5),
2876 1097 3206 1153 dilectissimi
3234 1106 3288 1154 et
3316 1098 3658 1156 honorabiles
3684 1100 3862 1157 fratres.

2451 1185 2505 1239 2.
2547 1186 2717 1255 Quam
2766 1196 2943 1243 tamen
2992 1190 3108 1258 ejus
3166 1190 3604 1247 emendationem
3646 1207 3915 1265 nequaquam

2382 1275 2519 1332 forte
2564 1278 2783 1348 implere
2825 1295 3125 1351 possemus,
3170 1282 3273 1337 nisi
3320 1298 3420 1338 vos
3462 1290 3608 1351 ante,
3648 1299 3750 1354 quze
3794 1286 3835 1340 in
3871 1304 3916 1343 eo

2383 1370 2640 1427 mendosa
2664 1373 2894 1437 fuerant,
2920 1373 3267 1431 damnaretis.
3298 1375 3449 1432 Idem
3472 1378 3626 1447 igitur
3645 1387 3693 1433 et
3717 1379 3915 1437 Dominus

2384 1472 2439 1518 et
2477 1462 2715 1520 medicus
2744 1475 2931 1523 noster
2960 1474 3114 1523 utens
3156 1468 3298 1524 vasis
3340 1483 3408 1523 ac
3448 1469 3693 1525 ministris
3718 1471 3825 1537 suis,
3854 1474 3915 1542 qui

2384 1553 2538 1621 dixit,
2571 1554 2681 1626 Ego
2711 1558 3010 1627 percutiam,
3038 1568 3088 1614 et
3116 1576 3205 1631 ego
3234 1559 3431 1615 sonabo
3453 1559 3622 1634 (Deut.
3654 1578 3808 1629 mur,
3829 1565 3912 1631 39).

2386 1661 2485 1715 per
2503 1661 2599 1701 vos
2616 1650 2878 1717 percussit
2895 1658 3208 1719 tumentem,
3229 1666 3327 1722 per
3348 1666 3452 1705 nos
3471 1652 3669 1706 sanavit
3685 1652 3913 1708 dolentem.

2386 1737 2532 1794 Idem
2576 1754 2687 1795 sua:
2729 1740 2921 1796 domus
2958 1742 3365 1799 administrator
3403 1753 3563 1815 atque
3602 1744 3822 1815 provisor,
3845 1762 3912 1815 per

2386 1848 2483 1889 vos
2514 1834 2777 1889 destruxit
2805 1836 2942 1891 male
2968 1846 3274 1891 constructa
3300 1854 3315 1904 ;
3350 1852 3456 1907 per
3484 1852 3581 1893 nos
3602 1838 3724 1893 bene
3749 1853 3914 1907 compo-

2387 1927 2487 1981 sita
2528 1928 2865 1983 restauravit.
2905 1928 3049 1983 Idem
3094 1928 3326 2000 diligens
3372 1929 3602 1999 agricola
3633 1932 3911 2000 possessionis

2387 2030 2499 2072 sure
2525 2017 2724 2072 sterilia
2770 2034 2865 2088 per
2909 2034 3006 2073 vos
3035 2018 3330 2073 eradicavit
3354 2061 3369 2085 ,
3401 2028 3456 2074 et
3485 2021 3672 2084 noxia;
3698 2020 3818 2075 utilia
3848 2037 3913 2091 per

2389 2123 2487 2162 nos
2525 2116 2578 2163 et
2612 2107 2835 2163 fecunda
2866 2109 3142 2179 plantavit.
3171 2109 3289 2164 Non
3334 2110 3516 2180 itaque
3554 2109 3711 2177 nobis,
3735 2109 3811 2165 sed
3831 2112 3909 2181 ejus

2389 2199 2773 2256 misericordiae
2806 2201 2995 2257 demus
3038 2203 3286 2273 gloriam,
3326 2202 3384 2257 in
3423 2203 3574 2273 cujus
3610 2219 3749 2258 manu
3779 2220 3910 2259 sumus

2390 2301 2444 2347 et
2470 2307 2567 2349 nos
2592 2302 2643 2349 et
2675 2308 2948 2351 sermones
2980 2295 3167 2351 nostri.
3195 2297 3263 2351 Et
3291 2296 3435 2351 sicut
3462 2296 3514 2351 in
3540 2296 3803 2368 supradicto
3825 2297 3899 2352 lilio

2390 2394 2577 2441 nostro
2616 2387 2968 2442 ministerium
3010 2396 3247 2443 vestrum
3292 2388 3569 2445 humilitas
3601 2374 3757 2444 nostin
3782 2389 3909 2443 lauda-

2390 2478 2504 2545 vit;
2537 2480 2613 2535 sic
2640 2480 2799 2535 etiam
2829 2480 3094 2536 Sanctitas
3119 2490 3299 2536 vestra
3333 2490 3522 2536 nostro
3551 2482 3803 2536 ministerio
3824 2496 3906 2551 ςτε-

2392 2570 2614 2626 tutetur.
2657 2571 2885 2627 Paterno
2929 2572 3089 2643 igitur
3114 2580 3169 2628 et
3196 2574 3446 2629 fraterno
3484 2573 3638 2630 corde
3670 2574 3905 2644 suscipitea
3966 2570 3967 2609 ἒ

2393 2662 2548 2717 nobis
2592 2662 2920 2718 misericordi
2978 2664 3263 2720 severitate
3319 2672 3634 2721 correctum.
3675 2663 3769 2718 Etsi
3805 2664 3902 2716 enim

2394 2753 2536 2808 aliud
2566 2769 2659 2824 per
2689 2770 2787 2809 nos
2807 2795 2821 2820 ,
2861 2754 3004 2810 aliud
3049 2771 3145 2827 per
3176 2771 3271 2812 vos
3300 2774 3318 2823 ;
3352 2766 3629 2828 utrumque
3662 2764 3808 2810 tamen
3833 2754 3903 2807 fra-
3966 2738 3967 2813 Ῑ

2396 2855 2562 2901 terna:
2608 2846 2761 2901 saluti
2811 2849 3171 2905 necessarium
3222 2865 3335 2905 una
3381 2851 3607 2906 charitas
3644 2849 3764 2905 fecit.
3803 2847 3902 2904 Unus
3966 2836 3967 2899 ἰ

2394 2952 2535 3083 οιεέ
2552 2938 2692 2992 Deus
2723 2937 2873 3005 fecit,
2905 2941 3155 3010 quoniam
3184 2941 3330 2997 Deus
3362 2942 3589 2997 charitas
3612 2950 3686 2997 est
3720 2937 3899 3011 (llonx.

2394 3043 2472 3083 tv.
2542 3070 2556 3083 .
2591 3029 2705 3083 16).

2394 3043 2472 3094 tv,
2502 3029 2556 3095 8,
2591 3029 2705 3099 16).

2469 3120 2521 3174 5.
2565 3118 2794 3175 Proinde
2820 3120 2956 3176 sicut
2981 3137 3076 3192 per
3101 3137 3249 3178 suam
3273 3124 3642 3196 paenitentiam
3663 3123 3678 3155 ί
3697 3130 3899 3191 susceptus
3966 3118 3967 3196 ξ

2396 3220 2479 3267 est
2509 3228 2538 3265 a
2577 3213 2764 3281 nobis,
2797 3215 2874 3269 sic
2903 3229 2997 3285 per
3022 3231 3172 3271 suam
3200 3217 3486 3288 epistolam
3516 3214 3590 3290 (a)
3614 3214 3899 3285 suscipiatura
3966 3214 3967 3287 ξ

2394 3303 2547 3360 vobis
2573 3323 2583 3357 :
2615 3306 2698 3361 cui
2729 3306 2942 3377 quidem
2985 3307 3224 3379 epistolae
3265 3319 3451 3365 nostra
3476 3310 3627 3364 etiam
3658 3322 3786 3362 manu
3815 3303 3901 3357 sub-

2398 3396 2738 3451 scribendum
2784 3398 3103 3468 putavimus,
3150 3398 3321 3470 ipsius
3366 3416 3486 3456 esse
3529 3406 3764 3455 testantes.
3797 3394 3897 3449 Hanc

2397 3489 2514 3559 ejus
2552 3491 2938 3546 correctionem
2968 3492 3309 3548 dilectionem
3340 3502 3567 3551 vestram
3594 3493 3773 3547 minime
3791 3487 3896 3543 dubi-

2398 3588 2573 3634 tamus
2599 3590 2650 3636 et
2676 3589 2948 3651 gratanter
2974 3584 3238 3654 accipere,
3269 3593 3330 3640 et
3358 3586 3437 3641 eis
3466 3594 3631 3640 notam
3657 3582 3797 3637 facere
3814 3578 3896 3649 qui-
3966 3576 3967 3654 ι

2397 3670 2497 3726 bus
2524 3672 2639 3741 ejus
2677 3688 2827 3727 error
2854 3674 3168 3729 scandalum
3195 3675 3312 3732 fuit.
3351 3678 3482 3746 Quia
3525 3686 3575 3733 et
3614 3675 3678 3730 illi
3710 3674 3782 3743 qui
3812 3684 3895 3725 cum

2396 3778 2462 3819 eo
2490 3775 2749 3820 venerunt
2776 3766 2843 3820 ad
2885 3782 3002 3835 nos,
3042 3783 3162 3823 cum
3210 3769 3304 3824 illo
3351 3770 3570 3826 correcti
3606 3776 3740 3837 atque
3774 3760 3893 3818 sanati

2396 3866 2539 3924 sunt,
2572 3856 2709 3912 sicut
2737 3873 2921 3914 eorum
2950 3859 3454 3931 subscriptionibus,
3482 3876 3592 3933 qua:
3618 3872 3766 3914 coram
3787 3850 3894 3908 nobis

2396 3948 2548 4004 facta:
2588 3959 2744 4016 sunt,
2777 3959 2988 4007 tenetur
3020 3967 3360 4022 expressum.
3392 3954 3632 4023 Superest
3664 3958 3712 4002 ut
3740 3944 3790 4000 de
3821 3943 3894 3995 tra-

2397 4050 2547 4097 terna
2573 4042 2743 4097 salute
2772 4042 2934 4098 laetati
2953 4085 2968 4113 ,
2999 4045 3272 4115 rescriptis
3301 4043 3639 4102 Beatitudinis
3658 4050 3808 4094 vestrae
3828 4046 3894 4086 nos

2395 4133 2626 4189 vicissim
2664 4134 2934 4191 laetiﬁcare
2963 4135 3270 4205 dignemini.
3299 4137 3553 4208 Optamus
3587 4146 3698 4197 vos,
3720 4122 3894 4183 dilectis-

2394 4223 2513 4279 simi
2555 4233 2611 4279 et
2649 4225 2986 4282 honorabiles
3020 4226 3244 4296 fratres,
3276 4228 3331 4283 in
3369 4229 3587 4283 Domino
3625 4225 3738 4279 bene
3768 4216 3892 4271 valete
3966 4212 3967 4281 ξ

2396 4333 2669 4373 memores
2700 4320 2889 4375 nostri.

2892 4409 3223 4467 EPISTOLA
3237 4408 3424 4468 ccxx
3440 4416 3457 4439 ’
3473 4410 3561 4483 (b).

2394 4524 2703 4596 Augustinus
2741 4523 3005 4594 Bonifacio
3045 4526 3248 4591 comiti,
3292 4528 3382 4597 qui
3423 4528 3643 4593 concepto
3678 4514 3788 4587 prius
3813 4514 3889 4562 τοῖο

2467 4614 2813 4681 monachismi,
2844 4624 2973 4687 post,
3008 4633 3071 4670 ea:
3092 4618 3253 4686 ipsius
3277 4618 3507 4683 consilio,
3536 4609 3722 4679 suscepit
3750 4598 3889 4657 comitis

2468 4716 2801 4776 potestatem;
2828 4718 2879 4762 at
2907 4718 3088 4779 printer
3117 4711 3277 4781 ipsius
3309 4711 3569 4765 consilium
3596 4702 3891 4759 (imitatorem
3966 4718 3967 4723 η

2468 4808 2511 4853 ει
2537 4801 2587 4853 in
2620 4802 2790 4855 multis
2816 4802 3035 4872 graviter
3064 4802 3297 4872 deliquit.
3329 4802 3476 4856 Hunc
3498 4800 3702 4853 hortatur
3717 4787 3770 4843 ad
3793 4790 3888 4837 vel!“

2468 4896 2797 4967 propositum,
2822 4897 2866 4949 si
2891 4913 2979 4965 per
3004 4913 3215 4950 uxorem
3250 4897 3395 4951 liccat
3416 4914 3435 4962 ;
3459 4895 3502 4949 si
3528 4909 3619 4947 non
3638 4889 3773 4947 liceat,
3791 4884 3887 4946 ροίέ·

2466 4995 2592 5041 state
2616 4987 2874 5041 mundana
2902 4995 3074 5040 utatur
3099 4987 3150 5039 in
3185 4988 3387 5053 bonum,
3418 5001 3512 5039 non
3539 4982 3587 5035 in
3614 4975 3783 5031 malum-

2396 5079 2620 5135 Domino
2668 5079 2775 5133 ﬁlio
2819 5079 2871 5132 in
2920 5086 3238 5147 praesentem
3284 5078 3409 5132 etin
3452 5083 3679 5130 atternam
3718 5059 3879 5116 salutem

2472 5170 2565 5225 Dei
2591 5168 2953 5223 misericordia
2986 5167 3311 5239 protegendo
3336 5176 3388 5223 et
3412 5161 3627 5236 regendo
3646 5156 3878 5211 Βοδιῑιειο.

2470 5264 2825 5319 AUGUSTINUS.

2469 5359 2520 5409 1.
2562 5354 2877 5409 Fideliorem
2906 5354 3174 5408 hominem
3196 5394 3211 5419 ,
3242 5360 3298 5408 et
3324 5350 3407 5423 qui
3443 5345 3677 5403 faciliores
3711 5329 3877 5388 habere!

2396 5461 2642 5504 accessus
2670 5446 2737 5501 ad
2761 5460 2918 5501 aures
2948 5453 3063 5500 tuas
3091 5445 3268 5503 ferens
3291 5446 3485 5502 litteras
3510 5450 3656 5500 meas,
3676 5426 3879 5491 ιιιιιιίιιηιη

2460 5564 2477 5594 ί
2502 5560 2643 5622 Alias,
2666 5557 2985 5625 prmtiam.

2463 5648 2480 5665 ο
2500 5618 2720 5711 conscia
2741 5645 2883 5705 adpbl.
2909 5646 2983 5695 οι).
3011 5645 3059 5695 ff.
3084 5660 3169 5711 ες.
3193 5660 3235 5696 r.
3265 5659 3337 5697 vc.
3358 5643 3470 5695 duos
3487 5638 3554 5689 sb.
3569 5632 3672 5682 duos
3694 5630 3722 5673 ι.
3738 5618 3829 5667 duos
3844 5621 3876 5655 t-

2397 5716 2497 5759 Am.
2520 5708 2628 5758 Bad.
2648 5716 2724 5758 Er.
2740 5716 2849 5758 Lov.

2482 5798 2535 5867 (ι)
2567 5793 2802 5867 ‘ébe‘l‘lm
2824 5792 3396 5867 Emendeliontatewii-
3411 5861 3492 5867 --μ
3513 5842 3581 5867 ..η
3624 5831 3766 5867 manu
3781 5814 3873 5867 udo

2482 5810 2512 5845 a
2567 5794 2802 5844 Libellum
2824 5794 3179 5845 Emendationis
3200 5794 3396 5857 Leporii.
3691 5831 3699 5841 .
3795 5834 3798 5841 .

2460 5794 2535 5921 ibi
2554 5855 2677 5906 Alias
2697 5857 2759 5907 70
2780 5872 2791 5905 :
2811 5870 2937 5921 quae
2943 5863 3105 5906 autem
3130 5857 3220 5908 220
3244 5862 3364 5915 erat,
3380 5861 3494 5903 nunc
3513 5842 3602 5895 171.
3624 5834 3767 5893 εαιριλ
3781 5834 3798 5867 ‘

2400 5918 2479 5971 tur
2504 5918 2724 5970 exeunte
2747 5918 2955 5967 anuli].

3965 5758 3967 5789 l
