4024 6372
71 302 149 363 995
1192 280 1671 341 EPISTOLARUM
1706 279 1983 339 CLASSIS
2018 278 2101 338 Ill.

71 428 183 489 potui
202 420 441 483 repenre,
466 418 626 477 quam
650 416 794 459 nunc
817 401 1009 458 obtulit
1032 400 1289 456 Dominus
1314 415 1528 456 servum
1555 406 1609 455 et

72 507 322 565 ministrum
346 498 564 563 Christi,
588 495 875 551 diaconum
900 492 1143 561 Paulum,
1169 490 1429 547 ambobus
1454 489 1612 546 nobis

36 574 41 601 ζ
72 596 412 660 charissimum,
436 599 495 645 ut
519 588 720 660 aliquid
752 587 843 643 tibi
868 587 1136 657 loquerer,
1160 599 1265 641 non
1291 599 1391 656 pro
1418 591 1610 653 poten-

90 692 123 743 ia
145 698 234 751 tua,
256 693 305 741 et
323 683 521 738 honore
550 694 715 752 quem
740 679 884 750 geris
907 678 961 733 in
988 677 1092 734 isto
1121 676 1316 733 sarculo
1339 674 1611 746 maligno;

72 794 147 834 nec
177 791 261 847 pro
294 773 652 828 incolumitate
691 769 871 825 carnis
915 778 1019 824 tua:
1057 766 1416 837 corruptibilis
1456 774 1613 836 atque

72 867 281 929 mortalis,
310 863 429 934 quia
456 871 511 917 et
540 863 657 933 ipsa
696 860 1000 916 transitoria
1030 869 1132 927 est,
1160 869 1215 915 et
1242 856 1494 929 quamdiu
1520 856 1611 923 sit,

73 971 243 1025 semper
268 955 522 1009 incertum
553 964 639 1009 est
665 972 679 1016 ;
714 953 808 1009 sed
838 968 933 1023 pro
962 952 1048 1007 illa
1075 951 1246 1006 salute
1276 966 1434 1022 quam
1462 949 1615 1005 nobis

73 1046 271 1117 promisit
292 1044 534 1100 Christus
561 1064 574 1099 :
608 1048 700 1115 qui
730 1052 1008 1117 propterea
1036 1044 1123 1098 hic
1146 1042 1502 1098 exhonoratus
1531 1050 1614 1095 at-

74 1156 151 1210 que
174 1137 435 1194 cruciﬁxus
462 1148 578 1205 est,
606 1147 668 1193 ut
694 1138 915 1194 doceret
944 1152 1040 1192 nos
1069 1137 1208 1192 bona
1251 1135 1409 1206 hujus
1435 1136 1616 1191 saeculi

75 1229 205 1299 magis
242 1238 581 1284 contemnere
628 1246 788 1300 quam
835 1229 1075 1300 diligere,
1108 1237 1163 1283 et
1201 1227 1303 1282 hoc
1343 1242 1522 1282 amare
1564 1235 1619 1281 et

72 1334 244 1391 Sperate
266 1321 328 1375 ab
352 1322 463 1388 illo,
487 1322 632 1392 quod
661 1323 712 1377 in
743 1336 838 1377 sua
862 1320 1254 1377 resurrectione
1278 1319 1614 1375 monstravit.

75 1413 334 1468 Rosurrexit
358 1414 501 1468 enim
530 1430 560 1469 a
588 1416 837 1482 mortuis,
866 1431 963 1472 nec
986 1415 1094 1486 jam
1121 1414 1366 1483 moritur,
1395 1423 1448 1470 et
1475 1428 1620 1470 mors

73 1504 108 1559 ci
133 1505 245 1559 ultra
273 1521 374 1561 non
400 1506 768 1563 dominabitur
799 1491 977 1581 (Rom.
1012 1524 1082 1573 v1,
1117 1506 1193 1579 9).

122 1593 164 1646 2.
198 1594 308 1651 Scio
330 1611 435 1652 non
459 1596 653 1655 deesse
679 1598 924 1655 homines
944 1599 1034 1669 qui
1061 1607 1112 1654 te
1137 1597 1430 1655 secundum
1455 1598 1619 1653 vitam

70 1684 216 1738 mundi
241 1686 391 1756 hujus
418 1687 687 1760 diligunt,
719 1699 774 1745 et
814 1689 1106 1745 secundum
1145 1690 1316 1759 ipsam
1360 1688 1453 1743 tibi
1492 1688 1623 1743 dant

69 1776 279 1844 collsilia,
316 1778 605 1849 aliquando
655 1781 839 1845 utilia,
884 1779 1168 1851 aliquando
1212 1778 1453 1844 inutilia;
1499 1780 1621 1849 quia

73 1866 273 1924 homines
303 1881 459 1938 sunt,
488 1882 544 1928 et
572 1874 713 1930 sicut
743 1881 964 1944 possunt
1005 1873 1069 1927 ad
1112 1888 1349 1943 praesens
1390 1872 1620 1942 sapiunt,

72 1958 326 2015 nescientes
368 1962 495 2034 quid
550 1966 826 2035 conlingat
868 1963 1111 2035 sequenti
1162 1963 1269 2019 die.
1318 1962 1623 2019 Secundum

70 2059 211 2104 autem
250 2050 413 2107 Deum
466 2071 536 2111 ne
584 2064 771 2128 pereat
818 2056 994 2110 anima
1040 2064 1147 2121 tua,
1178 2071 1284 2109 non
1331 2053 1486 2109 facile
1532 2054 1625 2109 tibi

72 2139 303 2210 quisquam
330 2147 564 2201 consulit
590 2166 605 2214 ;
642 2163 745 2202 non
772 2146 894 2217 quia
925 2146 1118 2201 desunt
1148 2146 1237 2216 qui
1268 2146 1370 2200 hoc
1406 2146 1623 2209 faciant,

72 2228 141 2279 sed
166 2232 272 2299 quia
299 2232 513 2292 difﬁcile
541 2248 627 2293 est
655 2237 894 2293 invenire
920 2236 1132 2306 quando
1161 2245 1335 2291 tecum
1366 2236 1464 2290 ista
1498 2252 1626 2307 pos-

70 2328 161 2373 sunt
192 2320 348 2393 Ιυίυιί.
376 2325 513 2382 Nam
556 2339 614 2385 et
656 2344 754 2401 ego
784 2344 997 2398 semper
1029 2326 1363 2394 desideravi,
1400 2340 1455 2382 et
1493 2343 1630 2380 nun-

68 2426 188 2477 quam
232 2414 404 2473 inveni
454 2421 640 2477 locum
684 2422 769 2476 vel
819 2430 1045 2491 tempus,
1088 2429 1145 2475 ut
1186 2434 1402 2491 agerem
1451 2426 1626 2474 tecum

70 2501 177 2567 Quod
202 2521 281 2562 me
308 2523 467 2581 agere
494 2513 783 2585 oportebat
811 2527 929 2567 cum
972 2512 1189 2567 homine
1217 2526 1373 2582 quem
1404 2511 1627 2565 multum

70 2588 195 2662 diligo
222 2595 271 2649 in
294 2599 528 2658 Christo.
565 2604 681 2660 Scis
708 2612 883 2658 autem
912 2603 1121 2673 qualem
1150 2618 1235 2657 me
1260 2601 1403 2672 apud
1430 2602 1627 2672 llippo-

72 2696 165 2738 ucm
200 2689 408 2763 videris,
437 2696 659 2768 quando
684 2695 751 2750 ad
781 2711 867 2751 me
904 2696 1087 2750 venire
1126 2694 1370 2765 dignatus
1399 2708 1477 2761 es,
1510 2694 1631 2763 quia

72 2774 138 2831 vix
175 2780 444 2857 loquebar,
485 2790 851 2846 imbecillitate
895 2788 1135 2859 corporis
1174 2786 1442 2857 fatigatus.
1482 2785 1634 2841 Nunc

73 2881 191 2938 cr80.
232 2875 321 2942 ﬁli,
349 2880 477 2937 audi
521 2899 631 2951 me,
660 2882 851 2937 saltem
884 2896 978 2952 per
1004 2882 1209 2935 litteras
1250 2879 1342 2934 tibi
1371 2879 1633 2934 sermoci-

73 2970 280 3031 “amem.
321 2987 455 3039 quas
487 2975 541 3028 in
584 2973 830 3044 periculis
861 2972 964 3027 tuis
990 2986 1259 3042 nunquam
1300 2971 1391 3025 tibi
1423 2972 1635 3025 mittere

74 3055 209 3122 Ροιιιί,
240 3063 538 3128 periculum
568 3067 806 3137 cogitans
834 3064 1133 3136 perlatoris,
1164 3073 1218 3119 ct
1246 3078 1442 3119 cavens
1471 3064 1634 3119 nead

74 3156 145 3197 eos
176 3146 237 3202 ad
272 3169 406 3223 quos
450 3160 670 3226 nollem,
704 3173 823 3213 mea
866 3157 1088 3227 epistola
1130 3144 1451 3225 perveniret.
1488 3155 1639 3211 Unde

75 3244 169 3298 peto
192 3249 245 3293 ut
270 3242 538 3316 ignoscas,
573 3250 616 3304 si
649 3264 733 3304 me
761 3257 913 3319 putas
945 3248 1064 3318 plus
1095 3246 1336 3302 timuisse
1362 3263 1518 3318 quam
1545 3246 1638 3302 de-

75 3320 172 3381 bui:
202 3339 377 3391 tamen
408 3338 519 3395 dixi
551 3339 693 3411 quod
725 3340 896 3394 timui.

125 3419 170 3475 5.
208 3426 342 3484 Audi
388 3449 519 3506 ergo
566 3452 671 3499 me,
715 3436 822 3489 imo
862 3434 1145 3489 Dominum
1188 3434 1354 3489 Deum
1399 3442 1639 3488 nostrum

73 3520 145 3573 Per
168 3517 520 3582 ministerium
566 3528 888 3583 inﬁrmitatis
934 3541 1089 3582 mete.
1126 3526 1321 3582 Recole
1352 3527 1523 3597 qualis
1560 3526 1642 3580 fu-

73 3600 180 3673 eris,
206 3611 379 3671 adhuc
412 3619 468 3674 in
508 3635 732 3690 corpore
758 3619 1046 3674 constituta
1078 3618 1339 3689 religiosae
1369 3618 1643 3673 mctnorite

74 3693 219 3757 Priorc
261 3708 495 3779 conjuge
540 3721 645 3773 tua,
677 3722 730 3766 ct
779 3713 975 3766 recenti
1023 3710 1139 3780 ejus
1180 3710 1328 3765 obitu
1375 3710 1643 3780 quomodo

73 3785 141 3842 tibi
173 3798 383 3853 vanitas
411 3803 589 3855 saeculi
631 3802 787 3871 hujus
819 3803 1103 3867 horruerit,
1132 3812 1186 3856 ct
1212 3803 1479 3871 quomodo
1507 3818 1642 3857 eon-

75 3882 275 3948 Cupieris
302 3890 621 3945 servitutem
653 3891 765 3944 Dei.
799 3890 905 3943 Nos
934 3891 1196 3952 novimus,
1232 3906 1333 3944 nos
1363 3901 1525 3945 testes
1551 3907 1643 3945 su-

76 3983 161 4028 mus
185 3977 314 4047 quid
350 3982 629 4037 nobiscum
668 3981 805 4052 apud
838 3981 1088 4036 'l'nhunas
1114 3982 1128 4011 ¹
1160 3980 1227 4034 de
1256 3980 1434 4033 animo
1463 3990 1519 4035 et
1548 3996 1643 4034 vo-

79 4059 249 4124 luntate
286 4081 376 4127 tua
406 4073 567 4129 fueris
595 4073 910 4129 collocutus.
942 4070 1051 4127 Soli
1081 4080 1252 4125 tecum
1282 4084 1514 4135 eranms,
1546 4085 1647 4141 ego

80 4164 115 4207 ut
135 4156 289 4218 frater
319 4166 563 4237 Alypius.
596 4165 710 4221 Non
738 4165 878 4219 enim
907 4162 1155 4219 existimo
1187 4172 1389 4217 tantum
1414 4161 1647 4217 valuisse

84 4253 290 4310 Ierrcnas
311 4273 469 4313 curas
489 4257 681 4328 quibus
703 4256 951 4326 impletus
980 4269 1058 4321 es,
1085 4263 1141 4309 ut
1170 4255 1271 4309 hoc
1296 4254 1362 4307 de
1389 4254 1647 4308 memoria

85 4344 149 4393 illa
191 4349 396 4413 penitus
453 4350 635 4405 delere
683 4348 970 4419 potuerint.
1018 4346 1222 4416 Nempe
1267 4362 1455 4401 omnes
1497 4358 1647 4401 actus

86 4432 318 4507 Publicos,
347 4441 542 4512 quibus
565 4449 853 4510 occupatus
879 4454 1019 4505 eras,
1049 4438 1353 4509 relinquere
1372 4437 1645 4507 cupiebas.

85 4528 122 4571 1ἰ
146 4532 189 4579 te
213 4527 261 4583 iu
288 4532 454 4587 otimn
484 4542 724 4587 sanetum
764 4529 1040 4595 conferre,
1069 4539 1227 4599 atque
1259 4530 1310 4583 in
1340 4544 1401 4584 ea
1428 4530 1535 4584 vita
1566 4528 1652 4583 vi-

85 4622 184 4670 Vcre
207 4618 256 4675 in
285 4639 387 4695 qua
418 4626 556 4680 servi
586 4625 685 4681 Dei
723 4623 966 4678 monachi
1004 4623 1206 4677 vivunt.
1237 4620 1309 4677 Ut
1336 4630 1511 4676 autem
1541 4638 1648 4676 non

89 4700 294 4782 laceres,
342 4716 470 4787 quid
522 4724 573 4772 te
618 4715 905 4779 revocavit,
956 4713 1057 4768 nisi
1104 4714 1224 4783 quia
1273 4714 1644 4780 considerasti,

89 4802 460 4863 "deridentibus
499 4808 673 4873 nobis,
705 4815 959 4877 quantum
999 4804 1278 4874 prodesset
1305 4802 1502 4858 Christi
1542 4805 1646 4859 Ec-

90 4884 235 4947 (‘lesiis
267 4898 407 4969 quod
438 4899 633 4970 agebas
654 4942 668 4965 ,
698 4899 741 4953 si
771 4914 832 4953 ea
870 4898 982 4952 sola
1011 4895 1309 4951 intentione
1335 4912 1523 4967 ageres
1542 4938 1557 4964 ,
1592 4904 1651 4950 ut

92 4974 287 5045 defensa:
336 4992 404 5046 ab
450 4991 874 5046 infestationibus
922 4990 1268 5045 barbarorum
1316 4991 1547 5060 quietam
1597 4998 1652 5045 et

94 5075 395 5149 lianquillam
433 5083 594 5138 vitam
623 5092 878 5154 agerent,
904 5084 1042 5138 sicut
1078 5083 1205 5138 dicit
1232 5081 1517 5154 Apostolus
1537 5124 1552 5147 ,
1583 5080 1651 5136 In

97 5170 205 5222 omni
238 5177 418 5244 pietate
453 5186 502 5231 et
538 5177 765 5230 castitate
789 5176 849 5248 (i
880 5176 1013 5230 Tim.
1041 5192 1095 5242 ll,
1126 5176 1240 5247 2);
1272 5186 1325 5231 tu
1366 5186 1545 5231 autem
1582 5192 1651 5232 ex

97 5250 179 5313 hoc
210 5269 403 5324 mundo
439 5269 570 5323 nihil
613 5284 915 5339 qucerercs,
947 5269 1050 5324 nisi
1088 5285 1149 5323 ea
1189 5286 1308 5339 quze
1348 5271 1651 5325 necessaria

99 5360 244 5414 essent
272 5361 396 5418 huic
424 5363 547 5417 vita:
572 5361 934 5418 sustentanda:
971 5372 1075 5417 tute
1104 5378 1167 5418 ac
1196 5372 1402 5418 tuorum
1423 5406 1438 5431 ,
1469 5365 1650 5420 accin-

99 5449 189 5502 ίῑῠε
226 5452 397 5511 balteo
443 5455 758 5511 castissime
800 5455 1172 5523 continentiae,
1219 5464 1275 5511 et
1317 5455 1456 5511 inter
1501 5472 1651 5512 arma

98 5544 357 5607 coI'poralia
394 5544 757 5616 spiritualibus
792 5544 958 5601 armis
992 5546 1157 5601 tutius
1200 5545 1495 5617 fortiusque
1533 5562 1652 5602 mu-

102 5636 248 5689 altus?

148 5721 223 5799 ‘ln
366 5743 543 5799 novem
566 5738 859 5792 constanter,
890 5731 1101 5799 Tubunas
1130 5746 1147 5786 :
1177 5741 1230 5786 et
1251 5730 1391 5799 infra,
1421 5732 1653 5797 rubeam;

103 5785 158 5845 εί»
177 5789 474 5851 Tubmemia.
497 5799 573 5847 Er.
593 5800 647 5848 et
664 5801 800 5855 ιον..
823 5785 1057 5851 tabanus.

3209 272 3314 341 991

1792 398 1845 453 4.
1885 396 2019 453 Cum
2044 382 2171 468 ergo
2198 404 2253 453 te
2277 408 2397 453 esse
2424 408 2476 452 in
2508 406 2609 453 noc
2634 390 2906 468 proposito
2931 398 3311 471 gauderemus,

1721 491 1999 561 navigasti,
2031 504 2358 561 uxoremque
2384 488 2581 545 duxisti
2606 508 2619 545 :
2645 489 2740 546 sed
2763 491 3037 562 navigasse
3056 491 3316 550 obedien-

1720 584 1809 639 tiae
1850 582 1980 651 fuit,
2011 598 2173 654 quam
2202 580 2493 638 secundum
2526 582 2840 653 Apostolum
2870 582 3102 640 debebas
3143 586 3313 642 subli-

1722 674 1982 730 mioribus
2020 674 2367 745 potestatibus
2395 674 2572 744 (Rom.
2618 689 2735 739 xm,
2768 674 2851 745 l);
2885 690 3107 731 uxorem
3134 685 3314 733 autem

1726 783 1833 822 non
1862 766 2137 835 duxisses,
2170 766 2269 821 nisi
2309 774 2610 836 susceptam
2640 764 2895 821 deserens
2934 767 3317 824 continentiam

1723 857 2153 927 concupiscentia
2180 858 2350 913 victus
2376 872 2542 912 esses.
2574 855 2726 924 Quod
2756 873 2853 928 ego
2879 873 3000 912 cum
3025 861 3319 930 comperis-

1725 965 1859 1013 sem,
1897 950 2082 1016 fateor,
2116 950 2336 1004 miratus
2362 948 2607 1018 obstupui.
2632 966 2645 1001 :
2669 948 2907 1004 dolorem
2930 959 3107 1005 autem
3138 966 3315 1007 meum

1725 1054 1788 1094 ex
1834 1040 2009 1111 aliqua
2052 1048 2203 1110 parte
2248 1040 2653 1108 consolabatur,
2682 1039 2825 1110 quod
2868 1039 3041 1095 audivi
3082 1050 3135 1096 te
3172 1042 3317 1097 illam

1725 1129 1921 1185 ducere
1946 1132 2199 1198 noluisse,
2234 1131 2336 1187 nisi
2364 1132 2510 1201 prius
2539 1130 2799 1186 catholica
2829 1131 3013 1188 fuisset
3054 1130 3231 1199 facta;
3268 1143 3322 1191 et

1727 1230 1905 1279 tamen
1937 1224 2157 1280 haeresis
2199 1240 2383 1280 eorum
2410 1224 2501 1295 qui
2541 1240 2725 1280 verum
2756 1222 2947 1279 Filium
2980 1224 3077 1279 Dei
3102 1234 3319 1296 negant,

1728 1324 1930 1370 tantum
1960 1316 2237 1385 praevaluit
2278 1315 2330 1370 in
2361 1315 2520 1370 domo
2545 1324 2668 1382 tua,
2698 1324 2755 1369 ut
2798 1314 2865 1371 ab
2912 1315 3043 1385 ipsis
3082 1314 3189 1370 ﬁlia
3235 1325 3322 1370 tua

1726 1406 2102 1479 baptizaretur.
2155 1408 2433 1475 Jamvero,
2465 1408 2510 1463 si
2554 1408 2620 1463 ad
2662 1423 2761 1464 nos
2800 1424 2905 1463 non
2950 1406 3083 1464 falsa
3120 1410 3323 1481 perlata

1728 1510 1873 1568 sunt,
1906 1517 2023 1572 qua:
2051 1502 2252 1556 utinam
2285 1500 2413 1555 falsa
2442 1502 2582 1568 sint,
2608 1498 2753 1571 quod
2781 1499 2848 1554 ab
2889 1499 3019 1571 ipsis
3058 1499 3325 1558 hmreticis

1728 1590 1889 1644 etiam
1936 1591 2147 1646 ancilla:
2183 1592 2294 1646 Deo
2336 1591 2522 1646 dicatas
2566 1591 2904 1660 rebaptizatte
2943 1592 3085 1660 sint,
3116 1594 3327 1664 quantis

1729 1692 1934 1736 tantum
1960 1684 2157 1738 malum
2188 1682 2544 1753 plangendum
2566 1692 2647 1739 est
2676 1681 2908 1738 fontibus
2935 1682 3327 1754 lacrymarum?

1730 1773 1902 1844 Ipsam
1933 1791 2143 1847 quoque
2169 1792 2389 1832 uxorem
2418 1792 2526 1831 non
2560 1776 2651 1830 tibi
2679 1775 2952 1833 suffecisse
2970 1816 2983 1841 ,
3013 1776 3107 1833 sed
3135 1792 3330 1832 concu-

1730 1866 1977 1921 binarum
2025 1868 2207 1923 nescio
2256 1884 2479 1939 quarum
2525 1868 2903 1923 commixtione
2946 1868 3203 1938 pollutum
3247 1870 3331 1924 ιο.

1731 1968 1969 2028 quuutur
1994 1959 2259 2025 homines,
2285 1971 2339 2015 et
2366 1959 2585 2013 forsitan
2614 1960 2962 2014 mentiuntur.

1804 2050 1857 2105 5.
1902 2050 2001 2105 Ista
2028 2067 2146 2121 qum
2173 2052 2422 2106 omnibus
2451 2059 2636 2123 patent
2665 2059 2740 2105 tot
2769 2061 2822 2107 et
2851 2061 2991 2106 tanta
3023 2053 3183 2121 mala,
3211 2070 3331 2124 quae

1732 2154 1763 2193 a
1799 2151 1865 2207 te,
1901 2149 2243 2212 posteaquam
2275 2142 2585 2213 conjugatus
2616 2157 2695 2210 es,
2724 2153 3006 2198 consecuta
3031 2153 3175 2211 sunt,
3201 2145 3329 2215 quid

1734 2248 1833 2303 ego
1859 2233 2031 2288 dicam
2061 2234 2121 2287 “.7
2150 2234 2482 2290 Christianus
2509 2250 2588 2301 es,
2612 2250 2704 2289 cor
2730 2233 2915 2300 habes,
2942 2235 3107 2290 Deum
3137 2237 3327 2292 times:

1736 2334 1793 2379 tu
1836 2326 1951 2395 ipse
1994 2326 2274 2382 considera
2322 2343 2440 2398 qua:
2489 2327 2614 2382 nolo
2647 2327 2861 2395 dicere,
2890 2335 2946 2383 et
2982 2328 3223 2385 invenies
3261 2330 3333 2387 de

1736 2419 1950 2487 quantis
1972 2419 2125 2473 malis
2140 2419 2335 2475 debeas
2354 2434 2514 2489 agere
2531 2419 2915 2491 paenitentiam,
2938 2430 3155 2492 propter
3171 2438 3331 2493 quam

1737 2510 1831 2565 tibi
1867 2510 2028 2565 credo
2064 2511 2347 2565 Dominum
2380 2526 2617 2582 parcere,
2648 2522 2700 2567 et
2733 2528 2763 2567 a
2806 2512 3055 2582 periculis
3088 2514 3337 2570 omnibus

1737 2600 1999 2667 liberare,
2039 2611 2097 2656 ut
2134 2617 2259 2673 agas
2288 2618 2406 2657 eam
2443 2603 2581 2657 sicut
2620 2602 2826 2673 agenda
2869 2612 2983 2669 est;
3014 2604 3107 2659 sed
3135 2605 3178 2659 si
3208 2605 3337 2659 illud

1738 2692 1923 2747 audias
1948 2693 2087 2763 quod
2108 2694 2365 2764 scriptum
2385 2702 2487 2757 est,
2519 2692 2599 2747 Ne
2628 2694 2794 2749 tardes
2814 2697 3033 2749 converti
3055 2697 3122 2749 ad
3154 2695 3337 2751 Domi-

1739 2801 1880 2848 num,
1911 2800 2067 2854 neque
2091 2783 2299 2851 (li/feras
2321 2786 2382 2838 de
2403 2784 2485 2838 die
2512 2786 2563 2838 in
2589 2785 2718 2838 diem
2736 2784 2918 2857 (Eccli.
2944 2802 2997 2853 v,
3025 2786 3101 2858 8).
3129 2786 3338 2843 Iustam
3426 2793 3439 2801 '

1741 2874 1952 2946 quidem
1976 2874 2110 2931 dicis
2137 2877 2334 2932 habere
2364 2885 2415 2933 te
2443 2893 2687 2941 causam,
2721 2878 2871 2948 cujus
2900 2881 3062 2949 judex
3092 2896 3193 2950 ego
3229 2896 3338 2937 non

1742 2980 1880 3031 sum,
1911 2967 2160 3036 quoniam
2188 2977 2367 3037 partes
2396 2968 2579 3023 ambas
2602 2969 2785 3024 audire
2824 2985 2930 3025 non
2972 2985 3186 3041 possum
3208 2992 3219 3026 :
3241 2973 3337 3029 sed

1742 3058 2142 3129 qualiscumque
2171 3060 2240 3113 sit
2267 3070 2353 3114 tua
2384 3075 2563 3125 causa,
2588 3060 2654 3114 de
2675 3077 2775 3131 qua
2800 3062 2958 3116 modo
2992 3080 3230 3133 qumrere
3255 3066 3339 3121 vel

1743 3149 2015 3220 disputare
2042 3165 2149 3206 non
2172 3166 2306 3222 opus
2326 3160 2439 3219 est;
2465 3153 2717 3223 numquid
2746 3168 2922 3207 coram
2949 3155 3057 3210 Deo
3079 3165 3228 3225 potes
3255 3172 3342 3213 nc-

1743 3257 1873 3313 gare
1893 3242 2033 3313 quod
2057 3242 2109 3296 in
2137 3243 2291 3296 istam
2324 3244 2697 3298 necessitatem
2726 3258 2831 3298 non
2860 3246 3216 3315 pervenisses,
3240 3248 3342 3304 nisi

1746 3336 1884 3391 bona
1929 3337 2109 3391 saiculi
2159 3337 2315 3406 hujus
2356 3336 2670 3405 dilexisses,
2702 3354 2821 3408 quae
2861 3348 3109 3409 tanquam
3154 3356 3343 3399 servus

1746 3426 1862 3491 Dei,
1886 3442 2044 3496 quem
2074 3435 2122 3481 te
2150 3436 2271 3482 ante
2299 3442 2616 3483 noveramus
2636 3469 2649 3494 ,
2672 3437 3015 3484 contemnere
3045 3431 3262 3485 omnino
3289 3442 3344 3487 et

1748 3532 1846 3587 pro
1876 3518 2039 3571 nihilo
2068 3516 2266 3573 habere
2289 3516 2516 3573 debuisti
2542 3536 2555 3584 ;
2582 3527 2634 3573 et
2659 3519 2833 3573 oblata
2863 3519 3077 3589 quidem
3103 3536 3340 3590 sumere,

1748 3618 1806 3663 ut
1831 3609 1909 3665 eis
1938 3610 2163 3665 utereris
2190 3610 2257 3664 ad
2288 3610 2558 3680 pietatem,
2589 3625 2695 3663 non
2724 3620 2901 3665 autem
2925 3619 3111 3681 negata
3138 3613 3223 3667 vel
3250 3613 3343 3668 de-

1750 3702 1919 3774 legata
1942 3704 2021 3758 sic
2048 3719 2311 3774 quaerere,
2343 3714 2401 3759 ut
2427 3712 2646 3774 propter
2676 3705 2760 3759 illa
2786 3706 2839 3759 in
2866 3705 3019 3760 istam
3051 3709 3342 3763 necessita-

1752 3805 1858 3850 tem
1901 3796 2307 3866 perducereris:
2346 3798 2431 3851 ubi
2462 3814 2583 3853 eum
2620 3808 2862 3854 amantur
2898 3799 3036 3855 bona
3062 3802 3117 3867 ³,
3153 3817 3345 3873 perpe-

1752 3894 1959 3939 trantur
1986 3889 2123 3940 mala
2144 3928 2159 3954 ,
2194 3903 2359 3956 pauca
2386 3888 2598 3956 quidem
2632 3905 2662 3943 a
2695 3899 2745 3943 te
2766 3930 2779 3954 ,
2808 3890 2901 3945 sed
2938 3892 3099 3946 multa
3126 3902 3347 3963 propter

1753 3986 1840 4043 te;
1872 3986 1925 4030 et
1949 3992 2069 4031 cum
2100 3980 2352 4033 timentur
2374 3995 2494 4048 qua:
2523 3980 2589 4033 ad
2615 3982 2860 4051 exiguum
2894 3992 3101 4053 tempus
3129 3998 3343 4055 nocent,

1752 4068 1798 4121 si
1832 4076 2008 4122 tamen
2035 4078 2249 4137 nocent,
2282 4070 2689 4124 committuntur
2716 4086 2778 4125 ea
2809 4088 2926 4141 qua:
2953 4088 3077 4128 vere
3104 4075 3156 4129 in
3186 4086 3345 4132 teter-

1752 4174 1878 4212 nntn
1914 4168 2140 4214 noceant
2160 4160 2183 4213 ?

1825 4255 1878 4309 0.
1920 4254 1996 4308 De
2020 4254 2209 4324 quibus
2236 4263 2294 4308 ut
2332 4268 2494 4307 unum
2524 4254 2721 4325 aliquid
2748 4254 2953 4323 dicam,
2980 4257 3100 4329 quis
3130 4275 3234 4314 non
3262 4262 3344 4315 vi—

1753 4347 1876 4404 deat
1916 4347 2057 4418 quod
2085 4347 2233 4401 multi
2264 4346 2504 4402 homines
2535 4346 2626 4401 tibi
2656 4348 2958 4403 cohaereant
2996 4350 3062 4405 ad
3093 4354 3343 4409 tuendam

1755 4449 1897 4495 tuam
1935 4441 2224 4510 potentiam
2252 4440 2333 4495 vel
2360 4440 2584 4495 salutem
2607 4484 2621 4506 ,
2651 4442 2769 4512 qui,
2799 4442 3004 4499 etiamsi
3033 4444 3125 4500 tibi
3161 4462 3348 4504 omnes

1755 4531 1940 4586 ﬁdeles
1966 4532 2091 4597 sint,
2126 4546 2224 4586 nec
2249 4531 2316 4585 ab
2340 4530 2519 4601 aliquo
2544 4547 2727 4586 eorum
2760 4533 2878 4587 ulla:
2909 4535 3194 4590 timeantur
3218 4538 3348 4591 insi—

1755 4623 1876 4691 ἀίω,
1907 4639 2097 4694 nempe
2128 4634 2303 4677 tamen
2338 4622 2405 4676 ad
2434 4638 2496 4676 ea
2523 4623 2659 4678 bona
2696 4641 2815 4694 qua:
2846 4626 2944 4694 ipsi
2985 4642 3195 4695 quoque
3238 4643 3343 4682 non

1755 4718 2046 4773 secundum
2072 4718 2261 4782 Deum,
2284 4715 2376 4769 sed
2399 4716 2690 4770 secundum
2711 4718 2964 4771 saeculum
2988 4719 3231 4789 diligunt,
3252 4736 3349 4792 per

1758 4819 1809 4863 te
1831 4809 2049 4878 cupiunt
2072 4805 2377 4877 pervenire;
2401 4821 2461 4859 ac
2484 4821 2577 4875 per
2601 4806 2699 4861 hoc
2716 4808 2805 4877 qui
2833 4808 3100 4865 refrenare
3121 4821 3175 4866 et
3194 4827 3349 4866 com-

1756 4916 1974 4971 pescere
2001 4901 2225 4956 debuisti
2247 4898 2564 4970 cupiditates
2588 4908 2722 4975 tuas,
2748 4901 2960 4970 explere
2983 4904 3189 4974 Cugeris
3215 4906 3351 4962 alie-

1758 4994 1897 5048 nas?
1934 4993 2084 5062 Quod
2115 5003 2171 5048 ut
2198 4993 2309 5059 fiat,
2344 5008 2561 5049 necesse
2590 5003 2671 5049 est
2696 4994 2857 5049 multa
2884 5011 3003 5065 qua:
3032 4997 3139 5052 Deo
3166 4998 3350 5071 displi-

1758 5098 1902 5156 cent,
1932 5089 2061 5143 ﬁant
2083 5106 2096 5141 :
2124 5102 2221 5142 nec
2241 5087 2318 5141 sic
2345 5096 2519 5142 tamen
2541 5086 2821 5157 explentur
2843 5087 2979 5142 tales
2997 5090 3344 5159 cupiditates;

1758 5199 1881 5239 nam
1904 5182 2106 5238 facilius
2125 5188 2435 5237 resecantur
2458 5181 2507 5234 in
2524 5180 2606 5235 eis
2625 5180 2712 5250 qui
2732 5180 2897 5236 Deum
2919 5181 3162 5253 diligunt,
3185 5201 3343 5256 quam

1760 5276 1812 5330 in
1841 5275 1919 5345 eis
1944 5275 2036 5345 qui
2057 5274 2308 5329 mundum
2332 5273 2573 5343 diligunt,
2598 5273 2880 5343 aliquando
2906 5277 3183 5331 satiantur.
3211 5277 3343 5332 Pro-

1760 5378 1881 5438 pter
1905 5366 2045 5437 quod
2076 5366 2203 5421 dicit
2228 5365 2403 5419 divina
2433 5364 2705 5435 Scriptura
2732 5384 2746 5420 :
2770 5365 2943 5421 Nolite
2968 5368 3176 5439 diligere
3193 5386 3345 5422 mun-

1760 5460 1904 5527 dum,
1932 5476 2023 5514 nec
2050 5476 2110 5514 ea
2136 5474 2249 5529 qua:
2270 5459 2325 5511 in
2348 5457 2536 5511 mundo
2562 5468 2698 5512 sunt.
2731 5458 2794 5513 Si
2817 5461 2927 5530 quis
2946 5459 3176 5514 dilexerit
3197 5478 3348 5515 mun-

1825 5610 1845 5641 ι
1869 5609 1942 5658 sic
1962 5614 2066 5656 Mss.
2094 5613 2149 5655 At
2169 5604 2280 5655 add.
2302 5618 2314 5653 :
2346 5608 2439 5674 Ista
2462 5602 2677 5674 omnibus
2698 5610 2873 5667 patent,
2894 5610 2968 5674 tot
2987 5611 3033 5655 et
3047 5608 3187 5674 tanta
3205 5596 3355 5674 gnata,

1762 5683 1871 5744 qua:
1902 5678 1948 5719 te
1970 5674 2277 5744 posteaquam
2293 5666 2573 5731 conjugatus
2588 5679 2655 5727 es,
2682 5666 2933 5718 Consecuta
2950 5672 3072 5720 sunt.
3097 5666 3219 5728 quid
3243 5678 3357 5733 erqc

1762 5734 1943 5791 dicam
1970 5739 2063 5780 etc.

1826 5797 1848 5829 ι
1870 5794 1945 5849 sic
1962 5799 2071 5848 uss.
2095 5798 2150 5845 At
2171 5791 2305 5860 add,
2330 5804 2441 5846 cum
2461 5796 2684 5846 amantur
2704 5804 2843 5847 ικηνα.
