4024 6388
660 383 778 454 dum
803 423 816 447 ,
842 380 1040 444 dilectio
1069 378 1240 434 Patris
1266 394 1368 433 non
1393 385 1464 433 est
1490 377 1542 431 in
1571 389 1669 458 eo:
1694 375 1818 448 quia
1855 388 2002 430 omne
2025 369 2160 443 quod
2182 372 2236 426 in

659 472 846 526 mundo
877 479 968 537 est,
996 468 1395 539 concupiscentia
1422 467 1586 521 carnis
1614 474 1715 531 est,
1754 473 1799 521 et
1837 463 2239 534 concupiscentia

659 566 940 629 oculorum,
967 572 1011 616 et
1039 559 1242 616 ambitio
1267 559 1469 624 steculi;
1496 573 1608 628 quae
1632 574 1731 622 non
1760 565 1832 612 est
1867 574 1898 610 a
1929 553 2086 609 Patre
2105 595 2119 618 ,
2151 553 2238 608 sed

658 674 721 711 ea:
744 655 929 709 mundo
951 663 1041 709 est.
1076 651 1137 706 Et
1158 651 1372 704 mundus
1396 649 1573 703 transit
1594 659 1642 704 et
1668 647 2070 718 concupiscentia
2091 647 2237 716 ejus:

658 748 746 820 qui
770 757 931 799 autem
956 745 1076 817 facit
1100 744 1402 797 voluntatem
1427 741 1541 804 Dei,
1564 750 1729 795 manet
1749 741 1800 794 in
1824 750 2086 805 wternum,
2109 739 2238 792 sicut

659 848 704 892 et
735 836 868 890 Deus
896 845 1060 888 manet
1097 834 1151 887 in
1175 843 1412 888 aeternum
1438 829 1665 908 (lloan.
1683 847 1719 886 tt
1737 873 1753 898 ,
1779 828 1983 903 15-17).
2016 829 2237 898 Quando

659 944 786 1000 ergo
804 926 1000 998 poteris
1018 935 1094 980 tot
1111 926 1381 980 hominum
1403 933 1747 990 armatorum,
1765 939 1987 996 quorum
2012 921 2235 977 fovenda

658 1029 738 1074 est
766 1017 1044 1089 cupiditas,
1074 1017 1288 1072 timetur
1317 1015 1564 1070 atrocitas
1588 1033 1602 1080 ;
1627 1013 1854 1084 quando,
1881 1011 2112 1084 inquam,
2140 1029 2232 1082 po-

660 1110 788 1164 teris
817 1123 999 1163 eorum
1043 1106 1524 1176 concupiscientiam
1543 1148 1558 1173 ,
1590 1105 1677 1175 qui
1707 1104 1929 1174 diligunt
1958 1103 2231 1170 mundum,

658 1215 762 1253 non
801 1199 920 1253 dico
961 1197 1154 1253 satiare
1176 1239 1190 1261 ,
1218 1195 1356 1268 quod
1385 1195 1500 1252 ﬁeri
1544 1197 1684 1251 nullo
1714 1197 1872 1252 modo
1903 1205 2112 1267 potest,
2141 1196 2234 1252 sed

659 1289 832 1361 aliqua
857 1306 921 1344 ex
946 1299 1097 1362 parte
1119 1306 1338 1362 pascere
1357 1331 1372 1355 ,
1403 1306 1467 1344 ne
1505 1290 1748 1346 universa
1777 1289 1895 1360 plus
1938 1298 2155 1360 pereant
2182 1289 2230 1356 ¹,

658 1381 761 1436 nisi
793 1392 847 1436 tu
878 1380 1038 1436 facias
1063 1397 1181 1452 quae
1211 1380 1348 1436 Dens
1374 1380 1634 1450 prohibet,
1660 1391 1713 1435 et
1754 1380 2066 1435 facientibus
2090 1395 2237 1434 com-

659 1472 932 1528 minatur?
970 1471 1195 1543 PrOpter
1218 1470 1355 1544 quod
1383 1469 1530 1527 vides
1567 1481 1671 1528 tam
1703 1473 1865 1528 multa
1894 1471 2149 1540 contrita,
2179 1483 2236 1528 ut

659 1565 768 1635 jam
800 1563 903 1618 vile
931 1563 1125 1635 aliquid
1152 1564 1290 1633 quod
1316 1565 1568 1634 rapiatur,
1594 1563 1675 1618 vix
1705 1563 2020 1620 inveniatur.

735 1653 786 1710 7.
827 1654 962 1722 Quid
1000 1666 1174 1710 autem
1213 1652 1385 1709 dicam
1422 1656 1485 1708 de
1515 1657 1807 1710 vastatione
1839 1655 2048 1721 Africae,
2077 1672 2232 1727 quam

659 1744 855 1799 faciunt
889 1742 998 1798 Afri
1027 1729 1258 1806 barbari,
1290 1744 1568 1799 resistente
1595 1743 1740 1798 nullo
1764 1787 1776 1808 ,
1804 1745 1930 1800 dum
1961 1756 2013 1800 tn
2043 1746 2235 1800 talibus

660 1829 764 1890 tuis
795 1835 1193 1890 necessitatibus
1221 1835 1512 1905 occuparis,
1530 1851 1627 1889 nec
1653 1835 1846 1906 aliquid
1866 1835 2079 1893 ordinas
2097 1837 2235 1892 unde

658 1926 756 1980 ista
791 1925 1058 1981 calamitas
1096 1927 1401 1979 avertatur?
1447 1925 1574 1994 Quis
1604 1936 1778 1981 autem
1810 1927 2086 1993 crederet,
2118 1929 2235 1998 quis

657 2017 892 2081 timeret,
919 2016 1184 2070 Bonifaeio
1212 2013 1621 2070 domesticorum
1654 2028 1707 2071 et
1735 2017 1930 2072 Afrith
1958 2018 2154 2074 comite
2182 2020 2233 2074 in

657 2107 832 2161 Africa
862 2109 1146 2160 constituto
1169 2122 1288 2161 cum
1320 2117 1423 2162 tam
1454 2124 1643 2178 magno
1669 2108 1902 2164 exercitu
1929 2121 1980 2164 et
2003 2120 2234 2181 potest-a-

657 2205 726 2259 te,
746 2197 833 2266 qui
857 2195 1094 2251 tribunus
1115 2211 1233 2251 cum
1256 2198 1436 2266 paucis
1458 2196 1729 2254 foederatis
1746 2214 1928 2253 omnes
1952 2200 2089 2268 ipsas
2106 2215 2234 2270 gen-

655 2297 732 2342 tes
761 2288 1108 2359 expugnando
1146 2298 1199 2344 et
1230 2289 1474 2344 terrendo
1514 2298 1823 2359 pacaverat,
1859 2307 1995 2346 nunc
2031 2301 2232 2346 tantum

655 2377 817 2432 fuisse
846 2376 1099 2432 barbaros
1143 2393 1364 2432 ausuros
1384 2420 1396 2443 ,
1444 2388 1643 2432 tantum
1669 2395 2060 2449 progressuros,
2091 2388 2232 2435 tanta

655 2475 1127 2535 Vastaturos,tanta
1157 2476 1420 2536 rapturos,
1440 2478 1579 2523 tanta
1603 2467 1716 2525 loca
1742 2485 1860 2540 quae
1883 2471 2034 2541 plena
2057 2486 2230 2543 popu-

655 2558 721 2613 lis
742 2559 967 2622 fuerant,
990 2557 1201 2613 deserta
1230 2559 1460 2614 facturos
1482 2560 1506 2614 ‘l
1526 2561 1624 2629 Qui
1646 2577 1748 2616 non
1786 2561 2030 2617 dicebant
2069 2580 2236 2634 quan-

657 2649 955 2720 documque
989 2658 1046 2704 tu
1089 2649 1386 2705 comitivam
1421 2667 1657 2708 sumeres
1707 2663 2017 2724 potestatem
2041 2698 2054 2721 ,
2081 2656 2232 2712 Afros

653 2741 929 2810 barbaros,
960 2758 1064 2797 non
1093 2743 1260 2798 solum
1311 2743 1566 2810 domitos,
1600 2745 1692 2800 sed
1729 2747 1887 2802 etiam
1929 2749 2232 2804 tributarios

653 2835 859 2891 futuros
886 2835 1138 2892 Romanae
1165 2837 1508 2907 reipublicm?
1546 2838 1613 2893 Et
1640 2857 1780 2896 nunc
1819 2858 1975 2912 quam
2019 2843 2068 2898 in
2099 2861 2231 2900 con-

653 2928 871 2982 trarium
912 2944 1065 2983 versa
1102 2930 1170 2983 sit
1207 2944 1328 3000 Spes
1368 2930 1636 2986 hominum
1679 2933 1855 3001 vides;
1899 2952 1998 2991 nec
2035 2937 2230 2994 diutius

653 3018 777 3074 hinc
802 3030 971 3075 tecum
999 3020 1317 3091 loquendum
1347 3033 1426 3076 est
1449 3064 1464 3090 ,
1491 3024 1611 3095 quia
1641 3024 1755 3096 plus
1782 3042 1844 3081 ea
1877 3037 1929 3081 tu
1958 3038 2106 3098 potes
2134 3047 2227 3086 co-

653 3111 820 3179 gitare
850 3126 1004 3176 quam
1033 3126 1127 3164 nos
1154 3112 1348 3167 dicere.

725 3201 778 3255 8.
833 3200 936 3256 Sed
979 3203 1111 3258 forte
1151 3205 1216 3259 ad
1254 3221 1316 3259 ea
1353 3207 1676 3276 respondes,
1711 3210 1814 3265 illis
1845 3211 1944 3267 hoc
1986 3228 2103 3267 esse
2129 3229 2229 3286 po-

656 3291 759 3346 tius
785 3291 1166 3360 imputandum,
1197 3295 1287 3364 qui
1320 3305 1372 3350 te
1400 3298 1679 3362 lteserunt,
1711 3302 1797 3370 qui
1839 3302 1943 3356 tuis
1981 3302 2229 3360 officiosis

655 3383 934 3438 virtutibus
962 3399 1064 3437 non
1094 3386 1258 3452 paria,
1291 3387 1383 3439 sed
1407 3389 1668 3442 contraria
1697 3390 2058 3448 reddiderunt.
2089 3393 2230 3462 Quas

654 3487 840 3527 causas
865 3487 963 3542 ego
990 3473 1174 3529 audire
1201 3482 1253 3529 et
1272 3474 1508 3544 judicare
1530 3493 1633 3532 non
1662 3495 1874 3549 possum
1901 3499 1914 3535 :
1946 3489 2088 3537 tuam
2107 3502 2229 3540 catt-e

655 3582 768 3622 sam
799 3569 970 3638 potius
999 3570 1174 3638 aspice
1202 3577 1255 3624 et
1281 3569 1500 3640 inspice,
1528 3587 1684 3642 quam
1717 3590 1818 3629 non
1846 3590 1964 3630 cum
1997 3577 2226 3632 homini-
2273 3588 2282 3592 ·

655 3657 754 3711 bus
789 3659 1141 3726 quibuslibet,
1168 3657 1258 3714 sed
1291 3674 1409 3713 cum
1453 3661 1562 3715 Deo
1603 3661 1796 3719 habere
1826 3673 1877 3720 te
1914 3669 2226 3738 cognoscis;

655 3750 778 3817 quia
806 3751 855 3803 in
886 3749 1099 3803 Christo
1126 3749 1350 3805 ﬁdeliter
1374 3752 1524 3816 vivis,
1559 3753 1728 3821 ipsum
1760 3751 1924 3810 debes
1955 3757 2138 3813 timere
2165 3775 2231 3816 ne

657 3838 910 3892 offendas.
951 3837 1082 3892 Nam
1112 3854 1298 3894 causas
1322 3855 1420 3909 ego
1449 3843 1748 3911 superiores
1785 3846 1957 3916 potius
1993 3850 2229 3918 attendo,

656 3928 776 3996 quia
797 3936 852 3981 ut
868 3927 1041 3982 Africa
1064 3938 1204 3984 tanta
1231 3929 1365 3985 mala
1390 3932 1631 4000 patiatur,
1652 3936 1761 3989 suis
1777 3933 1972 3992 debent
1993 3937 2231 3996 homines

655 4018 918 4088 imputare
958 4020 1207 4090 peccatis.
1252 4019 1623 4080 Verumtamen
1655 4026 1814 4082 nolim
1856 4038 1906 4085 te
1935 4032 1998 4085 ad
2046 4049 2227 4089 eorum

653 4123 933 4164 numerum
960 4111 1254 4180 pertinere,
1285 4129 1382 4183 per
1408 4129 1540 4184 quos
1565 4119 1734 4172 malos
1774 4126 1829 4174 et
1857 4119 2062 4192 iniquos
2091 4123 2227 4182 Deus

654 4201 883 4270 ﬂagellat
910 4203 1079 4270 pannis
1106 4206 1480 4273 temporalibus
1500 4223 1633 4277 quos
1650 4209 1891 4266 voluerit.
1926 4211 2056 4282 Ipsis
2077 4232 2228 4270 nam-

655 4307 756 4359 que
777 4293 989 4362 iniquis,
1013 4295 1056 4348 si
1078 4297 1302 4351 correcti
1325 4311 1428 4352 non
1452 4297 1662 4366 fuerint,
1688 4314 1862 4358 servat
1888 4316 2081 4360 aeterna
2109 4323 2231 4378 sup-

655 4383 807 4451 plicia
830 4424 842 4446 ,
871 4384 959 4452 qui
1007 4400 1188 4440 eorum
1221 4389 1414 4444 malitia
1452 4389 1594 4460 juste
1618 4393 1785 4450 utitur
1805 4439 1817 4461 ,
1850 4407 1906 4451 ut
1950 4401 2066 4454 aliis
2095 4401 2230 4458 mala

655 4473 859 4542 ingerat
895 4477 1222 4544 temporalia.
1264 4479 1344 4532 Tu
1389 4481 1552 4535 Deum
1593 4489 1837 4551 attende,
1868 4497 1922 4542 tu
1963 4489 2228 4547 Christum

655 4564 951 4628 considera,
978 4567 1063 4636 qui
1087 4575 1226 4622 tanta
1255 4569 1388 4624 bona
1411 4573 1673 4640 prtestitit,
1703 4585 1755 4630 et
1782 4585 1924 4632 tanta
1954 4581 2088 4635 mala
2112 4599 2231 4652 per-

655 4661 792 4714 tulit.
833 4661 1160 4733 Quicumque
1188 4660 1252 4718 ad
1283 4662 1398 4734 ejus
1435 4680 1652 4735 regnum
1680 4670 1898 4739 cupiunt
1942 4673 2226 4746 pertinere,

654 4760 707 4807 et
735 4767 852 4806 cum
883 4753 976 4808 illo
1001 4767 1063 4808 ac
1091 4754 1190 4809 sub
1218 4755 1306 4810 illo
1348 4771 1560 4827 semper
1588 4758 1739 4815 beate
1767 4762 1944 4819 vivere
1964 4805 1978 4830 ,
2009 4765 2232 4837 diligunt

654 4843 811 4898 etiam
832 4844 1070 4900 inimicos
1082 4861 1226 4910 suos.
1241 4847 1574 4903 benefaciunt
1590 4849 1690 4905 illis
1707 4851 1794 4921 qui
1811 4868 1905 4910 eos
1917 4855 2163 4923 oderunt,
2178 4867 2232 4914 et

654 4945 913 5005 orantpro
934 4937 1012 4992 eis
1039 4952 1065 4991 a
1086 4937 1274 5008 quibus
1297 4941 1712 5009 persecutionem
1733 4944 2003 5014 patiuntur
2020 4948 2225 5021 (Matth.

654 5043 720 5090 v,
746 5027 877 5097 Li):
912 5029 1032 5084 etsi
1071 5029 1282 5099 quando
1308 5031 1557 5088 adhibent
1605 5049 1700 5103 pro
1741 5035 2013 5108 disciplina
2059 5041 2228 5097 mole-

653 5126 788 5172 stam
809 5121 830 5150 ⁸
860 5122 1211 5188 severitatem,
1233 5139 1338 5177 non
1360 5133 1534 5181 tamen
1559 5127 1804 5182 amittunt
1819 5131 2226 5189 sincerissimam

652 5209 987 5265 chritatem.
1018 5210 1072 5265 Si
1098 5229 1226 5284 ergo
1260 5213 1350 5270 tibi
1380 5216 1518 5272 bona
1549 5225 1672 5272 sunt
1697 5222 1925 5288 praestita
1946 5265 1960 5288 ,
1989 5225 2228 5291 quamvis

655 5309 886 5366 terrena,
907 5301 1226 5372 transitoria,
1245 5307 1311 5361 ab
1331 5309 1552 5380 imperio
1571 5311 1827 5378 Romano,
1847 5314 1966 5381 quia
1985 5323 2035 5369 et
2058 5315 2225 5383 nisum

653 5403 923 5452 terrenum
953 5407 1062 5462 est,
1096 5412 1199 5452 non
1237 5400 1489 5468 caeleste,
1523 5417 1620 5457 nec
1649 5412 1821 5473 p0test
1846 5416 2097 5474 prmstare
2125 5409 2225 5464 nisi

922 5549 1052 5616 Plebs
1070 5561 1248 5618 pereat.
1288 5563 1376 5606 Pro
1402 5569 1500 5619 quo
1532 5564 1639 5608 Mss.
1673 5558 1832 5612 Gallic.
1855 5573 2027 5614 omnes
2047 5570 2100 5615 et
2129 5565 2230 5618 duo

653 5614 824 5679 Vatia,
847 5614 953 5677 plus
977 5614 1188 5679 peremit.

716 5669 747 5709 ⁸
763 5669 892 5726 unus
911 5691 941 5727 e
959 5669 1108 5730 ἠὼ.
1126 5687 1258 5745 ω,
1276 5679 1562 5732 modestam.

1887 260 1948 318 S.
1985 250 2352 316 AUGUSTINI
2389 251 2692 314 EPlSCOPl
3771 273 3860 333 996

2339 369 2479 438 quod
2519 371 2677 426 habet
2714 370 2766 428 in
2797 379 3096 456 potestate;
3123 373 3170 434 si
3205 389 3328 460 ergo
3352 377 3492 458 bona
3525 377 3576 456 in
3612 390 3660 442 te
3695 387 3850 452 collata

2339 471 2481 526 sunt,
2514 464 2619 517 noli
2648 463 2868 519 reddere
2889 465 3025 519 mala
3047 480 3142 535 pro
3171 465 3320 524 bonis
3343 484 3354 522 :
3380 469 3426 538 si
3452 478 3620 536 autem
3643 477 3759 544 mala
3777 482 3852 538 tibi

2339 551 2566 623 irrogata
2598 562 2739 620 sunt,
2766 545 2870 609 noli
2895 549 3128 612 reddere
3147 559 3279 623 mala
3303 575 3400 630 pro
3425 563 3586 634 malis.
3615 551 3733 634 Quid
3755 569 3855 628 isto.

2338 658 2454 696 rum
2481 641 2704 698 duorum
2736 648 2837 713 sit,
2871 662 2967 702 nec
2997 635 3436 718 discutere-volo,
3469 669 3561 709 nec
3585 643 3716 714 valeo
3737 664 3853 730 judi.

2337 749 2496 800 care;
2531 752 2628 806 ego
2670 737 2956 792 christiano
2986 739 3174 810 loquor
3211 759 3223 795 :
3265 742 3367 797 noli
3400 741 3614 806 reddere
3649 739 3723 820 vel
3743 743 3851 810 nulla

2339 840 2436 895 pro
2460 824 2631 894 bonis,
2655 828 2738 884 vel
2770 831 2905 883 mala
2936 846 3030 900 pro
3059 832 3232 904 malis.
3693 825 3696 828 ⁴

2408 913 2460 970 9.
2502 914 2644 972 Dicis
2665 917 2789 970 mihi
2820 919 3041 976 fortasse
3065 939 3077 974 :
3109 917 3163 975 lu
3185 930 3326 978 tanta
3349 927 3650 986 necessitate
3666 933 3771 1002 quid
3790 937 3851 991 vis

2337 1013 2396 1059 ut
2419 1005 2646 1061 faciam?
2676 1007 2730 1062 Si
2759 1009 3038 1064 consilium
3067 1029 3096 1066 a
3119 1027 3204 1068 me
3227 1013 3512 1072 secundum
3532 1015 3627 1090 hoc
3650 1025 3849 1082 saeculum

2341 1098 2536 1168 quaeris
2559 1141 2574 1166 ,
2602 1101 2866 1169 quomodo
2910 1099 3007 1158 ista
3045 1104 3186 1159 salus
3225 1113 3310 1160 tua
3341 1109 3628 1166 transitoria
3655 1120 3747 1172 tuta
3782 1117 3848 1179 sit.

2337 1198 2391 1244 et
2428 1193 2659 1260 potentia
2700 1202 2857 1263 atque
2896 1195 3161 1264 Opulentia
3207 1197 3288 1253 vel
3330 1198 3429 1253 ista
3473 1196 3694 1258 servetur
3729 1185 3849 1277 quam

2337 1295 2477 1335 nunc
2507 1281 2690 1350 habes,
2722 1282 2806 1338 vel
2848 1286 3004 1340 etiam
3037 1287 3206 1358 major
3248 1288 3503 1356 addatur;
3533 1293 3650 1362 quid
3675 1295 3751 1351 tibi
3784 1315 3847 1356 re-

2337 1371 2622 1442 spondeam
2647 1377 2854 1432 nescio:
2873 1377 3069 1433 incerta
3093 1380 3284 1452 quippe
3301 1381 3398 1436 ista
3419 1391 3611 1439 certum
3631 1389 3849 1462 consilium

2337 1463 2532 1520 habere
2565 1481 2670 1520 non
2711 1480 2953 1538 possunt.
2993 1467 3048 1525 Si
3083 1481 3258 1528 autem
3303 1473 3588 1530 secundum
3617 1475 3758 1552 Deum
3785 1500 3848 1539 me

2337 1555 2588 1620 consulis,
2623 1571 2688 1612 ne
2719 1559 2891 1610 anima
2918 1566 3003 1612 tua
3035 1569 3234 1630 pereat,
3262 1573 3314 1616 et
3347 1563 3502 1640 times
3525 1561 3671 1622 verba
3697 1570 3848 1642 verita-

2339 1645 2425 1712 tis,
2441 1645 2682 1714 dicentis,
2705 1643 2840 1713 Quid
2865 1651 3063 1721 prodest
3094 1649 3303 1718 homini,
3324 1654 3369 1706 si
3395 1637 3550 1708 totum
3568 1637 3774 1730 mundum
3790 1664 3848 1715 lu-

2335 1745 2523 1801 cretur,
2545 1739 2726 1792 anima:
2744 1749 2908 1793 autem
2923 1758 3030 1793 sum
3054 1740 3407 1798 detrimentum
3435 1747 3643 1816 patiatur
3658 1739 3746 1820 (Id.
3761 1767 3844 1819 tm,

2334 1827 2425 1898 26)
2450 1843 2463 1892 ;
2497 1829 2666 1884 habeo
2689 1831 2843 1898 plane
2869 1831 3007 1900 quod
3028 1831 3234 1898 dicam;
3267 1847 3351 1889 est
3375 1837 3510 1905 apud
3531 1853 3610 1892 me
3627 1841 3845 1894 consilium

2336 1917 2475 1987 quod
2504 1933 2531 1971 a
2559 1933 2642 1972 me
2669 1919 2870 1974 audias.
2913 1921 3046 1988 Quid
3070 1932 3248 1977 autem
3275 1937 3412 1994 Opus
3450 1936 3529 1980 est
3563 1937 3612 1981 ut
3639 1925 3756 2004 aliud
3784 1930 3845 1985 di-

2337 2023 2474 2074 cam,
2503 2024 2659 2078 quam
2689 2008 2814 2064 illud
2839 2009 2978 2080 quod
3004 2027 3159 2082 supra
3185 2012 3294 2067 dixi
3319 2013 3343 2069 Ἰ
3384 2013 3508 2069 Noli
3535 2015 3715 2089 diligere
3735 2036 3846 2074 mnu.

2335 2098 2474 2162 dum,
2506 2117 2594 2154 nec
2619 2118 2676 2156 ea
2704 2117 2814 2172 qua:
2839 2100 2892 2156 in
2917 2104 3104 2158 mundo
3133 2117 3268 2160 sunt.
3308 2108 3372 2162 Si
3397 2110 3507 2179 quis
3533 2113 3648 2164 enim
3671 2109 3847 2166 dilexerit

2335 2192 2597 2258 mundum,
2621 2210 2720 2246 non
2741 2199 2812 2248 est
2835 2194 3052 2249 charitas
3070 2192 3244 2251 Patris
3265 2201 3320 2252 in
3347 2199 3436 2253 illo
3460 2217 3477 2254 :
3495 2205 3705 2278 quoniam
3721 2207 3846 2258 omnia

2334 2297 2450 2351 quae
2472 2282 2523 2337 in
2553 2284 2742 2337 mundo
2772 2295 2909 2350 sunt,
2932 2289 3337 2356 concupiscentia
3358 2291 3520 2346 carnis
3543 2303 3625 2358 est,
3649 2305 3686 2348 et
3707 2279 3845 2349 cancu-

2335 2372 2574 2443 piscentia
2602 2373 2892 2442 oculorum,
2921 2385 2969 2430 et
3009 2375 3212 2432 ambitio
3249 2381 3434 2435 κατθειί
3448 2400 3466 2448 ;
3503 2401 3606 2454 quae
3635 2369 3804 2440 non'est
3823 2406 3845 2440 α

2336 2461 2513 2530 Patre,
2541 2465 2629 2518 sed
2651 2481 2712 2518 ex
2738 2467 2923 2520 mundo
2949 2477 3040 2521 est.
3071 2467 3138 2522 Et
3164 2470 3387 2525 mundus
3415 2475 3608 2541 transit,
3636 2486 3676 2528 et
3699 2493 3842 2531 concu-

2334 2555 2572 2625 piscentia
2602 2557 2712 2626 ejus
2734 2572 2753 2610 :
2777 2558 2860 2627 qui
2887 2565 3049 2614 autem
3076 2561 3244 2632 fecerit
3271 2562 3573 2620 voluntatem
3600 2563 3697 2632 Dei,
3723 2582 3846 2624 manet

2332 2646 2386 2698 in
2410 2654 2667 2711 a'tm'num,
2696 2647 2822 2701 sicut
2861 2660 2904 2703 et
2927 2645 3065 2705 Deus
3090 2663 3252 2705 manet
3268 2654 3325 2708 in
3350 2665 3582 2732 ceternum
3605 2655 3785 2728 (Uouit.
3803 2676 3842 2726 tt,

2357 2736 2559 2806 15-17).
2586 2735 2722 2792 Ecce
2749 2740 3061 2808 consilium;
3094 2745 3288 2814 arripe,
3323 2755 3378 2801 et
3403 2763 3516 2816 age.
3551 2735 3634 2803 llic
3652 2759 3845 2819 appareat

2333 2827 2378 2881 si
2407 2827 2488 2881 vir
2510 2827 2660 2884 fortis
2686 2844 2744 2884 es
2769 2847 2783 2895 ;
2814 2832 2966 2887 vince
2996 2833 3311 2902 cupiditates
3341 2837 3526 2908 quibus
3560 2842 3647 2896 iste
3667 2840 3844 2912 diligitur

2332 2919 2582 2986 mundus,
2610 2937 2704 2990 age
2735 2922 3094 2992 pmnitentiam
3113 2926 3180 2982 de
3196 2932 3479 2996 przeteritis
3504 2933 3661 3000 malis,
3684 2934 3843 3003 quando

2333 3010 2400 3064 ab
2423 3011 2498 3064 eis
2525 3011 2896 3080 cupiditatibus
2923 3017 3089 3071 victus
3117 3033 3212 3087 per
3231 3018 3495 3076 desideria
3518 3037 3613 3076 non
3638 3022 3747 3077 bona
3769 3033 3843 3078 tra-

2333 3099 2564 3155 hebaris.
2595 3103 2703 3158 Hoc
2727 3106 3004 3160 consilium
3032 3107 3076 3163 si
3103 3113 3402 3179 acceperis,
3427 3113 3468 3166 si
3500 3115 3706 3168 tenueris
3726 3124 3841 3185 atque

2333 3197 2628 3250 servaveris
2652 3238 2666 3261 ,
2699 3206 2752 3251 et
2794 3196 2858 3252 ad
2888 3199 3025 3253 bona
3054 3200 3137 3254 illa
3180 3213 3330 3257 certa
3370 3205 3661 3274 pervenies,
3683 3215 3726 3260 et
3755 3220 3841 3260 cum

2334 3287 2502 3341 salute
2527 3289 2716 3343 anima:
2747 3299 2848 3344 tuae
2877 3290 3015 3346 inter
3033 3291 3134 3346 ista
3165 3293 3370 3350 incerta
3392 3298 3683 3352 versaberis.

2409 3379 2495 3433 10.
2537 3379 2641 3434 Sed
2668 3380 2804 3436 forte
2842 3382 3032 3436 iterum
3068 3384 3264 3454 quarris
3303 3401 3336 3441 a
3379 3403 3493 3452 me,
3524 3386 3750 3460 quomodo
3770 3387 3843 3442 ista

2335 3467 2499 3523 facias
2528 3472 2688 3526 tantis
2730 3472 2910 3528 mundi
2955 3473 3110 3544 hujus
3149 3479 3551 3535 necessitatibus
3593 3475 3840 3550 implicatus.

2332 3561 2435 3616 Ora
2465 3561 2688 3627 fortiter,
2719 3561 2872 3619 etdic
2903 3565 3009 3620 Deo
3033 3566 3174 3636 quod
3195 3567 3365 3626 habes
3394 3571 3443 3624 in
3473 3563 3679 3636 Psalmo,
3699 3570 3759 3624 De
3775 3586 3840 3623 ne.

2332 3651 2643 3706 cessitatibus
2670 3653 2793 3708 meis
2819 3670 2937 3709 erue
2971 3671 3050 3709 me
3079 3653 3248 3729 (Psal.
3275 3674 3407 3715 χειν
3427 3704 3442 3726 ,
3467 3661 3548 3733 l7)
3571 3680 3583 3716 :
3612 3669 3714 3714 tunc
3734 3661 3838 3713 enim

2335 3741 2591 3796 finiuntur
2617 3743 2730 3798 ista;
2756 3745 3118 3813 necessitates,
3143 3749 3361 3817 quando
3387 3750 3647 3805 vincuntur
3670 3749 3750 3803 illac
3769 3762 3840 3802 cu-

2333 3831 2602 3901 piditates.
2632 3832 2730 3901 Qui
2754 3835 3019 3890 exaudivit
3050 3845 3118 3902 te,
3142 3846 3195 3892 et
3218 3853 3317 3894 nos
3347 3855 3443 3909 pro
3471 3853 3548 3906 te,
3573 3851 3622 3895 ut
3641 3837 3838 3894 liberare-

2332 3921 2406 3976 ris
2431 3922 2497 3976 de
2528 3932 2604 3978 tot
2631 3925 2893 3996 tantisque
2923 3925 3168 3996 periculis
3197 3927 3486 3986 visibilium
3529 3929 3840 4000 corporalium-

2335 4029 2437 4087 que
2463 4009 2752 4085 bellorum,
2782 4016 2868 4074 ubi
2899 4021 3006 4075 sola
3053 4021 3150 4076 ista
3190 4023 3295 4077 vita
3337 4025 3634 4096 quandoque
3667 4020 3838 4077 finienda

2337 4109 2665 4179 periclitatur
2690 4154 2706 4178 ,
2735 4112 2908 4166 anima
2937 4127 3062 4168 vero
3083 4111 3086 4113 ’
3106 4129 3208 4169 non
3243 4118 3413 4185 perit,
3443 4118 3486 4172 si
3522 4129 3616 4171 non
3653 4112 3840 4182 malignis

2337 4199 2712 4270 cupiditatibus
2737 4205 2938 4273 captiva
2966 4212 3240 4273 teneatur;
3273 4207 3388 4277 ipse
3418 4215 3466 4264 te
3485 4205 3702 4264 exaudiet
3718 4213 3762 4259 ut
3781 4205 3838 4256 in-

2335 4293 2560 4349 teriores
2588 4303 2645 4350 et
2687 4293 2970 4351 invisibiles
3002 4297 3181 4352 hostes
3202 4341 3214 4363 ,
3246 4297 3300 4352 id
3327 4309 3408 4356 est
3433 4301 3566 4372 ipsas
3591 4299 3836 4369 Cupiditates

2335 4385 2668 4444 invisibiliter
2709 4399 2762 4444 et
2789 4389 3132 4460 spiritualiter
3159 4391 3341 4447 vincas
3362 4435 3376 4459 ,
3407 4403 3458 4448 et
3493 4391 3565 4448 sic
3592 4392 3728 4447 utaris
3763 4385 3835 4442 hoc

2334 4478 2532 4532 mundo
2559 4487 2804 4552 tanquam
2824 4493 2928 4535 non
2961 4488 3111 4536 utens
3135 4497 3148 4546 ;
3175 4493 3228 4536 ut
3255 4496 3321 4537 ex
3356 4483 3505 4538 bonis
3531 4485 3634 4554 ejus
3655 4483 3760 4537 bona
3776 4477 3831 4534 fa-

2335 4568 2466 4634 cias,
2491 4585 2596 4623 non
2626 4571 2792 4624 malus
2814 4568 2908 4624 fias
2935 4589 2946 4626 :
2973 4572 3091 4642 quia
3123 4581 3173 4626 et
3200 4570 3311 4642 ipsa
3340 4574 3474 4629 bona
3496 4584 3624 4641 sunt,
3647 4587 3724 4626 nec
3741 4571 3836 4625 datio

2336 4667 2420 4713 tur
2445 4658 2745 4715 hominibus
2764 4662 2863 4716 nisi
2891 4662 2958 4716 ab
2980 4661 3068 4717 illo
3084 4663 3171 4732 qui
3191 4664 3348 4718 habet
3367 4667 3589 4720 omnium
3604 4660 3833 4719 cmlestium

2335 4761 2389 4806 et
2416 4754 2743 4807 terrestrium
2770 4762 3102 4824 potestatem.
3125 4757 3228 4813 Sed
3253 4775 3317 4813 ne
3339 4767 3574 4830 putentur
3591 4753 3723 4818 mala,
3738 4749 3834 4806 dan-

2333 4852 2420 4899 tur
2446 4853 2500 4900 et
2547 4845 2701 4901 bonis
2731 4864 2745 4901 :
2775 4861 2841 4902 ne
2879 4857 3129 4918 putentur
3159 4867 3345 4922 magna
3383 4853 3462 4907 vel
3500 4866 3680 4907 summa
3715 4847 3832 4910 bona,

2334 4934 2526 4992 dantur
2553 4947 2608 4993 et
2635 4935 2808 4998 malis.
2849 4937 3082 5010 itemque
3127 4943 3434 4998 auferuntur
3461 4943 3554 4998 ista
3580 4950 3628 4998 et
3652 4939 3774 4994 bonis
3793 4942 3836 4988 ut

2337 5029 2642 5099 probentur,
2675 5040 2728 5086 et
2757 5031 2906 5086 malis
2933 5040 2989 5086 ut
3024 5035 3343 5089 crucientur.

2406 5119 2492 5177 Η.
2532 5119 2660 5190 Quis
2689 5124 2829 5178 enim
2851 5125 3078 5193 nesciat,
3105 5126 3224 5196 quis
3250 5123 3321 5181 ita
3348 5124 3415 5181 sit
3453 5123 3645 5190 stultus,
3669 5130 3717 5176 ut
3753 5131 3832 5173 non

2332 5211 2508 5268 videat
2552 5215 2692 5284 quod
2725 5216 2868 5270 salus
2895 5209 3052 5286 hujus
3078 5217 3316 5272 mortalis
3354 5217 3607 5284 corporis,
3633 5220 3680 5268 et
3703 5221 3833 5264 mem-

2333 5306 2544 5362 brorum
2577 5306 2997 5378 corruptibilium
3026 5310 3191 5366 virtus
3213 5353 3226 5374 ,
3255 5320 3308 5365 et
3336 5310 3542 5364 victoria
3569 5307 3628 5362 de
3649 5299 3832 5359 homini-

2333 5398 2433 5454 bus
2464 5402 2480 5431 ί
2510 5399 2751 5465 inimicis,
2787 5410 2839 5455 et
2867 5400 3038 5455 honor
3060 5413 3216 5472 atque
3245 5399 3467 5472 potentia
3496 5393 3774 5464 temporalis,
3793 5395 3833 5441 et

2333 5501 2524 5548 caztera
2554 5493 2650 5547 ista
2677 5491 2813 5546 bona
2838 5501 3069 5559 terrena,
3097 5502 3150 5548 et
3176 5493 3326 5548 bonis
3352 5487 3532 5546 dentur
3561 5497 3607 5545 et
3630 5481 3772 5544 malis,
3791 5485 3832 5531 et

2395 5632 2414 5663 ⁸
2437 5637 2574 5701 Ιλοξτ.Σ
2592 5629 2655 5680 de
2921 5628 3262 5683 meacumea
3280 5627 3568 5682 mellisam
3583 5621 3840 5676 editionum.

2328 5691 2841 5756 malum
