4024 6372
110 255 199 315 997

110 366 243 445 bqpig
280 361 582 418 auferantur
622 368 676 415 et
719 357 915 413 malis?
950 356 1105 413 Salus
1139 370 1269 410 vero
1312 354 1503 425 animae
1537 365 1659 409 cum

111 454 476 531 immortalitate
499 451 759 537 corpgris,
791 451 1060 533 virtusque
1080 447 1331 521 jnstitias,
1363 454 1417 501 et
1438 444 1659 499 victoria

109 550 164 607 de
184 536 546 625 cupiditatibus
573 528 821 623 inimicis,
850 549 905 621 et
927 528 1091 612 gleria
1120 546 1173 607 et
1196 539 1368 625 honor
1392 547 1447 593 et
1476 550 1576 617 pax
1606 536 1658 592 in

109 618 355 709 aeternum,
378 622 483 695 non
515 618 706 707 dan-tur
736 618 833 700 nisi
852 618 1027 713 bonis.
1073 630 1174 690 Ista
1199 618 1327 705 ergo
1352 631 1533 711 dilige,
1560 624 1659 686 ista

108 718 412 809 concupiscis,
441 712 543 787 ista
572 726 819 809 omnibus
850 712 1020 803 modis
1053 740 1250 801 quaere.
1293 722 1519 809 Propter
1544 723 1660 778 lucc

107 806 393 897 acquirenda
419 831 472 879 et
500 806 785 893 obtinenda
813 821 892 876 fac
918 808 1285 895 eleemosynas
1305 861 1318 884 ,
1342 806 1509 871 l‘unde
1537 830 1660 870 ora-

110 918 271 989 tiones,
301 930 488 985 exerce
510 908 734 989 jejunio,
764 919 1018 985 quantum
1044 904 1159 966 sine
1186 910 1401 964 laesione
1421 906 1662 979 corporis

108 1006 168 1060 tul
194 996 352 1081 poles.
395 997 539 1081 Bona
566 1014 695 1059 vero
721 1001 810 1057 illa
836 1010 1043 1057 terrena
1075 998 1182 1081 noli
1211 995 1462 1069 diligere,
1489 1013 1660 1068 quan-

111 1097 266 1167 talibet
293 1089 380 1151 tibi
400 1080 680 1150 abundent
704 1112 717 1147 :
741 1095 819 1165 sic
847 1095 925 1149 eis
952 1104 1130 1159 utere,
1156 1098 1212 1146 ut
1237 1091 1374 1146 bona
1403 1088 1566 1167 multa
1596 1103 1661 1145 ex

112 1172 213 1252 illis,
240 1168 439 1257 nullum
466 1193 643 1239 autem
672 1168 868 1257 malum
896 1180 1056 1237 facias
1082 1186 1296 1257 propter
1326 1170 1433 1234 illa.
1474 1175 1661 1233 Omnia

110 1262 274 1347 quippe
294 1254 429 1330 ~talia
464 1268 717 1351 peribunt
746 1291 759 1341 ;
788 1254 879 1347 sed
911 1270 1047 1327 bona
1084 1260 1246 1351 Opera
1272 1256 1389 1325 non
1416 1275 1661 1341 pereunt,

110 1352 241 1425 etiam
268 1377 382 1439 quae
407 1364 476 1422 de
503 1364 659 1421 bonis
687 1363 1030 1438 pereuntibus
1061 1361 1209 1441 fiunt.

168 1442 241 1514 ii.
279 1456 331 1533 Si
363 1456 504 1513 enim
546 1450 825 1537 coniugem
869 1471 972 1510 non
1016 1448 1278 1521 haberes,
1309 1452 1540 1531 dicerem
1570 1452 1664 1508 tibi

109 1540 225 1625 quod
252 1536 302 1627 et
322 1536 568 1627 Tubunis
593 1546 840 1616 diximus,
877 1557 933 1604 ut
963 1547 1015 1605 in
1042 1544 1359 1627 sanctitatei
1385 1544 1664 1603 continen-

112 1624 182 1700 tia
200 1624 391 1699 viveres
416 1661 428 1697 :
451 1637 728 1717 adderem,
751 1639 890 1711 quod
914 1648 1037 1695 tunc
1068 1638 1180 1713 ﬁeri
1205 1624 1586 1717 prohibuimus,
1610 1642 1669 1691 ut

106 1737 196 1806 jam
223 1740 287 1801 te,
304 1740 561 1807 quantum
584 1750 759 1789 rerum
782 1732 1128 1811 humanarum
1152 1726 1293 1805 salva
1315 1745 1443 1799 pace
1464 1728 1667 1799 potuis-

109 1842 208 1893 ses,
235 1827 298 1881 ab
326 1806 440 1882 istis
468 1825 632 1880 rebus
656 1806 860 1880 bellicis
887 1806 1243 1881 abstraheres,
1275 1828 1329 1873 et
1354 1819 1402 1873 ei
1424 1818 1544 1871 vitae
1572 1832 1667 1871 va—

108 1928 235 1974 cares
253 1920 301 1973 in
322 1918 580 1974 societate
600 1924 922 1976 sanctorum,
940 1914 1025 1968 cui
1043 1923 1165 1967 tunc
1182 1925 1370 1965 vacare
1386 1910 1666 1978 cupiebas;

109 2008 181 2064 ubi
205 2010 253 2065 in
276 2009 487 2065 silentio
512 2014 745 2079 pugnant
763 2005 957 2061 milites
977 2003 1193 2068 Christi,
1222 2019 1326 2057 non
1355 2010 1411 2057 ut
1430 2000 1672 2055 occidant

107 2099 324 2161 homines
342 2138 357 2167 ,
386 2099 482 2156 sed
511 2108 572 2157 ut
594 2105 898 2169 expugnent
925 2096 1191 2166 principes
1228 2103 1282 2149 et
1306 2101 1595 2163 potestates
1619 2097 1672 2145 et

102 2193 364 2263 spiritualia
399 2192 660 2262 nequitiae
697 2188 858 2263 (Eph.
881 2204 953 2263 vl,
986 2188 1110 2258 12),
1138 2186 1190 2241 id
1219 2195 1299 2241 est
1325 2184 1593 2239 diabolum
1618 2192 1672 2237 et

104 2284 295 2361 angelos
331 2284 469 2361 ejus.
516 2282 625 2343 llos
660 2281 799 2336 enim
830 2279 1014 2336 hostes
1050 2277 1217 2351 sancti
1251 2276 1501 2361 vincunt,
1541 2286 1673 2343 quos

108 2374 266 2447 videre
302 2360 405 2451 non
441 2381 710 2453 possunt;
742 2380 795 2443 et
822 2379 1002 2449 tamen
1027 2382 1157 2449 quos
1187 2381 1292 2431 non
1322 2360 1532 2445 vident,
1560 2361 1675 2415 vin-

103 2460 209 2543 cunt
227 2507 241 2533 ,
269 2450 366 2539 ista
392 2450 664 2523 vincendo
693 2477 811 2541 qua:
840 2462 1093 2535 sentiunt.
1126 2453 1231 2513 Sed
1260 2466 1317 2510 ut
1344 2464 1395 2510 te
1420 2450 1486 2521 ad
1520 2450 1673 2507 istam

104 2540 244 2633 vitam
278 2571 381 2639 gon
418 2540 715 2619 exhorter,
756 2551 946 2621 conjux
985 2540 1363 2620 impedimento
1404 2553 1516 2608 est,
1560 2542 1676 2599 sine

106 2647 235 2719 cujps
268 2632 628 2715 consensione
663 2644 996 2699 continenter
1036 2641 1130 2695 tibi
1174 2656 1277 2719 non
1310 2634 1433 2693 licet
1460 2636 1672 2702 vivere;

106 2720 327 2817 quia-etsi
356 2751 412 2805 tu
434 2753 557 2801 eam
580 2746 702 2809 post
726 2733 811 2790 illa
836 2743 919 2790 tua
944 2732 1105 2789 verba
1125 2718 1461 2799 Tubunensia
1481 2726 1677 2782 ducere

107 2812 197 2903 non
224 2812 479 2905 debebas,
509 2829 594 2884 illa
625 2828 719 2882 tibi
749 2838 921 2882 tamen
942 2864 959 2891 ,
990 2823 1123 2887 nihil
1149 2836 1329 2876 eorum
1357 2819 1531 2875 sciens
1551 2858 1567 2883 ,
1598 2816 1679 2872 in-

108 2904 340 2997 nocenter
370 2931 425 2981 et
454 2920 769 2995 simpliciter
797 2915 995 2989 nupsit.
1036 2904 1207 2985 Atque
1246 2912 1448 2966 utinam
1492 2924 1678 2983 posses

108 3012 147 3065 ei
164 3012 485 3087 persuadere
504 3010 906 3076 continentiam,
936 3017 991 3063 ut
1015 3007 1130 3062 sine
1156 3003 1532 3077 impedimento
1558 3001 1679 3087 red-

108 3086 245 3179 deres
277 3103 389 3163 Deo
429 3101 574 3177 quod
604 3111 656 3169 te
684 3101 880 3156 debere
906 3096 1205 3168 cognoscis.
1235 3088 1340 3151 Sed
1369 3093 1413 3148 si
1438 3108 1557 3147 cum
1588 3086 1676 3146 illa

108 3206 247 3265 agere
272 3210 378 3271 non
406 3204 579 3267 potes,
606 3207 759 3263 serva
786 3190 973 3249 saltem
998 3188 1298 3259 pudicitiam
1321 3182 1673 3256 coniugalem,

108 3292 153 3341 et
172 3300 296 3358 roga
317 3276 509 3359 Deum,
540 3286 630 3357 qui
656 3292 708 3340 te
728 3283 794 3359 de
816 3281 1218 3339 necessitatibus
1242 3288 1420 3344 eruet,
1452 3288 1509 3334 ut
1537 3270 1675 3350 quod

108 3390 199 3445 non
239 3358 392 3450 potes
436 3378 629 3451 modo,
674 3358 847 3451 possis
879 3374 1181 3445 aliquando.
1212 3375 1587 3430 Verumtamen
1621 3384 1678 3429 ut

107 3464 255 3538 Deum
282 3472 492 3543 diligas,
526 3487 629 3541 non
654 3470 841 3543 diligas
868 3467 1158 3543 mundum;
1192 3478 1249 3523 ut
1272 3467 1324 3522 in
1353 3467 1482 3539 ipsis
1501 3466 1672 3534 bellis,

105 3559 146 3614 si
164 3562 336 3627 adhuc
362 3564 416 3618 in
444 3565 522 3623 eis
549 3572 600 3619 te
628 3562 827 3633 versari
856 3576 988 3632 opus
1017 3568 1128 3624 est,
1157 3559 1314 3616 ﬁdem
1344 3570 1553 3623 teneas,
1586 3574 1677 3630 pa-

105 3665 208 3713 cem
246 3670 489 3724 qumras;
521 3664 577 3711 ut
605 3670 671 3715 ex
709 3654 890 3725 mundi
932 3653 1088 3729 bonis
1126 3654 1287 3729 facias
1326 3652 1464 3709 bona
1493 3668 1672 3724 opera,

102 3751 147 3798 et
176 3755 399 3817 propter
428 3747 607 3800 mundi
650 3747 789 3802 bona
828 3761 933 3815 non
974 3744 1135 3819 facias
1177 3760 1335 3816 opera
1374 3745 1542 3812 mala,
1587 3754 1678 3800 aut

104 3849 197 3899 non
224 3835 455 3903 impedit
478 3835 693 3913 ennius,
720 3845 813 3890 aut
836 3835 1094 3905 impedire
1123 3851 1228 3889 non
1252 3835 1428 3889 debet.
1461 3835 1583 3890 Haec
1610 3836 1677 3891 ad

102 3934 161 3992 to,
188 3926 267 3985 ﬁli
294 3924 668 3991 dilectissime,
700 3933 758 3979 ut
780 3925 1069 3989 scriberem
1099 3924 1331 3979 eharitas
1355 3925 1543 3994 jussit,
1576 3942 1677 3995 qua

102 4027 147 4075 te
168 4017 467 4077 secundum
496 4019 660 4074 Deum
679 4057 693 4084 ,
736 4032 845 4073 non
874 4016 1162 4073 secundum
1192 4016 1294 4071 hoc
1320 4018 1571 4070 sacculum
1599 4018 1679 4071 di-

104 4109 197 4183 ligo
232 4129 246 4165 :
285 4109 410 4181 quia
453 4119 507 4165 et
550 4110 787 4180 cogitans
830 4108 970 4180 quod
1017 4108 1271 4177 scriptum
1318 4117 1428 4175 est,
1472 4105 1681 4180 Corripe

108 4203 405 4272 sapientem,
445 4210 491 4259 et
529 4201 717 4255 amabit
752 4210 835 4269 te;
872 4200 1067 4271 corripe
1106 4197 1343 4263 stultum,
1391 4207 1439 4253 et
1478 4199 1679 4270 adjiciet

109 4292 257 4353 Odisse
292 4303 341 4348 te
380 4292 561 4364 (Prov.
585 4308 679 4360 ιι,
710 4289 802 4365 8);
845 4306 949 4347 non
990 4301 1039 4348 te
1078 4292 1259 4361 utique
1298 4291 1515 4346 stultum
1537 4332 1550 4357 ,
1582 4291 1676 4347 sed

112 4386 388 4455 sapientem
413 4385 571 4442 debui
596 4386 850 4456 cogitare.
932 4440 935 4443 ,

512 4497 839 4555 EPISTOLA
876 4496 1079 4553 cem
1111 4501 1129 4523 ο
1163 4495 1261 4571 (a).

118 4604 478 4695 Quodpultdeus
498 4610 799 4683 Augustino,
831 4610 1069 4681 ﬂagitans
1098 4619 1149 4663 ut
1177 4611 1428 4664 hm‘seon
1456 4611 1699 4673 omnium.

166 4684 279 4777 ltum
304 4694 545 4755 adversus
568 4692 894 4755 christianum
925 4700 1075 4769 ﬁdem
1111 4699 1459 4771 pullularunt,
1487 4700 1678 4754 catalo-

174 4778 284 4867 gum
320 4786 535 4859 scribat,
576 4804 844 4862 earumque
870 4806 1061 4845 errores
1090 4798 1133 4843 et
1162 4790 1289 4844 ritus
1328 4791 1501 4860 paucis
1538 4806 1675 4845 com-

83 4863 105 4903 "
167 4863 428 4951 plectatur.

97 4962 321 5031 'Douiino
360 4975 555 5030 merito
589 4970 913 5049 venerabili,
942 4978 996 5028 et
1027 4984 1155 5028 vere
1188 4972 1500 5028 beatissimo
1541 4972 1675 5043 patri

104 5138 105 5145 γ
198 5050 511 5129 ’Ᾱυαυετικο
540 5068 816 5141 episcopo,
846 5070 1267 5145 Quonvumnnus
1290 5068 1568 5123 diaconus.

174 5181 222 5247 1.
260 5181 367 5259 Diu
396 5182 618 5256 trepidus
645 5176 742 5255 fui,
771 5191 818 5236 et
841 5198 992 5257 ausus
1014 5180 1102 5235 hos
1125 5198 1257 5234 meos
1284 5176 1544 5251 aliquoties
1568 5178 1676 5233 dis-

120 5271 199 5347 tuli
225 5290 243 5329 :
269 5275 359 5357 sed
399 5291 477 5329 me
520 5264 901 5355 principaliter,
944 5283 997 5326 ut
1038 5271 1139 5324 dici
1180 5271 1393 5338 assolet,
1437 5271 1677 5324 animavit

171 5406 187 5437 ¹
214 5413 317 5460 Mss.
342 5410 558 5474 quinque
577 5407 795 5458 melioris
813 5413 959 5467 note,
984 5412 1033 5455 ut
1050 5404 1099 5455 in
1124 5404 1337 5455 castitate
1359 5400 1673 5454 coruinentiat.

169 5486 186 5507 '
202 5487 346 5555 Epist.
380 5492 557 5553 ccxxt,
580 5500 698 5555 etc.,
730 5489 1164 5555 Quodvultdei,_et
1194 5488 1258 5538 sit
1281 5485 1673 5555 Monaesum,

123 5560 176 5598 ex
194 5550 224 5601 ϐ
236 5550 371 5604 ὶοιῐιο
387 5555 482 5605 huc
505 5550 691 5615 aScitae,
709 5550 760 5603 et
780 5553 841 5601 ad
866 5554 1023 5602 varios
1042 5551 1157 5601 cdd.
1175 5550 1458 5613 recognita.

168 5634 315 5703 ,ίᾳὶιίι
332 5632 528 5703 litoreo,
548 5636 664 5689 ante
692 5634 783 5703 lib.
803 5637 869 5687 de
901 5630 1195 5703 negamus.
1229 5643 1347 5695 Quae
1383 5641 1555 5683 autem
1582 5631 1673 5683 221

124 5698 841 5763 Multandum“
860 5712 943 5751 an.
964 5698 1079 5750 421.

1281 236 1754 298 EPISTOLARUM
1789 236 2063 293 CLASSIS
2101 236 2184 292 Ill.

3245 244 3348 302 998

1766 347 2100 423 [lentitudinis
2115 356 2216 411 tute
2230 347 2563 403 benevolentia
2578 349 2806 405 omnibus
2818 352 3139 424 comprobata
3155 368 3176 410 :
3194 370 3343 425 quam

1767 438 1887 493 dum
1911 439 2169 493 considero
2189 481 2203 506 ,
2239 440 2403 510 magis
2438 440 2583 509 timui
2614 456 2676 495 ne
2712 457 2811 495 non
2842 443 3051 512 petendo
3079 446 3339 515 superbus,

1765 551 1869 588 non
1890 532 2156 606 quaarendo
2185 518 2481 597 desidiosus,
2511 546 2611 586 non
2639 530 2885 601 pulsando
2916 520 3056 605 piger
3074 550 3104 588 a
3125 534 3346 593 Domino

1754 624 2035 696 judicarer.
2084 623 2323 695 Suﬂicere
2371 632 2537 679 autem
2584 622 2706 678 mihi
2756 624 3008 680 crederem
3059 626 3346 697 hujusmodi

1768 718 2111 772 tantummodo
2140 718 2473 784 uoluntatem,
2502 714 2549 795 si
2586 718 2806 785 fructum
2842 718 3057 790 adipisci
3088 734 3186 774 non
3226 737 3345 790 pos-

1765 826 1868 864 sem
1897 826 1916 865 :
1940 826 2054 865 cum
2080 817 2248 865 autem
2278 824 2368 881 pro
2398 818 2531 865 certo
2557 810 2774 864 noverim
2794 852 2808 876 ,
2840 812 3022 866 ostium
3050 810 3207 867 divini
3233 829 3345 869 sere

1766 900 1929 955 monis
1949 943 1961 965 ,
1993 900 2129 974 quod
2171 890 2492 956 νεικεῖ-αιὶοηί
2530 908 2629 955 tua:
2659 902 2867 957 ctzlestis
2901 904 3063 974 gratia
3094 906 3345 976 patefecit,

1766 1001 1995 1062 paratam
2017 1008 2121 1046 esse
2140 1000 2349 1046 mentem
2372 1000 2511 1045 tuam
2530 996 2776 1053 sanctam.
2799 1008 2947 1064 quam
2971 994 3184 1064 possidet
3202 995 3348 1050 Chric

1766 1090 1892 1147 stus,
1922 1099 2019 1137 non
2048 1083 2209 1137 solum
2236 1083 2425 1137 cunctis
2452 1082 2723 1138 uolentibus
2747 1082 2985 1155 pandere,
3008 1097 3177 1140 verum
3197 1088 3349 1141 etiam

1767 1175 2069 1241 nolentibus,
2101 1186 2155 1229 ut
2183 1177 2389 1231 introire
2416 1192 2516 1231 non
2546 1176 2744 1248 pigeat,
2772 1175 3111 1250 persuadere;
3135 1194 3352 1251 occupa-

1768 1266 1893 1343 tioni
1908 1256 2218 1322 Reverentia:
2238 1277 2336 1322 tua:
2351 1267 2663 1338 multiloquio
2680 1282 2737 1323 su
2743 1268 2937 1339 perﬂuo
2952 1285 3145 1323 moram
3161 1287 3261 1325 non
3278 1276 3351 1343 fa-

1766 1356 1916 1422 ciam,
1936 1353 2025 1411 sed
2042 1354 2348 1412 desiderium
2364 1353 2717 1412 obsecrationis
2734 1374 2856 1413 mea:
2870 1358 3077 1414 breviter
3095 1360 3347 1417 indicabo.

1839 1448 1893 1502 2.
1936 1448 2228 1503 Nonnullos
2272 1449 2325 1502 in
2366 1451 2500 1504 clero
2541 1452 2751 1521 hujusce
2784 1453 2801 1483 ⁸
2840 1452 2987 1506 etiam
3026 1454 3352 1524 amplissima

1768 1541 1980 1595 civitatis
2009 1557 2114 1594 esse
2140 1540 2394 1611 imperitos
2412 1583 2426 1607 ,
2456 1556 2517 1597 ea:
2544 1544 2733 1612 meipso
2761 1543 3004 1615 conjicio,
3037 1556 3081 1601 et
3108 1559 3353 1618 quantum

1770 1628 2000 1686 universo
2026 1628 2103 1685 illi
2128 1629 2296 1685 ordini
2330 1636 2645 1706 profuturum
2675 1632 2738 1688 sit
2770 1633 2905 1705 quod
2939 1649 3118 1707 expeto
3137 1680 3152 1704 ,
3181 1639 3349 1693 consi-

1771 1723 2020 1779 derationi
2058 1720 2355 1779 Sanctitatis
2386 1734 2483 1780 tute
2512 1725 2875 1781 discutiendum
2909 1724 3086 1796 offero.
3138 1727 3350 1786 Privile.

1771 1815 1854 1887 gio
1900 1830 2114 1884 namque
2156 1826 2448 1869 cunctorum
2493 1818 2580 1886 qui
2625 1818 2720 1871 hoc
2762 1820 2824 1872 de
2865 1818 3211 1890 spiritualibus
3256 1823 3357 1878 tuis

1775 1905 2026 1959 laboribus
2047 1918 2406 1975 promerentur,
2432 1909 2579 1961 etiam
2599 1924 2678 1961 me
2695 1910 2958 1980 indignum
2976 1923 3355 1969 consecuturum

1774 2012 1882 2051 esse
1908 2012 2184 2067 prtesumo,
2218 1998 2422 2052 domine
2458 2000 2633 2054 merito
2666 2001 2959 2057 uenerabilis
2978 2043 2993 2068 ,
3032 2014 3077 2059 et
3106 2021 3218 2059 vere
3241 2006 3356 2059 bea-

1776 2088 1963 2142 tissime
1997 2098 2157 2159 pater.
2199 2088 2391 2143 Precor
2417 2090 2569 2160 igitur
2595 2089 2966 2146 Beatitudinem
3001 2104 3172 2160 tuam,
3214 2105 3267 2149 ut
3294 2112 3357 2151 ea:

1775 2196 1873 2249 quo
1908 2181 2187 2235 christiana
2219 2180 2396 2252 religio
2425 2182 2732 2237 Itwreditatis
2761 2185 3021 2253 promissw
3051 2202 3231 2241 nomen
3269 2204 3356 2241 ac-

1775 2270 1924 2341 cepit,
1950 2286 2064 2341 qua:
2087 2272 2298 2325 hereses
2319 2272 2522 2341 fuerint,
2550 2273 2685 2336 sint;
2711 2289 2836 2343 quos
2859 2256 3050 2330 errores
3072 2276 3352 2345 intulerint,

1775 2361 2029 2430 inferant;
2056 2361 2177 2431 quid
2204 2362 2441 2435 adversus
2465 2363 2762 2418 catholicam
2791 2364 3066 2420 Ecclesium
3091 2370 3353 2434 senserint,

1778 2454 2011 2518 sentiant,
2040 2453 2102 2506 de
2125 2452 2245 2522 ﬁde,
2256 2453 2318 2507 de
2338 2452 2602 2521 Trinitatc,
2626 2454 2691 2515 de
2712 2453 2989 2526 Baptismo,
3014 2457 3077 2511 de
3100 2457 3357 2513 Paeniten-

1779 2544 1869 2610 tia,
1897 2543 1961 2599 de
1980 2545 2180 2609 homine
2198 2542 2418 2609 Christo,
2443 2545 2503 2600 de
2524 2543 2633 2599 Deo
2652 2545 2871 2611 Christo,
2896 2548 2957 2600 de
2975 2551 3355 2617 resurrectione,

1779 2634 1843 2688 de
1868 2633 2014 2689 Nouo
2040 2646 2085 2689 ct
2116 2633 2287 2690 Vetere
2309 2635 2656 2701 Testamento;
2681 2646 2727 2690 et
2750 2640 2920 2691 omnia
2940 2641 3160 2711 omnino,
3183 2643 3358 2712 quibus

1780 2742 1811 2779 a
1834 2728 2038 2781 ueritate
2066 2728 2361 2782 dissentiunt
2393 2742 2412 2781 .'
2441 2742 2554 2796 qua
2588 2730 2740 2783 etiam
2766 2728 3081 2801 Baptismum
3110 2734 3354 2801 habeant,

1779 2832 1947 2886 qume
1986 2835 2087 2872 non
2125 2819 2371 2884 habeant;
2410 2827 2458 2873 et
2497 2828 2608 2889 post
2644 2836 2769 2890 quas
2796 2822 3042 2890 baptizet,
3078 2840 3164 2878 nec
3194 2835 3358 2881 tamen

1779 2912 2048 2981 rebaptizet
2077 2910 2338 2976 Ecclesia;
2369 2910 2582 2978 qualiter
2608 2913 2846 2984 suscipiat
2877 2914 3140 2980 venientes,
3170 2926 3217 2970 et
3238 2917 3358 2985 quid

1780 3003 1993 3074 singulis
2039 3003 2178 3073 lege,
2235 3004 2559 3070 auctoritate,
2610 3014 2760 3074 atque
2802 3006 2995 3059 ratione
3039 3007 3357 3077 respondeat,

1780 3094 1999 3165 digneris
2032 3110 2297 3163 exponere.

1853 3187 1906 3239 5.
1950 3185 2061 3239 Nec
2105 3202 2182 3238 me
2218 3192 2372 3239 tanta:
2405 3183 2672 3241 Beatitudo
2715 3196 2801 3240 tua
2837 3187 3006 3241 credat
3042 3189 3274 3257 ineptiae,
3307 3200 3360 3244 ut

1782 3292 1879 3329 non
1906 3275 2168 3346 inspiciunt
2205 3278 2403 3346 quantis
2440 3288 2487 3331 ct
2526 3294 2679 3348 quam
2716 3278 2997 3346 ingentibus
3030 3280 3362 3335 uoluminibus

1781 3383 1908 3437 opus
1946 3368 2045 3431 sit,
2084 3378 2136 3419 ut
2178 3368 2369 3436 possint
2405 3368 2500 3421 ista
2535 3368 2756 3422 dissolui.
2798 3367 2981 3422 Verum
3010 3372 3103 3422 hoc
3136 3387 3224 3442 ego
3253 3373 3363 3439 ﬁeri

1781 3473 1882 3512 non
1911 3468 2124 3527 expeto;
2153 3457 2206 3511 id
2244 3458 2375 3511 enim
2411 3458 2751 3528 multipliciter
2778 3459 2969 3528 factum
3002 3477 3109 3515 esse
3138 3479 3235 3515 non
3262 3463 3361 3515 du-

1783 3550 1882 3604 bito
1907 3563 1925 3603 :
1946 3550 2033 3603 sed
2054 3550 2279 3613 breviter,
2308 3551 2562 3617 perstricta
2588 3560 2732 3619 atque
2757 3552 3064 3617 summatim,
3093 3563 3140 3605 et
3161 3554 3361 3623 opinio-

1782 3657 1869 3696 nes
1895 3626 2016 3711 rogo
2044 3640 2305 3711 cujuslibet
2334 3640 2536 3694 hwresis
2562 3641 2763 3711 exponi,
2790 3651 2835 3694 et
2858 3642 2980 3711 quid
3001 3652 3174 3697 contra
3202 3654 3362 3698 teneat

1785 3733 2012 3789 Ecclesia
2037 3734 2305 3801 catholica,
2330 3744 2574 3803 quantum
2596 3734 2910 3789 instructioni
2930 3737 3053 3792 satis
3072 3746 3162 3799 est.
3186 3739 3363 3793 subdi:

1781 3836 1835 3878 ut
1861 3827 1991 3878 velut
2028 3826 2245 3893 quodam
2280 3841 2341 3878 ex
2375 3825 2601 3880 omnibus
2631 3836 2866 3896 concepto
2889 3831 3289 3896 commonitorio,
3320 3832 3364 3884 si

1781 3916 1891 3983 quis
1951 3914 2174 3983 aliquam
2216 3916 2540 3983 objectionem
2590 3926 2677 3969 aut
2731 3917 3087 3971 convictionem
3144 3921 3360 3984 uberius,

1783 4004 1978 4073 plenius
2007 4020 2065 4055 ac
2092 4003 2291 4072 planius
2319 4019 2464 4056 nosse
2490 4002 2719 4069 voluerit,
2745 4004 2814 4057 ad
2834 4006 3068 4073 opulenta
3097 4018 3143 4060 et
3169 4011 3364 4078 magni-

1783 4096 1881 4165 [ica
1909 4095 2162 4148 volumina
2188 4094 2557 4147 transmittatur
2574 4131 2589 4159 ,
2618 4094 2797 4165 quibus
2824 4112 2857 4147 ιι
2882 4096 3086 4151 diversis
3104 4136 3119 4160 ,
3152 4107 3197 4149 et
3227 4113 3359 4166 prte-

1783 4186 1927 4256 cipue
1945 4202 1976 4238 a
2003 4184 2331 4239 Veneratione
2354 4193 2440 4238 tua
2460 4185 2511 4237 in
2529 4186 2622 4237 hoc
2636 4185 2801 4255 ipsum
2820 4193 3011 4238 constat
3030 4186 3356 4241 elaboratum.

1784 4274 2006 4348 Sufﬁciet
2034 4284 2199 4329 autent
2222 4275 2496 4329 admonitio
2521 4274 2664 4341 talis,
2692 4284 2745 4327 ut
2772 4284 2890 4343 puto
2907 4313 2920 4337 ,
2949 4275 3106 4331 doctis
3130 4286 3175 4329 et
3202 4278 3359 4347 impe-

1781 4370 1923 4437 ritis,
1949 4369 2121 4423 otiosis
2150 4377 2196 4422 et
2224 4368 2479 4437 occupatis
2498 4407 2514 4429 ,
2543 4377 2589 4420 ct
2615 4366 2680 4421 ad
2709 4365 2969 4436 cujuslibet
2993 4366 3181 4440 gradus
3205 4370 3357 4422 mini-

1781 4466 1987 4517 sterium
2017 4460 2256 4515 Ecclesia:
2282 4460 2624 4529 undecumque
2647 4459 2917 4529 promotis;
2943 4459 3063 4514 dum
3088 4468 3135 4513 et
3164 4461 3249 4513 ille
3274 4462 3359 4530 qui

1781 4553 1940 4606 multa
1982 4551 2132 4623 legit,
2172 4550 2342 4605 eadem
2380 4549 2587 4604 breviter
2622 4549 2947 4616 recordatur,
2987 4560 3032 4603 et
3066 4549 3360 4619 compendio

1781 4644 1988 4716 ignarus
2014 4643 2310 4708 instruitur,
2339 4650 2395 4694 ut
2423 4642 2611 4695 nouerit
2646 4641 2766 4706 quid
2798 4649 2994 4705 teneat,
3025 4639 3144 4707 quid
3181 4640 3324 4691 evitet
3358 4684 3368 4701 ,

1780 4737 1902 4807 quid
1943 4745 2193 4789 aversetur
2238 4750 2300 4787 ne
2347 4733 2532 4802 faciat,
2580 4730 2702 4799 quid
2747 4740 2802 4782 ut
2845 4729 2999 4801 faciat
3045 4739 3354 4799 asscquatur.

1782 4828 2037 4893 Fortassis
2058 4835 2245 4891 autem,
2267 4825 2310 4879 si
2334 4832 2496 4877 tamen
2515 4822 2649 4893 quod
2670 4823 2886 4876 arbitror
2906 4837 3075 4875 verum
3095 4832 3185 4885 est,
3211 4823 3357 4875 etiam

1780 4921 2014 4975 adversus
2039 4917 2452 4972 calumniantium
2478 4915 2724 4985 malignas
2750 4921 2934 4967 mentes
2959 4922 3005 4966 et
3031 4913 3205 4967 dolosa
3227 4913 3357 4966 labia

1781 5028 1907 5082 opus
1926 5011 2020 5065 hoc
2042 5023 2251 5080 paruum
2277 5009 2405 5062 inter
2423 5016 2606 5062 ctetcra
2624 5005 2838 5073 miriﬁca
2862 5004 3140 5057 testimonio
3161 5019 3359 5058 corona:

1783 5113 1882 5157 tius
1907 5118 2007 5157 non
2040 5101 2194 5155 deerit
2231 5116 2249 5155 :
2282 5109 2337 5155 ut
2374 5098 2548 5168 quibus
2589 5104 2723 5166 patet
2765 5111 2973 5166 campus
3011 5095 3357 5148 calumniandi

1782 5195 2067 5268 profusior,
2096 5192 2276 5248 validis
2304 5201 2350 5246 et
2378 5208 2441 5245 ea:
2464 5190 2599 5245 omni
2630 5198 2770 5259 parte
2796 5187 3041 5243 conclusis
3076 5188 3197 5257 ﬁdei
3225 5188 3355 5241 limi-

1783 5287 1912 5340 tibus
1938 5284 2208 5349 coarctati,
2238 5284 2562 5351 omnibusque
2598 5279 2818 5333 veritatis
2855 5277 3064 5332 telorum
3097 5277 3358 5348 generibus

1780 5376 2068 5431 circumacti
2086 5416 2101 5440 ,
2144 5374 2291 5429 etiam
2328 5388 2428 5427 uno
2469 5369 2764 5440 multiformi
2794 5370 2971 5441 jaculo
3008 5378 3207 5440 repente
3239 5384 3357 5437 pro-

1780 5469 1946 5535 strati,
1978 5468 2261 5522 morticinos
2288 5465 2492 5535 spiritus
2518 5480 2619 5518 non
2644 5463 2861 5518 audeant
2888 5461 3143 5515 anhelare.

1850 5560 1904 5615 4.
1955 5558 2109 5614 Video
2134 5574 2285 5631 quam
2309 5570 2545 5611 onerosus
2566 5555 2841 5623 exsistam,
2866 5552 3071 5607 meliora
3096 5550 3363 5622 cogitasti,

1847 5694 1867 5725 ι
1889 5698 2019 5754 Itss.,
2039 5690 2291 5755 cujusque.
