4024 6384
602 390 709 451 099

605 526 653 569 et
682 508 965 584 disponenti
1003 504 1200 578 majora
1235 509 1406 557 sancto
1445 498 1585 562 seni,
1616 502 1662 550 et
1693 494 1919 565 querelas
1957 492 2181 563 corporis

606 603 885 666 sustinenti.
930 600 1035 657 Sed
1081 614 1169 669 per
1205 593 1455 650 Christum
1493 588 1766 643 Dominum
1804 602 1959 658 rogo,
2007 584 2093 654 qui
2136 592 2183 637 te

1838 376 1895 433 S.
1933 370 2298 431 AUGUSTINI
2336 374 2635 437 EPISCOPI

3705 398 3813 457 1000

2290 495 2545 566 nobisque
2570 496 2867 555 charissimi
2893 500 3098 557 Omntii
3122 501 3162 557 ί.
3192 502 3295 559 Pro
3329 504 3423 560 illo
3449 515 3650 574 autem,
3671 522 3719 566 et
3742 528 3813 581 pro

2286 590 2400 660 ejus
2415 600 2582 661 patre,
2605 606 2633 645 a
2654 606 2760 663 quo
2772 592 3050 666 adoptatus
3068 605 3171 662 est,
3190 597 3348 653 etiam
3364 596 3431 652 ad
3447 598 3613 667 ipsum
3629 602 3811 672 scripsi:

607 697 900 771 participem
924 691 1183 764 sapientia
1204 702 1312 742 sua
1343 685 1450 740 sine
1479 682 1669 737 invidia
1692 697 1799 735 esse
1821 678 2086 741 concessit,
2125 685 2182 730 ut
2283 697 2414 753 quas
2436 683 2638 740 ιίιιεης
2679 701 2800 741 cum
2846 687 3031 758 legem
3071 688 3359 745 christiana
3404 690 3694 762 malignius
3719 705 3810 764 tua.

608 770 739 847 hanc
766 787 976 861 gratiam
1018 784 1171 838 dones
1208 779 1422 835 indoctis
1452 775 1721 841 Ecclesia,
1755 774 1842 845 qui
1879 781 1926 826 te
1950 770 2178 842 agnoscis

605 860 907 952 sapientibus
933 885 1077 946 atque
1102 869 1453 943 insipientibus
1485 866 1753 921 debitorem
1782 862 1955 935 (Rom.
1984 878 2033 929 ι,
2063 860 2175 930 14),

604 950 778 1029 merito
800 986 859 1023 ac
872 970 993 1040 jure
1018 964 1240 1019 dicturus
1266 977 1285 1017 :
1311 979 1331 1012 ι
1359 959 1532 1013 Videte
1557 958 1791 1027 quoniam
1816 969 1916 1007 non
1940 951 2063 1006 mihi
2082 950 2177 1004 soli

604 1063 823 1120 laboravi
840 1058 856 1129 ,
895 1059 983 1116 sed
1012 1055 1238 1112 omnibus
1267 1050 1633 1123 requirentibus
1658 1047 1909 1101 veritatem
1928 1062 1946 1096 ι
1988 1042 2173 1114 (Eccli.

603 1171 753 1220 xnv,
779 1155 877 1218 47,
910 1160 955 1206 et
981 1164 1149 1205 xxxm
1168 1188 1184 1215 ,
1214 1143 1324 1217 l8).
1355 1142 1509 1197 Potui
1536 1141 1701 1194 adhuc
1725 1136 1905 1206 offerre
1928 1134 2177 1205 supplices

602 1260 647 1304 et
672 1246 970 1316 multiplices
997 1258 1195 1313 preces,
1223 1249 1270 1292 et
1289 1252 1480 1290 mecum
1506 1233 1849 1303 imperitorum
1872 1228 2055 1282 classes
2079 1226 2174 1278 ad-

601 1341 844 1402 sciscere;
872 1334 960 1391 sed
979 1333 1135 1387 malui
1151 1332 1265 1401 jam
1288 1328 1463 1382 audire
1486 1326 1503 1356 ί
1531 1325 1817 1389 dictantem,
1843 1335 1992 1391 quam
2011 1317 2176 1372 adhuc

599 1444 843 1500 occupare
870 1427 1127 1497 legentem.

1019 1511 1347 1569 EPISTOLA
1382 1506 1613 1564 ccxxn
1641 1504 1741 1576 (a).

601 1610 908 1682 Augustinus
931 1603 1279 1671 Quodvultdeo
1294 1642 1309 1663 ,
1335 1606 1579 1654 excusans
1604 1593 1845 1664 prapositi
1864 1592 2027 1682 operis
2046 1590 2176 1659 difﬁ-

671 1680 904 1755 cultatem
920 1736 937 1763 ,
965 1709 1166 1763 remque
1190 1694 1251 1745 ab
1277 1688 1391 1743 aliis
1420 1694 1657 1740 tentatum
1683 1698 1787 1737 esse
1811 1680 2102 1734 admonens.

604 1807 954 1867 Dilectissimo
983 1803 1092 1859 lilio
1118 1809 1173 1857 et
1196 1797 1521 1855 condiacono
1545 1793 1965 1861 Quoovuuoso,
1996 1787 2175 1843 Accu-

1130 1906 1311 1948 STINUS
1346 1888 1646 1959 episcopus.

673 2019 725 2072 1.
768 2011 1011 2082 Acceptis
1037 2006 1223 2063 litteris
1246 2000 1534 2059 Cbaritatis
1558 2008 1679 2063 tute,
1705 1996 1794 2051 ubi
1820 2009 1850 2048 a
1874 2009 1961 2048 me
1985 1991 2176 2046 arden-

600 2110 805 2165 tissimo
824 2104 997 2160 studio
1018 2096 1292 2171 postulasti
1316 2103 1375 2149 ut
1393 2093 1459 2148 de
1480 2088 1724 2145 omnibus
1744 2084 2038 2141 haeresibus
2058 2098 2176 2153 qua:

601 2210 722 2273 post
758 2195 965 2253 Domini
994 2188 1285 2249 Salvatoris
1315 2185 1600 2240 adventum
1633 2178 1884 2233 adversus
1922 2173 2037 2245 ejus
2074 2172 2174 2227 do-

602 2266 822 2349 ctrinam
868 2286 1291 2359 pullulaverunt,
1336 2274 1534 2346 aliquid
1578 2272 1812 2326 breviter
1849 2266 2172 2331 scriberem;

602 2400 760 2457 quam
788 2382 857 2436 sit
874 2358 982 2434 IlOC
1005 2374 1240 2437 difﬁcile,
1270 2369 1521 2425 continuo
1543 2370 1753 2434 reperta
1783 2358 2060 2414 occasione
2084 2370 2173 2409 re-

602 2448 787 2545 scripsi
811 2488 903 2543 per
926 2471 1088 2524 ﬁlium
1109 2478 1283 2521 meum
1304 2456 1715 2530 Hipponensium
1736 2451 2042 2523 primarium
2061 2448 2175 2503 Plii-

602 2567 826 2623 loculum
859 2582 873 2618 :
900 2576 1023 2617 mox
1051 2568 1226 2613 autem
1252 2553 1409 2608 etiam
1439 2551 1539 2603 ista
1567 2546 1739 2601 oblata
1767 2552 1881 2609 est,
1908 2556 2007 2611 qua
2035 2552 2175 2593 nunc

601 2657 855 2722 rescribo,
884 2662 938 2709 et
960 2650 1191 2707 breviter
1214 2642 1574 2700 difﬁcultatem
1602 2635 1776 2705 operis
1796 2633 1910 2703 ejus
1928 2629 2171 2686 ostendo.

670 2750 724 2804 2.
765 2744 1079 2804 Pliilastrius
1114 2737 1325 2810 quidam
1366 2729 1653 2787 Brixiensis
1679 2726 1986 2796 episcOpus,
2017 2735 2173 2790 quem

601 2857 723 2897 cum
749 2846 930 2893 sancto
960 2828 1240 2889 Ambrosio
1266 2820 1543 2880 Mediolani
1568 2818 1726 2873 etiam
1754 2816 1865 2885 ipse
1889 2812 2015 2876 vidi,
2045 2810 2174 2864 scri-

601 2933 706 3004 psit
726 2929 848 2985 liinc
863 2928 1055 2982 librum
1074 2943 1088 2987 -,
1112 2935 1207 2975 nec
1224 2919 1344 2973 illas
1372 2916 1600 2969 haereses
1614 2905 2039 2979 prastermittens,
2057 2917 2175 2971 qua:

604 2995 660 3080 in
686 3022 880 3093 populo
903 3017 1086 3073 Juda-o
1112 3013 1323 3067 luerunt
1347 3016 1468 3061 ante
1493 3003 1773 3058 adventum
1802 2995 2026 3059 Domini,
2059 3007 2174 3049 eas-

602 3084 707 3185 que
722 3084 904 3181 viginti
920 3116 1038 3161 octo
1054 3098 1518 3159 commemoravit;
1545 3102 1597 3148 et
1616 3098 1735 3161 post
1748 3086 1955 3143 Domini
1974 3084 2172 3139 adven-

604 3177 712 3260 tum
730 3177 939 3257 centum
956 3197 1137 3267 viginti
1159 3204 1297 3248 octo.
1315 3188 1537 3257 Scripsit
1558 3185 1682 3239 hinc
1695 3183 1851 3237 etiam
1872 3194 2043 3251 graec
2063 3177 2174 3246 epi-

602 3309 795 3366 scopus
810 3292 1030 3364 Cyprius
1045 3285 1397 3357 Epiphanius,
1421 3283 1473 3334 in
1494 3277 1731 3333 doctrina
1755 3273 2025 3329 catholica
2050 3269 2173 3323 ﬁdei

602 3361 932 3444 laudabiliter
961 3378 1260 3434 diti-amatus
1292 3391 1305 3425 :
1339 3371 1431 3425 sed
1462 3371 1573 3438 ipse
1614 3367 1885 3433 utriusque
1924 3361 2174 3443 temporis

603 3480 838 3534 haereses
861 3472 1134 3540 colligens,
1162 3464 1425 3535 octoginta
1448 3459 1752 3529 complexus
1773 3467 1871 3511 est.
1896 3454 2025 3508 Cum
2048 3466 2175 3523 ergo

603 3570 759 3625 ambo
802 3566 853 3621 id
896 3563 1094 3619 vellent
1134 3559 1309 3614 facere
1353 3552 1493 3624 quod
1535 3567 1564 3605 a
1603 3564 1688 3605 me
1725 3548 1890 3620 petis,
1921 3554 2173 3617 quantum

605 3674 780 3717 tamen
808 3661 946 3714 inter
968 3671 1028 3710 se
1050 3653 1295 3709 differant
1316 3647 1383 3702 de
1406 3658 1627 3700 numero
1655 3641 1862 3696 interim
1889 3628 2170 3701 sectarum,

602 3753 752 3808 vides
790 3769 803 3803 :
843 3747 981 3818 quod
1030 3746 1210 3813 utique
1257 3754 1361 3795 non
1408 3734 1709 3798 evenisset,
1756 3731 1856 3785 nisi
1900 3729 2039 3783 aliud
2083 3728 2175 3781 uni

604 3856 787 3898 eorum
815 3817 1081 3892 videretur
1109 3847 1227 3888 esse
1254 3826 1506 3890 haresis,
1538 3832 1591 3878 et
1618 3821 1759 3876 aliud
1786 3820 1959 3874 alteri.
1995 3817 2176 3886 Neque

605 3933 746 3991 enim
790 3926 1075 4001 putandum
1120 3930 1200 3977 est
1242 3920 1444 3988 aliquas
1488 3916 1760 3985 ignorasse
1803 3909 2170 3981 Epiphanium,

603 4039 734 4097 quas
760 4026 979 4077 noverat
1006 4012 1336 4077 Philastrius,
1367 4023 1486 4064 cum
1510 4004 1856 4076 Epiphanium
1880 4002 2034 4070 longe
2054 4001 2176 4055 Phi—

603 4095 786 4173 lastrio
804 4112 1094 4169 doctiorem
1119 4103 1511 4165 invenerimus;
1543 4099 1613 4152 ita
1643 4106 1699 4151 ut
1726 4095 2059 4150 Philastrium
2082 4107 2178 4162 p0-

604 4194 707 4267 tius
733 4210 909 4265 dicere
932 4204 1245 4259 deberemus
1270 4196 1484 4251 latuisse
1504 4191 1777 4263 plnrimas,
1801 4189 1844 4242 si
1870 4198 1973 4242 tam
1995 4186 2175 4257 plures

602 4311 745 4356 esset
774 4298 859 4352 ille
886 4292 1224 4361 complexus,
1270 4296 1324 4340 et
1367 4286 1464 4339 iste
1507 4281 1799 4351 pauciores.
1846 4276 1949 4331 Sed
1991 4273 2174 4344 procul

604 4391 764 4447 dubio
791 4388 842 4441 in
870 4400 931 4441 ea
962 4381 1254 4453 quastione
1293 4377 1379 4430 ubi
1407 4376 1726 4441 disceptatur
1753 4368 1877 4439 quid
1907 4367 1976 4421 sit
2002 4367 2173 4419 linere-

604 4483 709 4545 sis,
760 4494 862 4532 non
909 4474 1049 4529 idem
1096 4468 1370 4523 videbatur
1415 4464 1702 4525 ambobus;
1754 4470 1809 4514 et
1849 4473 2031 4512 revera
2074 4455 2177 4509 hoc

604 4570 819 4629 omnino
847 4565 1065 4622 deﬁnire
1090 4558 1303 4616 difﬁcile
1328 4566 1411 4611 est
1442 4572 1454 4608 :
1486 4563 1539 4609 et
1568 4553 1686 4607 ideo
1709 4549 2021 4612 cavendum,
2052 4562 2174 4600 cum

602 4677 788 4720 omnes
829 4661 881 4715 in
925 4668 1202 4715 numerum
1248 4650 1489 4721 redigere
1528 4661 1810 4711 conamur,
1855 4659 1922 4699 ne
1954 4650 2174 4711 practer-

603 4759 872 4812 mittamus
900 4751 1132 4819 aliquas,
1164 4743 1404 4816 quamvis
1433 4741 1662 4795 hareses
1702 4738 1841 4801 sint;
1886 4744 1977 4789 aut
2004 4750 2173 4788 annu-

603 4860 866 4904 meremos
890 4842 1110 4911 aliquas,
1137 4852 1257 4892 cum
1281 4835 1509 4889 Increses
1535 4846 1637 4885 non
1661 4830 1784 4884 sint.
1811 4827 1940 4882 Vide
1960 4840 2086 4896 ergo
2107 4840 2174 4880 ne

605 4941 735 4991 forte
778 4935 969 4989 librum
1018 4928 1183 4985 sancti
1225 4923 1501 4995 Epiphanii
1546 4920 1636 4975 tibi
1674 4919 1883 4973 mittere
1911 4916 2171 4971 debeam:

605 5031 775 5099 ipsum
801 5028 940 5080 enim
966 5022 1192 5077 arbitror
1219 5015 1498 5073 Pliilastrio
1526 5013 1730 5067 doctius
1759 5012 1879 5065 hinc
1904 5010 2173 5073 locutum;

605 5122 691 5192 qui
723 5118 888 5189 possit
915 5116 1051 5186 apud
1069 5112 1440 5183 Carthaginem
1467 5109 1520 5163 in
1546 5107 1759 5162 latinam
1787 5106 2015 5174 linguam
2041 5102 2177 5157 verti

603 5210 806 5269 facilius
833 5217 991 5277 atque
1019 5204 1348 5260 commodius
1365 5243 1381 5271 ,
1409 5211 1466 5256 ut
1494 5207 1548 5254 tu
1576 5198 1747 5270 potius
1778 5204 1997 5267 praestes
2023 5193 2177 5249 nobis

603 5305 742 5378 quod
773 5300 965 5373 quaris
993 5314 1024 5353 a
1053 5298 1223 5353 nobis.

674 5399 727 5453 5.
768 5394 1092 5452 Perlatorem
1110 5390 1333 5445 multum
1354 5382 1689 5442 commendo.
1712 5380 2077 5438 Subdiaconus
2096 5388 2179 5433 est

603 5491 669 5546 de
700 5498 877 5545 nostra
907 5482 1159 5548 dioecesi;
1203 5480 1270 5535 de
1300 5477 1460 5533 fundo
1500 5484 1678 5532 autem
1707 5472 1805 5528 viri
1845 5469 2173 5541 spectabilis,

667 5672 683 5702 ³
710 5670 781 5719 sic
798 5679 927 5717 unus
948 5677 979 5715 e
998 5664 1145 5735 vatio.
1176 5668 1283 5711 Ms.
1307 5664 1361 5708 At
1388 5656 1520 5718 Edd.,
1541 5654 1755 5720 gaudere
1782 5651 2052 5703 dictantem.

666 5752 742 5812 (α)
759 5758 827 5800 Ex
848 5749 881 5797 6
903 5758 1051 5812 torno,
1074 5732 1188 5812 ante
1221 5741 1305 5791 lib.
1326 5740 1409 5812 _de
1440 5739 1729 5812 ἣξει-θείως.
1756 5744 1866 5812 Quae
1898 5742 2061 5785 autem
2088 5732 2179 5783 222

610 5802 737 5874 erat;
754 5822 881 5860 nunc
902 5808 1006 5859 120.
1030 5802 1209 5866 Scripta
1230 5802 1375 5864 paulo
1396 5806 1505 5864 post
1519 5802 1839 5862 superiorem.

2282 784 2406 845 peto
2430 784 2488 830 ut
2511 792 2602 832 eas
2625 776 2763 847 apud
2784 789 3133 835 memoratum
3158 781 3329 835 virum
3358 790 3445 836 tua
3472 783 3810 843 intercessione

2279 865 2529 936 adjuvare
2548 867 2800 937 digneris.
2823 867 2938 922 Misi
2957 878 3133 924 autem
3154 885 3277 924 cum
3298 871 3388 925 illo
3407 872 3567 926 etiam
3584 873 3810 931 hominem

2280 958 2559 1025 Ecclesia,
2595 974 2663 1015 ne
2698 960 2765 1015 ad
2802 970 2942 1015 tuam
2980 959 3326 1017 Sanctitatem
3363 962 3593 1019 difﬁcilis
3626 965 3671 1020 ci
3701 977 3813 1024 met

2278 1066 2526 1107 accessus
2558 1069 2571 1106 :
2602 1068 2707 1107 non
2733 1054 2873 1109 enim
2903 1070 3089 1124 parum
3121 1055 3190 1110 de
3223 1055 3314 1110 illo
3346 1055 3601 1111 sollicitus
3631 1073 3763 1124 sum;
3787 1076 3810 1116 a

2278 1158 2380 1212 qua
2403 1159 2487 1199 me
2509 1144 2860 1200 sollicitudine
2882 1145 3158 1211 Dominus,
3188 1155 3245 1200 ut
3271 1161 3451 1219 spero,
3480 1162 3577 1217 per
3595 1156 3688 1202 tua
3707 1150 3807 1205 cha-

2278 1234 2450 1288 ritatis
2486 1234 2790 1289 instantiam
2831 1234 3094 1290 liberabit.
3135 1236 3266 1293 Peto
3300 1238 3463 1293 etiam
3492 1238 3619 1293 mibi
3647 1242 3806 1295 rescri-

2278 1322 2406 1377 bere
2426 1338 2531 1376 non
2553 1323 2806 1394 graveris,
2830 1325 3271 1395 quemadmodum
3297 1328 3366 1382 sit
3389 1327 3441 1382 in
3464 1327 3566 1383 ﬁde
3587 1328 3806 1385 catholica

2278 1409 2369 1465 ille
2416 1411 2744 1469 Theodosius
2791 1429 2886 1484 per
2927 1430 3083 1485 quem
3128 1416 3403 1472 Manichai
3447 1420 3673 1474 nonnulli
3708 1429 3806 1475 sunt

2279 1502 2501 1571 proditi;
2532 1512 2585 1558 et
2606 1504 2707 1573 ipsi
2729 1519 2860 1576 quos
2880 1506 2947 1561 ab
2968 1520 3033 1562 eo
3053 1506 3309 1576 proditos,
3336 1516 3575 1578 putamus
3592 1524 3699 1566 esse
3714 1526 3805 1566 cor-

2278 1603 2474 1647 rectos.
2508 1592 2563 1648 Si
2592 1594 2716 1664 quid
2743 1596 2902 1650 etiam
2940 1596 3005 1652 de
3048 1598 3369 1667 profectione
3406 1609 3693 1655 sanctorum
3713 1603 3803 1671 epi-

2280 1698 2562 1755 scoporum
2589 1684 2724 1741 forte
2749 1686 3014 1753 audivisti,
3043 1688 3123 1742 fac
3148 1698 3205 1743 ut
3234 1690 3490 1744 noverim.
3517 1690 3621 1747 Deo
3637 1693 3773 1747 vivas.

2689 1794 3013 1851 EPISTOLA
3051 1796 3305 1852 CCXXIII
3361 1797 3457 1870 (a).

2282 1907 2561 1975 Augustino
2594 1905 2999 1973 Quodvultdeus,
3025 1924 3228 1963 rursum
3266 1908 3541 1980 efﬂagitans
3576 1921 3627 1965 ut
3652 1912 3800 1967 scribat

2715 1999 3010 2070 opusculum
3035 1999 3099 2054 de
3122 1999 3413 2055 Itaresibus.

2282 2109 2507 2164 Domino
2531 2109 2723 2163 merito
2748 2109 3034 2165 venerabili
3053 2150 3068 2175 ,
3100 2124 3163 2165 ac
3188 2110 3495 2166 beatissimo
3526 2125 3667 2167 sacro
3695 2114 3800 2182 patri

2405 2200 2707 2255 Aocusrmo
2731 2199 3001 2271 episcOpo,
3031 2200 3427 2268 Quovunrnsus
3452 2200 3706 2265 diaconus,

2351 2314 2402 2366 I.
2447 2310 2619 2367 Unum
2650 2312 2851 2381 quidem
2892 2312 3198 2367 Reverentia
3238 2320 3339 2366 tua
3382 2312 3801 2375 commonitorium,

2279 2405 2415 2474 quod
2444 2420 2533 2474 per
2570 2404 2958 2459 ecclesiasticum
2984 2404 3219 2475 dignatus
3245 2420 3298 2458 es
3327 2404 3599 2471 destinare,
3625 2404 3802 2474 suscepi.

2282 2494 2421 2549 Nam
2438 2495 2573 2567 quod
2595 2497 2734 2566 prius
2758 2496 2998 2549 directum
3021 2512 3125 2550 esse
3142 2496 3407 2551 Beatitudo
3427 2506 3513 2550 tua
3530 2497 3805 2568 signiﬁcavit,

2281 2602 2369 2655 per
2394 2586 2553 2640 virum
2582 2585 2923 2639 honorabilem
2950 2584 3294 2650 Philocalum,
3325 2588 3535 2641 necdum
3554 2587 3618 2639 ad
3634 2604 3702 2640 me
3717 2603 3806 2657 per-

2277 2677 2429 2730 venit.
2459 2675 2641 2729 Verum
2654 2676 2875 2747 quamvis
2890 2677 3115 2732 conscius
3130 2678 3449 2747 propriorum
3464 2693 3647 2747 semper
3660 2676 3807 2747 fuerin

2279 2775 2625 2836 peccatorum,
2658 2782 2793 2819 nunc
2836 2775 3002 2820 tamen
3044 2766 3293 2820 evidenter
3318 2768 3500 2837 agnovi
3526 2766 3805 2837 adipiscendo

2277 2858 2355 2912 illi
2378 2858 2514 2931 quod
2537 2858 2739 2912 exoravi
2764 2858 2958 2911 muneri
2984 2861 3028 2921 ',
3059 2874 3221 2911 meam
3248 2859 3339 2911 toti
3365 2857 3606 2912 Ecclesia
3624 2857 3804 2928 impedi-

2279 2960 2445 3005 mento
2469 2966 2573 3005 esse
2600 2966 2882 3021 personam.
2916 2948 3022 3005 Sed
3049 2950 3250 3003 omnino
3278 2950 3478 3018 conﬁdo
3511 2948 3803 3020 quoniamqui

2279 3059 2367 3113 per
2391 3040 2539 3097 Unici
2557 3042 2637 3095 sui
2650 3042 2882 3113 gratiam,
2905 3040 3113 3094 humani
3129 3041 3325 3110 generis
3344 3041 3576 3112 dignatus
3594 3050 3658 3094 est
3674 3039 3807 3093 delere

2278 3134 2542 3205 facinora,
2574 3148 2662 3185 nec
2699 3148 2809 3185 mea
2847 3132 2902 3185 in
2944 3130 3209 3200 perniciem
3251 3139 3543 3184 cunctamur
3580 3129 3807 3201 pravalere

2279 3224 2560 3295 permittet,
2603 3222 2860 3293 potiusque
2895 3220 2977 3273 ubi
3015 3219 3282 3274 abundavit
3313 3230 3597 3289 peccatum,
3631 3218 3807 3290 gratiam

2279 3318 2429 3388 faciet
2458 3316 2738 3370 redundare
2765 3311 2956 3383 (Rom.
2989 3327 3053 3378 v,
3082 3311 3152 3366 20
3173 3314 3191 3381 )
3211 3354 3227 3378 ,
3259 3311 3462 3365 domine
3506 3310 3665 3364 merito
3687 3323 3809 3363 vene-

2278 3410 2451 3464 rabilis
2472 3452 2485 3472 ,
2513 3425 2572 3461 ac
2602 3405 2877 3462 beatissime
2915 3412 3074 3474 pater.
3118 3403 3475 3473 Difﬁcultatem
3516 3403 3669 3473 operis
3703 3398 3812 3470 quod

2279 3500 2585 3557 instruendis
2612 3496 2994 3567 imperitissimis
3022 3494 3164 3548 nobis
3197 3509 3288 3559 per
3317 3502 3454 3546 tuam
3483 3491 3815 3560 beneﬁcentiam

2280 3589 2509 3663 prastari
2530 3586 2822 3658 suppliciter
2843 3584 3064 3649 exoravi,
3092 3598 3180 3635 nec
3203 3583 3311 3652 ipse
3328 3582 3569 3652 ignorans
3586 3589 3692 3633 ante
3705 3593 3815 3650 pra-

2281 3682 2388 3735 diri
2407 3698 2424 3745 ;
2453 3679 2540 3733 sed
2574 3680 2635 3731 de
2674 3677 2826 3731 divini
2856 3676 3008 3747 fontis
3035 3676 3255 3728 ubertate
3288 3689 3444 3743 quam
3481 3672 3569 3726 tibi
3604 3669 3813 3725 Dominus

2282 3774 2469 3835 tribuit,
2502 3770 2666 3824 veraci
2684 3768 2833 3823 corde
2861 3766 3177 3838 prasumpsi.

2349 3867 2403 3919 2.
2449 3862 2588 3917 Nam
2636 3861 2728 3916 etsi
2781 3858 3089 3913 Philustrius
3134 3866 3182 3911 et
3222 3856 3546 3927 Epiphanius
3581 3849 3815 3909 venerandi

2281 3956 2499 4027 episcOpi
2525 3955 2623 4008 tale
2641 3950 2834 4022 aliquid
2857 3950 3113 4019 scripsisse
3138 3956 3498 4013 memorantur,
3520 3944 3648 4015 quod
3666 3939 3816 4015 procul

2280 4046 2430 4101 dubio
2452 4062 2529 4099 me
2555 4045 2682 4097 inter
2707 4051 2885 4095 catera
2903 4080 2918 4106 ,
2941 4040 3043 4094 imo
3068 4039 3195 4092 sicut
3223 4037 3391 4092 omnia
3412 4079 3427 4103 ,
3459 4038 3609 4099 latet;
3636 4049 3726 4087 non
3749 4040 3818 4084 ιαο

2280 4155 2393 4192 men
2405 4136 2617 4190 arbitror
2628 4150 2708 4187 eos
2725 4133 2854 4186 hanc
2869 4147 3043 4185 curam
3058 4129 3463 4199 diligentiamque
3473 4126 3757 4186 adhibuisse,
3772 4129 3820 4173 ut

2280 4230 2489 4300 singulis
2508 4228 2778 4298 quibusque
2797 4221 3112 4294 Opinionibus
3127 4221 3405 4275 contrarias
3426 4219 3574 4272 etiam
3592 4215 3821 4286 opiniones

2279 4326 2369 4394 adj
2373 4330 2630 4394 ungerent,
2650 4324 2868 4390 ritusque
2882 4317 3208 4388 subiicerent;
3229 4324 3331 4366 tum
3352 4312 3566 4383 denique
3580 4325 3697 4379 opus
3709 4303 3821 4359 illud

2279 4416 2536 4485 utriusque
2554 4411 2909 4482 qualecumque
2926 4407 3010 4473 sit,
3033 4422 3133 4459 non
3156 4403 3301 4457 habet
3320 4402 3552 4471 fortassis
3570 4415 3673 4455 eam
3688 4409 3822 4466 quant

2281 4508 2507 4563 desidero
2548 4504 2848 4558 brevitatem.
2900 4498 3113 4553 Frustra
3154 4496 3304 4549 etiam
3346 4494 3539 4547 homini
3578 4491 3657 4560 qui
3683 4487 3823 4542 latina

2279 4616 2381 4653 non
2407 4596 2611 4658 didicit,
2658 4608 2819 4665 graca
2859 4588 3097 4660 facundia
3136 4587 3431 4656 delegatur;
3469 4585 3585 4650 quia
3630 4596 3720 4634 non

2282 4685 2623 4744 tantummodo
2642 4664 2935 4747 consilium,
2959 4679 3046 4734 sed
3072 4686 3117 4731 et
3144 4676 3391 4730 auxilium
3414 4672 3674 4745 postulari.
3703 4664 3823 4734 Quid

2280 4793 2445 4836 autent
2467 4778 2843 4833 Venerationem
2864 4785 3001 4828 tuam
3021 4772 3082 4825 de
3099 4771 3424 4835 interpretum
3445 4783 3545 4821 non
3564 4764 3715 4820 solum
3734 4757 3824 4827 dif-

2281 4873 2523 4945 ﬁcultate,
2546 4870 2633 4925 sed
2659 4869 2806 4923 etiam
2829 4864 3124 4920 obscuritate
3151 4860 3469 4925 admoneam,
3496 4873 3608 4911 cum
3630 4855 3726 4925 ipse
3739 4851 3822 4902 hoc

2280 4940 2471 5036 magis,
2502 4980 2560 5016 ac
2602 4963 2747 5033 plene
2785 4958 3070 5030 dijudices.’
3106 4954 3308 5025 Accedit
3348 4952 3416 5005 ad
3450 4966 3677 5015 causam,
3707 4940 3827 5036 quod

2281 5034 2540 5111 nonnulla
2565 5053 2715 5105 etiam
2754 5058 2863 5119 post
2900 5046 3104 5101 illorum
3143 5044 3332 5098 obitum
3360 5043 3572 5096 Itareses
3600 5034 3828 5093 emersisse

2282 5148 2572 5209 doceantur,
2599 5156 2811 5207 quarum
2840 5137 3031 5192 nullam
3058 5136 3135 5189 illi
3160 5134 3363 5206 fecerint
3392 5133 3700 5186 mentionem.

2354 5241 2405 5294 5.
2450 5233 2784 5303 Quamobrem
2809 5230 2875 5283 ad
2902 5228 3152 5300 peculiare
3174 5225 3511 5296 patrocinium
3536 5222 3721 5294 pietatis
3740 5224 3829 5267 tua

2283 5331 2539 5403 confugio,
2564 5338 2611 5384 et
2629 5342 2744 5382 voce
2765 5340 2897 5391 mea,
2928 5321 3016 5376 sed
3038 5318 3305 5374 universali
3329 5316 3593 5381 desiderio,
3616 5317 3826 5383 paratum

2348 5495 2366 5525 ί
2389 5497 2495 5540 Mss.
2534 5486 2854 5546 Michaelinus,
2887 5480 3278 5539 Becheronensis,
3294 5483 3347 5528 et
3374 5487 3502 5526 unus
3535 5486 3565 5524 e
3592 5468 3722 5519 ratio.
3750 5462 3828 5511 in.

2284 5556 2424 5613 bent,
2450 5547 2696 5603 Honorati.

2347 5612 2644 5686 Wessex:
2670 5622 3248 5697 Aspicimdoadidquod
3268 5612 3697 5673 exoravinumeris.

2351 5685 2502 5778 (alii!
2530 5717 2561 5766 6
2593 5685 2742 5777 torno,
2775 5723 2888 5767 ante
2919 5711 3001 5761 lib.
3035 5711 3098 5760 de
3576 5685 3829 5751 autemiﬁ

2291 5770 2417 5841 erit;
2438 5788 2570 5830 nunc
2586 5783 2663 5832 81.
2682 5770 2861 5845 scripta
2879 5778 3003 5830 forte
3025 5786 3103 5823 an.
3127 5770 3235 5820 428.
