4024 6368
535 379 767 460 φοοδ

626 497 734 551 illic
773 490 1093 565 absoluteque
1137 506 1429 563 responsum
1460 496 1550 559 est,
1597 488 1743 562 quasi
1788 491 1879 547 hoc
1918 493 2201 564 specialiter

623 586 899 652 studueris,
943 594 999 640 ut
1034 600 1148 657 qute
1170 586 1309 657 apud
1337 600 1426 639 nos
1456 593 1597 641 erant
1627 585 1824 639 turbata
1853 600 2194 659 componeres.

624 677 890 736 Recensito
927 686 1089 733 autem
1117 675 1211 730 hoc
1235 670 1573 732 Beatitudinis
1608 676 1707 732 tua:
1731 676 1887 743 libro,
1942 678 2071 731 sicut
2116 677 2200 749 qui

621 779 847 828 sanctam
890 777 1035 841 atque
1083 764 1410 841 apostolicam
1451 764 1693 823 doctrina:
1722 776 1822 823 tua:
1858 768 2200 824 auctoritatem

622 872 767 921 antea
790 860 1137 933 sequebantur,
1155 852 1561 934 intelligentiores
1586 854 1745 917 multo
1762 861 2199 935 instructioresque

620 960 738 1013 sunt
765 950 923 1031 facti;
952 957 1023 1011 ita
1052 955 1139 1026 qui
1168 955 1507 1026 persuasionis
1545 970 1649 1010 sine
1686 954 2084 1027 impediebantur
2111 952 2197 1009 ob-

619 1064 785 1117 scuro,
832 1049 1107 1105 aoersiares
1148 1062 1297 1121 quam
1329 1052 1561 1122 fuerant,
1594 1057 1916 1105 recesserunt.
1968 1048 2196 1116 Quorum

619 1149 722 1196 tam
748 1134 963 1210 abrupta
998 1134 1243 1195 dissensio
1270 1138 1489 1210 primum
1518 1144 1720 1210 propter
1757 1130 1896 1211 ipsos
1934 1138 2196 1193 metuenda

615 1232 707 1297 est,
738 1238 801 1286 ne
821 1238 922 1285 tam
948 1228 1099 1285 claris
1128 1239 1325 1300 tamque
1365 1229 1576 1301 egregiis
1612 1228 1665 1284 in
1698 1229 1919 1284 amnium
1957 1230 2194 1284 virtutum

614 1320 782 1377 studia
809 1321 928 1377 siris
952 1321 1157 1392 spiritus
1175 1314 1454 1393 pelagianae
1481 1320 1750 1391 impietatis
1777 1312 1959 1373 illudut
1982 1334 2000 1373 :
2020 1318 2197 1373 deinde

614 1422 678 1468 ne
701 1412 1031 1485 simpliciores
1068 1412 1268 1482 quique,
1300 1406 1439 1482 apud
1466 1426 1588 1482 quos
1627 1410 1805 1465 horum
1828 1422 2011 1483 magna
2039 1419 2109 1465 est
2134 1410 2196 1464 de

615 1506 877 1579 probitatis
902 1505 1320 1575 contemplatione
1340 1505 1631 1570 reverentia,
1660 1506 1752 1557 hoc
1773 1502 2074 1557 tutissimum
2100 1501 2193 1557 sibi

612 1600 860 1655 testimont
881 1595 1016 1669 quod
1034 1594 1247 1651 audiant
1261 1608 1365 1663 eos,
1384 1610 1598 1665 quorum
1616 1596 1958 1650 auctoritatem
1981 1596 2089 1649 sine
2103 1596 2195 1665 ju—

612 1692 747 1749 dicio
777 1698 1071 1761 sequuntur,
1098 1704 1336 1745 asserere.

681 1782 739 1838 3.
777 1780 901 1838 lites
947 1780 1079 1837 enim
1127 1780 1352 1850 ipsorum
1402 1780 1628 1848 deﬁnitio
1674 1796 1734 1835 ao
1774 1780 2016 1850 professio
2061 1788 2132 1837 est
2174 1799 2186 1833 :

616 1874 829 1933 Omnem
855 1874 1054 1944 quidem
1079 1873 1328 1927 hominem
1374 1873 1536 1927 Adam
1582 1882 1815 1940 peccante
1843 1889 2102 1944 peccans;
2149 1882 2195 1926 et

612 1966 860 2021 neminem
891 1980 978 2035 per
1006 1979 1157 2034 opera
1186 1979 1298 2027 sua,
1321 1962 1410 2016 sed
1445 1978 1535 2032 per
1574 1962 1670 2017 Dei
1689 1962 1907 2032 gratiam
1930 1973 2192 2034 regenera-

609 2057 743 2112 tione
769 2056 955 2112 salvari
979 2071 997 2108 :
1022 2055 1263 2110 universis
1289 2062 1454 2109 tamen
1470 2054 1752 2111 hominibus
1771 2055 2191 2124 propinationem,

610 2164 724 2219 quae
751 2148 893 2205 estin
921 2146 1253 2204 Sacramenta
1281 2146 1541 2217 sanguinis
1560 2144 1765 2212 Christi,
1790 2147 2195 2219 sinsmeptione

610 2256 718 2296 esse
746 2240 1078 2311 propositam,
1101 2248 1157 2293 ut
1175 2239 1473 2311 quicumque
1489 2240 1558 2294 ad
1576 2240 1730 2308 fidem
1743 2247 1790 2293 et
1803 2238 1872 2295 ad
1882 2238 2195 2311 Baptismum

609 2331 843 2387 accedere
869 2330 1134 2398 voluerint,
1149 2330 1274 2387 salvi
1291 2348 1395 2387 esse
1411 2333 1621 2402 possint.
1643 2331 1743 2399 Qui
1768 2341 1935 2389 autem
1959 2334 2195 2391 credituri

608 2423 904 2495 sunt,quive
930 2424 1059 2477 inea
1085 2422 1206 2492 ﬁde,
1244 2438 1359 2494 quas
1403 2423 1636 2495 deinceps
1677 2441 1766 2494 per
1787 2425 2000 2496 gratiam
2027 2426 2091 2480 sit
2105 2428 2196 2496 ju-

608 2515 795 2582 vanda,
810 2515 1036 2569 mansuri
1052 2524 1187 2581 sunt,
1204 2516 1461 2584 prtescisse
1471 2525 1587 2571 ante
1602 2516 1780 2571 mundi
1794 2518 2195 2584 constitutionem

608 2606 795 2675 Deum,
826 2618 872 2662 et
888 2625 971 2663 eos
991 2602 1373 2680 prcedestinasse
1396 2610 1449 2664 in
1478 2626 1686 2687 regnum
1703 2627 1873 2680 suum,
1891 2628 2014 2684 quos
2036 2613 2195 2683 gratis

608 2709 828 2763 vocatos,
852 2696 1030 2770 dignos
1051 2702 1246 2770 futuros
1267 2699 1521 2767 electione,
1554 2708 1599 2756 et
1627 2700 1689 2756 de
1714 2702 1810 2756 hac
1838 2703 1938 2759 vita
1952 2702 2081 2759 bona
2094 2703 2197 2772 ﬁne

608 2807 899 2847 arcessuros
934 2808 1039 2846 esse
1062 2793 1366 2862 prwviderit.
1387 2792 1610 2863 Ideoque
1636 2810 1831 2849 omnem
1859 2794 2108 2851 hominem
2129 2796 2195 2848 ad

606 2879 913 2939 credendum
941 2892 987 2937 et
1007 2880 1076 2935 ad
1090 2882 1399 2954 operantium
1415 2883 1593 2939 divinis
1613 2876 2002 2941 institutionibus
2021 2884 2196 2942 admo-

608 2975 738 3041 neri,
757 2982 811 3028 ut
837 2971 900 3028 de
917 2971 1343 3044 apprehendendo
1360 2974 1460 3028 vita
1473 2983 1658 3029 (eterna
1672 2992 1814 3031 nemo
1826 2972 2069 3051 desperet,
2083 2994 2197 3032 cum

607 3062 905 3119 voluntaria:
943 3058 1192 3119 devotioni
1214 3066 1548 3120 remuneratio
1587 3064 1651 3120 sit
1675 3067 1871 3137 parata.
1906 3062 2016 3121 Hoc
2030 3075 2196 3122 autem

608 3154 923 3226 propositum
941 3155 1215 3216 vocationis
1241 3154 1355 3223 Dei,
1383 3170 1479 3228 quo
1506 3156 1582 3210 vel
1618 3165 1734 3211 ante
1763 3158 1935 3211 mundi
1966 3157 2192 3227 initium,

608 3242 690 3299 vel
719 3245 771 3299 in
807 3245 919 3315 ipsa
966 3245 1247 3301 conditione
1290 3248 1480 3317 generis
1514 3236 1740 3315 humani,
1782 3246 2121 3322 eligendorum
2150 3254 2197 3303 et

608 3334 991 3409 reficiendorum
1026 3335 1208 3391 dicitur
1236 3338 1371 3410 facta
1399 3338 1649 3404 discretio,
1675 3347 1730 3391 ut
1754 3338 2026 3393 secundum
2061 3340 2196 3410 quod

609 3427 803 3501 placuit
839 3425 1083 3497 Creatori,
1111 3424 1201 3483 alii
1220 3443 1339 3483 vasa
1366 3427 1588 3493 honoris,
1613 3427 1705 3483 alii
1736 3438 1853 3483 vasa
1885 3431 2197 3485 contumelia:

608 3524 710 3579 sint
727 3522 900 3587 creati,
924 3530 969 3577 et
991 3521 1147 3593 lapsis
1175 3535 1350 3575 curam
1370 3518 1663 3593 resurgendi
1682 3510 1921 3588 adimere,
1942 3528 1988 3575 et
2008 3524 2194 3577 sanctis

608 3612 925 3667 occasionem
972 3611 1157 3683 teporis
1185 3610 1397 3679 afferre;
1439 3628 1497 3667 ea
1520 3608 1655 3682 quod
1698 3613 1751 3666 in
1798 3621 2008 3685 utraque
2054 3623 2195 3682 parte

607 3703 896 3772 superﬂuus
925 3700 1065 3756 labor
1087 3700 1170 3768 sit,
1191 3701 1233 3755 si
1260 3715 1416 3771 neque
1440 3701 1653 3772 rejectus
1674 3696 1779 3756 ulla
1802 3698 2051 3756 industria
2079 3714 2197 3773 pos-

607 3793 675 3847 sit
699 3792 907 3857 intrare,
925 3808 1082 3862 neque
1096 3791 1279 3847 eiectus
1300 3788 1405 3846 ulla
1428 3791 1728 3864 negligentia
1753 3792 1908 3865 possit
1932 3793 2191 3851 excidere:

609 3892 810 3953 quoque
834 3884 968 3937 enim
1005 3882 1154 3937 modo
1177 3899 1230 3938 se
1256 3884 1463 3955 egerint,
1503 3900 1603 3937 non
1633 3896 1776 3954 posse
1800 3880 1943 3939 aliud
1963 3902 2080 3957 erga
2109 3902 2191 3943 eos

609 3983 761 4047 quant
782 3974 921 4030 Deus
942 3975 1185 4045 deﬁnivit,
1218 3973 1477 4041 accidere;
1496 3984 1542 4030 et
1562 3974 1650 4030 sub
1671 3977 1859 4031 incerta
1879 3993 1967 4048 spe
1987 3993 2189 4032 cursum

608 4085 709 4123 non
730 4084 874 4139 posse
887 4084 993 4123 esse
1006 4075 1331 4135 constantem,
1350 4082 1483 4135 cum,
1512 4068 1555 4121 si
1564 4067 1706 4121 aliud
1734 4068 1911 4122 habeat
1926 4066 2190 4140 praedesti-

609 4161 779 4215 nantis
822 4161 1011 4228 electio,
1044 4176 1187 4214 cassa
1216 4160 1280 4214 sit
1329 4158 1603 4214 adnitentis
1649 4158 1876 4215 intentio.
1925 4160 2189 4216 Removeri

605 4254 774 4322 itaque
801 4268 996 4307 omnem
1015 4252 1335 4318 industriam,
1360 4249 1564 4323 tollique
1600 4252 1822 4319 virtutes,
1851 4252 1892 4306 si
1936 4246 2033 4306 Dei
2064 4269 2187 4307 con-

610 4343 804 4395 stitutio
835 4342 1079 4396 humanas
1100 4343 1365 4411 praeveniat
1398 4340 1711 4397 voluntates:
1736 4352 1781 4398 et
1809 4345 1899 4398 sub
1927 4343 2019 4399 hoc
2050 4362 2183 4415 pra:-

608 4432 955 4487 destinationis
980 4432 1198 4499 nomine,
1254 4433 1457 4501 fatalem
1490 4430 1761 4503 quamdam
1807 4434 1979 4488 induci
2017 4450 2182 4491 neces-

607 4522 836 4591 sitatem;
897 4532 985 4578 aut
1036 4524 1343 4578 diversarum
1408 4532 1705 4578 naturarum
1765 4524 1865 4579 dici
1915 4526 2187 4584 Dominum

609 4618 935 4679 conditorem,
964 4616 1009 4671 si
1036 4630 1180 4670 nemo
1205 4613 1349 4669 aliud
1393 4615 1547 4686 possit
1592 4630 1698 4671 esse
1724 4630 1873 4686 quam
1901 4620 2060 4690 factus
2094 4628 2183 4673 est.

610 4709 773 4780 Atque
796 4714 849 4762 ut
887 4707 1082 4763 brevius
1120 4723 1179 4761 ac
1204 4705 1400 4778 plenius
1449 4705 1584 4777 quod
1608 4707 1880 4778 apinantnr
1914 4725 2183 4781 exponam,

608 4801 854 4873 quidquid
880 4802 931 4855 in
949 4801 1075 4855 libro
1107 4802 1198 4855 hoc
1213 4816 1276 4855 ex
1294 4800 1737 4856 contradicentium
1762 4819 1907 4859 sensu
1930 4804 2186 4860 Sanctitas

610 4900 698 4947 ma
726 4884 818 4947 sibi
847 4894 1095 4963 apposuit,
1129 4892 1371 4963 quidquid
1396 4893 1544 4948 etiam
1572 4894 1623 4948 in
1647 4890 1789 4950 libris
1814 4906 1985 4951 contra
2013 4898 2183 4952 Julia-

563 4975 578 5033 l
611 4994 731 5037 num
774 4976 836 5037 ab
867 4984 978 5053 ipsa
1011 4978 1101 5038 sub
1129 4983 1222 5037 hac
1254 4986 1522 5056 quwstiane
1551 4986 1815 5057 objectum,
1849 4990 2185 5059 potentissime

611 5074 900 5139 debellasti;
923 5075 1016 5128 hoc
1044 5080 1199 5129 totum
1220 5074 1279 5128 ab
1307 5075 1413 5130 istis
1439 5078 1624 5132 sanctis
1648 5080 2045 5137 intentiosissime
2065 5102 2185 5139 con-

609 5164 874 5221 clamatur.
922 5156 990 5219 Et
1018 5172 1130 5219 cum
1159 5176 1332 5221 contra
1370 5183 1453 5223 eos
1486 5168 1671 5240 scripta
1710 5165 2039 5228 Beatitudinis
2085 5182 2187 5230 tua:

607 5255 934 5312 validissimis
958 5262 1005 5310 et
1028 5257 1301 5312 innumeris
1325 5258 1617 5314 testimoniis
1644 5260 1926 5317 divinarum
1951 5261 2182 5335 Scriptu-

611 5358 785 5406 rart‘tm
804 5351 1051 5405 instructa
1078 5351 1395 5422 proferimus,
1412 5368 1471 5408 ac
1488 5356 1761 5409 secundum
1782 5359 1995 5428 formam
2016 5359 2181 5432 dispu-

611 5444 860 5499 tationum
890 5450 1111 5509 tuarum,
1155 5441 1347 5513 aliquid
1376 5445 1521 5499 etiam
1556 5447 1651 5518 ipsi
1680 5464 1778 5519 quo
1816 5448 2181 5507 concludantur

607 5534 914 5599 astruimus;
941 5530 1319 5587 obstinationem
1340 5548 1483 5591 suam
1507 5546 1745 5594 vetustate
1786 5538 2057 5612 defendunt
2084 5558 2102 5598 :
2136 5554 2180 5599 et

604 5638 665 5680 ea
690 5634 801 5695 quae
828 5623 891 5679 de
922 5620 1148 5696 Epistola
1172 5625 1389 5696 apostoli
1426 5623 1578 5686 Pauli
1619 5620 1866 5690 Romanis
1900 5635 2175 5706 scribentis,

604 5717 673 5768 ad
696 5716 1148 5786 manifestationem
1171 5718 1354 5774 divinat
1365 5722 1542 5791 gratia
1556 5726 1897 5794 prevenientis
1911 5728 2178 5785 electorum

602 5806 779 5860 merita
807 5807 1154 5877 proferuntur,
1183 5825 1215 5861 a
1240 5810 1381 5865 nullo
1408 5818 1627 5885 unquam
1645 5818 2087 5878 ecclesiasticarum
2107 5824 2177 5879 ita

1825 378 1883 435 S.
1924 374 2286 435 AUGUSTINI
2324 366 2621 434 EPISCOPI

3723 396 3834 459 1004

2307 509 2411 550 esse
2452 491 2722 560 intellecta,
2750 502 2809 548 ut
2835 509 2970 549 nunc
3021 495 3320 568 sentiuntur,
3354 498 3615 574 aﬁirmant.
3648 502 3832 583 Cumque

2307 593 2360 639 ut
2386 583 2485 654 ipsi
2523 600 2582 638 ea
2609 593 2860 655 exponant
2887 586 3163 642 secundum
3193 600 3400 661 quorum
3424 591 3567 648 velint
3594 613 3739 666 sensa,
3762 599 3832 656 de-

2308 674 2579 745 poscimus,
2608 676 2736 731 nihil
2758 693 2811 732 se
2830 678 3128 749 profitentur
3148 680 3387 738 invenisse
3412 686 3542 757 quod
3567 686 3761 760 placeat,
3796 705 3832 749 et

2305 762 2368 820 de
2393 765 2470 820 his
2486 765 2638 820 taceri
2654 767 2880 838 exigunt,
2895 785 3105 842 quorum
3126 768 3436 827 altitudinem
3457 776 3619 833 nullus
3631 781 3829 854 attigerit.

2304 854 2384 913 Eo
2414 868 2662 929 postremo
2689 860 2965 930 pervicacia
2980 868 3082 917 tota
3108 862 3377 935 descendit,
3409 876 3463 921 ut
3483 868 3625 937 fidem
3651 881 3832 929 nostram

2304 946 2628 1018 (ediﬁcatiani
2642 950 2955 1007 audientium
2984 954 3286 1013 contrariam
3306 974 3412 1013 esse
3430 957 3680 1028 definiant,
3697 980 3745 1019 ac
3757 966 3830 1033 sic,

2302 1040 2497 1096 etiamsi
2516 1060 2630 1097 vera
2658 1044 2741 1109 sit,
2761 1061 2859 1099 non
2882 1046 3207 1117 promendam
3232 1050 3386 1122 :quia
3415 1054 3459 1105 et
3485 1054 3732 1122 perniciose
3748 1075 3829 1114 non

2302 1133 2586 1203 recipienda
2606 1134 2911 1204 tradantur;
2941 1144 2988 1196 et
3030 1136 3172 1195 nullo
3212 1139 3467 1211 periculo,
3509 1160 3614 1214 qua:
3646 1145 3822 1221 intelligi

2302 1233 2563 1292 nequeant,
2591 1226 2953 1280 conticeantur.

2372 1313 2424 1368 4.
2460 1314 2679 1381 Quidam
2708 1332 2821 1372 vero
2848 1317 3025 1374 horum
3050 1321 3105 1375 in
3130 1328 3323 1375 tantum
3344 1338 3375 1377 a
3397 1322 3661 1397 pelagianis
3682 1330 3832 1387 semitis

2302 1417 2400 1457 non
2428 1404 2711 1474 declinant,
2749 1416 2806 1461 ut
2829 1423 2945 1463 cum
2970 1409 3039 1463 ad
3058 1410 3400 1481 conﬁtendam
3424 1429 3532 1468 eam
3559 1414 3723 1473 Christi
3736 1438 3831 1490 gra-

2301 1492 2422 1548 tiam
2458 1508 2568 1566 qua:
2599 1499 2768 1553 omnia
2811 1503 3083 1571 prteveniat
3116 1505 3293 1559 merita
3327 1504 3575 1574 humana,
3613 1520 3829 1581 cogantur,

2300 1601 2363 1638 ne
2385 1586 2429 1639 si
2458 1588 2643 1643 meritis
2661 1590 2909 1660 redditur,
2938 1597 3129 1665 frustra
3151 1597 3321 1668 gratia
3349 1597 3655 1666 nominetur;
3676 1602 3831 1657 adcan-

2300 1675 2537 1732 ditionem
2575 1680 2707 1735 hane
2735 1681 2889 1763 velint
2926 1686 3321 1759 uniuscujusque
3355 1688 3568 1744 hominis
3608 1692 3827 1762 pertinere,

2299 1770 2352 1824 in
2380 1788 2479 1842 qua
2509 1789 2624 1827 eum
2660 1772 2789 1829 nihil
2817 1777 2960 1846 prius
2986 1787 3255 1833 merentem
3276 1822 3291 1846 ,
3320 1782 3441 1850 quia
3467 1797 3553 1835 nec
3569 1772 3828 1852 existentem,

2300 1861 2442 1918 liberi
2479 1864 2675 1921 arbitrii
2711 1878 2759 1922 et
2800 1868 3099 1926 rationalem
3138 1874 3303 1945 gratia
3349 1872 3596 1930 Creatoris
3629 1879 3829 1946 instituat,

2299 1963 2355 2008 ut
2382 1972 2471 2026 per
2500 1958 2845 2015 discretionem
2874 1960 2992 2017 boni
3020 1972 3066 2019 et
3100 1964 3239 2033 mali,
3268 1973 3315 2021 et
3346 1968 3417 2021 ad
3437 1968 3739 2040 cognitionem
3765 1971 3832 2025 Dei

2299 2053 2345 2099 et
2364 2047 2433 2099 ad
2460 2048 2791 2105 obedientiam
2807 2054 3161 2109 mandatorum
3190 2057 3299 2127 ejus
3324 2058 3485 2128 possit
3508 2077 3640 2113 suam
3664 2060 3831 2134 dirigere

2298 2138 2631 2207 voluntatem,
2677 2152 2825 2213 atque
2856 2145 2924 2198 ad
2951 2145 3083 2201 hanc
3117 2150 3333 2219 gratiam
3365 2167 3465 2220 qua
3494 2152 3544 2206 in
3578 2151 3751 2208 Christo
3774 2172 3832 2208 re-

2300 2233 2556 2286 nascimur
2581 2274 2595 2299 ,
2628 2238 2906 2304 pervenire,
2937 2252 3027 2306 per
3050 2240 3329 2294 naturalem
3363 2244 3548 2296 scilicet
3574 2244 3830 2313 facultatem,

2300 2324 2511 2391 petendo
2530 2368 2544 2393 ,
2576 2328 2843 2396 quwrendo
2866 2370 2881 2394 ,
2908 2329 3158 2400 pulsanda
3190 2348 3209 2386 :
3232 2340 3288 2386 ut
3320 2332 3441 2389 ideo
3485 2337 3709 2406 accipiat,
3748 2337 3834 2391 ideo

2299 2415 2548 2482 inveniat,
2586 2416 2699 2472 ideo
2740 2418 2987 2488 introeat,
3036 2422 3153 2492 quia
3192 2422 3318 2478 bona
3364 2435 3555 2480 natura:
3588 2424 3694 2481 bene
3722 2442 3832 2492 usus,

2300 2508 2367 2561 ad
2395 2510 2543 2564 istam
2563 2510 2837 2567 salvantem
2852 2516 3089 2586 gratiam,
3114 2517 3321 2571 initialis
3344 2520 3526 2590 gratite
3544 2537 3629 2590 ope
3646 2521 3836 2574 meruerit

2302 2603 2572 2671 pervenire.
2633 2600 2958 2674 Propositum
2999 2612 3166 2662 autem
3210 2611 3443 2664 vacantis
3486 2612 3652 2682 gratia:
3688 2612 3732 2664 in
3763 2613 3833 2663 hoc

2299 2695 2503 2747 omnino
2546 2696 2823 2764 definiunt,
2872 2696 3005 2769 quod
3054 2697 3189 2754 Deus
3232 2702 3553 2756 constituerit
3588 2703 3757 2757 nullum
3790 2702 3830 2756 in

2299 2798 2508 2856 regnum
2552 2802 2701 2841 suum
2727 2831 2741 2855 ,
2788 2788 2887 2844 nisi
2932 2798 3023 2861 per
3062 2791 3457 2847 Sacramentum
3503 2794 3835 2866 regenerationis

2298 2893 2553 2932 assumere
2574 2918 2591 2944 ,
2623 2888 2668 2932 et
2694 2880 2760 2932 ad
2790 2880 2883 2933 hoc
2911 2882 3087 2936 salutis
3112 2884 3297 2937 donum
3319 2902 3498 2939 omnes
3526 2886 3727 2940 homines
3749 2885 3836 2939 uni-

2301 2956 2577 3037 versaliter,
2606 2970 2708 3025 sive
2731 2986 2821 3040 per
2842 2972 3151 3041 naturalem,
3190 2974 3291 3028 sive
3315 2992 3414 3044 per
3440 2978 3668 3046 scriptam
3696 2975 3833 3046 legem,

2299 3062 2401 3116 sive
2426 3077 2516 3132 per
2552 3060 2886 3133 evangelicum
2932 3065 3340 3133 pra'dicationem
3391 3062 3555 3122 vocari
3584 3084 3600 3121 :
3628 3077 3676 3121 ut
3703 3078 3742 3122 et
3771 3065 3836 3137 qui

2301 3154 2570 3221 voluerint,
2604 3154 2730 3225 ﬁant
2749 3153 2847 3224 filii
2881 3152 2997 3221 Dei,
3027 3165 3070 3209 et
3091 3157 3463 3215 inexcusabiles
3491 3162 3585 3214 sint
3607 3162 3684 3232 qui
3700 3158 3836 3230 fidem

2300 3262 2407 3302 esse
2441 3247 2736 3314 noluerint;
2776 3249 2897 3318 quia
2930 3248 3135 3320 justitia
3161 3250 3255 3304 Dei
3282 3253 3331 3305 in
3367 3269 3425 3307 eo
3456 3254 3547 3321 sit,
3587 3262 3636 3308 ut
3667 3254 3736 3322 qui
3759 3268 3836 3306 non

2300 3338 2625 3404 crediderint,
2649 3348 2890 3410 pereant;
2921 3340 3113 3395 bonitas
3142 3343 3192 3396 in
3208 3358 3265 3396 ea
3284 3354 3557 3415 appareat,
3580 3345 3619 3400 si
3637 3345 3837 3400 neminem

2300 3429 2511 3499 repellat
2536 3446 2567 3484 a
2595 3431 2698 3485 vita
2721 3472 2735 3497 ,
2785 3431 2875 3485 sed
2910 3431 3254 3500 indifferenter
3279 3437 3543 3492 universos
3572 3433 3673 3491 velit
3707 3434 3837 3490 saltos

2299 3522 2413 3590 fieri
2437 3531 2483 3576 et
2510 3520 2564 3576 in
2588 3522 2894 3594 agnitionem
2916 3525 3136 3579 veritatis
3160 3526 3350 3580 venire.
3376 3526 3498 3581 Jam
3524 3528 3599 3581 hic
3625 3532 3837 3599 proferant

2300 3613 2582 3667 testimonia
2627 3614 2805 3683 quibus
2845 3613 3128 3669 divinarum
3174 3614 3562 3685 Scripturarum
3610 3600 3836 3673 cohortatio

2299 3703 2365 3757 ad
2399 3702 2731 3757 obedientium
2759 3704 2933 3758 incitat
2963 3705 3218 3759 hominum
3256 3706 3550 3764 voluntates
3570 3751 3583 3775 ,
3614 3709 3689 3779 qui
3713 3724 3762 3760 ex
3783 3706 3833 3758 Ιί-

2299 3794 2416 3849 baro
2443 3792 2792 3863 arbitrio,’ant
2821 3798 3010 3867 faciant
3035 3813 3147 3868 qua:
3167 3799 3441 3869 jubentur,
3475 3809 3560 3854 aut
3586 3798 3835 3872 negligant:

2298 3896 2344 3943 et
2367 3904 2673 3958 consequens
2718 3897 2896 3961 putant
2920 3900 2976 3945 ut
2999 3893 3116 3961 quia
3155 3894 3516 3961 pra'varicatOr
3552 3894 3653 3948 ideo
3688 3893 3834 3946 dicitur

2303 3978 2656 4053 nan_obedisse
2674 4020 2688 4045 ,
2728 3982 2851 4051 quia
2872 3982 3064 4047 noluit,
3093 3980 3255 4050 fidelis
3276 3998 3481 4053 quoque
3507 4001 3602 4039 non
3626 3982 3832 4037 dubitem

2301 4071 2360 4125 ob
2399 4050 2493 4125 hoc
2522 4071 2726 4127 devotus
2742 4050 2934 4142 fuisse,
2963 4074 3081 4143 quia
3105 4073 3258 4127 voluit
3270 4050 3298 4138 ;—
3335 4050 3642 4148 aquantum
3666 4075 3833 4145 quisque

2296 4165 2364 4218 ad
2391 4166 2602 4235 malum,
2634 4175 2827 4220 tantum
2846 4168 3027 4221 habeat
3054 4167 3311 4237 facultatis
3333 4170 3403 4222 ad
3427 4169 3641 4233 bonum;
3663 4166 3831 4239 parique

2298 4266 2547 4314 momento
2570 4261 2792 4313 animum
2818 4276 2869 4315 se
2888 4260 2962 4315 vel
2989 4258 3056 4313 ad
3078 4260 3213 4328 vitia,
3244 4262 3325 4315 vel
3341 4263 3413 4315 ad
3439 4263 3634 4317 virtutes
3655 4272 3827 4319 statere,

2294 4368 2438 4422 quem
2463 4350 2593 4408 bona
2628 4359 2942 4423 appetentem
2968 4354 3131 4424 gratia
3152 4350 3248 4407 Dei
3277 4355 3475 4423 foveat,
3518 4354 3644 4407 mala
3672 4360 3829 4406 sectan-

2295 4454 2396 4500 tem
2420 4446 2677 4499 damnatio
2688 4445 2833 4516 justa
2856 4444 3114 4515 suscipiat.

2364 4536 2416 4591 5.
2447 4534 2671 4606 Cumque
2706 4535 2836 4590 inter
2872 4536 2977 4590 [nec
3009 4536 3452 4591 innumerabilium
3479 4536 3581 4592 illis
3604 4531 3829 4589 multitude

2293 4633 2526 4704 objicitur
2540 4631 2880 4703 parvulorum,
2899 4631 2984 4701 qui
3003 4631 3169 4701 utique
3179 4638 3386 4701 excepto
3402 4629 3826 4702 originatipeecate,

2296 4723 2388 4779 sub
2413 4738 2513 4794 quo
2555 4736 2727 4776 omnes
2768 4721 2991 4776 homines
3025 4721 3253 4776 similiter
3280 4721 3332 4775 in
3359 4722 3515 4791 primi
3541 4718 3737 4773 hominis
3759 4713 3829 4767 da-

2293 4816 2546 4869 mnatione
2578 4820 2883 4878 nascuntur,
2920 4813 3092 4867 nullas
3116 4812 3281 4866 adhuc
3310 4813 3546 4867 habentes
3572 4810 3829 4865 voluntates.

2294 4908 2461 4962 nullas
2485 4907 2719 4977 praprias‘
2743 4909 2979 4970 actiones,
3009 4920 3108 4959 non
3135 4905 3242 4960 sine
3264 4904 3362 4958 Dei
3380 4903 3581 4977 judicia
3602 4912 3831 4957 θεραπηίην

2290 5007 2405 5064 tur;
2434 5006 2488 5052 ut
2516 5006 2631 5054 ante
2656 4998 3002 5052 discretionem
3022 4995 3139 5050 bani
3163 5006 3227 5048 ac
3251 4992 3374 5049 mali
3396 4996 3461 5049 de
3478 4998 3569 5050 usu
3594 4993 3697 5046 υἱιιε
3714 4988 3834 5043 istius

2290 5088 2583 5159 auferendi,
2625 5089 2716 5142 alii
2752 5103 2842 5158 per
2879 5087 3299 5159 regenerationem
3323 5076 3459 5140 inter
3481 5082 3683 5138 scelestis
3715 5074 3833 5148 regni

2289 5188 2606 5234 assumantur
2622 5178 2863 5245 htereties,
2887 5179 2977 5231 alii
3000 5178 3106 5231 sine
3123 5175 3384 5247 Baptismo
3408 5177 3540 5229 inter
3557 5172 3719 5228 mortis
3736 5184 3831 5241 per—

2289 5281 2454 5343 petua:
2477 5277 2729 5325 transeant
2764 5269 3007 5324 debitores
3040 5284 3059 5322 :
3088 5269 3213 5322 tales
3241 5268 3380 5322 aiunt
3428 5266 3605 5336 perdi,
3643 5260 3833 5328 talesque

2248 5414 2253 5421 .
2286 5361 2502 5430 salvari,
2549 5362 2722 5433 quales
2751 5361 2950 5432 futuros
2975 5361 3090 5415 illos
3114 5362 3169 5414 in
3203 5359 3346 5414 annis
3371 5356 3673 5427 majoribus,
3711 5350 3750 5404 ti
3774 5344 3831 5400 ad

2285 5457 2497 5509 activam
2521 5463 2834 5508 servarentur
2856 5462 3054 5507 (etatem
3079 5494 3092 5517 ,
3120 5452 3325 5507 scientia
3359 5450 3532 5504 divina
3555 5440 3823 5518 μνωάεήιι

2288 5545 2397 5600 Nec
2424 5545 2739 5602 considerant
2762 5560 2814 5598 se
2854 5545 3071 5614 gratiam
3099 5542 3230 5611 Dei,
3264 5554 3415 5613 quam
3452 5540 3670 5596 comitem
3692 5576 3709 5601 .
3742 5546 3825 5614 non

2286 5639 2523 5710 praevium
2551 5612 2883 5691 humanorum
2911 5635 3083 5689 volunt
3107 5649 3212 5690 esse
3235 5631 3518 5688 meritorum
3533 5671 3547 5699 ,
3574 5626 3717 5682 etiam
3739 5612 3828 5677 illis

2284 5732 2616 5787 voluntatibus
2644 5729 2871 5795 subdere,
2904 5745 3027 5801 quas
3045 5729 3106 5784 ab
3126 5745 3205 5796 ea,
3234 5722 3505 5784 secundum
3522 5732 3661 5777 suam
3684 5710 3822 5814 planu-

2290 5821 2488 5891 tasiam,
2517 5840 2614 5878 non
2644 5829 2823 5893 negant
2852 5837 2958 5877 esse
2976 5829 3269 5891 praesuta.
3314 5815 3421 5872 Sed
3445 5815 3498 5869 in
3519 5821 3703 5869 unum
3723 5817 3818 5878 qutt-
