4024 6376
133 315 256 382 i005

132 439 414 505 bustumque
447 433 805 489 commentitiis
843 435 1033 490 meritis
1077 435 1366 490 electionem
1409 435 1504 490 Dei
1545 435 1704 508 subji-

130 530 251 584 ciunt
271 567 286 592 ,
314 531 370 577 ut
397 521 518 594 quia
548 523 810 594 praeterita
839 540 938 578 non
972 534 1202 590 exstant,
1232 523 1404 594 futura
1423 567 1438 593 ,
1469 539 1583 595 quae
1604 541 1705 580 non

133 619 219 674 sint
244 617 434 686 futura,
463 615 766 688 confingant
788 657 802 683 ,
837 631 1060 688 novoque
1078 614 1218 686 apud
1244 615 1359 670 illos
1385 613 1706 671 absurditatis

133 726 291 784 genere
307 751 321 774 ,
347 717 518 762 etnon
539 707 740 778 agenda
761 711 993 779 prascita
1011 717 1131 774 sint,
1160 717 1204 762 et
1224 707 1455 779 prwscita
1479 725 1576 763 non
1593 719 1706 763 acta

133 802 237 857 sint.
273 788 416 854 Hanc
447 815 574 852 sane
603 797 667 853 de
705 797 938 854 humanis
967 800 1157 854 meritis
1197 799 1562 870 praescientiam
1589 797 1702 868 Dei,

133 891 384 948 secundum
403 907 558 962 quam
589 891 756 965 gratia
779 891 1001 946 vocantis
1021 902 1256 962 operetur
1275 931 1290 958 ,
1321 892 1479 947 multo
1503 892 1596 947 sibi
1622 911 1706 947 ra-

133 983 399 1048 tionabilius
425 983 663 1038 videntur
704 992 957 1050 astruere,
1003 1000 1118 1038 cum
1150 981 1218 1037 ad
1241 1000 1417 1038 eorum
1445 984 1705 1038 nationum

131 1077 586 1149 contemplationem
627 1079 854 1144 venitur,
901 1092 1012 1149 qua:
1035 1078 1112 1134 vel
1139 1078 1192 1132 in
1217 1077 1482 1150 praeteritis
1507 1075 1705 1132 steculis

134 1171 330 1226 dimissa
365 1178 483 1224 sunt
530 1169 728 1240 ingredi
757 1169 862 1224 vias
891 1185 1031 1236 suas,
1063 1169 1139 1224 vel
1164 1185 1295 1223 nunc
1316 1184 1509 1240 quoque
1537 1168 1706 1223 adimo

133 1265 176 1318 in
200 1262 364 1321 veteris
396 1262 708 1332 ignorantia:
746 1262 1004 1333 impietate
1031 1261 1338 1334 depereunt,
1382 1278 1471 1316 nec
1500 1263 1608 1316 ulla
1635 1263 1705 1317 eis

133 1368 206 1412 aut
243 1357 389 1429 Legis
433 1364 524 1410 aut
573 1355 838 1426 Evangelii
879 1355 1185 1410 illuminatio
1229 1355 1544 1419 coruscavit;
1589 1371 1706 1410 cum

133 1449 368 1513 tamen,in
389 1459 643 1519 quantum
669 1446 1079 1520 prtedicatoribus
1109 1447 1288 1502 ostium
1314 1455 1545 1516 apertum
1569 1457 1638 1501 est
1660 1455 1706 1502 et

130 1543 196 1595 via
219 1544 348 1612 [acta
375 1548 470 1606 est,
507 1539 731 1609 gentium
760 1538 1010 1610 populus,
1049 1539 1135 1608 qui
1182 1537 1380 1592 sedebat
1413 1537 1465 1591 in
1493 1537 1705 1592 tenebris

129 1634 228 1686 etin
246 1631 419 1686 umbra
446 1633 663 1697 mortis,
695 1629 857 1685 lucem
884 1629 1062 1684 viderit
1087 1647 1320 1701 magnam
1353 1628 1400 1704 (1
1408 1631 1483 1684 sai
1493 1673 1502 1684 .
1529 1646 1585 1686 nt
1603 1672 1618 1698 ,
1646 1629 1702 1696 2,

127 1734 166 1779 et
193 1722 369 1778 Matth.
396 1737 452 1777 ιγ
472 1763 488 1788 ,
525 1709 619 1794 16)
645 1739 661 1788 ;
702 1731 750 1778 et
773 1722 858 1787 qui
885 1722 1139 1792 quondam
1167 1739 1268 1777 non
1297 1723 1541 1794 populus,
1573 1739 1705 1777 nunc

126 1826 274 1874 autem
300 1817 522 1888 populus
547 1815 642 1870 Dei
662 1816 762 1882 sit;
789 1823 834 1871 et
855 1832 1068 1887 quorum
1096 1817 1370 1887 aliquando
1401 1833 1501 1871 non
1529 1815 1706 1870 miser-

127 1921 194 1969 tus
229 1924 332 1980 est,
376 1929 516 1969 nunc
565 1923 736 1968 autem
779 1912 1074 1968 misereatur
1100 1910 1256 1983 (Osee
1284 1927 1318 1965 ll
1343 1953 1358 1980 ,
1389 1912 1490 1977 23,
1516 1910 1588 1967 24
1611 1953 1625 1976 ,
1660 1921 1706 1966 et

129 2006 262 2062 Rom.
289 2021 342 2062 Ix
363 2045 379 2073 ,
401 2005 502 2075 25)
536 2023 550 2058 :
584 2004 824 2076 praevisos
847 2003 1081 2074 inquiunt
1104 2020 1136 2058 a
1157 2001 1377 2058 Domino
1406 2001 1703 2066 credituros,

127 2108 166 2154 et
184 2099 247 2154 ad
272 2114 686 2171 unamquamque
721 2107 914 2169 gentem
952 2097 1023 2152 ita
1049 2098 1338 2168 dispensata
1381 2105 1607 2166 tempora
1647 2111 1706 2149 ac

129 2189 385 2246 ministeria
413 2190 782 2261 magistrorum
799 2229 816 2255 ,
844 2197 898 2242 ut
923 2197 1166 2243 eaortura
1189 2196 1296 2242 erat
1325 2187 1572 2242 bonarum
1599 2203 1708 2240 cre-

127 2282 296 2339 dulitas
327 2282 650 2338 voluntatum
682 2299 697 2337 :
733 2297 822 2334 nec
859 2281 1096 2335 vacillare
1129 2277 1262 2332 illud
1286 2317 1300 2343 ,
1331 2278 1466 2350 quod
1515 2296 1534 2328 ι
1569 2276 1708 2332 Deus

128 2389 279 2429 omnes
317 2373 552 2435 homines
581 2393 602 2426 ι
635 2372 752 2427 velit
785 2389 806 2423 ι
835 2371 999 2426 salvos
1037 2370 1150 2440 ﬁeri
1171 2409 1186 2437 ,
1226 2377 1272 2424 et
1315 2369 1369 2423 in
1404 2369 1713 2440 agnitionem

127 2464 327 2522 veritatis
349 2467 523 2520 vemre
553 2484 573 2516 s
609 2464 652 2535 (Ι
684 2462 821 2518 Tim.
873 2479 930 2529 ιι,
959 2461 1056 2536 4);
1085 2461 1494 2534 quandoquidem
1508 2463 1710 2517 inexcu-

125 2555 288 2614 sabiles
313 2558 418 2612 sint
455 2558 549 2628 qui
578 2566 626 2613 et
663 2556 732 2610 ad
771 2556 922 2610 unius
962 2555 1065 2610 veri
1097 2554 1188 2610 Dei
1223 2554 1414 2609 cultum
1454 2555 1711 2624 potuerint

125 2645 290 2700 instrui
328 2647 672 2718 intelligentia
709 2646 965 2712 naturali,
997 2655 1044 2700 et
1083 2643 1422 2716 Evangelium
1456 2643 1570 2698 ideo
1607 2661 1712 2699 non

126 2737 382 2806 audierint,
408 2740 534 2812 quia
560 2755 650 2794 nec
670 2738 859 2811 fuerint
884 2736 1148 2806 recepturi.

187 2831 238 2888 6.
266 2830 374 2888 Pro
410 2833 644 2888 uniuerso
684 2842 854 2885 autem
879 2832 1101 2885 humano
1129 2845 1308 2902 genere
1331 2838 1583 2884 ntortuuin
1605 2843 1711 2886 esss

125 2923 387 2982 Dominum
415 2935 646 2982 nostram
669 2925 844 2981 .lesum
867 2923 1144 2990 Christum,
1169 2933 1216 2979 et
1241 2927 1487 2979 neminem
1503 2939 1714 2996 prorsus

125 3032 152 3070 a
175 3018 516 3090 redemptione
542 3019 804 3091 sanguinis
831 3019 940 3090 ejus
973 3028 1264 3088 exceptum,
1291 3017 1487 3072 etiamsi
1514 3032 1713 3071 omnem

125 3108 245 3166 hanc
267 3111 426 3166 vitam
454 3111 765 3166 alienissima
792 3109 854 3163 ab
873 3125 932 3164 eo
952 3119 1115 3164 mente
1139 3112 1483 3180 pertranseat;
1509 3109 1626 3177 quia
1641 3107 1712 3162 ad

125 3217 285 3260 omnes
333 3203 568 3259 homines
605 3202 853 3273 pertineat
895 3201 1080 3256 divinat
1121 3199 1476 3254 misericordias
1517 3197 1712 3254 Sacra-

125 3303 332 3350 mentum
363 3310 383 3350 :
405 3312 512 3367 quo
533 3294 648 3350 ideo
689 3294 893 3365 plurimi
918 3309 1020 3349 non
1059 3302 1377 3360 renoventur,
1418 3293 1539 3365 quia
1575 3292 1712 3363 quod

125 3400 206 3442 nec
231 3388 466 3443 renovari
485 3387 610 3444 velle
627 3385 861 3451 habeant,
887 3394 1284 3456 pramoscantur.
1318 3384 1518 3456 Itaque,
1547 3401 1710 3456 quan-

127 3484 224 3533 tum
235 3479 305 3534 ad
319 3477 489 3536 Deum
507 3479 738 3550 pertinet,
765 3477 996 3533 omnibus
1013 3487 1243 3547 paratam
1264 3477 1416 3530 vitam
1437 3485 1710 3542 aeternam,-

125 3578 360 3637 qttantum
380 3579 548 3626 autem
566 3569 634 3624 ad
653 3568 848 3625 arbitrii
869 3568 1174 3638 libertatem,
1205 3568 1268 3622 ab
1289 3567 1366 3622 his
1392 3584 1502 3622 eam
1521 3583 1680 3638 appro
1693 3597 1709 3608 -

123 3657 299 3727 heredi,
335 3661 424 3731 qui
451 3659 564 3717 Deo
591 3669 770 3732 sponte
797 3660 1097 3716 crediderint
1116 3699 1132 3725 ,
1171 3669 1221 3713 et
1259 3661 1508 3714 aumlium
1533 3659 1711 3730 gratiis

121 3753 288 3807 merito
317 3752 630 3806 credulitatis
655 3754 952 3822 acceperint.
989 3751 1057 3805 In
1087 3753 1233 3805 istam
1259 3767 1372 3806 vero
1393 3752 1508 3805 talis
1535 3752 1713 3821 gratia:

121 3843 539 3913 praedicationem
575 3843 663 3906 hi,
701 3858 917 3911 quorum
959 3843 1353 3897 contradictione
1380 3843 1705 3909 offendimur,

123 3950 232 3992 cum
267 3933 417 4006 prius
450 3935 657 3990 meliora
693 3934 969 4000 sentirent,
1008 3935 1120 3987 ideo
1159 3949 1212 3987 se
1240 3934 1315 3987 uel
1343 3935 1559 3988 mauime
1586 3951 1710 3988 cen-

125 4029 378 4094 tulerunt,
421 4028 541 4098 quia
573 4027 616 4082 si
647 4026 996 4097 proﬁterentur
1018 4023 1081 4079 ab
1110 4039 1169 4079 ea
1188 4025 1356 4078 omnia
1384 4023 1515 4077 bona
1533 4023 1714 4078 merita

129 4119 417 4190 prcveniri,
445 4127 492 4174 et
517 4118 579 4173 ab
598 4119 712 4190 ipsa
732 4126 784 4170 ut
808 4117 999 4188 possint
1022 4132 1146 4181 esse,
1176 4115 1392 4182 donari;
1422 4117 1716 4170 necessitate

135 4210 457 4268 concederent
485 4208 650 4264 Deum
687 4208 962 4264 secundum
1006 4208 1319 4278 propositum
1357 4215 1404 4262 et
1444 4207 1716 4262 consilium

133 4301 395 4364 voluntatis
417 4317 547 4367 sua,
575 4301 770 4357 occulto
781 4299 1000 4371 judicio,
1029 4309 1075 4356 et
1097 4315 1247 4370 opere
1261 4299 1548 4373 manifesto,
1571 4300 1714 4355 aliud

137 4407 212 4448 vus
253 4395 469 4455 condere
494 4396 551 4450 in
580 4395 820 4448 honorent
839 4434 858 4461 ,
911 4393 1053 4448 aliud
1084 4394 1140 4448 in
1176 4395 1526 4448 contumeliam
1549 4411 1570 4460 ε
1592 4395 1715 4466 quia

140 4500 272 4542 nemo
302 4487 400 4542 nisi
427 4503 516 4559 per
533 4487 750 4558 gratiam
763 4485 1076 4556 justiﬁcetur
1093 4525 1108 4551 ,
1142 4494 1188 4539 et
1213 4501 1358 4540 nemo
1385 4487 1481 4540 nisi
1510 4485 1561 4540 iu
1583 4501 1715 4557 priet

139 4578 431 4634 emicatione
456 4589 713 4633 nauatur.
744 4577 848 4634 Sed
877 4577 1134 4648 refugiunt
1151 4577 1288 4632 istud
1315 4579 1484 4650 fateri,
1515 4581 1712 4635 diuino-

71 4669 76 4672 ”
141 4682 224 4734 que
257 4671 541 4728 adscribere
581 4671 724 4742 operi
767 4680 1058 4725 sanctorum
1081 4670 1259 4728 merita
1284 4672 1591 4742 (arietillum;
1622 4691 1716 4729 nec

139 4761 446 4829 acquiescunt
489 4761 894 4833 praedestinatum
919 4762 1186 4817 electorum
1215 4779 1480 4818 numerum
1503 4782 1594 4819 nec
1615 4780 1712 4820 au-

142 4854 231 4921 teri
260 4873 409 4925 posse
434 4869 522 4910 nec
549 4856 739 4922 minati,
766 4871 832 4910 ne
854 4854 1022 4910 locum
1045 4855 1185 4926 apud
1214 4856 1447 4926 inﬁdeies
1465 4875 1523 4911 ac
1547 4859 1712 4931 negti-

142 4955 292 5012 gentes
311 4948 690 5005 cohortaruium
713 4948 1046 5003 incitamenta
1066 4964 1170 5003 non
1189 4947 1424 5015 habeant,
1454 4967 1514 5005 ac
1536 4967 1718 5023 super-

145 5036 234 5106 Ilua
271 5044 339 5098 sit
376 5042 639 5098 industrio
677 5057 737 5096 ac
783 5041 972 5097 laboris
1014 5041 1259 5109 indictis,
1307 5044 1451 5115 cujus
1492 5045 1716 5100 studium

145 5141 352 5189 cessem
366 5132 604 5188 electione
620 5132 968 5203 frustrandum
986 5133 1052 5187 sit
1074 5145 1096 5188 :
1112 5134 1186 5187 ita
1206 5132 1409 5188 desitum
1420 5136 1554 5189 enim
1570 5152 1716 5208 posse

148 5233 528 5298 umerisque
548 5225 617 5279 ad
641 5226 1000 5282 correctionem
1020 5235 1109 5282 aut
1133 5226 1202 5281 ad
1220 5228 1503 5301 profectum
1520 5230 1708 5298 vocari,

149 5310 187 5364 si
206 5329 256 5369 se
300 5316 436 5372 sciat
471 5331 569 5372 sua
594 5317 858 5389 diligentia
883 5317 1070 5374 bonum
1095 5335 1202 5376 esse
1224 5335 1371 5392 posse
1389 5359 1404 5388 ,
1438 5329 1487 5376 et
1510 5321 1713 5378 liberto-

152 5408 490 5466 letnslansab
520 5408 740 5466 hacBai
771 5411 965 5466 cnsilio
1001 5412 1312 5486 pm,
1342 5416 1388 5470 si
1413 5416 1550 5486 quod
1577 5415 1715 5474 Deus

147 5502 358 5569 Mdu,
386 5502 607 5574 etquis.
635 5504 710 5558 Ac
733 5503 840 5572 sic,
871 5520 986 5560 cum
1008 5505 1065 5561 in
1089 5506 1272 5578 ltisqu
1293 5514 1490 5580 θέαιναι
1510 5523 1715 5582 accepe-

153 5593 439 5652 rmliberc
459 5593 748 5666 vetustatis,
776 5596 884 5652 duo
906 5597 1010 5653 sint
1029 5611 1142 5670 que
1160 5599 1436 5654 humanam
1447 5611 1714 5673 operentur

152 5682 372 5756 “ideas,
402 5686 498 5744 Dei
516 5687 702 5744 scilicet
727 5691 895 5764 gratia
914 5699 964 5746 es
991 5687 1210 5747 hominis
1231 5692 1550 5762 obedientia;
1574 5685 1710 5766 prio-

156 5785 242 5828 run
266 5776 441 5833 rebus
473 5779 802 5838 obedientiam
821 5791 934 5840 esse
961 5794 1114 5854 quam
1139 5784 1352 5854 gratiam
1375 5826 1389 5852 ,
1427 5793 1485 5839 ut
1511 5785 1708 5842 initium

1293 313 1767 380 EPISTOLARL'M
1807 323 2078 383 CLASSIS
2106 324 2193 381 Ill.

3264 341 3400 402 i008

1813 439 1987 494 salutis
2015 457 2080 495 ex
2097 457 2154 494 eo
2177 443 2263 510 qui
2286 441 2658 513 salvatur,_non
2685 462 2747 501 ex
2771 463 2828 503 eo
2851 451 3151 507 credendum
3176 457 3241 511 sit
3267 469 3402 516 stare

1812 529 1898 600 qui
1922 531 2104 599 salvat,
2136 542 2182 587 et
2207 533 2436 590 voluntas
2463 531 2681 593 hominis
2697 539 2879 595 divinae
2899 542 3078 613 gratite
3105 545 3199 598 sibi
3228 550 3396 616 pariat

1818 635 1994 691 opem,
2022 638 2124 677 non
2150 623 2316 694 gratia
2338 623 2432 680 sibi
2459 622 2731 682 humanam
2760 631 2995 702 subjiciat
3033 635 3360 695 voluntatem.

1883 711 1936 768 7.
1981 709 2131 778 Quod
2148 731 2261 768 cum
2285 717 2708 787 perversissimam
2737 737 2861 788 esse,
2891 721 3140 779 revelante
3172 725 3264 781 Dei
3293 731 3396 786 mi.

1812 801 2110 870 seriem-dia,
2141 815 2188 858 ct
2208 806 2483 862 instruente
2509 826 2600 864 nos
2627 819 2712 864 tua
2738 805 3057 870 Beatitudine
3079 820 3400 889 noverimus;

1814 908 2083 962 possumus
2111 893 2312 967 quidem
2331 897 2399 952 ad
2423 915 2522 953 non
2547 900 2849 956 credendum
2875 921 2980 959 esse
2995 917 3300 979 constantes,
3312 914 3403 968 sed

1813 981 1882 1037 ad
1905 987 2253 1042 auctoritatem
2273 989 2398 1044 talia
2423 992 2741 1048 sentientium
2760 1011 2860 1050 non
2872 1013 3044 1052 sumus
3066 1017 3213 1070 pares
3241 1017 3259 1057 :
3285 1004 3406 1073 quia

1814 1075 2025 1130 multum
2050 1094 2141 1132 nos
2164 1088 2211 1132 et
2235 1080 2349 1133 vita:
2377 1082 2565 1163 meritis
2589 1083 2914 1152 antecellunt,
2946 1096 2991 1141 et
3018 1089 3176 1160 aliqui
3205 1109 3402 1162 eorum,

1813 1166 1994 1236 adepto
2022 1185 2181 1239 nuper
2221 1187 2418 1227 sunmto
2448 1171 2715 1241 sacerdotii
2739 1175 2954 1245 honore,
2996 1184 3403 1251 supereminent;

1814 1273 1903 1310 nec
1933 1257 2083 1326 facile
2134 1258 2396 1333 quisquam
2437 1274 2620 1335 praeter
2649 1283 2838 1335 paucos
2864 1274 3097 1340 perfectae
3123 1274 3301 1344 gratia:
3323 1277 3404 1330 in-

1815 1346 2035 1419 trepidos
2058 1361 2328 1418 amatores,
2355 1361 2492 1409 tanto
2517 1349 2833 1426 superiorum
2859 1360 3280 1430 disputationibus
3307 1385 3403 1422 au-

1813 1456 1897 1494 sus
1925 1451 1992 1495 est
2022 1443 2286 1499 contraire.
2316 1444 2400 1500 Ex
2413 1463 2510 1517 quo
2536 1464 2635 1502 non
2661 1450 2826 1504 solum
2844 1450 2921 1506 his
2949 1454 3036 1522 qui
3064 1472 3146 1510 eos
3166 1458 3400 1528 audiunt,

1813 1547 1984 1585 verum
2011 1535 2162 1587 etiam
2189 1536 2310 1605 ipsis
2327 1538 2411 1607 qui
2441 1539 2739 1608 audiuntur,
2769 1559 2884 1595 cum
2911 1544 3235 1615 dignitatibus
3255 1551 3408 1606 crevit

1815 1625 2128 1693 periculum;
2167 1627 2288 1681 dum
2317 1638 2362 1682 et
2393 1631 2577 1686 multos
2604 1635 2877 1686 reverentia
2906 1652 3079 1691 eorum
3109 1649 3197 1692 aut
3237 1641 3406 1698 inutili

1813 1713 2005 1769 cohibet
2031 1716 2249 1785 silentio,
2280 1729 2368 1772 aut
2398 1719 2654 1776 incurioso
2681 1723 2817 1777 ducit
2843 1741 3084 1794 assensu;
3110 1738 3158 1782 et
3182 1732 3410 1787 saluber—

1812 1806 1996 1861 rimam
2016 1809 2140 1878 ipsis
2167 1809 2361 1866 videtur
2389 1812 2526 1883 quod
2549 1830 2674 1883 pene
2700 1816 2893 1872 nullius
2916 1820 3313 1878 contradictione
3336 1841 3410 1880 re-

1814 1901 2160 1969 prehenditur.
2196 1901 2363 1968 Unde,
2394 1904 2514 1974 quia
2536 1906 2589 1958 in
2618 1906 2728 1961 istis
2742 1907 3024 1979 pelagiana:
3051 1915 3311 1981 pravitatis
3328 1933 3408 1971 re-

1818 1990 1986 2060 liquiis
2029 2009 2128 2046 non
2158 1994 2422 2048 mediocris
2461 1995 2740 2052 virulentiaz
2771 1998 2900 2068 libra
2920 2003 3160 2070 nutritur,
3190 2006 3236 2059 si
3261 2008 3408 2074 prin-

1813 2082 1999 2151 cipium
2020 2085 2195 2138 salutis
2221 2085 2349 2139 male
2375 2086 2427 2140 in
2442 2087 2644 2142 homine
2675 2089 2990 2158 collocatur;
3033 2096 3076 2150 si
3105 2096 3290 2153 divime
3314 2115 3404 2154 vo~

1814 2173 1998 2228 luntati
2036 2176 2188 2248 impie
2234 2177 2463 2232 voluntas
2487 2180 2710 2235 humana
2758 2185 3047 2255 prtefertur,
3079 2196 3131 2242 ut
3163 2187 3274 2242 ideo
3295 2190 3408 2261 quis

1813 2265 2077 2338 adjuvetur
2102 2268 2221 2341 quia
2250 2269 2428 2338 voluit,
2458 2287 2559 2326 non
2585 2273 2696 2329 ideo
2722 2275 2842 2344 quia
2865 2277 3154 2348 adjuvatur,
3185 2283 3299 2338 velit
3314 2300 3335 2349 ;
3361 2285 3411 2340 si

1815 2359 2126 2430 originaliter
2154 2361 2319 2417 malus
2341 2364 2676 2435 receptionem
2698 2367 2812 2421 boni
2836 2384 2941 2422 non
2965 2386 2998 2422 a
3025 2387 3217 2426 summa
3243 2374 3398 2440 bono,

1814 2452 1902 2506 sed
1925 2470 1960 2506 a
1986 2456 2252 2524 semetipso
2279 2456 2518 2514 inchoare
2543 2458 2675 2514 male
2701 2460 2960 2528 creditur;
2989 2463 3036 2518 si
3060 2465 3268 2520 aliunde
3292 2466 3406 2523 Deo

1816 2549 2059 2618 placetur,
2087 2550 2186 2605 nisi
2209 2568 2270 2606 ex
2288 2569 2346 2607 eo
2365 2553 2499 2623 quod
2523 2554 2632 2625 ipse
2656 2555 2915 2611 donaverit
2945 2571 2964 2611 :
2993 2558 3154 2612 tribue
3177 2562 3321 2616 nobis
3349 2563 3405 2618 in

1817 2639 1910 2693 hac
1938 2657 2112 2708 causa,
2152 2659 2286 2713 papa
2307 2644 2607 2711 beatissime,
2639 2654 2781 2716 pater
2817 2649 3023 2718 optime,
3051 2659 3295 2720 quantum
3307 2653 3406 2722 ju-

1817 2741 1962 2785 vante
1987 2730 2207 2786 Domino
2231 2744 2389 2804 potes,
2419 2735 2733 2808 diligentiam
2760 2739 2961 2808 pietatis
2990 2748 3110 2808 tute,
3142 2751 3196 2796 ut
3221 2759 3332 2814 quae
3351 2745 3406 2798 in

1815 2823 1924 2878 istis
1949 2826 2304 2894 quaestionibus
2330 2826 2640 2895 obscuriora,
2656 2838 2702 2883 et
2722 2829 2789 2882 ad
2819 2831 3242 2902 percipiciendum
3271 2835 3408 2906 αδηε-

1818 2917 1995 2972 ciliora
2036 2927 2172 2986 sunt,
2230 2935 2382 2989 quam
2414 2917 2739 2975 lucidissimis
2765 2923 3156 2993 expositionibus
3185 2926 3409 2998 digneris

1816 3009 2032 3080 aperire.

1887 3104 1942 3159 8.
1983 3103 2055 3158 Ac
2086 3104 2322 3174 primum,
2351 3105 2472 3175 quia
2496 3104 2722 3176 plerique
2750 3123 2851 3160 non
2877 3116 3056 3178 putant
3080 3109 3411 3166 christianum

1818 3197 1972 3266 ﬁdem
2017 3195 2112 3250 hac
2163 3195 2474 3251 dissensione
2511 3196 2714 3265 violari,
2743 3207 2989 3268 quantum
3017 3199 3230 3270 periculi
3265 3201 3327 3254 sit
3354 3201 3411 3256 in

1818 3306 1988 3344 eorum
2035 3289 2358 3360 persuasione
2410 3290 2707 3360 patefacias.
2751 3290 2966 3359 Deinde,
3019 3293 3270 3362 quomodo
3321 3311 3410 3367 per

1816 3383 1966 3438 istum
1986 3390 2385 3455 praeoperantem
2403 3390 2447 3434 et
2464 3393 2812 3454 cooperantem
2837 3383 3052 3454 gratiant
3075 3382 3284 3438 liberum
3303 3403 3410 3440 non

1816 3475 2120 3547 impediatur
2144 3474 2427 3529 arbitrium.
2481 3471 2628 3541 Tum,
2663 3483 2830 3529 utrum
2863 3477 3174 3548 prcescientia
3217 3477 3310 3531 Dei
3333 3480 3408 3532 ita.

1816 3569 2088 3624 secundum
2116 3568 2431 3640 propositum
2457 3576 2677 3634 maneat,
2709 3577 2760 3622 ut
2781 3586 2838 3621 ea
2867 3568 2980 3637 ipsa
3003 3584 3116 3638 quae
3135 3576 3252 3622 sunt
3279 3585 3403 3642 pro-

1818 3663 2002 3734 posita,
2033 3663 2132 3716 sint
2175 3661 2466 3734 accipienda
2495 3663 2770 3734 prtescita:
2800 3678 2867 3716 an
2901 3679 2989 3733 per
3015 3678 3197 3734 genera
3227 3679 3408 3718 causa-

1817 3774 1930 3810 rum
1959 3764 2004 3810 et
2051 3757 2240 3827 species
2269 3771 2600 3826 personarum
2627 3755 2724 3808 ista
2769 3753 3062 3820 varientur;
3092 3765 3146 3808 ut
3176 3755 3293 3827 quia
3324 3755 3407 3810 di-

1817 3864 1970 3902 vcrsw
1990 3857 2109 3902 sunt
2121 3848 2399 3902 vocationes
2417 3849 2469 3901 in
2490 3847 2568 3902 his
2584 3848 2671 3919 qui
2693 3846 2821 3901 nihil
2840 3847 3099 3918 operaturi
3122 3848 3407 3922 salvantur,

1817 3941 1959 4009 quasi
1990 3939 2153 3992 solum
2174 3939 2268 3993 Dei
2288 3942 2601 4010 prapositum
2628 3942 2856 3994 videatur
2881 3943 3122 4006 existere;
3143 3943 3194 3997 in
3218 3943 3296 3998 his
3317 3961 3410 3996 au-

1819 4041 1918 4086 tem
1946 4031 2030 4101 qui
2062 4030 2256 4101 aliquid
2285 4029 2399 4084 boni
2425 4031 2588 4084 acturi
2608 4043 2743 4096 sunt,
2776 4049 2865 4102 per
2891 4033 3254 4104 prtescientiam
3290 4053 3408 4106 pos-

1820 4124 1882 4178 sit
1898 4133 2032 4177 stare
2059 4123 2370 4193 prapositum
2405 4137 2514 4176 :an
2552 4138 2666 4176 vero
2702 4121 3040 4194 uniformiter,
3093 4121 3206 4178 licet
3251 4125 3410 4178 dividi

1819 4215 2136 4288 prwscientiu
2163 4231 2193 4268 a
2230 4214 2483 4284 proposito
2529 4212 2794 4283 temporali
2818 4211 3133 4269 distinctione
3165 4232 3265 4269 non
3291 4232 3411 4287 pos-

1819 4305 1904 4374 sit,
1924 4305 2239 4378 prtescientia
2259 4313 2424 4360 tamen
2447 4303 2668 4376 quodam
2689 4304 2865 4360 ordine
2887 4305 2950 4360 sit
2978 4307 3192 4362 subnixa
3220 4326 3409 4380 propo-

1819 4399 1916 4456 sito
1933 4414 1953 4464 ;
1978 4408 2024 4454 et
2050 4398 2178 4452 sicut
2204 4396 2335 4453 nihil
2373 4399 2437 4453 sit
2458 4414 2884 4472 quorumcumque
2915 4399 3242 4472 negotiorum,
3270 4401 3406 4471 quod

1821 4510 1922 4548 non
1952 4493 2159 4548 scientia
2185 4492 2356 4548 divina
2385 4493 2710 4565 prtevenerit,
2741 4493 2814 4548 ita
2848 4493 2980 4549 nihil
3009 4496 3070 4549 sit
3095 4494 3240 4562 boni,
3271 4496 3408 4566 quod

1820 4586 1874 4639 in
1901 4593 2126 4640 nostram
2155 4584 2592 4656 participationem
2616 4600 2719 4640 non
2746 4581 2857 4641 Deo
2883 4593 3086 4640 auctore
3112 4585 3402 4656 defluxerit.

1821 4674 2107 4743 Postremo,
2138 4676 2564 4748 quemadmodum
2586 4691 2678 4748 per
2692 4677 2825 4731 hanc
2849 4678 3254 4748 pradicationem
3279 4695 3402 4750 pro-

1823 4769 1972 4838 positi
2002 4765 2121 4833 Dei,
2141 4785 2237 4837 quo
2261 4766 2436 4831 ﬁdeles
2455 4767 2587 4837 ﬁunt
2615 4769 2704 4839 qui
2725 4769 3057 4840 prteordinati
3087 4778 3206 4823 sunt
3240 4770 3308 4823 ad
3334 4771 3407 4825 vi-

1822 4868 1926 4915 tam
1953 4869 2214 4927 cternaut,
2241 4874 2390 4912 uento
2410 4873 2584 4912 eorum
2605 4859 2692 4930 qui
2705 4859 3005 4915 eohoﬂandi
3015 4871 3132 4915 sunt
3158 4862 3405 4932 impedia-

1822 4963 1924 5022 tur,
1958 4971 2046 5010 nec
2094 4955 2408 5026 occasionem
2437 4952 3020 5025 negligentiazﬁabeant,
3054 4954 3098 5007 si
3125 4971 3177 5010 se
3202 4956 3402 5023 praede-

1820 5047 2033 5101 stinatos
2071 5059 2177 5100 esse
2217 5044 2500 5116 desperent.
2534 5043 2679 5099 Illud
2709 5045 2863 5099 etiam
2892 5045 3106 5116 qualiter
3147 5047 3403 5115 diluatur,

1821 5155 2126 5210 quaesumus,
2158 5137 2403 5209 patienter
2438 5136 2779 5207 insipientiam
2824 5143 3048 5192 nostram
3075 5140 3282 5209 ferendo
3317 5139 3406 5194 de-

1821 5240 2088 5300 monstres,
2102 5232 2237 5302 quod
2256 5231 2534 5287 retractatis
2546 5231 2772 5300 priorum
2795 5231 2860 5287 de
2878 5232 2972 5287 hac
2984 5248 3041 5286 ro
3063 5233 3402 5305 opinionibus,

1822 5343 1947 5398 pene
1970 5326 2195 5382 smmum
2223 5325 2582 5395 parinvenitur
2599 5333 2650 5380 et
2672 5341 2776 5379 una
2801 5325 3067 5394 seruantia,
3090 5343 3191 5396 qua
3221 5343 3409 5396 propo-

1820 5422 1969 5474 situm
1997 5427 2046 5474 et
2084 5418 2572 5489 praedestinationem
2598 5417 2696 5473 Dei
2736 5419 3012 5474 secundum
3034 5419 3406 5490 prwseientiam
3455 5477 3458 5479 λ

1820 5521 2150 5583 receperunt;
2197 5520 2252 5565 ut
2288 5509 2350 5566 ob
2387 5510 2482 5566 hoc
2512 5508 2653 5567 Deus
2680 5509 2811 5566 alios
2837 5527 2958 5567 vasa
3003 5509 3227 5574 honoris,
3273 5509 3404 5566 alios

1821 5604 2134 5660 contumelia:
2149 5603 2339 5676 fecerit,
2367 5604 2487 5675 quia
2502 5605 2656 5676 ﬁnem
2679 5605 3070 5677 uniuscujusque
3096 5604 3400 5674 praviderit,

1820 5705 1866 5750 et
1891 5694 1979 5751 sub
2011 5697 2121 5767 ipso
2144 5697 2320 5768 gratia:
2346 5696 2600 5770 adjutorio
2635 5697 2686 5753 in
2703 5715 2803 5769 qua
2832 5702 3034 5771 futurus
3059 5707 3181 5754 esset
3217 5698 3400 5753 volnus

1795 5799 1924 5846 -tate
1947 5801 1992 5843 et
2023 5791 2213 5844 actione
2242 5790 2529 5860 prcescierit.
