  <div class='ocr_page' id='page_1' title='image "/cluster/home/n/w/nwhite01/storage/ocr_20150623/33/uva.x000669810/519.png"; bbox 0 0 4024 6368; ppageno 0'>
   <div class='ocr_carea' id='block_1_1' title="bbox 560 348 790 457">
    <p class='ocr_par' dir='ltr' id='par_1_1' title="bbox 560 348 790 457">
     <span class='ocr_line' id='line_1_1' title="bbox 560 348 790 457; baseline -0.009 -47"><span class='ocrx_word' id='word_1_1' title='bbox 560 441 570 457; x_wconf 31' lang='grc' dir='ltr'><em>ι</em></span> <span class='ocrx_word' id='word_1_2' title='bbox 656 348 790 410; x_wconf 82' lang='lat' dir='ltr'><strong><em>i007</em></strong></span> 
     </span>
    </p>
   </div>
   <div class='ocr_carea' id='block_1_2' title="bbox 725 460 2231 534">
    <p class='ocr_par' dir='ltr' id='par_1_2' title="bbox 725 460 2231 534">
     <span class='ocr_line' id='line_1_2' title="bbox 725 460 2231 534; baseline -0.007 -10"><span class='ocrx_word' id='word_1_3' title='bbox 725 468 779 524; x_wconf 90' lang='grc'><strong>9.</strong></span> <span class='ocrx_word' id='word_1_4' title='bbox 823 466 1012 534; x_wconf 77' lang='lat' dir='ltr'><strong><em>Quibus</em></strong></span> <span class='ocrx_word' id='word_1_5' title='bbox 1042 464 1269 521; x_wconf 89' lang='lat' dir='ltr'><strong><em>omnibus</em></strong></span> <span class='ocrx_word' id='word_1_6' title='bbox 1296 463 1539 529; x_wconf 90' lang='lat' dir='ltr'><strong><em>enodatis,</em></strong></span> <span class='ocrx_word' id='word_1_7' title='bbox 1569 470 1617 517; x_wconf 91' lang='lat' dir='ltr'><strong><em>et</em></strong></span> <span class='ocrx_word' id='word_1_8' title='bbox 1654 460 1823 515; x_wconf 89' lang='lat' dir='ltr'><strong><em>multis</em></strong></span> <span class='ocrx_word' id='word_1_9' title='bbox 1866 460 2091 532; x_wconf 87' lang='lat' dir='ltr'><strong><em>insuper,</em></strong></span> <span class='ocrx_word' id='word_1_10' title='bbox 2117 474 2231 531; x_wconf 67' lang='lat' dir='ltr'><strong><em>quas</em></strong></span> 
     </span>
    </p>
   </div>
   <div class='ocr_carea' id='block_1_3' title="bbox 654 553 2229 625">
    <p class='ocr_par' dir='ltr' id='par_1_3' title="bbox 654 553 2229 625">
     <span class='ocr_line' id='line_1_3' title="bbox 654 553 2229 625; baseline -0.004 -11"><span class='ocrx_word' id='word_1_11' title='bbox 654 562 833 616; x_wconf 77' lang='lat' dir='ltr'><strong><em>altiore</em></strong></span> <span class='ocrx_word' id='word_1_12' title='bbox 868 559 1052 614; x_wconf 89' lang='lat' dir='ltr'><strong><em>intuitu</em></strong></span> <span class='ocrx_word' id='word_1_13' title='bbox 1075 558 1144 612; x_wconf 91' lang='lat' dir='ltr'><strong><em>ad</em></strong></span> <span class='ocrx_word' id='word_1_14' title='bbox 1184 573 1387 612; x_wconf 86' lang='lat' dir='ltr'><strong><em>causam</em></strong></span> <span class='ocrx_word' id='word_1_15' title='bbox 1412 556 1540 609; x_wconf 87' lang='lat' dir='ltr'><strong><em>Itane</em></strong></span> <span class='ocrx_word' id='word_1_16' title='bbox 1576 553 1872 625; x_wconf 74' lang='lat' dir='ltr'><strong><em>pertinentia</em></strong></span> <span class='ocrx_word' id='word_1_17' title='bbox 1895 555 2056 624; x_wconf 88' lang='lat' dir='ltr'><strong><em>magis</em></strong></span> <span class='ocrx_word' id='word_1_18' title='bbox 2092 562 2229 623; x_wconf 89' lang='lat' dir='ltr'><strong><em>potes</em></strong></span> 
     </span>
    </p>
   </div>
   <div class='ocr_carea' id='block_1_4' title="bbox 653 645 2229 717">
    <p class='ocr_par' dir='ltr' id='par_1_4' title="bbox 653 645 2229 717">
     <span class='ocr_line' id='line_1_4' title="bbox 653 645 2229 717; baseline -0.006 -10"><span class='ocrx_word' id='word_1_19' title='bbox 653 652 839 715; x_wconf 87' lang='lat' dir='ltr'><strong><em>videre,</em></strong></span> <span class='ocrx_word' id='word_1_20' title='bbox 867 651 1100 705; x_wconf 87' lang='lat' dir='ltr'><strong><em>discussis</em></strong></span> <span class='ocrx_word' id='word_1_21' title='bbox 1117 666 1135 714; x_wconf 89' lang='lat'><strong><em>;</em></strong></span> <span class='ocrx_word' id='word_1_22' title='bbox 1166 648 1414 702; x_wconf 76' lang='lat' dir='ltr'><strong><em>credimus</em></strong></span> <span class='ocrx_word' id='word_1_23' title='bbox 1429 656 1476 701; x_wconf 79' lang='lat' dir='ltr'><strong><em>et</em></strong></span> <span class='ocrx_word' id='word_1_24' title='bbox 1496 662 1753 717; x_wconf 74' lang='lat' dir='ltr'><strong><em>speramus</em></strong></span> <span class='ocrx_word' id='word_1_25' title='bbox 1768 662 1869 700; x_wconf 92' lang='lat' dir='ltr'><strong><em>non</em></strong></span> <span class='ocrx_word' id='word_1_26' title='bbox 1885 646 2049 700; x_wconf 89' lang='lat' dir='ltr'><strong><em>solum</em></strong></span> <span class='ocrx_word' id='word_1_27' title='bbox 2074 645 2229 698; x_wconf 87' lang='lat' dir='ltr'><strong><em>tenui-</em></strong></span> 
     </span>
    </p>
   </div>
   <div class='ocr_carea' id='block_1_5' title="bbox 656 735 2228 808">
    <p class='ocr_par' dir='ltr' id='par_1_5' title="bbox 656 735 2228 808">
     <span class='ocr_line' id='line_1_5' title="bbox 656 735 2228 808; baseline -0.005 -12"><span class='ocrx_word' id='word_1_28' title='bbox 656 751 808 797; x_wconf 83' lang='lat' dir='ltr'><strong><em>tatem</em></strong></span> <span class='ocrx_word' id='word_1_29' title='bbox 826 750 1043 797; x_wconf 87' lang='lat' dir='ltr'><strong><em>nostram</em></strong></span> <span class='ocrx_word' id='word_1_30' title='bbox 1072 738 1467 808; x_wconf 77' lang='lat' dir='ltr'><strong><em>disputationum</em></strong></span> <span class='ocrx_word' id='word_1_31' title='bbox 1496 746 1694 790; x_wconf 89' lang='lat' dir='ltr'><strong><em>tuarum</em></strong></span> <span class='ocrx_word' id='word_1_32' title='bbox 1726 735 1961 807; x_wconf 70' lang='lat' dir='ltr'><strong><em>presidio</em></strong></span> <span class='ocrx_word' id='word_1_33' title='bbox 1987 735 2228 789; x_wconf 85' lang='lat' dir='ltr'><strong><em>roboran-</em></strong></span> 
     </span>
    </p>
   </div>
   <div class='ocr_carea' id='block_1_6' title="bbox 654 823 2227 899">
    <p class='ocr_par' dir='ltr' id='par_1_6' title="bbox 654 823 2227 899">
     <span class='ocr_line' id='line_1_6' title="bbox 654 823 2227 899; baseline -0.004 -13"><span class='ocrx_word' id='word_1_34' title='bbox 654 834 794 898; x_wconf 85' lang='lat' dir='ltr'><strong><em>dam,</em></strong></span> <span class='ocrx_word' id='word_1_35' title='bbox 824 831 911 885; x_wconf 90' lang='lat' dir='ltr'><strong><em>sed</em></strong></span> <span class='ocrx_word' id='word_1_36' title='bbox 938 831 1086 884; x_wconf 89' lang='lat' dir='ltr'><strong><em>etiam</em></strong></span> <span class='ocrx_word' id='word_1_37' title='bbox 1108 828 1244 899; x_wconf 84' lang='lat' dir='ltr'><strong><em>ipsos</em></strong></span> <span class='ocrx_word' id='word_1_38' title='bbox 1255 844 1376 897; x_wconf 89' lang='lat' dir='ltr'><strong><em>quos</em></strong></span> <span class='ocrx_word' id='word_1_39' title='bbox 1396 827 1582 881; x_wconf 88' lang='lat' dir='ltr'><strong><em>meritis</em></strong></span> <span class='ocrx_word' id='word_1_40' title='bbox 1609 834 1757 896; x_wconf 89' lang='lat' dir='ltr'><strong><em>atque</em></strong></span> <span class='ocrx_word' id='word_1_41' title='bbox 1776 823 2044 879; x_wconf 79' lang='lat' dir='ltr'><strong><em>honoribus</em></strong></span> <span class='ocrx_word' id='word_1_42' title='bbox 2064 824 2227 879; x_wconf 91' lang='lat' dir='ltr'><strong><em>claros</em></strong></span> 
     </span>
    </p>
   </div>
   <div class='ocr_carea' id='block_1_7' title="bbox 654 913 2227 992">
    <p class='ocr_par' dir='ltr' id='par_1_7' title="bbox 654 913 2227 992">
     <span class='ocr_line' id='line_1_7' title="bbox 654 913 2227 992; baseline -0.005 -17"><span class='ocrx_word' id='word_1_43' title='bbox 654 920 819 992; x_wconf 77' lang='lat' dir='ltr'><strong><em>caligo</em></strong></span> <span class='ocrx_word' id='word_1_44' title='bbox 855 921 997 974; x_wconf 85' lang='lat' dir='ltr'><strong><em>istius</em></strong></span> <span class='ocrx_word' id='word_1_45' title='bbox 1024 919 1275 989; x_wconf 85' lang='lat' dir='ltr'><strong><em>opinionis</em></strong></span> <span class='ocrx_word' id='word_1_46' title='bbox 1304 918 1567 985; x_wconf 88' lang='lat' dir='ltr'><strong><em>obscurat,</em></strong></span> <span class='ocrx_word' id='word_1_47' title='bbox 1591 916 2029 987; x_wconf 72' lang='lat' dir='ltr'><strong><em>defacatissimum</em></strong></span> <span class='ocrx_word' id='word_1_48' title='bbox 2058 913 2227 968; x_wconf 82' lang='lat' dir='ltr'><strong><em>lumen</em></strong></span> 
     </span>
    </p>
   </div>
   <div class='ocr_carea' id='block_1_8' title="bbox 653 1008 2224 1084">
    <p class='ocr_par' dir='ltr' id='par_1_8' title="bbox 653 1008 2224 1084">
     <span class='ocr_line' id='line_1_8' title="bbox 653 1008 2224 1084; baseline -0.003 -19"><span class='ocrx_word' id='word_1_49' title='bbox 653 1012 829 1084; x_wconf 68' lang='lat' dir='ltr'><strong><em>gratiae</em></strong></span> <span class='ocrx_word' id='word_1_50' title='bbox 858 1018 1161 1079; x_wconf 87' lang='lat' dir='ltr'><strong><em>recepturos.</em></strong></span> <span class='ocrx_word' id='word_1_51' title='bbox 1193 1008 1331 1062; x_wconf 84' lang='lat' dir='ltr'><strong><em>Nam</em></strong></span> <span class='ocrx_word' id='word_1_52' title='bbox 1354 1024 1508 1062; x_wconf 90' lang='lat' dir='ltr'><strong><em>unum</em></strong></span> <span class='ocrx_word' id='word_1_53' title='bbox 1535 1024 1707 1062; x_wconf 88' lang='lat' dir='ltr'><strong><em>eorum</em></strong></span> <span class='ocrx_word' id='word_1_54' title='bbox 1751 1008 2021 1078; x_wconf 63' lang='lat' dir='ltr'><strong><em>principum</em></strong></span> <span class='ocrx_word' id='word_1_55' title='bbox 2045 1016 2224 1061; x_wconf 86' lang='lat' dir='ltr'><strong><em>aucto-</em></strong></span> 
     </span>
    </p>
   </div>
   <div class='ocr_carea' id='block_1_9' title="bbox 651 1098 2227 1171">
    <p class='ocr_par' dir='ltr' id='par_1_9' title="bbox 651 1098 2227 1171">
     <span class='ocr_line' id='line_1_9' title="bbox 651 1098 2227 1171; baseline -0.003 -15"><span class='ocrx_word' id='word_1_56' title='bbox 651 1103 815 1156; x_wconf 88' lang='lat' dir='ltr'><strong><em>ritatis</em></strong></span> <span class='ocrx_word' id='word_1_57' title='bbox 843 1110 890 1155; x_wconf 91' lang='lat' dir='ltr'><strong><em>et</em></strong></span> <span class='ocrx_word' id='word_1_58' title='bbox 920 1102 1258 1171; x_wconf 88' lang='lat' dir='ltr'><strong><em>spiritualium</em></strong></span> <span class='ocrx_word' id='word_1_59' title='bbox 1286 1100 1565 1156; x_wconf 86' lang='lat' dir='ltr'><strong><em>studiorum</em></strong></span> <span class='ocrx_word' id='word_1_60' title='bbox 1592 1101 1771 1167; x_wconf 87' lang='lat' dir='ltr'><strong><em>virum,</em></strong></span> <span class='ocrx_word' id='word_1_61' title='bbox 1800 1110 2030 1154; x_wconf 89' lang='lat' dir='ltr'><strong><em>sanctum</em></strong></span> <span class='ocrx_word' id='word_1_62' title='bbox 2074 1098 2227 1153; x_wconf 84' lang='lat' dir='ltr'><strong><em>Hila-</em></strong></span> 
     </span>
    </p>
   </div>
   <div class='ocr_carea' id='block_1_10' title="bbox 650 1191 2222 1266">
    <p class='ocr_par' dir='ltr' id='par_1_10' title="bbox 650 1191 2222 1266">
     <span class='ocr_line' id='line_1_10' title="bbox 650 1191 2222 1266; baseline -0.001 -19"><span class='ocrx_word' id='word_1_63' title='bbox 650 1195 780 1247; x_wconf 86' lang='lat' dir='ltr'><strong><em>rium</em></strong></span> <span class='ocrx_word' id='word_1_64' title='bbox 804 1191 878 1266; x_wconf 89' lang='lat' dir='ltr'><strong><em>(a)</em></strong></span> <span class='ocrx_word' id='word_1_65' title='bbox 895 1193 1231 1247; x_wconf 85' lang='lat' dir='ltr'><strong><em>Arelatensem</em></strong></span> <span class='ocrx_word' id='word_1_66' title='bbox 1246 1195 1552 1264; x_wconf 80' lang='lat' dir='ltr'><strong><em>episcOpnm,</em></strong></span> <span class='ocrx_word' id='word_1_67' title='bbox 1578 1194 1700 1248; x_wconf 90' lang='lat' dir='ltr'><strong><em>sciat</em></strong></span> <span class='ocrx_word' id='word_1_68' title='bbox 1723 1192 1988 1248; x_wconf 89' lang='lat' dir='ltr'><strong><em>Beatitudo</em></strong></span> <span class='ocrx_word' id='word_1_69' title='bbox 2011 1201 2098 1246; x_wconf 90' lang='lat' dir='ltr'><strong><em>tua</em></strong></span> <span class='ocrx_word' id='word_1_70' title='bbox 2125 1194 2222 1246; x_wconf 80' lang='lat' dir='ltr'><strong><em>ad-</em></strong></span> 
     </span>
    </p>
   </div>
   <div class='ocr_carea' id='block_1_11' title="bbox 650 1282 2225 1356">
    <p class='ocr_par' dir='ltr' id='par_1_11' title="bbox 650 1282 2225 1356">
     <span class='ocr_line' id='line_1_11' title="bbox 650 1282 2225 1356; baseline -0.001 -19"><span class='ocrx_word' id='word_1_71' title='bbox 650 1284 937 1337; x_wconf 90' lang='lat' dir='ltr'><strong><em>miratorem</em></strong></span> <span class='ocrx_word' id='word_1_72' title='bbox 978 1292 1361 1356; x_wconf 87' lang='lat' dir='ltr'><strong><em>sectatoremque</em></strong></span> <span class='ocrx_word' id='word_1_73' title='bbox 1384 1284 1437 1337; x_wconf 90' lang='lat' dir='ltr'><strong><em>in</em></strong></span> <span class='ocrx_word' id='word_1_74' title='bbox 1477 1284 1594 1337; x_wconf 86' lang='lat' dir='ltr'><strong><em>aliis</em></strong></span> <span class='ocrx_word' id='word_1_75' title='bbox 1619 1283 1846 1337; x_wconf 88' lang='lat' dir='ltr'><strong><em>omnibus</em></strong></span> <span class='ocrx_word' id='word_1_76' title='bbox 1872 1293 1971 1338; x_wconf 77' lang='lat' dir='ltr'><strong><em>tute</em></strong></span> <span class='ocrx_word' id='word_1_77' title='bbox 2002 1299 2106 1337; x_wconf 88' lang='lat' dir='ltr'><strong><em>esse</em></strong></span> <span class='ocrx_word' id='word_1_78' title='bbox 2133 1282 2225 1336; x_wconf 81' lang='lat' dir='ltr'><strong><em>do—</em></strong></span> 
     </span>
    </p>
   </div>
   <div class='ocr_carea' id='block_1_12' title="bbox 590 1371 2225 1444">
    <p class='ocr_par' dir='ltr' id='par_1_12' title="bbox 590 1371 2225 1444">
     <span class='ocr_line' id='line_1_12' title="bbox 590 1371 2225 1444; baseline -0.001 -17"><span class='ocrx_word' id='word_1_79' title='bbox 590 1412 593 1417; x_wconf 56' lang='grc' dir='ltr'><em>ι</em></span> <span class='ocrx_word' id='word_1_80' title='bbox 652 1376 862 1436; x_wconf 81' lang='lat' dir='ltr'><strong><em>ctrince;</em></strong></span> <span class='ocrx_word' id='word_1_81' title='bbox 898 1382 945 1427; x_wconf 90' lang='lat' dir='ltr'><strong><em>et</em></strong></span> <span class='ocrx_word' id='word_1_82' title='bbox 969 1374 1031 1427; x_wconf 90' lang='lat' dir='ltr'><strong><em>de</em></strong></span> <span class='ocrx_word' id='word_1_83' title='bbox 1046 1373 1139 1427; x_wconf 88' lang='lat' dir='ltr'><strong><em>hoc</em></strong></span> <span class='ocrx_word' id='word_1_84' title='bbox 1176 1374 1309 1442; x_wconf 88' lang='lat' dir='ltr'><strong><em>quod</em></strong></span> <span class='ocrx_word' id='word_1_85' title='bbox 1333 1374 1386 1427; x_wconf 90' lang='lat' dir='ltr'><strong><em>in</em></strong></span> <span class='ocrx_word' id='word_1_86' title='bbox 1422 1372 1675 1440; x_wconf 88' lang='lat' dir='ltr'><strong><em>querelam</em></strong></span> <span class='ocrx_word' id='word_1_87' title='bbox 1705 1373 1877 1438; x_wconf 83' lang='lat' dir='ltr'><strong><em>trahit,</em></strong></span> <span class='ocrx_word' id='word_1_88' title='bbox 1912 1371 2225 1444; x_wconf 89' lang='lat' dir='ltr'><strong><em>jampridem</em></strong></span> 
     </span>
    </p>
   </div>
   <div class='ocr_carea' id='block_1_13' title="bbox 652 1461 2226 1535">
    <p class='ocr_par' dir='ltr' id='par_1_13' title="bbox 652 1461 2226 1535">
     <span class='ocr_line' id='line_1_13' title="bbox 652 1461 2226 1535; baseline -0.002 -17"><span class='ocrx_word' id='word_1_89' title='bbox 652 1464 790 1535; x_wconf 86' lang='lat' dir='ltr'><strong><em>upud</em></strong></span> <span class='ocrx_word' id='word_1_90' title='bbox 822 1464 1149 1519; x_wconf 85' lang='lat' dir='ltr'><strong><em>Sanctitatem</em></strong></span> <span class='ocrx_word' id='word_1_91' title='bbox 1180 1472 1317 1516; x_wconf 91' lang='lat' dir='ltr'><strong><em>tuam</em></strong></span> <span class='ocrx_word' id='word_1_92' title='bbox 1353 1480 1554 1517; x_wconf 85' lang='lat' dir='ltr'><strong><em>sensum</em></strong></span> <span class='ocrx_word' id='word_1_93' title='bbox 1581 1479 1724 1517; x_wconf 90' lang='lat' dir='ltr'><strong><em>suum</em></strong></span> <span class='ocrx_word' id='word_1_94' title='bbox 1752 1479 1840 1533; x_wconf 89' lang='lat' dir='ltr'><strong><em>per</em></strong></span> <span class='ocrx_word' id='word_1_95' title='bbox 1884 1463 2074 1517; x_wconf 81' lang='lat' dir='ltr'><strong><em>litteras</em></strong></span> <span class='ocrx_word' id='word_1_96' title='bbox 2100 1461 2226 1516; x_wconf 86' lang='lat' dir='ltr'><strong><em>velle</em></strong></span> 
     </span>
    </p>
   </div>
   <div class='ocr_carea' id='block_1_14' title="bbox 649 1553 2225 1627">
    <p class='ocr_par' dir='ltr' id='par_1_14' title="bbox 649 1553 2225 1627">
     <span class='ocr_line' id='line_1_14' title="bbox 649 1553 2225 1627; baseline -0.004 -16"><span class='ocrx_word' id='word_1_97' title='bbox 649 1561 895 1627; x_wconf 82' lang='lat' dir='ltr'><strong><em>conferre.</em></strong></span> <span class='ocrx_word' id='word_1_98' title='bbox 930 1555 1033 1611; x_wconf 89' lang='lat' dir='ltr'><strong><em>Sed</em></strong></span> <span class='ocrx_word' id='word_1_99' title='bbox 1055 1555 1172 1625; x_wconf 88' lang='lat' dir='ltr'><strong><em>quia</em></strong></span> <span class='ocrx_word' id='word_1_100' title='bbox 1198 1564 1365 1609; x_wconf 89' lang='lat' dir='ltr'><strong><em>utrum</em></strong></span> <span class='ocrx_word' id='word_1_101' title='bbox 1392 1555 1485 1609; x_wconf 86' lang='lat' dir='ltr'><strong><em>hoc</em></strong></span> <span class='ocrx_word' id='word_1_102' title='bbox 1511 1559 1765 1626; x_wconf 77' lang='lat' dir='ltr'><strong><em>facturus,</em></strong></span> <span class='ocrx_word' id='word_1_103' title='bbox 1808 1562 1893 1606; x_wconf 89' lang='lat' dir='ltr'><strong><em>aut</em></strong></span> <span class='ocrx_word' id='word_1_104' title='bbox 1920 1570 2017 1623; x_wconf 86' lang='lat' dir='ltr'><strong><em>quo</em></strong></span> <span class='ocrx_word' id='word_1_105' title='bbox 2037 1554 2139 1621; x_wconf 77' lang='lat' dir='ltr'><strong><em>fine</em></strong></span> <span class='ocrx_word' id='word_1_106' title='bbox 2160 1553 2225 1607; x_wconf 88' lang='lat' dir='ltr'><strong><em>sit</em></strong></span> 
     </span>
    </p>
   </div>
   <div class='ocr_carea' id='block_1_15' title="bbox 653 1646 2221 1719">
    <p class='ocr_par' dir='ltr' id='par_1_15' title="bbox 653 1646 2221 1719">
     <span class='ocr_line' id='line_1_15' title="bbox 653 1646 2221 1719; baseline -0.001 -18"><span class='ocrx_word' id='word_1_107' title='bbox 653 1652 878 1719; x_wconf 80' lang='lat' dir='ltr'><strong><em>facturus</em></strong></span> <span class='ocrx_word' id='word_1_108' title='bbox 915 1648 1159 1700; x_wconf 89' lang='lat' dir='ltr'><strong><em>incertum</em></strong></span> <span class='ocrx_word' id='word_1_109' title='bbox 1208 1657 1299 1711; x_wconf 89' lang='lat' dir='ltr'><strong><em>est,</em></strong></span> <span class='ocrx_word' id='word_1_110' title='bbox 1352 1656 1398 1700; x_wconf 90' lang='lat' dir='ltr'><strong><em>et</em></strong></span> <span class='ocrx_word' id='word_1_111' title='bbox 1431 1648 1653 1700; x_wconf 91' lang='lat' dir='ltr'><strong><em>omnium</em></strong></span> <span class='ocrx_word' id='word_1_112' title='bbox 1701 1655 1927 1700; x_wconf 88' lang='lat' dir='ltr'><strong><em>nostrum</em></strong></span> <span class='ocrx_word' id='word_1_113' title='bbox 1952 1646 2183 1717; x_wconf 79' lang='lat' dir='ltr'><strong><em>fatigatio</em></strong></span> <span class='ocrx_word' id='word_1_114' title='bbox 2206 1687 2221 1713; x_wconf 95' lang='lat'><strong><em>,</em></strong></span> 
     </span>
    </p>
   </div>
   <div class='ocr_carea' id='block_1_16' title="bbox 653 1736 2225 1810">
    <p class='ocr_par' dir='ltr' id='par_1_16' title="bbox 653 1736 2225 1810">
     <span class='ocr_line' id='line_1_16' title="bbox 653 1736 2225 1810; baseline -0.001 -18"><span class='ocrx_word' id='word_1_115' title='bbox 653 1739 942 1810; x_wconf 87' lang='lat' dir='ltr'><strong><em>providente</em></strong></span> <span class='ocrx_word' id='word_1_116' title='bbox 968 1740 1062 1793; x_wconf 90' lang='lat' dir='ltr'><strong><em>hoc</em></strong></span> <span class='ocrx_word' id='word_1_117' title='bbox 1086 1739 1315 1807; x_wconf 67' lang='lat' dir='ltr'><strong><em>praesenti</em></strong></span> <span class='ocrx_word' id='word_1_118' title='bbox 1341 1738 1523 1792; x_wconf 66' lang='lat' dir='ltr'><strong><em>sazculo</em></strong></span> <span class='ocrx_word' id='word_1_119' title='bbox 1558 1736 1656 1792; x_wconf 89' lang='lat' dir='ltr'><strong><em>Dei</em></strong></span> <span class='ocrx_word' id='word_1_120' title='bbox 1687 1738 1870 1807; x_wconf 90' lang='lat' dir='ltr'><strong><em>gratia,</em></strong></span> <span class='ocrx_word' id='word_1_121' title='bbox 1892 1737 1945 1790; x_wconf 92' lang='lat' dir='ltr'><strong><em>in</em></strong></span> <span class='ocrx_word' id='word_1_122' title='bbox 1982 1745 2083 1790; x_wconf 70' lang='lat' dir='ltr'><strong><em>tua:</em></strong></span> <span class='ocrx_word' id='word_1_123' title='bbox 2104 1738 2225 1791; x_wconf 88' lang='lat' dir='ltr'><strong><em>cha-</em></strong></span> 
     </span>
    </p>
   </div>
   <div class='ocr_carea' id='block_1_17' title="bbox 654 1826 2224 1899">
    <p class='ocr_par' dir='ltr' id='par_1_17' title="bbox 654 1826 2224 1899">
     <span class='ocr_line' id='line_1_17' title="bbox 654 1826 2224 1899; baseline -0.002 -15"><span class='ocrx_word' id='word_1_124' title='bbox 654 1830 820 1884; x_wconf 89' lang='lat' dir='ltr'><strong><em>ritatis</em></strong></span> <span class='ocrx_word' id='word_1_125' title='bbox 844 1839 891 1883; x_wconf 92' lang='lat' dir='ltr'><strong><em>et</em></strong></span> <span class='ocrx_word' id='word_1_126' title='bbox 910 1829 1131 1882; x_wconf 72' lang='lat' dir='ltr'><strong><em>scientia:</em></strong></span> <span class='ocrx_word' id='word_1_127' title='bbox 1159 1829 1324 1899; x_wconf 90' lang='lat' dir='ltr'><strong><em>vigore</em></strong></span> <span class='ocrx_word' id='word_1_128' title='bbox 1350 1829 1598 1899; x_wconf 90' lang='lat' dir='ltr'><strong><em>respirat;</em></strong></span> <span class='ocrx_word' id='word_1_129' title='bbox 1623 1827 1755 1881; x_wconf 89' lang='lat' dir='ltr'><strong><em>adde</em></strong></span> <span class='ocrx_word' id='word_1_130' title='bbox 1777 1826 2104 1881; x_wconf 86' lang='lat' dir='ltr'><strong><em>eruditionem</em></strong></span> <span class='ocrx_word' id='word_1_131' title='bbox 2124 1828 2224 1881; x_wconf 88' lang='lat' dir='ltr'><strong><em>hu-</em></strong></span> 
     </span>
    </p>
   </div>
   <div class='ocr_carea' id='block_1_18' title="bbox 655 1917 2225 1991">
    <p class='ocr_par' dir='ltr' id='par_1_18' title="bbox 655 1917 2225 1991">
     <span class='ocr_line' id='line_1_18' title="bbox 655 1917 2225 1991; baseline -0.003 -14"><span class='ocrx_word' id='word_1_132' title='bbox 655 1922 879 1988; x_wconf 83' lang='lat' dir='ltr'><strong><em>milibus,</em></strong></span> <span class='ocrx_word' id='word_1_133' title='bbox 910 1922 1041 1975; x_wconf 90' lang='lat' dir='ltr'><strong><em>adde</em></strong></span> <span class='ocrx_word' id='word_1_134' title='bbox 1080 1920 1467 1990; x_wconf 90' lang='lat' dir='ltr'><strong><em>increpationem</em></strong></span> <span class='ocrx_word' id='word_1_135' title='bbox 1508 1920 1750 1991; x_wconf 85' lang='lat' dir='ltr'><strong><em>superbis.</em></strong></span> <span class='ocrx_word' id='word_1_136' title='bbox 1799 1917 2151 1973; x_wconf 86' lang='lat' dir='ltr'><strong><em>Necessarium</em></strong></span> <span class='ocrx_word' id='word_1_137' title='bbox 2179 1927 2225 1973; x_wconf 90' lang='lat' dir='ltr'><strong><em>et</em></strong></span> 
     </span>
    </p>
   </div>
   <div class='ocr_carea' id='block_1_19' title="bbox 653 2010 2225 2083">
    <p class='ocr_par' dir='ltr' id='par_1_19' title="bbox 653 2010 2225 2083">
     <span class='ocr_line' id='line_1_19' title="bbox 653 2010 2225 2083; baseline -0.004 -14"><span class='ocrx_word' id='word_1_138' title='bbox 653 2015 778 2069; x_wconf 86' lang='lat' dir='ltr'><strong><em>utile</em></strong></span> <span class='ocrx_word' id='word_1_139' title='bbox 800 2023 871 2067; x_wconf 91' lang='lat' dir='ltr'><strong><em>est</em></strong></span> <span class='ocrx_word' id='word_1_140' title='bbox 890 2014 1038 2068; x_wconf 89' lang='lat' dir='ltr'><strong><em>etiam</em></strong></span> <span class='ocrx_word' id='word_1_141' title='bbox 1054 2028 1166 2083; x_wconf 77' lang='lat' dir='ltr'><strong><em>qua:</em></strong></span> <span class='ocrx_word' id='word_1_142' title='bbox 1193 2012 1379 2083; x_wconf 90' lang='lat' dir='ltr'><strong><em>scripta</em></strong></span> <span class='ocrx_word' id='word_1_143' title='bbox 1394 2022 1509 2065; x_wconf 92' lang='lat' dir='ltr'><strong><em>sunt</em></strong></span> <span class='ocrx_word' id='word_1_144' title='bbox 1526 2011 1756 2076; x_wconf 87' lang='lat' dir='ltr'><strong><em>scribere,</em></strong></span> <span class='ocrx_word' id='word_1_145' title='bbox 1776 2028 1837 2064; x_wconf 91' lang='lat' dir='ltr'><strong><em>ne</em></strong></span> <span class='ocrx_word' id='word_1_146' title='bbox 1857 2010 1960 2064; x_wconf 83' lang='lat' dir='ltr'><strong><em>leve</em></strong></span> <span class='ocrx_word' id='word_1_147' title='bbox 1978 2010 2225 2064; x_wconf 73' lang='lat' dir='ltr'><strong><em>existime-</em></strong></span> 
     </span>
    </p>
   </div>
   <div class='ocr_carea' id='block_1_20' title="bbox 652 2101 2224 2177">
    <p class='ocr_par' dir='ltr' id='par_1_20' title="bbox 652 2101 2224 2177">
     <span class='ocr_line' id='line_1_20' title="bbox 652 2101 2224 2177; baseline -0.003 -18"><span class='ocrx_word' id='word_1_148' title='bbox 652 2116 734 2160; x_wconf 90' lang='lat' dir='ltr'><strong><em>tur</em></strong></span> <span class='ocrx_word' id='word_1_149' title='bbox 758 2106 891 2177; x_wconf 89' lang='lat' dir='ltr'><strong><em>quod</em></strong></span> <span class='ocrx_word' id='word_1_150' title='bbox 930 2122 1030 2159; x_wconf 89' lang='lat' dir='ltr'><strong><em>non</em></strong></span> <span class='ocrx_word' id='word_1_151' title='bbox 1072 2109 1350 2177; x_wconf 79' lang='lat' dir='ltr'><strong><em>frequenter</em></strong></span> <span class='ocrx_word' id='word_1_152' title='bbox 1375 2104 1620 2175; x_wconf 85' lang='lat' dir='ltr'><strong><em>arguitur.</em></strong></span> <span class='ocrx_word' id='word_1_153' title='bbox 1653 2101 1847 2157; x_wconf 88' lang='lat' dir='ltr'><strong><em>Sanum</em></strong></span> <span class='ocrx_word' id='word_1_154' title='bbox 1871 2102 2003 2155; x_wconf 83' lang='lat' dir='ltr'><strong><em>enim</em></strong></span> <span class='ocrx_word' id='word_1_155' title='bbox 2044 2109 2224 2171; x_wconf 84' lang='lat' dir='ltr'><strong><em>putant</em></strong></span> 
     </span>
    </p>
   </div>
   <div class='ocr_carea' id='block_1_21' title="bbox 652 2191 2225 2267">
    <p class='ocr_par' dir='ltr' id='par_1_21' title="bbox 652 2191 2225 2267">
     <span class='ocr_line' id='line_1_21' title="bbox 652 2191 2225 2267; baseline -0.005 -13"><span class='ocrx_word' id='word_1_156' title='bbox 652 2215 758 2254; x_wconf 89' lang='lat' dir='ltr'><strong><em>esse</em></strong></span> <span class='ocrx_word' id='word_1_157' title='bbox 787 2198 920 2267; x_wconf 90' lang='lat' dir='ltr'><strong><em>quod</em></strong></span> <span class='ocrx_word' id='word_1_158' title='bbox 938 2213 1038 2251; x_wconf 92' lang='lat' dir='ltr'><strong><em>non</em></strong></span> <span class='ocrx_word' id='word_1_159' title='bbox 1061 2197 1215 2261; x_wconf 89' lang='lat' dir='ltr'><strong><em>dolet,</em></strong></span> <span class='ocrx_word' id='word_1_160' title='bbox 1233 2211 1322 2249; x_wconf 91' lang='lat' dir='ltr'><strong><em>nec</em></strong></span> <span class='ocrx_word' id='word_1_161' title='bbox 1336 2194 1518 2249; x_wconf 81' lang='lat' dir='ltr'><strong><em>vulnus</em></strong></span> <span class='ocrx_word' id='word_1_162' title='bbox 1538 2193 1837 2264; x_wconf 86' lang='lat' dir='ltr'><strong><em>superducta</em></strong></span> <span class='ocrx_word' id='word_1_163' title='bbox 1848 2201 1958 2245; x_wconf 86' lang='lat' dir='ltr'><strong><em>cute</em></strong></span> <span class='ocrx_word' id='word_1_164' title='bbox 1971 2191 2225 2246; x_wconf 89' lang='lat' dir='ltr'><strong><em>sentiunt:</em></strong></span> 
     </span>
    </p>
   </div>
   <div class='ocr_carea' id='block_1_22' title="bbox 655 2283 2225 2359">
    <p class='ocr_par' dir='ltr' id='par_1_22' title="bbox 655 2283 2225 2359">
     <span class='ocr_line' id='line_1_22' title="bbox 655 2283 2225 2359; baseline -0.004 -15"><span class='ocrx_word' id='word_1_165' title='bbox 655 2291 741 2344; x_wconf 87' lang='lat' dir='ltr'><strong><em>sed</em></strong></span> <span class='ocrx_word' id='word_1_166' title='bbox 761 2289 1043 2359; x_wconf 88' lang='lat' dir='ltr'><strong><em>intelligant</em></strong></span> <span class='ocrx_word' id='word_1_167' title='bbox 1071 2298 1421 2359; x_wconf 87' lang='lat' dir='ltr'><strong><em>perventurum</em></strong></span> <span class='ocrx_word' id='word_1_168' title='bbox 1437 2286 1505 2339; x_wconf 92' lang='lat' dir='ltr'><strong><em>ad</em></strong></span> <span class='ocrx_word' id='word_1_169' title='bbox 1532 2286 1816 2351; x_wconf 87' lang='lat' dir='ltr'><strong><em>sectionem,</em></strong></span> <span class='ocrx_word' id='word_1_170' title='bbox 1842 2284 1976 2353; x_wconf 81' lang='lat' dir='ltr'><strong><em>quod</em></strong></span> <span class='ocrx_word' id='word_1_171' title='bbox 2000 2283 2225 2337; x_wconf 86' lang='lat' dir='ltr'><strong><em>habuerit</em></strong></span> 
     </span>
    </p>
   </div>
   <div class='ocr_carea' id='block_1_23' title="bbox 653 2372 2223 2450">
    <p class='ocr_par' dir='ltr' id='par_1_23' title="bbox 653 2372 2223 2450">
     <span class='ocr_line' id='line_1_23' title="bbox 653 2372 2223 2450; baseline -0.005 -16"><span class='ocrx_word' id='word_1_172' title='bbox 653 2388 1045 2450; x_wconf 86' lang='lat' dir='ltr'><strong><em>perseverantem</em></strong></span> <span class='ocrx_word' id='word_1_173' title='bbox 1069 2388 1331 2431; x_wconf 87' lang='lat' dir='ltr'><strong><em>tumorem.</em></strong></span> <span class='ocrx_word' id='word_1_174' title='bbox 1368 2374 1543 2430; x_wconf 86' lang='lat' dir='ltr'><strong><em>Gratia</em></strong></span> <span class='ocrx_word' id='word_1_175' title='bbox 1573 2374 1665 2428; x_wconf 88' lang='lat' dir='ltr'><strong><em>Dei</em></strong></span> <span class='ocrx_word' id='word_1_176' title='bbox 1693 2384 1740 2429; x_wconf 92' lang='lat' dir='ltr'><strong><em>et</em></strong></span> <span class='ocrx_word' id='word_1_177' title='bbox 1767 2389 1869 2445; x_wconf 77' lang='lat' dir='ltr'><strong><em>pas:</em></strong></span> <span class='ocrx_word' id='word_1_178' title='bbox 1896 2372 2103 2427; x_wconf 78' lang='lat' dir='ltr'><strong><em>Domini</em></strong></span> <span class='ocrx_word' id='word_1_179' title='bbox 2129 2389 2223 2427; x_wconf 87' lang='lat' dir='ltr'><strong><em>no-</em></strong></span> 
     </span>
    </p>
   </div>
   <div class='ocr_carea' id='block_1_24' title="bbox 652 2467 2227 2536">
    <p class='ocr_par' dir='ltr' id='par_1_24' title="bbox 652 2467 2227 2536">
     <span class='ocr_line' id='line_1_24' title="bbox 652 2467 2227 2536; baseline -0.005 -9"><span class='ocrx_word' id='word_1_180' title='bbox 652 2474 744 2527; x_wconf 83' lang='lat' dir='ltr'><strong><em>stri</em></strong></span> <span class='ocrx_word' id='word_1_181' title='bbox 762 2470 885 2527; x_wconf 76' lang='lat' dir='ltr'><strong><em>Iesu</em></strong></span> <span class='ocrx_word' id='word_1_182' title='bbox 904 2472 1087 2528; x_wconf 83' lang='lat' dir='ltr'><strong><em>Christi</em></strong></span> <span class='ocrx_word' id='word_1_183' title='bbox 1110 2479 1308 2526; x_wconf 87' lang='lat' dir='ltr'><strong><em>coronet</em></strong></span> <span class='ocrx_word' id='word_1_184' title='bbox 1329 2479 1375 2525; x_wconf 91' lang='lat' dir='ltr'><strong><em>te</em></strong></span> <span class='ocrx_word' id='word_1_185' title='bbox 1400 2470 1453 2523; x_wconf 90' lang='lat' dir='ltr'><strong><em>in</em></strong></span> <span class='ocrx_word' id='word_1_186' title='bbox 1476 2470 1609 2524; x_wconf 89' lang='lat' dir='ltr'><strong><em>omni</em></strong></span> <span class='ocrx_word' id='word_1_187' title='bbox 1637 2477 1872 2536; x_wconf 89' lang='lat' dir='ltr'><strong><em>tempore,</em></strong></span> <span class='ocrx_word' id='word_1_188' title='bbox 1897 2476 1942 2523; x_wconf 89' lang='lat' dir='ltr'><strong><em>et</em></strong></span> <span class='ocrx_word' id='word_1_189' title='bbox 1966 2467 2227 2521; x_wconf 87' lang='lat' dir='ltr'><strong><em>ambulan-</em></strong></span> 
     </span>
    </p>
   </div>
   <div class='ocr_carea' id='block_1_25' title="bbox 655 2557 2227 2632">
    <p class='ocr_par' dir='ltr' id='par_1_25' title="bbox 655 2557 2227 2632">
     <span class='ocr_line' id='line_1_25' title="bbox 655 2557 2227 2632; baseline -0.003 -15"><span class='ocrx_word' id='word_1_190' title='bbox 655 2573 752 2619; x_wconf 90' lang='lat' dir='ltr'><strong><em>tem</em></strong></span> <span class='ocrx_word' id='word_1_191' title='bbox 778 2563 840 2617; x_wconf 91' lang='lat' dir='ltr'><strong><em>de</em></strong></span> <span class='ocrx_word' id='word_1_192' title='bbox 863 2563 1038 2617; x_wconf 90' lang='lat' dir='ltr'><strong><em>virtute</em></strong></span> <span class='ocrx_word' id='word_1_193' title='bbox 1060 2563 1113 2615; x_wconf 90' lang='lat' dir='ltr'><strong><em>in</em></strong></span> <span class='ocrx_word' id='word_1_194' title='bbox 1139 2562 1367 2616; x_wconf 84' lang='lat' dir='ltr'><strong><em>virtutem</em></strong></span> <span class='ocrx_word' id='word_1_195' title='bbox 1390 2559 1633 2632; x_wconf 84' lang='lat' dir='ltr'><strong><em>gloriﬁcet</em></strong></span> <span class='ocrx_word' id='word_1_196' title='bbox 1658 2558 1711 2613; x_wconf 91' lang='lat' dir='ltr'><strong><em>in</em></strong></span> <span class='ocrx_word' id='word_1_197' title='bbox 1734 2568 1996 2625; x_wconf 67' lang='lat' dir='ltr'><strong><em>internum,</em></strong></span> <span class='ocrx_word' id='word_1_198' title='bbox 2026 2557 2227 2612; x_wconf 87' lang='lat' dir='ltr'><strong><em>domine</em></strong></span> 
     </span>
    </p>
   </div>
   <div class='ocr_carea' id='block_1_26' title="bbox 654 2649 2226 2726">
    <p class='ocr_par' dir='ltr' id='par_1_26' title="bbox 654 2649 2226 2726">
     <span class='ocr_line' id='line_1_26' title="bbox 654 2649 2226 2726; baseline -0.003 -18"><span class='ocrx_word' id='word_1_199' title='bbox 654 2671 788 2726; x_wconf 90' lang='lat' dir='ltr'><strong><em>papa</em></strong></span> <span class='ocrx_word' id='word_1_200' title='bbox 808 2654 1103 2720; x_wconf 86' lang='lat' dir='ltr'><strong><em>beatissime,</em></strong></span> <span class='ocrx_word' id='word_1_201' title='bbox 1131 2652 1449 2719; x_wconf 78' lang='lat' dir='ltr'><strong><em>ineﬂ&#39;abiliter</em></strong></span> <span class='ocrx_word' id='word_1_202' title='bbox 1474 2651 1735 2717; x_wconf 86' lang='lat' dir='ltr'><strong><em>mirabilis,</em></strong></span> <span class='ocrx_word' id='word_1_203' title='bbox 1771 2649 2226 2721; x_wconf 86' lang='lat' dir='ltr'><strong><em>incomparabiliter</em></strong></span> 
     </span>
    </p>
   </div>
   <div class='ocr_carea' id='block_1_27' title="bbox 654 2744 1653 2816">
    <p class='ocr_par' dir='ltr' id='par_1_27' title="bbox 654 2744 1653 2816">
     <span class='ocr_line' id='line_1_27' title="bbox 654 2744 1653 2816; baseline -0.007 -14"><span class='ocrx_word' id='word_1_204' title='bbox 654 2746 965 2811; x_wconf 81' lang='lat' dir='ltr'><strong><em>honorande,</em></strong></span> <span class='ocrx_word' id='word_1_205' title='bbox 990 2744 1400 2816; x_wconf 72' lang='lat' dir='ltr'><strong><em>prazstantissime</em></strong></span> <span class='ocrx_word' id='word_1_206' title='bbox 1426 2752 1653 2813; x_wconf 87' lang='lat' dir='ltr'><strong><em>patrone.</em></strong></span> 
     </span>
    </p>
   </div>
   <div class='ocr_carea' id='block_1_28' title="bbox 1052 2872 1810 2948">
    <p class='ocr_par' dir='ltr' id='par_1_28' title="bbox 1052 2872 1810 2948">
     <span class='ocr_line' id='line_1_28' title="bbox 1052 2872 1810 2948; baseline -0.005 -17"><span class='ocrx_word' id='word_1_207' title='bbox 1052 2876 1380 2933; x_wconf 76' lang='lat' dir='ltr'><strong><em>EPISTULA</em></strong></span> <span class='ocrx_word' id='word_1_208' title='bbox 1418 2874 1674 2931; x_wconf 71' lang='lat' dir='ltr'><strong><em>ccxxvn</em></strong></span> <span class='ocrx_word' id='word_1_209' title='bbox 1714 2872 1810 2948; x_wconf 68' lang='grc' dir='ltr'><strong><em>(θ).</em></strong></span> 
     </span>
    </p>
   </div>
   <div class='ocr_carea' id='block_1_29' title="bbox 847 3008 2019 3083">
    <p class='ocr_par' dir='ltr' id='par_1_29' title="bbox 847 3008 2019 3083">
     <span class='ocr_line' id='line_1_29' title="bbox 847 3008 2019 3083; baseline -0.006 -17"><span class='ocrx_word' id='word_1_210' title='bbox 847 3011 1079 3067; x_wconf 86' lang='lat' dir='ltr'><strong><em>Hilarius</em></strong></span> <span class='ocrx_word' id='word_1_211' title='bbox 1104 3010 1403 3083; x_wconf 83' lang='lat' dir='ltr'><strong><em>Augustino,</em></strong></span> <span class='ocrx_word' id='word_1_212' title='bbox 1427 3010 1491 3064; x_wconf 88' lang='lat' dir='ltr'><strong><em>de</em></strong></span> <span class='ocrx_word' id='word_1_213' title='bbox 1512 3008 1686 3064; x_wconf 88' lang='lat' dir='ltr'><strong><em>eodem</em></strong></span> <span class='ocrx_word' id='word_1_214' title='bbox 1709 3016 2019 3080; x_wconf 89' lang='lat' dir='ltr'><strong><em>argumento.</em></strong></span> 
     </span>
    </p>
   </div>
   <div class='ocr_carea' id='block_1_30' title="bbox 656 3118 2227 3183">
    <p class='ocr_par' dir='ltr' id='par_1_30' title="bbox 656 3118 2227 3183">
     <span class='ocr_line' id='line_1_30' title="bbox 656 3118 2227 3183; baseline -0.004 -4"><span class='ocrx_word' id='word_1_215' title='bbox 656 3124 884 3180; x_wconf 87' lang='lat' dir='ltr'><strong><em>Domino</em></strong></span> <span class='ocrx_word' id='word_1_216' title='bbox 933 3124 1238 3178; x_wconf 83' lang='lat' dir='ltr'><strong><em>beatissimo</em></strong></span> <span class='ocrx_word' id='word_1_217' title='bbox 1292 3138 1354 3178; x_wconf 85' lang='lat' dir='ltr'><strong><em>ac</em></strong></span> <span class='ocrx_word' id='word_1_218' title='bbox 1398 3130 1507 3177; x_wconf 88' lang='lat' dir='ltr'><strong><em>toto</em></strong></span> <span class='ocrx_word' id='word_1_219' title='bbox 1532 3120 1721 3177; x_wconf 80' lang='lat' dir='ltr'><strong><em>aﬂ‘ectu</em></strong></span> <span class='ocrx_word' id='word_1_220' title='bbox 1750 3118 2126 3183; x_wconf 87' lang='lat' dir='ltr'><strong><em>desiderando,</em></strong></span> <span class='ocrx_word' id='word_1_221' title='bbox 2170 3126 2227 3174; x_wconf 87' lang='lat' dir='ltr'><strong><em>et</em></strong></span> 
     </span>
    </p>
   </div>
   <div class='ocr_carea' id='block_1_31' title="bbox 722 3212 2223 3283">
    <p class='ocr_par' dir='ltr' id='par_1_31' title="bbox 722 3212 2223 3283">
     <span class='ocr_line' id='line_1_31' title="bbox 722 3212 2223 3283; baseline -0.002 -16"><span class='ocrx_word' id='word_1_222' title='bbox 722 3213 948 3267; x_wconf 89' lang='lat' dir='ltr'><strong><em>multum</em></strong></span> <span class='ocrx_word' id='word_1_223' title='bbox 993 3213 1044 3266; x_wconf 87' lang='lat' dir='ltr'><strong><em>in</em></strong></span> <span class='ocrx_word' id='word_1_224' title='bbox 1074 3212 1283 3268; x_wconf 80' lang='lat' dir='ltr'><strong><em>Christo</em></strong></span> <span class='ocrx_word' id='word_1_225' title='bbox 1331 3212 1666 3283; x_wconf 88' lang='lat' dir='ltr'><strong><em>suscipiendo</em></strong></span> <span class='ocrx_word' id='word_1_226' title='bbox 1713 3213 1849 3283; x_wconf 83' lang='lat' dir='ltr'><strong><em>patri</em></strong></span> <span class='ocrx_word' id='word_1_227' title='bbox 1892 3212 2223 3278; x_wconf 79' lang='lat' dir='ltr'><strong><em>AUGUSTINO,</em></strong></span> 
     </span>
    </p>
   </div>
   <div class='ocr_carea' id='block_1_32' title="bbox 719 3302 1096 3377">
    <p class='ocr_par' dir='ltr' id='par_1_32' title="bbox 719 3302 1096 3377">
     <span class='ocr_line' id='line_1_32' title="bbox 719 3302 1096 3377; baseline -0.013 -15"><span class='ocrx_word' id='word_1_228' title='bbox 719 3307 975 3362; x_wconf 75' lang='lat' dir='ltr'><strong><em>HILARIUS</em></strong></span> <span class='ocrx_word' id='word_1_229' title='bbox 1001 3302 1096 3377; x_wconf 90' lang='lat' dir='ltr'><strong><em>(c).</em></strong></span> 
     </span>
    </p>
   </div>
   <div class='ocr_carea' id='block_1_33' title="bbox 719 3412 2226 3481">
    <p class='ocr_par' dir='ltr' id='par_1_33' title="bbox 719 3412 2226 3481">
     <span class='ocr_line' id='line_1_33' title="bbox 719 3412 2226 3481; baseline -0.004 -9"><span class='ocrx_word' id='word_1_230' title='bbox 719 3419 773 3472; x_wconf 78' lang='grc'><strong>1.</strong></span> <span class='ocrx_word' id='word_1_231' title='bbox 817 3416 877 3471; x_wconf 90' lang='lat' dir='ltr'><strong><em>Si</em></strong></span> <span class='ocrx_word' id='word_1_232' title='bbox 901 3412 1202 3470; x_wconf 78' lang='lat' dir='ltr'><strong><em>cessantibus</em></strong></span> <span class='ocrx_word' id='word_1_233' title='bbox 1222 3412 1665 3467; x_wconf 89' lang='lat' dir='ltr'><strong><em>contradicentium</em></strong></span> <span class='ocrx_word' id='word_1_234' title='bbox 1692 3412 2045 3480; x_wconf 63' lang='lat' dir='ltr'><strong><em>quaestionibus</em></strong></span> <span class='ocrx_word' id='word_1_235' title='bbox 2068 3421 2226 3481; x_wconf 72' lang='lat' dir='ltr'><strong><em>gratae</em></strong></span> 
     </span>
    </p>
   </div>
   <div class='ocr_carea' id='block_1_34' title="bbox 651 3500 2226 3577">
    <p class='ocr_par' dir='ltr' id='par_1_34' title="bbox 651 3500 2226 3577">
     <span class='ocr_line' id='line_1_34' title="bbox 651 3500 2226 3577; baseline -0.004 -14"><span class='ocrx_word' id='word_1_236' title='bbox 651 3516 769 3564; x_wconf 88' lang='lat' dir='ltr'><strong><em>sunt</em></strong></span> <span class='ocrx_word' id='word_1_237' title='bbox 793 3507 1081 3577; x_wconf 87' lang='lat' dir='ltr'><strong><em>plerumque</em></strong></span> <span class='ocrx_word' id='word_1_238' title='bbox 1106 3505 1443 3559; x_wconf 86' lang='lat' dir='ltr'><strong><em>studiosorum</em></strong></span> <span class='ocrx_word' id='word_1_239' title='bbox 1470 3504 1831 3574; x_wconf 86' lang='lat' dir='ltr'><strong><em>inquisitiones,</em></strong></span> <span class='ocrx_word' id='word_1_240' title='bbox 1872 3514 1925 3556; x_wconf 92' lang='lat' dir='ltr'><strong><em>ut</em></strong></span> <span class='ocrx_word' id='word_1_241' title='bbox 1962 3503 2111 3557; x_wconf 89' lang='lat' dir='ltr'><strong><em>etiam</em></strong></span> <span class='ocrx_word' id='word_1_242' title='bbox 2134 3500 2226 3556; x_wconf 89' lang='lat' dir='ltr'><strong><em>illa</em></strong></span> 
     </span>
    </p>
   </div>
   <div class='ocr_carea' id='block_1_35' title="bbox 656 3597 2225 3673">
    <p class='ocr_par' dir='ltr' id='par_1_35' title="bbox 656 3597 2225 3673">
     <span class='ocr_line' id='line_1_35' title="bbox 656 3597 2225 3673; baseline -0.002 -19"><span class='ocrx_word' id='word_1_243' title='bbox 656 3618 767 3673; x_wconf 66' lang='lat' dir='ltr'><strong><em>quoe</em></strong></span> <span class='ocrx_word' id='word_1_244' title='bbox 796 3600 981 3671; x_wconf 90' lang='lat' dir='ltr'><strong><em>absque</em></strong></span> <span class='ocrx_word' id='word_1_245' title='bbox 1021 3599 1241 3670; x_wconf 86' lang='lat' dir='ltr'><strong><em>periculo</em></strong></span> <span class='ocrx_word' id='word_1_246' title='bbox 1282 3599 1649 3670; x_wconf 87' lang='lat' dir='ltr'><strong><em>ignorarentur,</em></strong></span> <span class='ocrx_word' id='word_1_247' title='bbox 1696 3597 1954 3661; x_wconf 86' lang='lat' dir='ltr'><strong><em>ediscant;</em></strong></span> <span class='ocrx_word' id='word_1_248' title='bbox 2009 3597 2225 3651; x_wconf 81' lang='lat' dir='ltr'><strong><em>arbitror</em></strong></span> 
     </span>
    </p>
   </div>
   <div class='ocr_carea' id='block_1_36' title="bbox 658 3690 2225 3765">
    <p class='ocr_par' dir='ltr' id='par_1_36' title="bbox 658 3690 2225 3765">
     <span class='ocr_line' id='line_1_36' title="bbox 658 3690 2225 3765; baseline -0.002 -18"><span class='ocrx_word' id='word_1_249' title='bbox 658 3694 929 3765; x_wconf 83' lang='lat' dir='ltr'><strong><em>gratiorem</em></strong></span> <span class='ocrx_word' id='word_1_250' title='bbox 965 3696 1072 3761; x_wconf 80' lang='lat' dir='ltr'><strong><em>[ore</em></strong></span> <span class='ocrx_word' id='word_1_251' title='bbox 1111 3692 1427 3745; x_wconf 89' lang='lat' dir='ltr'><strong><em>sedulitatem</em></strong></span> <span class='ocrx_word' id='word_1_252' title='bbox 1449 3699 1632 3745; x_wconf 79' lang='lat' dir='ltr'><strong><em>nostra:</em></strong></span> <span class='ocrx_word' id='word_1_253' title='bbox 1657 3690 1931 3756; x_wconf 86' lang='lat' dir='ltr'><strong><em>relationis,</em></strong></span> <span class='ocrx_word' id='word_1_254' title='bbox 1956 3704 2070 3756; x_wconf 72' lang='lat' dir='ltr'><strong><em>qua:</em></strong></span> <span class='ocrx_word' id='word_1_255' title='bbox 2106 3692 2225 3744; x_wconf 90' lang='lat' dir='ltr'><strong><em>dum</em></strong></span> 
     </span>
    </p>
   </div>
   <div class='ocr_carea' id='block_1_37' title="bbox 648 3781 2223 3853">
    <p class='ocr_par' dir='ltr' id='par_1_37' title="bbox 648 3781 2223 3853">
     <span class='ocr_line' id='line_1_37' title="bbox 648 3781 2223 3853; baseline -0.002 -14"><span class='ocrx_word' id='word_1_256' title='bbox 648 3784 839 3839; x_wconf 89' lang='lat' dir='ltr'><strong><em>indicat</em></strong></span> <span class='ocrx_word' id='word_1_257' title='bbox 850 3782 1123 3837; x_wconf 89' lang='lat' dir='ltr'><strong><em>secundum</em></strong></span> <span class='ocrx_word' id='word_1_258' title='bbox 1134 3783 1463 3853; x_wconf 89' lang='lat' dir='ltr'><strong><em>quorumdam</em></strong></span> <span class='ocrx_word' id='word_1_259' title='bbox 1485 3782 1850 3852; x_wconf 89' lang='lat' dir='ltr'><strong><em>prosecutiones</em></strong></span> <span class='ocrx_word' id='word_1_260' title='bbox 1874 3781 2105 3851; x_wconf 69' lang='lat' dir='ltr'><strong><em>quendam</em></strong></span> <span class='ocrx_word' id='word_1_261' title='bbox 2125 3783 2223 3836; x_wconf 90' lang='lat' dir='ltr'><strong><em>ad-</em></strong></span> 
     </span>
    </p>
   </div>
   <div class='ocr_carea' id='block_1_38' title="bbox 647 3874 2225 3946">
    <p class='ocr_par' dir='ltr' id='par_1_38' title="bbox 647 3874 2225 3946">
     <span class='ocr_line' id='line_1_38' title="bbox 647 3874 2225 3946; baseline -0.001 -15"><span class='ocrx_word' id='word_1_262' title='bbox 647 3876 897 3931; x_wconf 82' lang='lat' dir='ltr'><strong><em>versantia</em></strong></span> <span class='ocrx_word' id='word_1_263' title='bbox 920 3875 1133 3943; x_wconf 84' lang='lat' dir='ltr'><strong><em>veritati,</em></strong></span> <span class='ocrx_word' id='word_1_264' title='bbox 1158 3892 1258 3929; x_wconf 92' lang='lat' dir='ltr'><strong><em>non</em></strong></span> <span class='ocrx_word' id='word_1_265' title='bbox 1284 3885 1386 3928; x_wconf 90' lang='lat' dir='ltr'><strong><em>tam</em></strong></span> <span class='ocrx_word' id='word_1_266' title='bbox 1415 3874 1509 3928; x_wconf 90' lang='lat' dir='ltr'><strong><em>sibi</em></strong></span> <span class='ocrx_word' id='word_1_267' title='bbox 1550 3891 1699 3944; x_wconf 90' lang='lat' dir='ltr'><strong><em>quam</em></strong></span> <span class='ocrx_word' id='word_1_268' title='bbox 1721 3874 1824 3929; x_wconf 90' lang='lat' dir='ltr'><strong><em>illis</em></strong></span> <span class='ocrx_word' id='word_1_269' title='bbox 1850 3875 1935 3946; x_wconf 88' lang='lat' dir='ltr'><strong><em>qui</em></strong></span> <span class='ocrx_word' id='word_1_270' title='bbox 1961 3874 2225 3930; x_wconf 88' lang='lat' dir='ltr'><strong><em>turbantur</em></strong></span> 
     </span>
    </p>
   </div>
   <div class='ocr_carea' id='block_1_39' title="bbox 644 3967 2224 4038">
    <p class='ocr_par' dir='ltr' id='par_1_39' title="bbox 644 3967 2224 4038">
     <span class='ocr_line' id='line_1_39' title="bbox 644 3967 2224 4038; baseline -0.001 -15"><span class='ocrx_word' id='word_1_271' title='bbox 644 3978 694 4023; x_wconf 91' lang='lat' dir='ltr'><strong><em>et</em></strong></span> <span class='ocrx_word' id='word_1_272' title='bbox 723 3967 942 4034; x_wconf 90' lang='lat' dir='ltr'><strong><em>turbant,</em></strong></span> <span class='ocrx_word' id='word_1_273' title='bbox 973 3983 1061 4038; x_wconf 89' lang='lat' dir='ltr'><strong><em>per</em></strong></span> <span class='ocrx_word' id='word_1_274' title='bbox 1105 3967 1372 4021; x_wconf 90' lang='lat' dir='ltr'><strong><em>consilium</em></strong></span> <span class='ocrx_word' id='word_1_275' title='bbox 1412 3967 1688 4020; x_wconf 84' lang='lat' dir='ltr'><strong><em>sanctitatis</em></strong></span> <span class='ocrx_word' id='word_1_276' title='bbox 1717 3977 1816 4021; x_wconf 83' lang='lat' dir='ltr'><strong><em>tua:</em></strong></span> <span class='ocrx_word' id='word_1_277' title='bbox 1844 3968 2029 4037; x_wconf 88' lang='lat' dir='ltr'><strong><em>satagit</em></strong></span> <span class='ocrx_word' id='word_1_278' title='bbox 2057 3968 2224 4036; x_wconf 90' lang='lat' dir='ltr'><strong><em>provi-</em></strong></span> 
     </span>
    </p>
   </div>
   <div class='ocr_carea' id='block_1_40' title="bbox 642 4057 2223 4127">
    <p class='ocr_par' dir='ltr' id='par_1_40' title="bbox 642 4057 2223 4127">
     <span class='ocr_line' id='line_1_40' title="bbox 642 4057 2223 4127; baseline -0.001 -12"><span class='ocrx_word' id='word_1_279' title='bbox 642 4060 774 4127; x_wconf 86' lang='lat' dir='ltr'><strong><em>deri,</em></strong></span> <span class='ocrx_word' id='word_1_280' title='bbox 797 4060 995 4114; x_wconf 89' lang='lat' dir='ltr'><strong><em>domine</em></strong></span> <span class='ocrx_word' id='word_1_281' title='bbox 1032 4059 1308 4113; x_wconf 88' lang='lat' dir='ltr'><strong><em>beatissime</em></strong></span> <span class='ocrx_word' id='word_1_282' title='bbox 1334 4075 1393 4112; x_wconf 92' lang='lat' dir='ltr'><strong><em>ac</em></strong></span> <span class='ocrx_word' id='word_1_283' title='bbox 1428 4067 1530 4113; x_wconf 93' lang='lat' dir='ltr'><strong><em>toto</em></strong></span> <span class='ocrx_word' id='word_1_284' title='bbox 1569 4057 1755 4123; x_wconf 65' lang='lat' dir='ltr'><strong><em>aﬂectu</em></strong></span> <span class='ocrx_word' id='word_1_285' title='bbox 1789 4058 2134 4125; x_wconf 87' lang='lat' dir='ltr'><strong><em>desiderande,</em></strong></span> <span class='ocrx_word' id='word_1_286' title='bbox 2174 4068 2223 4114; x_wconf 91' lang='lat' dir='ltr'><strong><em>et</em></strong></span> 
     </span>
    </p>
   </div>
   <div class='ocr_carea' id='block_1_41' title="bbox 645 4151 1642 4221">
    <p class='ocr_par' dir='ltr' id='par_1_41' title="bbox 645 4151 1642 4221">
     <span class='ocr_line' id='line_1_41' title="bbox 645 4151 1642 4221; baseline 0 -15"><span class='ocrx_word' id='word_1_287' title='bbox 645 4153 858 4207; x_wconf 88' lang='lat' dir='ltr'><strong><em>multum</em></strong></span> <span class='ocrx_word' id='word_1_288' title='bbox 870 4153 923 4207; x_wconf 92' lang='lat' dir='ltr'><strong><em>in</em></strong></span> <span class='ocrx_word' id='word_1_289' title='bbox 944 4152 1142 4207; x_wconf 86' lang='lat' dir='ltr'><strong><em>Christo</em></strong></span> <span class='ocrx_word' id='word_1_290' title='bbox 1154 4151 1467 4219; x_wconf 87' lang='lat' dir='ltr'><strong><em>suscipiende</em></strong></span> <span class='ocrx_word' id='word_1_291' title='bbox 1481 4160 1642 4221; x_wconf 89' lang='lat' dir='ltr'><strong><em>pater.</em></strong></span> 
     </span>
    </p>
   </div>
   <div class='ocr_carea' id='block_1_42' title="bbox 713 4242 2221 4314">
    <p class='ocr_par' dir='ltr' id='par_1_42' title="bbox 713 4242 2221 4314">
     <span class='ocr_line' id='line_1_42' title="bbox 713 4242 2221 4314; baseline 0.001 -17"><span class='ocrx_word' id='word_1_292' title='bbox 713 4246 769 4297; x_wconf 77' lang='lat'><strong><em>‘2.</em></strong></span> <span class='ocrx_word' id='word_1_293' title='bbox 810 4244 938 4297; x_wconf 69' lang='lat' dir='ltr'><strong><em>Hazc</em></strong></span> <span class='ocrx_word' id='word_1_294' title='bbox 963 4253 1077 4298; x_wconf 88' lang='lat' dir='ltr'><strong><em>sunt</em></strong></span> <span class='ocrx_word' id='word_1_295' title='bbox 1112 4244 1278 4314; x_wconf 89' lang='lat' dir='ltr'><strong><em>itaque</em></strong></span> <span class='ocrx_word' id='word_1_296' title='bbox 1301 4259 1411 4313; x_wconf 68' lang='lat' dir='ltr'><strong><em>quae</em></strong></span> <span class='ocrx_word' id='word_1_297' title='bbox 1439 4242 1701 4309; x_wconf 67' lang='lat' dir='ltr'><strong><em>Massiliae,</em></strong></span> <span class='ocrx_word' id='word_1_298' title='bbox 1724 4242 1802 4297; x_wconf 92' lang='lat' dir='ltr'><strong><em>vel</em></strong></span> <span class='ocrx_word' id='word_1_299' title='bbox 1828 4244 1943 4299; x_wconf 91' lang='lat' dir='ltr'><strong><em>aliis</em></strong></span> <span class='ocrx_word' id='word_1_300' title='bbox 1970 4245 2121 4299; x_wconf 89' lang='lat' dir='ltr'><strong><em>etiam</em></strong></span> <span class='ocrx_word' id='word_1_301' title='bbox 2144 4245 2221 4301; x_wconf 92' lang='lat' dir='ltr'><strong><em>lo-</em></strong></span> 
     </span>
    </p>
   </div>
   <div class='ocr_carea' id='block_1_43' title="bbox 645 4332 2217 4406">
    <p class='ocr_par' dir='ltr' id='par_1_43' title="bbox 645 4332 2217 4406">
     <span class='ocr_line' id='line_1_43' title="bbox 645 4332 2217 4406; baseline 0.001 -18"><span class='ocrx_word' id='word_1_302' title='bbox 645 4336 715 4389; x_wconf 86' lang='lat' dir='ltr'><strong><em>cis</em></strong></span> <span class='ocrx_word' id='word_1_303' title='bbox 743 4336 794 4387; x_wconf 88' lang='lat' dir='ltr'><strong><em>in</em></strong></span> <span class='ocrx_word' id='word_1_304' title='bbox 820 4332 988 4387; x_wconf 86' lang='lat' dir='ltr'><strong><em>Gallia</em></strong></span> <span class='ocrx_word' id='word_1_305' title='bbox 1008 4335 1328 4388; x_wconf 88' lang='lat' dir='ltr'><strong><em>ventilantur.</em></strong></span> <span class='ocrx_word' id='word_1_306' title='bbox 1360 4333 1563 4388; x_wconf 84' lang='lat' dir='ltr'><strong><em>Novum</em></strong></span> <span class='ocrx_word' id='word_1_307' title='bbox 1586 4342 1633 4388; x_wconf 93' lang='lat' dir='ltr'><strong><em>et</em></strong></span> <span class='ocrx_word' id='word_1_308' title='bbox 1648 4335 1823 4390; x_wconf 90' lang='lat' dir='ltr'><strong><em>inutile</em></strong></span> <span class='ocrx_word' id='word_1_309' title='bbox 1843 4352 1946 4390; x_wconf 87' lang='lat' dir='ltr'><strong><em>esse</em></strong></span> <span class='ocrx_word' id='word_1_310' title='bbox 1972 4336 2217 4406; x_wconf 65' lang='lat' dir='ltr'><strong><em>praedica-</em></strong></span> 
     </span>
    </p>
   </div>
   <div class='ocr_carea' id='block_1_44' title="bbox 639 4530 2215 4665">
    <p class='ocr_par' dir='ltr' id='par_1_44' title="bbox 639 4530 2215 4665">
     <span class='ocr_line' id='line_1_44' title="bbox 703 4530 2215 4598; baseline 0.001 -14"><span class='ocrx_word' id='word_1_311' title='bbox 703 4534 775 4598; x_wconf 89' lang='lat' dir='ltr'><strong><em>(a)</em></strong></span> <span class='ocrx_word' id='word_1_312' title='bbox 795 4536 953 4584; x_wconf 88' lang='lat' dir='ltr'><strong><em>visum</em></strong></span> <span class='ocrx_word' id='word_1_313' title='bbox 975 4538 1081 4583; x_wconf 86' lang='lat' dir='ltr'><strong><em>erat</em></strong></span> <span class='ocrx_word' id='word_1_314' title='bbox 1101 4530 1343 4581; x_wconf 86' lang='lat' dir='ltr'><strong><em>nonnullis</em></strong></span> <span class='ocrx_word' id='word_1_315' title='bbox 1361 4531 1752 4582; x_wconf 80' lang='lat' dir='ltr'><strong><em>substituendum</em></strong></span> <span class='ocrx_word' id='word_1_316' title='bbox 1770 4532 1851 4582; x_wconf 88' lang='lat' dir='ltr'><strong><em>hic</em></strong></span> <span class='ocrx_word' id='word_1_317' title='bbox 1870 4545 1982 4583; x_wconf 88' lang='lat' dir='ltr'><strong><em>esse</em></strong></span> <span class='ocrx_word' id='word_1_318' title='bbox 2002 4543 2215 4586; x_wconf 85' lang='lat' dir='ltr'><strong><em>Honora-</em></strong></span> 
     </span>
     <span class='ocr_line' id='line_1_45' title="bbox 639 4593 2215 4665; baseline -0.008 -18"><span class='ocrx_word' id='word_1_319' title='bbox 639 4604 742 4665; x_wconf 77' lang='lat' dir='ltr'><strong><em>tum</em></strong></span> <span class='ocrx_word' id='word_1_320' title='bbox 762 4609 777 4645; x_wconf 88' lang='lat'><strong><em>:</em></strong></span> <span class='ocrx_word' id='word_1_321' title='bbox 795 4596 885 4646; x_wconf 89' lang='lat' dir='ltr'><strong><em>sed</em></strong></span> <span class='ocrx_word' id='word_1_322' title='bbox 905 4593 1110 4657; x_wconf 77' lang='lat' dir='ltr'><strong><em>inspecti</em></strong></span> <span class='ocrx_word' id='word_1_323' title='bbox 1130 4606 1159 4665; x_wconf 66' lang='grc' dir='ltr'>ξι</span> <span class='ocrx_word' id='word_1_324' title='bbox 1180 4594 1317 4665; x_wconf 80' lang='lat' dir='ltr'><strong><em>nobis</em></strong></span> <span class='ocrx_word' id='word_1_325' title='bbox 1336 4600 1442 4665; x_wconf 67' lang='lat' dir='ltr'><strong><em>itas.</em></strong></span> <span class='ocrx_word' id='word_1_326' title='bbox 1466 4600 1743 4665; x_wconf 72' lang='lat' dir='ltr'><strong><em>constanter</em></strong></span> <span class='ocrx_word' id='word_1_327' title='bbox 1766 4593 2025 4665; x_wconf 65' lang='lat' dir='ltr'><strong><em>prmfeijunt</em></strong></span> <span class='ocrx_word' id='word_1_328' title='bbox 2040 4630 2071 4665; x_wconf 84' lang='lat'><strong><em>,_</em></strong></span> <span class='ocrx_word' id='word_1_329' title='bbox 2082 4595 2215 4665; x_wconf 68' lang='lat' dir='ltr'><strong><em>uita-</em></strong></span> 
     </span>
    </p>
   </div>
   <div class='ocr_carea' id='block_1_45' title="bbox 638 4654 2214 4718">
    <p class='ocr_par' dir='ltr' id='par_1_45' title="bbox 638 4654 2214 4718">
     <span class='ocr_line' id='line_1_46' title="bbox 638 4654 2214 4718; baseline 0 -10"><span class='ocrx_word' id='word_1_330' title='bbox 638 4658 784 4708; x_wconf 85' lang='lat' dir='ltr'><strong><em>rium.</em></strong></span> <span class='ocrx_word' id='word_1_331' title='bbox 807 4665 850 4707; x_wconf 89' lang='lat' dir='ltr'><strong><em>1s</em></strong></span> <span class='ocrx_word' id='word_1_332' title='bbox 872 4654 1013 4718; x_wconf 72' lang='lat' dir='ltr'><strong><em>porro</em></strong></span> <span class='ocrx_word' id='word_1_333' title='bbox 1044 4668 1108 4704; x_wconf 81' lang='lat' dir='ltr'><strong><em>ex</em></strong></span> <span class='ocrx_word' id='word_1_334' title='bbox 1131 4654 1377 4704; x_wconf 87' lang='lat' dir='ltr'><strong><em>Lerinensi</em></strong></span> <span class='ocrx_word' id='word_1_335' title='bbox 1404 4654 1633 4704; x_wconf 75' lang='lat' dir='ltr'><strong><em>amnacho</em></strong></span> <span class='ocrx_word' id='word_1_336' title='bbox 1649 4660 1842 4718; x_wconf 74' lang='lat' dir='ltr'><strong><em>creatus</em></strong></span> <span class='ocrx_word' id='word_1_337' title='bbox 1855 4654 1945 4705; x_wconf 80' lang='lat' dir='ltr'><strong><em>fuit</em></strong></span> <span class='ocrx_word' id='word_1_338' title='bbox 1965 4654 2214 4708; x_wconf 71' lang='lat' dir='ltr'><strong><em>srelaten-</em></strong></span> 
     </span>
    </p>
   </div>
   <div class='ocr_carea' id='block_1_46' title="bbox 636 4715 2215 4783">
    <p class='ocr_par' dir='ltr' id='par_1_46' title="bbox 636 4715 2215 4783">
     <span class='ocr_line' id='line_1_47' title="bbox 636 4715 2215 4783; baseline 0.001 -14"><span class='ocrx_word' id='word_1_339' title='bbox 636 4722 709 4783; x_wconf 76' lang='lat' dir='ltr'><strong><em>sis</em></strong></span> <span class='ocrx_word' id='word_1_340' title='bbox 741 4715 993 4783; x_wconf 76' lang='lat' dir='ltr'><strong><em>episcopus</em></strong></span> <span class='ocrx_word' id='word_1_341' title='bbox 1030 4722 1137 4780; x_wconf 84' lang='lat' dir='ltr'><strong><em>post.</em></strong></span> <span class='ocrx_word' id='word_1_342' title='bbox 1167 4723 1471 4783; x_wconf 79' lang='lat' dir='ltr'><strong><em>Honoratum,</em></strong></span> <span class='ocrx_word' id='word_1_343' title='bbox 1503 4728 1629 4764; x_wconf 86' lang='lat' dir='ltr'><strong><em>anno</em></strong></span> <span class='ocrx_word' id='word_1_344' title='bbox 1670 4715 1779 4783; x_wconf 67' lang='lat' dir='ltr'><strong><em>42g,</em></strong></span> <span class='ocrx_word' id='word_1_345' title='bbox 1822 4724 1906 4767; x_wconf 85' lang='lat' dir='ltr'><strong><em>aut</em></strong></span> <span class='ocrx_word' id='word_1_346' title='bbox 1944 4725 2084 4783; x_wconf 74' lang='lat' dir='ltr'><strong><em>certe</em></strong></span> <span class='ocrx_word' id='word_1_347' title='bbox 2122 4718 2215 4783; x_wconf 64' lang='lat'><strong><em>429</em></strong></span> 
     </span>
    </p>
   </div>
   <div class='ocr_carea' id='block_1_47' title="bbox 637 4776 2212 4839">
    <p class='ocr_par' dir='ltr' id='par_1_47' title="bbox 637 4776 2212 4839">
     <span class='ocr_line' id='line_1_48' title="bbox 637 4776 2212 4839; baseline -0.002 -7"><span class='ocrx_word' id='word_1_348' title='bbox 637 4776 841 4833; x_wconf 72' lang='lat' dir='ltr'><strong><em>ineunte</em></strong></span> <span class='ocrx_word' id='word_1_349' title='bbox 857 4776 1153 4829; x_wconf 73' lang='lat' dir='ltr'><strong><em>defunctum.</em></strong></span> <span class='ocrx_word' id='word_1_350' title='bbox 1173 4778 1355 4839; x_wconf 85' lang='lat' dir='ltr'><strong><em>Quippe</em></strong></span> <span class='ocrx_word' id='word_1_351' title='bbox 1379 4784 1643 4827; x_wconf 80' lang='lat' dir='ltr'><strong><em>Honoratus</em></strong></span> <span class='ocrx_word' id='word_1_352' title='bbox 1664 4776 1893 4828; x_wconf 67' lang='lat' dir='ltr'><strong><em>suffectus</em></strong></span> <span class='ocrx_word' id='word_1_353' title='bbox 1908 4778 2118 4829; x_wconf 82' lang='lat' dir='ltr'><strong><em>Patroclo</em></strong></span> <span class='ocrx_word' id='word_1_354' title='bbox 2137 4781 2212 4830; x_wconf 88' lang='lat' dir='ltr'><strong><em>in-</em></strong></span> 
     </span>
    </p>
   </div>
   <div class='ocr_carea' id='block_1_48' title="bbox 638 4839 2214 4905">
    <p class='ocr_par' dir='ltr' id='par_1_48' title="bbox 638 4839 2214 4905">
     <span class='ocr_line' id='line_1_49' title="bbox 638 4839 2214 4905; baseline -0.01 -12"><span class='ocrx_word' id='word_1_355' title='bbox 638 4848 882 4905; x_wconf 85' lang='lat' dir='ltr'><strong><em>terempto</em></strong></span> <span class='ocrx_word' id='word_1_356' title='bbox 904 4855 1028 4891; x_wconf 87' lang='lat' dir='ltr'><strong><em>anno</em></strong></span> <span class='ocrx_word' id='word_1_357' title='bbox 1046 4839 1139 4888; x_wconf 68' lang='lat'><strong>426</strong></span> <span class='ocrx_word' id='word_1_358' title='bbox 1155 4852 1218 4888; x_wconf 77' lang='lat' dir='ltr'><strong><em>ex</em></strong></span> <span class='ocrx_word' id='word_1_359' title='bbox 1243 4839 1738 4905; x_wconf 39' lang='lat' dir='ltr'><strong><em>Prosperihcbrouieo,</em></strong></span> <span class='ocrx_word' id='word_1_360' title='bbox 1754 4840 2031 4905; x_wconf 74' lang='lat' dir='ltr'><strong><em>cathedram</em></strong></span> <span class='ocrx_word' id='word_1_361' title='bbox 2054 4841 2214 4891; x_wconf 57' lang='lat' dir='ltr'><strong><em>uela-</em></strong></span> 
     </span>
    </p>
   </div>
   <div class='ocr_carea' id='block_1_49' title="bbox 636 4898 2212 5014">
    <p class='ocr_par' dir='ltr' id='par_1_49' title="bbox 636 4898 2212 5014">
     <span class='ocr_line' id='line_1_50' title="bbox 636 4898 2212 5014; baseline -0.001 -60"><span class='ocrx_word' id='word_1_362' title='bbox 636 4898 845 5014; x_wconf 47' lang='lat' dir='ltr'><strong><em>sensisti),</em></strong></span> <span class='ocrx_word' id='word_1_363' title='bbox 890 4909 1019 4954; x_wconf 82' lang='lat' dir='ltr'><strong><em>teste</em></strong></span> <span class='ocrx_word' id='word_1_364' title='bbox 1050 4907 1286 4951; x_wconf 74' lang='lat' dir='ltr'><strong><em>Honorato</em></strong></span> <span class='ocrx_word' id='word_1_365' title='bbox 1326 4898 1617 4959; x_wconf 57' lang='lat' dir='ltr'><strong><em>M’assiliensi,</em></strong></span> <span class='ocrx_word' id='word_1_366' title='bbox 1660 4913 1750 4963; x_wconf 88' lang='lat' dir='ltr'><strong><em>per</em></strong></span> <span class='ocrx_word' id='word_1_367' title='bbox 1783 4902 2030 4951; x_wconf 86' lang='lat' dir='ltr'><strong><em>biennium</em></strong></span> <span class='ocrx_word' id='word_1_368' title='bbox 2067 4915 2212 4953; x_wconf 84' lang='lat' dir='ltr'><strong><em>oecu-</em></strong></span> 
     </span>
     <span class='ocr_line' id='line_1_51' title="bbox 636 4977 783 5014; baseline -0.007 0"><span class='ocrx_word' id='word_1_369' title='bbox 636 4977 743 5014; x_wconf 72' lang='lat' dir='ltr'><strong><em>nav:</em></strong></span> <span class='ocrx_word' id='word_1_370' title='bbox 773 5002 783 5013; x_wconf 93' lang='lat'><strong><em>.</em></strong></span> 
     </span>
    </p>
   </div>
   <div class='ocr_carea' id='block_1_50' title="bbox 730 4980 783 5013">
    <p class='ocr_par' dir='ltr' id='par_1_50' title="bbox 730 4980 783 5013">
     <span class='ocr_line' id='line_1_52' title="bbox 730 4980 783 5013; baseline 0 0"><span class='ocrx_word' id='word_1_371' title='bbox 730 4980 783 5013; x_wconf 85' lang='grc' dir='ltr'><strong><em>Ιῑ.</em></strong></span> 
     </span>
    </p>
   </div>
   <div class='ocr_carea' id='block_1_51' title="bbox 634 4977 2210 5088">
    <p class='ocr_par' dir='ltr' id='par_1_51' title="bbox 634 4977 2210 5088">
     <span class='ocr_line' id='line_1_53' title="bbox 634 4977 2210 5088; baseline -0.001 -12"><span class='ocrx_word' id='word_1_372' title='bbox 634 4977 856 5088; x_wconf 41' lang='lat' dir='ltr'><strong><em>pallae);</em></strong></span> <span class='ocrx_word' id='word_1_373' title='bbox 872 5032 1013 5088; x_wconf 89' lang='lat' dir='ltr'><strong><em>_tomo</em></strong></span> <span class='ocrx_word' id='word_1_374' title='bbox 1042 5025 1069 5071; x_wconf 84' lang='grc' dir='ltr'><strong><em>’ἵ</em></strong></span> <span class='ocrx_word' id='word_1_375' title='bbox 1092 5021 1291 5088; x_wconf 53' lang='lat' dir='ltr'><strong><em>pruning</em></strong></span> <span class='ocrx_word' id='word_1_376' title='bbox 1324 5022 1506 5088; x_wconf 85' lang='lat' dir='ltr'><strong><em>lib._de</em></strong></span> <span class='ocrx_word' id='word_1_377' title='bbox 1538 5021 1959 5088; x_wconf 62' lang='lat' dir='ltr'><strong><em>Praedestinatione</em></strong></span> <span class='ocrx_word' id='word_1_378' title='bbox 1990 5030 2060 5074; x_wconf 88' lang='lat' dir='ltr'><strong><em>SS.</em></strong></span> <span class='ocrx_word' id='word_1_379' title='bbox 2096 5033 2210 5085; x_wconf 63' lang='lat' dir='ltr'><strong><em>Quae</em></strong></span> 
     </span>
    </p>
   </div>
   <div class='ocr_carea' id='block_1_52' title="bbox 634 5083 1963 5157">
    <p class='ocr_par' dir='ltr' id='par_1_52' title="bbox 634 5083 1963 5157">
     <span class='ocr_line' id='line_1_54' title="bbox 634 5083 1963 5157; baseline -0.002 -20"><span class='ocrx_word' id='word_1_380' title='bbox 916 5092 1038 5157; x_wconf 68' lang='lat' dir='ltr'><strong><em>erat,</em></strong></span> <span class='ocrx_word' id='word_1_381' title='bbox 1062 5083 1189 5157; x_wconf 65' lang='lat' dir='ltr'><strong><em>nune</em></strong></span> <span class='ocrx_word' id='word_1_382' title='bbox 1336 5083 1710 5157; x_wconf 56' lang='lat' dir='ltr'><strong><em>scriptapodem</em></strong></span> <span class='ocrx_word' id='word_1_383' title='bbox 1727 5090 1963 5157; x_wconf 78' lang='lat' dir='ltr'><strong><em>tempore.</em></strong></span> 
     </span>
    </p>
   </div>
   <div class='ocr_carea' id='block_1_53' title="bbox 701 5144 2209 5209">
    <p class='ocr_par' dir='ltr' id='par_1_53' title="bbox 701 5144 2209 5209">
     <span class='ocr_line' id='line_1_55' title="bbox 701 5144 2209 5209; baseline 0.002 -13"><span class='ocrx_word' id='word_1_384' title='bbox 701 5146 770 5209; x_wconf 91' lang='lat' dir='ltr'><strong><em>(c)</em></strong></span> <span class='ocrx_word' id='word_1_385' title='bbox 790 5146 872 5209; x_wconf 79' lang='lat' dir='ltr'><strong><em>Hic</em></strong></span> <span class='ocrx_word' id='word_1_386' title='bbox 899 5146 1112 5208; x_wconf 83' lang='lat' dir='ltr'><strong><em>profecto</em></strong></span> <span class='ocrx_word' id='word_1_387' title='bbox 1132 5147 1192 5194; x_wconf 86' lang='lat' dir='ltr'><strong><em>ab</em></strong></span> <span class='ocrx_word' id='word_1_388' title='bbox 1223 5145 1397 5209; x_wconf 79' lang='lat' dir='ltr'><strong><em>Hilario</em></strong></span> <span class='ocrx_word' id='word_1_389' title='bbox 1432 5144 1716 5209; x_wconf 67' lang='lat' dir='ltr'><strong><em>Arelatensi,</em></strong></span> <span class='ocrx_word' id='word_1_390' title='bbox 1744 5144 1841 5209; x_wconf 12' lang='lat' dir='ltr'><strong><em>,qui</em></strong></span> <span class='ocrx_word' id='word_1_391' title='bbox 1870 5148 2113 5209; x_wconf 80' lang='lat' dir='ltr'><strong><em>Augustini</em></strong></span> <span class='ocrx_word' id='word_1_392' title='bbox 2144 5148 2209 5199; x_wconf 88' lang='lat' dir='ltr'><strong><em>de</em></strong></span> 
     </span>
    </p>
   </div>
   <div class='ocr_carea' id='block_1_54' title="bbox 632 5207 2210 5273">
    <p class='ocr_par' dir='ltr' id='par_1_54' title="bbox 632 5207 2210 5273">
     <span class='ocr_line' id='line_1_56' title="bbox 632 5207 2210 5273; baseline 0.003 -19"><span class='ocrx_word' id='word_1_393' title='bbox 632 5207 1070 5273; x_wconf 60' lang='lat' dir='ltr'><strong><em>praedamnatione</em></strong></span> <span class='ocrx_word' id='word_1_394' title='bbox 1082 5207 1391 5273; x_wconf 65' lang='lat' dir='ltr'><strong><em>sententiam,</em></strong></span> <span class='ocrx_word' id='word_1_395' title='bbox 1424 5207 1505 5273; x_wconf 74' lang='lat' dir='ltr'><strong><em>uti</em></strong></span> <span class='ocrx_word' id='word_1_396' title='bbox 1519 5214 1718 5273; x_wconf 80' lang='lat' dir='ltr'><strong><em>Prosper</em></strong></span> <span class='ocrx_word' id='word_1_397' title='bbox 1742 5207 1790 5273; x_wconf 76' lang='lat' dir='ltr'><strong><em>in</em></strong></span> <span class='ocrx_word' id='word_1_398' title='bbox 1821 5207 2075 5273; x_wconf 54' lang='lat' dir='ltr'><strong><em>superiore</em></strong></span> <span class='ocrx_word' id='word_1_399' title='bbox 2106 5210 2210 5273; x_wconf 88' lang='lat' dir='ltr'><strong><em>epi-</em></strong></span> 
     </span>
    </p>
   </div>
   <div class='ocr_carea' id='block_1_55' title="bbox 631 5265 2207 5333">
    <p class='ocr_par' dir='ltr' id='par_1_55' title="bbox 631 5265 2207 5333">
     <span class='ocr_line' id='line_1_57' title="bbox 631 5265 2207 5333; baseline 0.001 -14"><span class='ocrx_word' id='word_1_400' title='bbox 631 5265 757 5333; x_wconf 58' lang='lat' dir='ltr'><strong><em>itola</em></strong></span> <span class='ocrx_word' id='word_1_401' title='bbox 791 5270 974 5333; x_wconf 66' lang='lat' dir='ltr'><strong><em>scrinit,</em></strong></span> <span class='ocrx_word' id='word_1_402' title='bbox 994 5285 1029 5333; x_wconf 77' lang='lat' dir='ltr'><strong><em>_s</em></strong></span> <span class='ocrx_word' id='word_1_403' title='bbox 1058 5267 1106 5315; x_wconf 86' lang='lat' dir='ltr'><strong><em>in</em></strong></span> <span class='ocrx_word' id='word_1_404' title='bbox 1137 5265 1387 5333; x_wconf 60' lang='lat' dir='ltr'><strong><em>querelam</em></strong></span> <span class='ocrx_word' id='word_1_405' title='bbox 1419 5265 1657 5333; x_wconf 73' lang='lat' dir='ltr'><strong><em>trahebat,</em></strong></span> <span class='ocrx_word' id='word_1_406' title='bbox 1676 5284 1698 5311; x_wconf 77' lang='grc' dir='ltr'><strong>ι</strong></span> <span class='ocrx_word' id='word_1_407' title='bbox 1727 5265 1979 5333; x_wconf 68' lang='lat' dir='ltr'><strong><em>distinguit</em></strong></span> <span class='ocrx_word' id='word_1_408' title='bbox 2013 5282 2069 5319; x_wconf 88' lang='lat' dir='ltr'><strong><em>se</em></strong></span> <span class='ocrx_word' id='word_1_409' title='bbox 2102 5265 2207 5333; x_wconf 63' lang='lat' dir='ltr'><strong><em>ip&#39;se</em></strong></span> 
     </span>
    </p>
   </div>
   <div class='ocr_carea' id='block_1_56' title="bbox 629 5328 2207 5390">
    <p class='ocr_par' dir='ltr' id='par_1_56' title="bbox 629 5328 2207 5390">
     <span class='ocr_line' id='line_1_58' title="bbox 629 5328 2207 5390; baseline -0.001 -8"><span class='ocrx_word' id='word_1_410' title='bbox 629 5330 774 5390; x_wconf 77' lang='lat' dir='ltr'><strong><em>infra,</em></strong></span> <span class='ocrx_word' id='word_1_411' title='bbox 792 5344 841 5379; x_wconf 83' lang='grc' dir='ltr'><strong>η.</strong></span> <span class='ocrx_word' id='word_1_412' title='bbox 862 5330 937 5388; x_wconf 83' lang='grc'><strong><em>10,</em></strong></span> <span class='ocrx_word' id='word_1_413' title='bbox 958 5329 1090 5379; x_wconf 83' lang='lat' dir='ltr'><strong><em>hisce</em></strong></span> <span class='ocrx_word' id='word_1_414' title='bbox 1114 5328 1279 5390; x_wconf 80' lang='lat' dir='ltr'><strong><em>verbis</em></strong></span> <span class='ocrx_word' id='word_1_415' title='bbox 1299 5342 1311 5376; x_wconf 93' lang='lat'><strong>:</strong></span> <span class='ocrx_word' id='word_1_416' title='bbox 1337 5346 1359 5372; x_wconf 69' lang='grc' dir='ltr'>α</span> <span class='ocrx_word' id='word_1_417' title='bbox 1375 5328 1487 5377; x_wconf 67' lang='lat' dir='ltr'><strong><em>Nolo</em></strong></span> <span class='ocrx_word' id='word_1_418' title='bbox 1509 5335 1671 5390; x_wconf 86' lang='lat' dir='ltr'><strong><em>autem</em></strong></span> <span class='ocrx_word' id='word_1_419' title='bbox 1686 5328 1915 5379; x_wconf 63' lang='lat' dir='ltr'><strong><em>Sanctitas</em></strong></span> <span class='ocrx_word' id='word_1_420' title='bbox 1937 5339 2015 5380; x_wconf 89' lang='lat' dir='ltr'><strong><em>tua</em></strong></span> <span class='ocrx_word' id='word_1_421' title='bbox 2035 5333 2105 5380; x_wconf 89' lang='lat' dir='ltr'><strong><em>sic</em></strong></span> <span class='ocrx_word' id='word_1_422' title='bbox 2119 5328 2207 5382; x_wconf 62' lang='lat' dir='ltr'><strong><em>&#39;me</em></strong></span> 
     </span>
    </p>
   </div>
   <div class='ocr_carea' id='block_1_57' title="bbox 636 5389 2204 5467">
    <p class='ocr_par' dir='ltr' id='par_1_57' title="bbox 636 5389 2204 5467">
     <span class='ocr_line' id='line_1_59' title="bbox 636 5389 2204 5467; baseline 0 0"><span class='ocrx_word' id='word_1_423' title='bbox 636 5408 665 5441; x_wconf 75' lang='grc' dir='ltr'><strong><em>ι</em></strong></span> <span class='ocrx_word' id='word_1_424' title='bbox 686 5389 947 5467; x_wconf 53' lang='lat' dir='ltr'><strong><em>arbitretur</em></strong></span> <span class='ocrx_word' id='word_1_425' title='bbox 970 5391 1075 5441; x_wconf 59' lang='lat' dir='ltr'><strong><em>haec</em></strong></span> <span class='ocrx_word' id='word_1_426' title='bbox 1093 5389 1822 5467; x_wconf 52' lang='grc' dir='ltr'><strong><em>ξεϋρξνεέὶυῆξίξιειξξὶφιω</em></strong></span> <span class='ocrx_word' id='word_1_427' title='bbox 1853 5404 1978 5467; x_wconf 57' lang='lat' dir='ltr'><strong><em>me,</em></strong></span> <span class='ocrx_word' id='word_1_428' title='bbox 1995 5392 2204 5467; x_wconf 58' lang='grc' dir='ltr'><strong><em>θέίάίξυν</em></strong></span> 
     </span>
    </p>
   </div>
   <div class='ocr_carea' id='block_1_58' title="bbox 634 5448 2206 5577">
    <p class='ocr_par' dir='ltr' id='par_1_58' title="bbox 634 5448 2206 5577">
     <span class='ocr_line' id='line_1_60' title="bbox 637 5448 2206 5561; baseline -0.001 -60"><span class='ocrx_word' id='word_1_429' title='bbox 637 5470 663 5501; x_wconf 73' lang='grc' dir='ltr'><strong>ε</strong></span> <span class='ocrx_word' id='word_1_430' title='bbox 686 5467 781 5527; x_wconf 68' lang='lat' dir='ltr'><strong><em>ego</em></strong></span> <span class='ocrx_word' id='word_1_431' title='bbox 794 5454 1033 5525; x_wconf 75' lang='lat' dir='ltr'><strong><em>dubitem.</em></strong></span> <span class='ocrx_word' id='word_1_432' title='bbox 1054 5469 1077 5498; x_wconf 72' lang='grc' dir='ltr'><strong>ι</strong></span> <span class='ocrx_word' id='word_1_433' title='bbox 1106 5448 1343 5522; x_wconf 55' lang='lat' dir='ltr'><strong><em>Signiﬁcat</em></strong></span> <span class='ocrx_word' id='word_1_434' title='bbox 1363 5448 1529 5523; x_wconf 78' lang='lat' dir='ltr'><strong><em>postea</em></strong></span> <span class='ocrx_word' id='word_1_435' title='bbox 1545 5463 1603 5499; x_wconf 90' lang='lat' dir='ltr'><strong><em>se</em></strong></span> <span class='ocrx_word' id='word_1_436' title='bbox 1621 5448 1770 5513; x_wconf 71' lang='lat' dir='ltr'><strong><em>ipsiu&#39;s</em></strong></span> <span class='ocrx_word' id='word_1_437' title='bbox 1791 5454 2102 5561; x_wconf 39' lang='lat' dir='ltr'><strong><em>ﬁgi-maenaa</em></strong></span> <span class='ocrx_word' id='word_1_438' title='bbox 2119 5448 2206 5505; x_wconf 63' lang='lat' dir='ltr'><strong><em>de;</em></strong></span> 
     </span>
     <span class='ocr_line' id='line_1_61' title="bbox 634 5512 2206 5577; baseline -0.006 -15"><span class='ocrx_word' id='word_1_439' title='bbox 634 5531 662 5562; x_wconf 71' lang='grc' dir='ltr'><strong><em>ι</em></strong></span> <span class='ocrx_word' id='word_1_440' title='bbox 684 5514 806 5565; x_wconf 73' lang='grc' dir='ltr'><strong><em>Ιιοιιε</em></strong></span> <span class='ocrx_word' id='word_1_441' title='bbox 836 5514 1098 5577; x_wconf 79' lang='lat' dir='ltr'><strong><em>aliquando</em></strong></span> <span class='ocrx_word' id='word_1_442' title='bbox 1127 5518 1345 5577; x_wconf 75' lang='lat' dir='ltr'><strong><em>potitum,</em></strong></span> <span class='ocrx_word' id='word_1_443' title='bbox 1373 5514 1701 5577; x_wconf 69' lang='lat' dir='ltr'><strong><em>uberibusque</em></strong></span> <span class='ocrx_word' id='word_1_444' title='bbox 1722 5512 1790 5561; x_wconf 87' lang='lat' dir='ltr'><strong><em>sal</em></strong></span> <span class='ocrx_word' id='word_1_445' title='bbox 1824 5575 1829 5577; x_wconf 16' lang='grc' dir='ltr'><em>Α</em></span> <span class='ocrx_word' id='word_1_446' title='bbox 1859 5518 2028 5577; x_wconf 61' lang='lat' dir='ltr'><strong><em>ritus»</em></strong></span> <span class='ocrx_word' id='word_1_447' title='bbox 2053 5516 2206 5564; x_wconf 71' lang='lat' dir='ltr'><strong><em>num-</em></strong></span> 
     </span>
    </p>
   </div>
   <div class='ocr_carea' id='block_1_59' title="bbox 628 5572 2205 5638">
    <p class='ocr_par' dir='ltr' id='par_1_59' title="bbox 628 5572 2205 5638">
     <span class='ocr_line' id='line_1_62' title="bbox 628 5572 2205 5638; baseline -0.002 -10"><span class='ocrx_word' id='word_1_448' title='bbox 628 5582 732 5628; x_wconf 79' lang='lat' dir='ltr'><strong><em>tum</em></strong></span> <span class='ocrx_word' id='word_1_449' title='bbox 755 5572 935 5626; x_wconf 65' lang='lat' dir='ltr'><strong><em>t‘uisse&#39;:</em></strong></span> <span class='ocrx_word' id='word_1_450' title='bbox 956 5572 1141 5625; x_wconf 73' lang='lat' dir='ltr'><strong><em>deinde</em></strong></span> <span class='ocrx_word' id='word_1_451' title='bbox 1167 5587 1223 5625; x_wconf 88' lang='lat' dir='ltr'><strong><em>se</em></strong></span> <span class='ocrx_word' id='word_1_452' title='bbox 1256 5572 1426 5638; x_wconf 68' lang='lat' dir='ltr'><strong><em>laicum</em></strong></span> <span class='ocrx_word' id='word_1_453' title='bbox 1466 5585 1577 5622; x_wconf 85' lang='lat' dir='ltr'><strong><em>esse</em></strong></span> <span class='ocrx_word' id='word_1_454' title='bbox 1607 5572 1655 5622; x_wconf 78' lang='lat' dir='ltr'><strong><em>ii.</em></strong></span> <span class='ocrx_word' id='word_1_455' title='bbox 1674 5573 1706 5621; x_wconf 82' lang='lat'>9</span> <span class='ocrx_word' id='word_1_456' title='bbox 1726 5575 2020 5638; x_wconf 74' lang='lat' dir='ltr'><strong><em>subindicat;</em></strong></span> <span class='ocrx_word' id='word_1_457' title='bbox 2045 5588 2101 5625; x_wconf 89' lang='lat' dir='ltr'><strong><em>ac</em></strong></span> <span class='ocrx_word' id='word_1_458' title='bbox 2121 5589 2205 5638; x_wconf 89' lang='lat' dir='ltr'><strong><em>po-</em></strong></span> 
     </span>
    </p>
   </div>
   <div class='ocr_carea' id='block_1_60' title="bbox 626 5634 2202 5708">
    <p class='ocr_par' dir='ltr' id='par_1_60' title="bbox 626 5634 2202 5708">
     <span class='ocr_line' id='line_1_63' title="bbox 626 5634 2202 5708; baseline -0.001 -21"><span class='ocrx_word' id='word_1_459' title='bbox 1158 5634 1373 5708; x_wconf 71' lang='lat' dir='ltr'><strong><em>appellat</em></strong></span> <span class='ocrx_word' id='word_1_460' title='bbox 1386 5642 1590 5708; x_wconf 75' lang='lat' dir='ltr'><strong><em>patrem,</em></strong></span> <span class='ocrx_word' id='word_1_461' title='bbox 1605 5641 1762 5708; x_wconf 52' lang='lat' dir='ltr'><strong><em>atque</em></strong></span> <span class='ocrx_word' id='word_1_462' title='bbox 1787 5636 1992 5708; x_wconf 79' lang='lat' dir='ltr'><strong><em>vicissim</em></strong></span> <span class='ocrx_word' id='word_1_463' title='bbox 2008 5634 2076 5686; x_wconf 79' lang='lat' dir='ltr'><strong><em>ab</em></strong></span> <span class='ocrx_word' id='word_1_464' title='bbox 2099 5634 2202 5699; x_wconf 73' lang='lat' dir='ltr'><strong><em>ipso</em></strong></span> 
     </span>
    </p>
   </div>
   <div class='ocr_carea' id='block_1_61' title="bbox 623 5695 2201 5762">
    <p class='ocr_par' dir='ltr' id='par_1_61' title="bbox 623 5695 2201 5762">
     <span class='ocr_line' id='line_1_64' title="bbox 623 5695 2201 5762; baseline 0.002 -16"><span class='ocrx_word' id='word_1_465' title='bbox 623 5710 679 5746; x_wconf 78' lang='lat' dir='ltr'><strong><em>in</em></strong></span> <span class='ocrx_word' id='word_1_466' title='bbox 700 5697 786 5762; x_wconf 72' lang='lat' dir='ltr'><strong><em>lib.</em></strong></span> <span class='ocrx_word' id='word_1_467' title='bbox 802 5698 866 5748; x_wconf 87' lang='lat' dir='ltr'><strong><em>de</em></strong></span> <span class='ocrx_word' id='word_1_468' title='bbox 884 5695 1300 5762; x_wconf 53' lang='lat' dir='ltr'><strong><em>eradeaimtione</em></strong></span> <span class='ocrx_word' id='word_1_469' title='bbox 1414 5709 1516 5758; x_wconf 82' lang='lat' dir='ltr'><strong><em>cap.</em></strong></span> <span class='ocrx_word' id='word_1_470' title='bbox 1539 5695 1729 5762; x_wconf 71' lang='lat' dir='ltr'><strong><em>t,_tilius</em></strong></span> <span class='ocrx_word' id='word_1_471' title='bbox 1744 5704 2040 5762; x_wconf 84' lang='lat' dir='ltr'><strong><em>nuncupatur</em></strong></span> <span class='ocrx_word' id='word_1_472' title='bbox 2060 5712 2071 5747; x_wconf 89' lang='lat'><strong>:</strong></span> <span class='ocrx_word' id='word_1_473' title='bbox 2091 5695 2201 5762; x_wconf 68' lang='lat' dir='ltr'><strong><em>quae</em></strong></span> 
     </span>
    </p>
   </div>
   <div class='ocr_carea' id='block_1_62' title="bbox 626 5758 1996 5821">
    <p class='ocr_par' dir='ltr' id='par_1_62' title="bbox 626 5758 1996 5821">
     <span class='ocr_line' id='line_1_65' title="bbox 626 5758 1996 5821; baseline 0.001 -15"><span class='ocrx_word' id='word_1_474' title='bbox 626 5768 745 5817; x_wconf 68' lang='lat' dir='ltr'><strong><em>sane</em></strong></span> <span class='ocrx_word' id='word_1_475' title='bbox 768 5760 818 5807; x_wconf 90' lang='lat' dir='ltr'><strong><em>in</em></strong></span> <span class='ocrx_word' id='word_1_476' title='bbox 841 5758 1170 5809; x_wconf 71' lang='lat' dir='ltr'><strong><em>Arelatensem</em></strong></span> <span class='ocrx_word' id='word_1_477' title='bbox 1194 5760 1465 5821; x_wconf 81' lang='lat' dir='ltr'><strong><em>episcopum</em></strong></span> <span class='ocrx_word' id='word_1_478' title='bbox 1489 5758 1685 5808; x_wconf 85' lang='lat' dir='ltr'><strong><em>minimc</em></strong></span> <span class='ocrx_word' id='word_1_479' title='bbox 1707 5758 1996 5808; x_wconf 80' lang='lat' dir='ltr'><strong><em>conveniunt</em></strong></span> 
     </span>
    </p>
   </div>
   <div class='ocr_carea' id='block_1_63' title="bbox 1847 335 2644 401">
    <p class='ocr_par' dir='ltr' id='par_1_63' title="bbox 1847 335 2644 401">
     <span class='ocr_line' id='line_1_66' title="bbox 1847 335 2644 401; baseline -0.003 0"><span class='ocrx_word' id='word_1_480' title='bbox 1847 345 1904 401; x_wconf 91' lang='lat' dir='ltr'><strong><em>S.</em></strong></span> <span class='ocrx_word' id='word_1_481' title='bbox 1943 336 2305 401; x_wconf 80' lang='lat' dir='ltr'><strong><em>AUGUSTINI</em></strong></span> <span class='ocrx_word' id='word_1_482' title='bbox 2343 335 2644 401; x_wconf 83' lang='lat' dir='ltr'><strong><em>EPISCOPl</em></strong></span> 
     </span>
    </p>
   </div>
   <div class='ocr_carea' id='block_1_64' title="bbox 2334 460 3839 540">
    <p class='ocr_par' dir='ltr' id='par_1_64' title="bbox 2334 460 3839 540">
     <span class='ocr_line' id='line_1_67' title="bbox 2334 460 3839 540; baseline 0.005 -27"><span class='ocrx_word' id='word_1_483' title='bbox 2334 460 2457 514; x_wconf 91' lang='lat' dir='ltr'><strong><em>tioni</em></strong></span> <span class='ocrx_word' id='word_1_484' title='bbox 2476 460 2611 531; x_wconf 90' lang='lat' dir='ltr'><strong><em>quod</em></strong></span> <span class='ocrx_word' id='word_1_485' title='bbox 2639 460 2845 531; x_wconf 86' lang='lat' dir='ltr'><strong><em>quidam</em></strong></span> <span class='ocrx_word' id='word_1_486' title='bbox 2867 460 3142 516; x_wconf 84' lang='lat' dir='ltr'><strong><em>secundum</em></strong></span> <span class='ocrx_word' id='word_1_487' title='bbox 3164 462 3465 535; x_wconf 86' lang='lat' dir='ltr'><strong><em>propositum</em></strong></span> <span class='ocrx_word' id='word_1_488' title='bbox 3490 466 3689 540; x_wconf 75' lang='lat' dir='ltr'><strong><em>eligendi</em></strong></span> <span class='ocrx_word' id='word_1_489' title='bbox 3705 474 3839 532; x_wconf 75' lang='lat' dir='ltr'><strong><em>dicari.</em></strong></span> 
     </span>
    </p>
   </div>
   <div class='ocr_carea' id='block_1_65' title="bbox 2333 551 3837 625">
    <p class='ocr_par' dir='ltr' id='par_1_65' title="bbox 2333 551 3837 625">
     <span class='ocr_line' id='line_1_68' title="bbox 2333 551 3837 625; baseline 0.01 -21"><span class='ocrx_word' id='word_1_490' title='bbox 2333 560 2434 617; x_wconf 92' lang='lat' dir='ltr'><strong><em>tur,</em></strong></span> <span class='ocrx_word' id='word_1_491' title='bbox 2462 561 2517 605; x_wconf 89' lang='lat' dir='ltr'><strong><em>ut</em></strong></span> <span class='ocrx_word' id='word_1_492' title='bbox 2545 551 2599 606; x_wconf 87' lang='lat' dir='ltr'><strong><em>id</em></strong></span> <span class='ocrx_word' id='word_1_493' title='bbox 2624 567 2712 607; x_wconf 92' lang='lat' dir='ltr'><strong><em>nec</em></strong></span> <span class='ocrx_word' id='word_1_494' title='bbox 2737 553 2959 624; x_wconf 90' lang='lat' dir='ltr'><strong><em>arripere</em></strong></span> <span class='ocrx_word' id='word_1_495' title='bbox 2989 552 3187 607; x_wconf 86' lang='lat' dir='ltr'><strong><em>valeant</em></strong></span> <span class='ocrx_word' id='word_1_496' title='bbox 3213 571 3301 609; x_wconf 88' lang='lat' dir='ltr'><strong><em>nec</em></strong></span> <span class='ocrx_word' id='word_1_497' title='bbox 3325 565 3501 625; x_wconf 88' lang='lat' dir='ltr'><strong><em>tenere,</em></strong></span> <span class='ocrx_word' id='word_1_498' title='bbox 3536 560 3626 615; x_wconf 87' lang='lat' dir='ltr'><strong><em>nisi</em></strong></span> <span class='ocrx_word' id='word_1_499' title='bbox 3644 565 3837 623; x_wconf 73' lang='lat' dir='ltr'><strong><em>credendi</em></strong></span> 
     </span>
    </p>
   </div>
   <div class='ocr_carea' id='block_1_66' title="bbox 2332 643 3839 720">
    <p class='ocr_par' dir='ltr' id='par_1_66' title="bbox 2332 643 3839 720">
     <span class='ocr_line' id='line_1_69' title="bbox 2332 643 3839 720; baseline 0.008 -24"><span class='ocrx_word' id='word_1_500' title='bbox 2332 644 2585 698; x_wconf 89' lang='lat' dir='ltr'><strong><em>voluntate</em></strong></span> <span class='ocrx_word' id='word_1_501' title='bbox 2618 643 2825 699; x_wconf 91' lang='lat' dir='ltr'><strong><em>donata.</em></strong></span> <span class='ocrx_word' id='word_1_502' title='bbox 2874 643 3094 699; x_wconf 72' lang='lat' dir='ltr'><strong><em>Excludi</em></strong></span> <span class='ocrx_word' id='word_1_503' title='bbox 3133 654 3309 714; x_wconf 90' lang='lat' dir='ltr'><strong><em>putant</em></strong></span> <span class='ocrx_word' id='word_1_504' title='bbox 3350 662 3539 703; x_wconf 88' lang='lat' dir='ltr'><strong><em>omnem</em></strong></span> <span class='ocrx_word' id='word_1_505' title='bbox 3580 653 3839 720; x_wconf 74' lang='lat' dir='ltr'><strong><em>prcdicandi</em></strong></span> 
     </span>
    </p>
   </div>
   <div class='ocr_carea' id='block_1_67' title="bbox 2332 732 3838 805">
    <p class='ocr_par' dir='ltr' id='par_1_67' title="bbox 2332 732 3838 805">
     <span class='ocr_line' id='line_1_70' title="bbox 2332 732 3838 805; baseline 0.009 -19"><span class='ocrx_word' id='word_1_506' title='bbox 2332 732 2570 803; x_wconf 88' lang='lat' dir='ltr'><strong><em>vigorem,</em></strong></span> <span class='ocrx_word' id='word_1_507' title='bbox 2595 734 2641 787; x_wconf 90' lang='lat' dir='ltr'><strong><em>si</em></strong></span> <span class='ocrx_word' id='word_1_508' title='bbox 2662 734 2790 787; x_wconf 83' lang='lat' dir='ltr'><strong><em>nihil</em></strong></span> <span class='ocrx_word' id='word_1_509' title='bbox 2812 736 2945 804; x_wconf 87' lang='lat' dir='ltr'><strong><em>quod</em></strong></span> <span class='ocrx_word' id='word_1_510' title='bbox 2975 750 3064 805; x_wconf 89' lang='lat' dir='ltr'><strong><em>per</em></strong></span> <span class='ocrx_word' id='word_1_511' title='bbox 3088 751 3203 789; x_wconf 90' lang='lat' dir='ltr'><strong><em>eum</em></strong></span> <span class='ocrx_word' id='word_1_512' title='bbox 3239 737 3491 803; x_wconf 74' lang='lat' dir='ltr'><strong><em>excitetur,</em></strong></span> <span class='ocrx_word' id='word_1_513' title='bbox 3535 740 3586 793; x_wconf 89' lang='lat' dir='ltr'><strong><em>in</em></strong></span> <span class='ocrx_word' id='word_1_514' title='bbox 3607 742 3838 801; x_wconf 81' lang='lat' dir='ltr'><strong><em>hominibus</em></strong></span> 
     </span>
    </p>
   </div>
   <div class='ocr_carea' id='block_1_68' title="bbox 2331 821 3840 890">
    <p class='ocr_par' dir='ltr' id='par_1_68' title="bbox 2331 821 3840 890">
     <span class='ocr_line' id='line_1_71' title="bbox 2331 821 3840 890; baseline 0.009 -14"><span class='ocrx_word' id='word_1_515' title='bbox 2331 824 2629 878; x_wconf 88' lang='lat' dir='ltr'><strong><em>remansisse</em></strong></span> <span class='ocrx_word' id='word_1_516' title='bbox 2642 823 2857 879; x_wconf 89' lang='lat' dir='ltr'><strong><em>dicatur.</em></strong></span> <span class='ocrx_word' id='word_1_517' title='bbox 2868 821 3191 879; x_wconf 88' lang='lat' dir='ltr'><strong><em>Consentiunt</em></strong></span> <span class='ocrx_word' id='word_1_518' title='bbox 3202 840 3394 881; x_wconf 89' lang='lat' dir='ltr'><strong><em>omnem</em></strong></span> <span class='ocrx_word' id='word_1_519' title='bbox 3411 827 3645 884; x_wconf 89' lang='lat' dir='ltr'><strong><em>hominem</em></strong></span> <span class='ocrx_word' id='word_1_520' title='bbox 3658 832 3701 886; x_wconf 88' lang='lat' dir='ltr'><strong><em>in</em></strong></span> <span class='ocrx_word' id='word_1_521' title='bbox 3711 833 3840 890; x_wconf 75' lang='lat' dir='ltr'><strong><em>Adam</em></strong></span> 
     </span>
    </p>
   </div>
   <div class='ocr_carea' id='block_1_69' title="bbox 2334 914 3839 988">
    <p class='ocr_par' dir='ltr' id='par_1_69' title="bbox 2334 914 3839 988">
     <span class='ocr_line' id='line_1_72' title="bbox 2334 914 3839 988; baseline 0.007 -21"><span class='ocrx_word' id='word_1_522' title='bbox 2334 914 2555 983; x_wconf 88' lang='lat' dir='ltr'><strong><em>periisse,</em></strong></span> <span class='ocrx_word' id='word_1_523' title='bbox 2584 931 2675 968; x_wconf 88' lang='lat' dir='ltr'><strong><em>nec</em></strong></span> <span class='ocrx_word' id='word_1_524' title='bbox 2693 914 2809 969; x_wconf 88' lang='lat' dir='ltr'><strong><em>inde</em></strong></span> <span class='ocrx_word' id='word_1_525' title='bbox 2832 931 3130 987; x_wconf 84' lang='lat' dir='ltr'><strong><em>quemquam</em></strong></span> <span class='ocrx_word' id='word_1_526' title='bbox 3154 931 3297 982; x_wconf 88' lang='lat' dir='ltr'><strong><em>posse</em></strong></span> <span class='ocrx_word' id='word_1_527' title='bbox 3322 918 3526 988; x_wconf 89' lang='lat' dir='ltr'><strong><em>proprio</em></strong></span> <span class='ocrx_word' id='word_1_528' title='bbox 3549 919 3729 976; x_wconf 86' lang='lat' dir='ltr'><strong><em>arbitrio</em></strong></span> <span class='ocrx_word' id='word_1_529' title='bbox 3746 922 3839 979; x_wconf 80' lang='lat' dir='ltr'><strong><em>libe-</em></strong></span> 
     </span>
    </p>
   </div>
   <div class='ocr_carea' id='block_1_70' title="bbox 2331 1003 3841 1084">
    <p class='ocr_par' dir='ltr' id='par_1_70' title="bbox 2331 1003 3841 1084">
     <span class='ocr_line' id='line_1_73' title="bbox 2331 1003 3841 1084; baseline 0.009 -29"><span class='ocrx_word' id='word_1_530' title='bbox 2331 1003 2439 1056; x_wconf 90' lang='lat' dir='ltr'><strong><em>rari</em></strong></span> <span class='ocrx_word' id='word_1_531' title='bbox 2463 1018 2482 1056; x_wconf 90' lang='lat'><strong><em>:</em></strong></span> <span class='ocrx_word' id='word_1_532' title='bbox 2502 1003 2591 1057; x_wconf 89' lang='lat' dir='ltr'><strong><em>sed</em></strong></span> <span class='ocrx_word' id='word_1_533' title='bbox 2628 1003 2683 1057; x_wconf 90' lang='lat' dir='ltr'><strong><em>id</em></strong></span> <span class='ocrx_word' id='word_1_534' title='bbox 2705 1005 2997 1060; x_wconf 86' lang='lat' dir='ltr'><strong><em>conveniens</em></strong></span> <span class='ocrx_word' id='word_1_535' title='bbox 3018 1014 3250 1059; x_wconf 90' lang='lat' dir='ltr'><strong><em>asserunt</em></strong></span> <span class='ocrx_word' id='word_1_536' title='bbox 3272 1006 3483 1074; x_wconf 88' lang='lat' dir='ltr'><strong><em>veritati,</em></strong></span> <span class='ocrx_word' id='word_1_537' title='bbox 3521 1008 3593 1062; x_wconf 86' lang='lat' dir='ltr'><strong><em>vel</em></strong></span> <span class='ocrx_word' id='word_1_538' title='bbox 3616 1026 3841 1084; x_wconf 79' lang='lat' dir='ltr'><strong><em>congruum</em></strong></span> 
     </span>
    </p>
   </div>
   <div class='ocr_carea' id='block_1_71' title="bbox 2332 1094 3842 1169">
    <p class='ocr_par' dir='ltr' id='par_1_71' title="bbox 2332 1094 3842 1169">
     <span class='ocr_line' id='line_1_74' title="bbox 2332 1094 3842 1169; baseline 0.009 -23"><span class='ocrx_word' id='word_1_539' title='bbox 2332 1094 2698 1164; x_wconf 79' lang='lat' dir='ltr'><strong><em>prtedicationi,</em></strong></span> <span class='ocrx_word' id='word_1_540' title='bbox 2730 1103 2804 1162; x_wconf 90' lang='lat' dir='ltr'><strong><em>ut,</em></strong></span> <span class='ocrx_word' id='word_1_541' title='bbox 2831 1111 2944 1148; x_wconf 88' lang='lat' dir='ltr'><strong><em>cum</em></strong></span> <span class='ocrx_word' id='word_1_542' title='bbox 2970 1096 3234 1166; x_wconf 89' lang='lat' dir='ltr'><strong><em>prostratis</em></strong></span> <span class='ocrx_word' id='word_1_543' title='bbox 3252 1105 3297 1150; x_wconf 91' lang='lat' dir='ltr'><strong><em>et</em></strong></span> <span class='ocrx_word' id='word_1_544' title='bbox 3315 1113 3567 1169; x_wconf 83' lang='lat' dir='ltr'><strong><em>nunquam</em></strong></span> <span class='ocrx_word' id='word_1_545' title='bbox 3587 1101 3680 1155; x_wconf 82' lang='lat' dir='ltr'><strong><em>suis</em></strong></span> <span class='ocrx_word' id='word_1_546' title='bbox 3697 1102 3842 1160; x_wconf 77' lang='lat' dir='ltr'><strong><em>vitibus</em></strong></span> 
     </span>
    </p>
   </div>
   <div class='ocr_carea' id='block_1_72' title="bbox 2330 1185 3841 1259">
    <p class='ocr_par' dir='ltr' id='par_1_72' title="bbox 2330 1185 3841 1259">
     <span class='ocr_line' id='line_1_75' title="bbox 2330 1185 3841 1259; baseline 0.009 -22"><span class='ocrx_word' id='word_1_547' title='bbox 2330 1185 2630 1240; x_wconf 87' lang='lat' dir='ltr'><strong><em>surrecturis</em></strong></span> <span class='ocrx_word' id='word_1_548' title='bbox 2673 1186 3000 1241; x_wconf 89' lang='lat' dir='ltr'><strong><em>annuntiatur</em></strong></span> <span class='ocrx_word' id='word_1_549' title='bbox 3042 1186 3322 1241; x_wconf 77' lang='lat' dir='ltr'><strong><em>obtinenda:</em></strong></span> <span class='ocrx_word' id='word_1_550' title='bbox 3353 1188 3529 1245; x_wconf 88' lang='lat' dir='ltr'><strong><em>salutis</em></strong></span> <span class='ocrx_word' id='word_1_551' title='bbox 3568 1194 3753 1259; x_wconf 84' lang='lat' dir='ltr'><strong><em>occasio,</em></strong></span> <span class='ocrx_word' id='word_1_552' title='bbox 3797 1213 3841 1251; x_wconf 81' lang='lat' dir='ltr'><strong><em>eo</em></strong></span> 
     </span>
    </p>
   </div>
   <div class='ocr_carea' id='block_1_73' title="bbox 2333 1278 3841 1354">
    <p class='ocr_par' dir='ltr' id='par_1_73' title="bbox 2333 1278 3841 1354">
     <span class='ocr_line' id='line_1_76' title="bbox 2333 1278 3841 1354; baseline 0.007 -23"><span class='ocrx_word' id='word_1_553' title='bbox 2333 1278 2506 1331; x_wconf 88' lang='lat' dir='ltr'><strong><em>merito</em></strong></span> <span class='ocrx_word' id='word_1_554' title='bbox 2531 1294 2629 1347; x_wconf 91' lang='lat' dir='ltr'><strong><em>quo</em></strong></span> <span class='ocrx_word' id='word_1_555' title='bbox 2653 1279 2897 1332; x_wconf 90' lang='lat' dir='ltr'><strong><em>voluerint</em></strong></span> <span class='ocrx_word' id='word_1_556' title='bbox 2920 1286 2969 1333; x_wconf 88' lang='lat' dir='ltr'><strong><em>et</em></strong></span> <span class='ocrx_word' id='word_1_557' title='bbox 2996 1278 3296 1333; x_wconf 89' lang='lat' dir='ltr'><strong><em>crediderint</em></strong></span> <span class='ocrx_word' id='word_1_558' title='bbox 3320 1296 3352 1333; x_wconf 94' lang='lat' dir='ltr'><strong><em>a</em></strong></span> <span class='ocrx_word' id='word_1_559' title='bbox 3370 1296 3461 1334; x_wconf 91' lang='lat' dir='ltr'><strong><em>suo</em></strong></span> <span class='ocrx_word' id='word_1_560' title='bbox 3486 1285 3644 1337; x_wconf 88' lang='lat' dir='ltr'><strong><em>morbo</em></strong></span> <span class='ocrx_word' id='word_1_561' title='bbox 3664 1300 3708 1339; x_wconf 89' lang='lat' dir='ltr'><strong><em>se</em></strong></span> <span class='ocrx_word' id='word_1_562' title='bbox 3730 1302 3841 1354; x_wconf 82' lang='lat' dir='ltr'><strong><em>posse</em></strong></span> 
     </span>
    </p>
   </div>
   <div class='ocr_carea' id='block_1_74' title="bbox 2329 1368 3843 1440">
    <p class='ocr_par' dir='ltr' id='par_1_74' title="bbox 2329 1368 3843 1440">
     <span class='ocr_line' id='line_1_77' title="bbox 2329 1368 3843 1440; baseline 0.007 -19"><span class='ocrx_word' id='word_1_563' title='bbox 2329 1368 2519 1433; x_wconf 90' lang='lat' dir='ltr'><strong><em>sanari,</em></strong></span> <span class='ocrx_word' id='word_1_564' title='bbox 2551 1378 2597 1422; x_wconf 92' lang='lat' dir='ltr'><strong><em>et</em></strong></span> <span class='ocrx_word' id='word_1_565' title='bbox 2624 1369 2781 1437; x_wconf 87' lang='lat' dir='ltr'><strong><em>ipsius</em></strong></span> <span class='ocrx_word' id='word_1_566' title='bbox 2809 1369 2929 1438; x_wconf 80' lang='lat' dir='ltr'><strong><em>ﬁdei</em></strong></span> <span class='ocrx_word' id='word_1_567' title='bbox 2955 1380 3298 1440; x_wconf 86' lang='lat' dir='ltr'><strong><em>augmentum,</em></strong></span> <span class='ocrx_word' id='word_1_568' title='bbox 3320 1380 3368 1423; x_wconf 88' lang='lat' dir='ltr'><strong><em>et</em></strong></span> <span class='ocrx_word' id='word_1_569' title='bbox 3385 1371 3532 1425; x_wconf 90' lang='lat' dir='ltr'><strong><em>totius</em></strong></span> <span class='ocrx_word' id='word_1_570' title='bbox 3548 1374 3843 1431; x_wconf 81' lang='lat' dir='ltr'><strong><em>sanitatissute</em></strong></span> 
     </span>
    </p>
   </div>
   <div class='ocr_carea' id='block_1_75' title="bbox 2330 1459 3843 1533">
    <p class='ocr_par' dir='ltr' id='par_1_75' title="bbox 2330 1459 3843 1533">
     <span class='ocr_line' id='line_1_78' title="bbox 2330 1459 3843 1533; baseline 0.007 -22"><span class='ocrx_word' id='word_1_571' title='bbox 2330 1470 2693 1531; x_wconf 86' lang='lat' dir='ltr'><strong><em>consequantur</em></strong></span> <span class='ocrx_word' id='word_1_572' title='bbox 2719 1459 2963 1528; x_wconf 71' lang='lat' dir='ltr'><strong><em>effectum.</em></strong></span> <span class='ocrx_word' id='word_1_573' title='bbox 2993 1461 3236 1515; x_wconf 70' lang='lat' dir='ltr'><strong><em>Caeterum</em></strong></span> <span class='ocrx_word' id='word_1_574' title='bbox 3263 1460 3332 1514; x_wconf 90' lang='lat' dir='ltr'><strong><em>ad</em></strong></span> <span class='ocrx_word' id='word_1_575' title='bbox 3360 1462 3551 1516; x_wconf 88' lang='lat' dir='ltr'><strong><em>nullum</em></strong></span> <span class='ocrx_word' id='word_1_576' title='bbox 3577 1478 3689 1533; x_wconf 87' lang='lat' dir='ltr'><strong><em>opus</em></strong></span> <span class='ocrx_word' id='word_1_577' title='bbox 3705 1466 3768 1520; x_wconf 85' lang='lat' dir='ltr'><strong><em>vel</em></strong></span> <span class='ocrx_word' id='word_1_578' title='bbox 3783 1468 3843 1521; x_wconf 80' lang='lat' dir='ltr'><strong><em>in-</em></strong></span> 
     </span>
    </p>
   </div>
   <div class='ocr_carea' id='block_1_76' title="bbox 2330 1551 3842 1627">
    <p class='ocr_par' dir='ltr' id='par_1_76' title="bbox 2330 1551 3842 1627">
     <span class='ocr_line' id='line_1_79' title="bbox 2330 1551 3842 1627; baseline 0.005 -24"><span class='ocrx_word' id='word_1_579' title='bbox 2330 1551 2640 1620; x_wconf 88' lang='lat' dir='ltr'><strong><em>cipiendum,</em></strong></span> <span class='ocrx_word' id='word_1_580' title='bbox 2658 1554 2838 1606; x_wconf 88' lang='lat' dir='ltr'><strong><em>nedum</em></strong></span> <span class='ocrx_word' id='word_1_581' title='bbox 2856 1552 3237 1624; x_wconf 81' lang='lat' dir='ltr'><strong><em>perﬁciendum,</em></strong></span> <span class='ocrx_word' id='word_1_582' title='bbox 3251 1569 3548 1625; x_wconf 89' lang='lat' dir='ltr'><strong><em>quemquam</em></strong></span> <span class='ocrx_word' id='word_1_583' title='bbox 3565 1556 3649 1610; x_wconf 88' lang='lat' dir='ltr'><strong><em>sibi</em></strong></span> <span class='ocrx_word' id='word_1_584' title='bbox 3664 1558 3842 1627; x_wconf 59' lang='lat' dir='ltr'><strong><em>sumsere</em></strong></span> 
     </span>
    </p>
   </div>
   <div class='ocr_carea' id='block_1_77' title="bbox 2332 1644 3842 1716">
    <p class='ocr_par' dir='ltr' id='par_1_77' title="bbox 2332 1644 3842 1716">
     <span class='ocr_line' id='line_1_80' title="bbox 2332 1644 3842 1716; baseline 0.005 -22"><span class='ocrx_word' id='word_1_585' title='bbox 2332 1657 2476 1710; x_wconf 87' lang='lat' dir='ltr'><strong><em>posse</em></strong></span> <span class='ocrx_word' id='word_1_586' title='bbox 2513 1644 2824 1697; x_wconf 90' lang='lat' dir='ltr'><strong><em>consentiunt</em></strong></span> <span class='ocrx_word' id='word_1_587' title='bbox 2856 1658 2876 1696; x_wconf 92' lang='lat'><strong><em>:</em></strong></span> <span class='ocrx_word' id='word_1_588' title='bbox 2898 1659 3054 1713; x_wconf 89' lang='lat' dir='ltr'><strong><em>neque</em></strong></span> <span class='ocrx_word' id='word_1_589' title='bbox 3081 1644 3213 1698; x_wconf 90' lang='lat' dir='ltr'><strong><em>enim</em></strong></span> <span class='ocrx_word' id='word_1_590' title='bbox 3251 1644 3407 1698; x_wconf 88' lang='lat' dir='ltr'><strong><em>alicui</em></strong></span> <span class='ocrx_word' id='word_1_591' title='bbox 3448 1645 3585 1716; x_wconf 86' lang='lat' dir='ltr'><strong><em>operi</em></strong></span> <span class='ocrx_word' id='word_1_592' title='bbox 3620 1649 3842 1702; x_wconf 77' lang='lat' dir='ltr'><strong><em>curationis</em></strong></span> 
     </span>
    </p>
   </div>
   <div class='ocr_carea' id='block_1_78' title="bbox 2329 1734 3840 1809">
    <p class='ocr_par' dir='ltr' id='par_1_78' title="bbox 2329 1734 3840 1809">
     <span class='ocr_line' id='line_1_81' title="bbox 2329 1734 3840 1809; baseline 0.005 -24"><span class='ocrx_word' id='word_1_593' title='bbox 2329 1748 2501 1786; x_wconf 90' lang='lat' dir='ltr'><strong><em>eorum</em></strong></span> <span class='ocrx_word' id='word_1_594' title='bbox 2534 1734 2968 1788; x_wconf 87' lang='lat' dir='ltr'><strong><em>annumerandum</em></strong></span> <span class='ocrx_word' id='word_1_595' title='bbox 2993 1744 3191 1806; x_wconf 87' lang='lat' dir='ltr'><strong><em>putant,</em></strong></span> <span class='ocrx_word' id='word_1_596' title='bbox 3225 1736 3463 1790; x_wconf 70' lang='lat' dir='ltr'><strong><em>anterrita</em></strong></span> <span class='ocrx_word' id='word_1_597' title='bbox 3485 1746 3530 1791; x_wconf 89' lang='lat' dir='ltr'><strong><em>et</em></strong></span> <span class='ocrx_word' id='word_1_598' title='bbox 3557 1739 3747 1809; x_wconf 84' lang='lat' dir='ltr'><strong><em>supplici</em></strong></span> <span class='ocrx_word' id='word_1_599' title='bbox 3775 1755 3840 1794; x_wconf 84' lang='lat' dir='ltr'><strong><em>vo-</em></strong></span> 
     </span>
    </p>
   </div>
   <div class='ocr_carea' id='block_1_79' title="bbox 2331 1823 3841 1898">
    <p class='ocr_par' dir='ltr' id='par_1_79' title="bbox 2331 1823 3841 1898">
     <span class='ocr_line' id='line_1_82' title="bbox 2331 1823 3841 1898; baseline 0.003 -20"><span class='ocrx_word' id='word_1_600' title='bbox 2331 1823 2539 1891; x_wconf 91' lang='lat' dir='ltr'><strong><em>luntate,</em></strong></span> <span class='ocrx_word' id='word_1_601' title='bbox 2572 1842 2967 1897; x_wconf 86' lang='lat' dir='ltr'><strong><em>unumquemque</em></strong></span> <span class='ocrx_word' id='word_1_602' title='bbox 2981 1835 3225 1898; x_wconf 72' lang='lat' dir='ltr'><strong><em>wgrotum</em></strong></span> <span class='ocrx_word' id='word_1_603' title='bbox 3237 1826 3367 1880; x_wconf 84' lang='lat' dir='ltr'><strong><em>velle</em></strong></span> <span class='ocrx_word' id='word_1_604' title='bbox 3392 1827 3577 1881; x_wconf 89' lang='lat' dir='ltr'><strong><em>sanari.</em></strong></span> <span class='ocrx_word' id='word_1_605' title='bbox 3594 1827 3722 1894; x_wconf 81' lang='lat' dir='ltr'><strong><em>Quod</em></strong></span> <span class='ocrx_word' id='word_1_606' title='bbox 3743 1833 3841 1883; x_wconf 67' lang='lat' dir='ltr'><strong><em>alim</em></strong></span> 
     </span>
    </p>
   </div>
   <div class='ocr_carea' id='block_1_80' title="bbox 2329 1916 3841 1993">
    <p class='ocr_par' dir='ltr' id='par_1_80' title="bbox 2329 1916 3841 1993">
     <span class='ocr_line' id='line_1_83' title="bbox 2329 1916 3841 1993; baseline 0.005 -23"><span class='ocrx_word' id='word_1_607' title='bbox 2329 1916 2535 1983; x_wconf 87' lang='lat' dir='ltr'><strong><em>dicitur,</em></strong></span> <span class='ocrx_word' id='word_1_608' title='bbox 2563 1916 2739 1982; x_wconf 88' lang='lat' dir='ltr'><strong><em>Crede,</em></strong></span> <span class='ocrx_word' id='word_1_609' title='bbox 2766 1926 2814 1972; x_wconf 91' lang='lat' dir='ltr'><strong><em>et</em></strong></span> <span class='ocrx_word' id='word_1_610' title='bbox 2840 1920 3009 1974; x_wconf 90' lang='lat' dir='ltr'><strong><em>salvus</em></strong></span> <span class='ocrx_word' id='word_1_611' title='bbox 3036 1920 3167 1985; x_wconf 89' lang='lat' dir='ltr'><strong><em>eris;</em></strong></span> <span class='ocrx_word' id='word_1_612' title='bbox 3195 1936 3362 1973; x_wconf 85' lang='lat' dir='ltr'><strong><em>unum</em></strong></span> <span class='ocrx_word' id='word_1_613' title='bbox 3391 1920 3565 1974; x_wconf 88' lang='lat' dir='ltr'><strong><em>horum</em></strong></span> <span class='ocrx_word' id='word_1_614' title='bbox 3590 1922 3707 1993; x_wconf 63' lang='lat' dir='ltr'><strong><em>exigi</em></strong></span> <span class='ocrx_word' id='word_1_615' title='bbox 3736 1939 3841 1977; x_wconf 81' lang='lat' dir='ltr'><strong><em>csse-</em></strong></span> 
     </span>
    </p>
   </div>
   <div class='ocr_carea' id='block_1_81' title="bbox 2328 2005 3843 2082">
    <p class='ocr_par' dir='ltr' id='par_1_81' title="bbox 2328 2005 3843 2082">
     <span class='ocr_line' id='line_1_84' title="bbox 2328 2005 3843 2082; baseline 0.005 -24"><span class='ocrx_word' id='word_1_616' title='bbox 2328 2015 2466 2074; x_wconf 86' lang='lat' dir='ltr'><strong><em>runt,</em></strong></span> <span class='ocrx_word' id='word_1_617' title='bbox 2494 2006 2634 2060; x_wconf 90' lang='lat' dir='ltr'><strong><em>aliud</em></strong></span> <span class='ocrx_word' id='word_1_618' title='bbox 2671 2005 2956 2075; x_wconf 73' lang='lat' dir='ltr'><strong><em>oﬂ&#39;erri;.ut</em></strong></span> <span class='ocrx_word' id='word_1_619' title='bbox 2980 2018 3185 2081; x_wconf 88' lang='lat' dir='ltr'><strong><em>propter</em></strong></span> <span class='ocrx_word' id='word_1_620' title='bbox 3198 2009 3253 2063; x_wconf 91' lang='lat' dir='ltr'><strong><em>id</em></strong></span> <span class='ocrx_word' id='word_1_621' title='bbox 3279 2010 3421 2080; x_wconf 87' lang='lat' dir='ltr'><strong><em>quod</em></strong></span> <span class='ocrx_word' id='word_1_622' title='bbox 3460 2006 3677 2082; x_wconf 70' lang='lat' dir='ltr'><strong><em>exigitur,</em></strong></span> <span class='ocrx_word' id='word_1_623' title='bbox 3704 2013 3740 2066; x_wconf 91' lang='lat' dir='ltr'><strong><em>si</em></strong></span> <span class='ocrx_word' id='word_1_624' title='bbox 3759 2013 3843 2067; x_wconf 81' lang='lat' dir='ltr'><strong><em>red-</em></strong></span> 
     </span>
    </p>
   </div>
   <div class='ocr_carea' id='block_1_82' title="bbox 2330 2096 3844 2175">
    <p class='ocr_par' dir='ltr' id='par_1_82' title="bbox 2330 2096 3844 2175">
     <span class='ocr_line' id='line_1_85' title="bbox 2330 2096 3844 2175; baseline 0.009 -27"><span class='ocrx_word' id='word_1_625' title='bbox 2330 2096 2490 2151; x_wconf 91' lang='lat' dir='ltr'><strong><em>ditum</em></strong></span> <span class='ocrx_word' id='word_1_626' title='bbox 2527 2098 2699 2167; x_wconf 79' lang='lat' dir='ltr'><strong><em>fuerit,</em></strong></span> <span class='ocrx_word' id='word_1_627' title='bbox 2730 2099 2935 2171; x_wconf 82' lang='lat' dir='ltr'><strong><em>idquod</em></strong></span> <span class='ocrx_word' id='word_1_628' title='bbox 2962 2100 3170 2168; x_wconf 74' lang='lat' dir='ltr'><strong><em>offertur</em></strong></span> <span class='ocrx_word' id='word_1_629' title='bbox 3201 2104 3440 2175; x_wconf 88' lang='lat' dir='ltr'><strong><em>deinceps</em></strong></span> <span class='ocrx_word' id='word_1_630' title='bbox 3470 2106 3711 2161; x_wconf 86' lang='lat' dir='ltr'><strong><em>tribuatur.</em></strong></span> <span class='ocrx_word' id='word_1_631' title='bbox 3733 2106 3844 2164; x_wconf 81' lang='lat' dir='ltr'><strong><em>Unde</em></strong></span> 
     </span>
    </p>
   </div>
   <div class='ocr_carea' id='block_1_83' title="bbox 2329 2190 3845 2268">
    <p class='ocr_par' dir='ltr' id='par_1_83' title="bbox 2329 2190 3845 2268">
     <span class='ocr_line' id='line_1_86' title="bbox 2329 2190 3845 2268; baseline 0.008 -29"><span class='ocrx_word' id='word_1_632' title='bbox 2329 2201 2630 2257; x_wconf 88' lang='lat' dir='ltr'><strong><em>consequens</em></strong></span> <span class='ocrx_word' id='word_1_633' title='bbox 2645 2198 2825 2258; x_wconf 89' lang='lat' dir='ltr'><strong><em>putant</em></strong></span> <span class='ocrx_word' id='word_1_634' title='bbox 2842 2190 3168 2245; x_wconf 70' lang='lat' dir='ltr'><strong><em>exhibendam</em></strong></span> <span class='ocrx_word' id='word_1_635' title='bbox 3184 2192 3246 2246; x_wconf 92' lang='lat' dir='ltr'><strong><em>ab</em></strong></span> <span class='ocrx_word' id='word_1_636' title='bbox 3260 2209 3317 2248; x_wconf 91' lang='lat' dir='ltr'><strong><em>eo</em></strong></span> <span class='ocrx_word' id='word_1_637' title='bbox 3346 2195 3523 2263; x_wconf 77' lang='lat' dir='ltr'><strong><em>ﬁdem,</em></strong></span> <span class='ocrx_word' id='word_1_638' title='bbox 3542 2196 3674 2268; x_wconf 81' lang='lat' dir='ltr'><strong><em>cujus</em></strong></span> <span class='ocrx_word' id='word_1_639' title='bbox 3693 2207 3845 2250; x_wconf 77' lang='lat' dir='ltr'><strong><em>natura</em></strong></span> 
     </span>
    </p>
   </div>
   <div class='ocr_carea' id='block_1_84' title="bbox 2327 2278 3843 2353">
    <p class='ocr_par' dir='ltr' id='par_1_84' title="bbox 2327 2278 3843 2353">
     <span class='ocr_line' id='line_1_87' title="bbox 2327 2278 3843 2353; baseline 0.009 -22"><span class='ocrx_word' id='word_1_640' title='bbox 2327 2278 2383 2331; x_wconf 88' lang='lat' dir='ltr'><strong><em>id</em></strong></span> <span class='ocrx_word' id='word_1_641' title='bbox 2401 2279 2653 2335; x_wconf 89' lang='lat' dir='ltr'><strong><em>voluntate</em></strong></span> <span class='ocrx_word' id='word_1_642' title='bbox 2675 2280 2958 2338; x_wconf 85' lang='lat' dir='ltr'><strong><em>Conditoris</em></strong></span> <span class='ocrx_word' id='word_1_643' title='bbox 2981 2300 3268 2339; x_wconf 89' lang='lat' dir='ltr'><strong><em>concessum</em></strong></span> <span class='ocrx_word' id='word_1_644' title='bbox 3284 2295 3394 2353; x_wconf 82' lang='lat' dir='ltr'><strong><em>est;</em></strong></span> <span class='ocrx_word' id='word_1_645' title='bbox 3425 2296 3474 2341; x_wconf 91' lang='lat' dir='ltr'><strong><em>et</em></strong></span> <span class='ocrx_word' id='word_1_646' title='bbox 3498 2288 3676 2344; x_wconf 88' lang='lat' dir='ltr'><strong><em>nullam</em></strong></span> <span class='ocrx_word' id='word_1_647' title='bbox 3702 2290 3761 2344; x_wconf 79' lang='lat' dir='ltr'><strong><em>ita</em></strong></span> <span class='ocrx_word' id='word_1_648' title='bbox 3780 2290 3843 2344; x_wconf 84' lang='lat' dir='ltr'><strong><em>de-</em></strong></span> 
     </span>
    </p>
   </div>
   <div class='ocr_carea' id='block_1_85' title="bbox 2330 2373 3846 2451">
    <p class='ocr_par' dir='ltr' id='par_1_85' title="bbox 2330 2373 3846 2451">
     <span class='ocr_line' id='line_1_88' title="bbox 2330 2373 3846 2451; baseline 0.009 -29"><span class='ocrx_word' id='word_1_649' title='bbox 2330 2380 2589 2440; x_wconf 90' lang='lat' dir='ltr'><strong><em>pravatam</em></strong></span> <span class='ocrx_word' id='word_1_650' title='bbox 2614 2373 2689 2426; x_wconf 92' lang='lat' dir='ltr'><strong><em>vel</em></strong></span> <span class='ocrx_word' id='word_1_651' title='bbox 2703 2374 2995 2427; x_wconf 77' lang='lat' dir='ltr'><strong><em>exstinctam</em></strong></span> <span class='ocrx_word' id='word_1_652' title='bbox 3013 2384 3207 2444; x_wconf 89' lang='lat' dir='ltr'><strong><em>putant,</em></strong></span> <span class='ocrx_word' id='word_1_653' title='bbox 3219 2385 3272 2430; x_wconf 87' lang='lat' dir='ltr'><strong><em>ut</em></strong></span> <span class='ocrx_word' id='word_1_654' title='bbox 3288 2393 3395 2433; x_wconf 86' lang='lat' dir='ltr'><strong><em>non</em></strong></span> <span class='ocrx_word' id='word_1_655' title='bbox 3405 2378 3572 2433; x_wconf 87' lang='lat' dir='ltr'><strong><em>debeat</em></strong></span> <span class='ocrx_word' id='word_1_656' title='bbox 3589 2380 3658 2434; x_wconf 84' lang='lat' dir='ltr'><strong><em>vel</em></strong></span> <span class='ocrx_word' id='word_1_657' title='bbox 3664 2382 3790 2451; x_wconf 86' lang='lat' dir='ltr'><strong><em>possit</em></strong></span> <span class='ocrx_word' id='word_1_658' title='bbox 3806 2397 3846 2436; x_wconf 83' lang='lat' dir='ltr'><strong><em>se</em></strong></span> 
     </span>
    </p>
   </div>
   <div class='ocr_carea' id='block_1_86' title="bbox 2329 2457 3842 2539">
    <p class='ocr_par' dir='ltr' id='par_1_86' title="bbox 2329 2457 3842 2539">
     <span class='ocr_line' id='line_1_89' title="bbox 2329 2457 3842 2539; baseline 0.009 -27"><span class='ocrx_word' id='word_1_659' title='bbox 2329 2457 2455 2513; x_wconf 87' lang='lat' dir='ltr'><strong><em>velle</em></strong></span> <span class='ocrx_word' id='word_1_660' title='bbox 2476 2462 2681 2526; x_wconf 88' lang='lat' dir='ltr'><strong><em>sanari;</em></strong></span> <span class='ocrx_word' id='word_1_661' title='bbox 2711 2473 2913 2534; x_wconf 90' lang='lat' dir='ltr'><strong><em>propter</em></strong></span> <span class='ocrx_word' id='word_1_662' title='bbox 2938 2466 3072 2534; x_wconf 88' lang='lat' dir='ltr'><strong><em>quod</em></strong></span> <span class='ocrx_word' id='word_1_663' title='bbox 3100 2466 3175 2520; x_wconf 88' lang='lat' dir='ltr'><strong><em>vel</em></strong></span> <span class='ocrx_word' id='word_1_664' title='bbox 3210 2478 3421 2523; x_wconf 83' lang='lat' dir='ltr'><strong><em>sanetur</em></strong></span> <span class='ocrx_word' id='word_1_665' title='bbox 3445 2470 3551 2539; x_wconf 82' lang='lat' dir='ltr'><strong><em>quis</em></strong></span> <span class='ocrx_word' id='word_1_666' title='bbox 3577 2486 3607 2524; x_wconf 80' lang='grc' dir='ltr'>α</span> <span class='ocrx_word' id='word_1_667' title='bbox 3646 2487 3738 2536; x_wconf 81' lang='lat' dir='ltr'><strong><em>sua,</em></strong></span> <span class='ocrx_word' id='word_1_668' title='bbox 3762 2472 3823 2525; x_wconf 80' lang='lat' dir='ltr'><strong><em>vel</em></strong></span> <span class='ocrx_word' id='word_1_669' title='bbox 3830 2512 3842 2537; x_wconf 88' lang='lat'><strong><em>,</em></strong></span> 
     </span>
    </p>
   </div>
   <div class='ocr_carea' id='block_1_87' title="bbox 2329 2550 3847 2633">
    <p class='ocr_par' dir='ltr' id='par_1_87' title="bbox 2329 2550 3847 2633">
     <span class='ocr_line' id='line_1_90' title="bbox 2329 2550 3847 2633; baseline 0.009 -31"><span class='ocrx_word' id='word_1_670' title='bbox 2329 2550 2374 2603; x_wconf 92' lang='lat' dir='ltr'><strong><em>si</em></strong></span> <span class='ocrx_word' id='word_1_671' title='bbox 2402 2550 2634 2618; x_wconf 87' lang='lat' dir='ltr'><strong><em>noluerit,</em></strong></span> <span class='ocrx_word' id='word_1_672' title='bbox 2663 2568 2778 2605; x_wconf 91' lang='lat' dir='ltr'><strong><em>cum</em></strong></span> <span class='ocrx_word' id='word_1_673' title='bbox 2827 2570 2920 2608; x_wconf 91' lang='lat' dir='ltr'><strong><em>sua</em></strong></span> <span class='ocrx_word' id='word_1_674' title='bbox 2946 2556 3244 2626; x_wconf 78' lang='lat' dir='ltr'><strong><em>iegritudine</em></strong></span> <span class='ocrx_word' id='word_1_675' title='bbox 3283 2559 3542 2628; x_wconf 74' lang='lat' dir='ltr'><strong><em>puniatur.</em></strong></span> <span class='ocrx_word' id='word_1_676' title='bbox 3594 2560 3691 2615; x_wconf 86' lang='lat' dir='ltr'><strong><em>Nec</em></strong></span> <span class='ocrx_word' id='word_1_677' title='bbox 3712 2562 3847 2633; x_wconf 78' lang='lat' dir='ltr'><strong><em>negari</em></strong></span> 
     </span>
    </p>
   </div>
   <div class='ocr_carea' id='block_1_88' title="bbox 2328 2645 3846 2726">
    <p class='ocr_par' dir='ltr' id='par_1_88' title="bbox 2328 2645 3846 2726">
     <span class='ocr_line' id='line_1_91' title="bbox 2328 2645 3846 2726; baseline 0.011 -30"><span class='ocrx_word' id='word_1_678' title='bbox 2328 2645 2564 2714; x_wconf 85' lang='lat' dir='ltr'><strong><em>gratiam,</em></strong></span> <span class='ocrx_word' id='word_1_679' title='bbox 2592 2647 2638 2700; x_wconf 90' lang='lat' dir='ltr'><strong><em>si</em></strong></span> <span class='ocrx_word' id='word_1_680' title='bbox 2664 2650 2941 2719; x_wconf 78' lang='lat' dir='ltr'><strong><em>preecedere</em></strong></span> <span class='ocrx_word' id='word_1_681' title='bbox 2953 2652 3147 2705; x_wconf 87' lang='lat' dir='ltr'><strong><em>dicatur</em></strong></span> <span class='ocrx_word' id='word_1_682' title='bbox 3167 2652 3283 2706; x_wconf 89' lang='lat' dir='ltr'><strong><em>talis</em></strong></span> <span class='ocrx_word' id='word_1_683' title='bbox 3304 2654 3553 2718; x_wconf 85' lang='lat' dir='ltr'><strong><em>voluntas,</em></strong></span> <span class='ocrx_word' id='word_1_684' title='bbox 3574 2672 3674 2726; x_wconf 73' lang='lat' dir='ltr'><strong><em>qua</em></strong></span> <span class='ocrx_word' id='word_1_685' title='bbox 3695 2665 3846 2711; x_wconf 80' lang='lat' dir='ltr'><strong><em>tantum</em></strong></span> 
     </span>
    </p>
   </div>
   <div class='ocr_carea' id='block_1_89' title="bbox 2329 2734 3842 2817">
    <p class='ocr_par' dir='ltr' id='par_1_89' title="bbox 2329 2734 3842 2817">
     <span class='ocr_line' id='line_1_92' title="bbox 2329 2734 3842 2817; baseline 0.011 -32"><span class='ocrx_word' id='word_1_686' title='bbox 2329 2734 2576 2789; x_wconf 89' lang='lat' dir='ltr'><strong><em>medicum</em></strong></span> <span class='ocrx_word' id='word_1_687' title='bbox 2599 2748 2811 2807; x_wconf 69' lang='lat' dir='ltr'><strong><em>quaerat,</em></strong></span> <span class='ocrx_word' id='word_1_688' title='bbox 2842 2756 2941 2795; x_wconf 93' lang='lat' dir='ltr'><strong><em>non</em></strong></span> <span class='ocrx_word' id='word_1_689' title='bbox 2961 2752 3125 2795; x_wconf 91' lang='lat' dir='ltr'><strong><em>autem</em></strong></span> <span class='ocrx_word' id='word_1_690' title='bbox 3147 2744 3425 2815; x_wconf 85' lang='lat' dir='ltr'><strong><em>quidquam</em></strong></span> <span class='ocrx_word' id='word_1_691' title='bbox 3443 2744 3551 2817; x_wconf 88' lang='lat' dir='ltr'><strong><em>ipsa</em></strong></span> <span class='ocrx_word' id='word_1_692' title='bbox 3576 2747 3680 2817; x_wconf 88' lang='lat' dir='ltr'><strong><em>jam</em></strong></span> <span class='ocrx_word' id='word_1_693' title='bbox 3700 2747 3842 2802; x_wconf 76' lang='lat' dir='ltr'><strong><em>valeat.</em></strong></span> 
     </span>
    </p>
   </div>
   <div class='ocr_carea' id='block_1_90' title="bbox 2331 2821 3845 2910">
    <p class='ocr_par' dir='ltr' id='par_1_90' title="bbox 2331 2821 3845 2910">
     <span class='ocr_line' id='line_1_93' title="bbox 2331 2821 3845 2910; baseline 0.016 -35"><span class='ocrx_word' id='word_1_694' title='bbox 2331 2821 2470 2877; x_wconf 88' lang='lat' dir='ltr'><strong><em>Nam</em></strong></span> <span class='ocrx_word' id='word_1_695' title='bbox 2495 2825 2587 2880; x_wconf 91' lang='lat' dir='ltr'><strong><em>illa</em></strong></span> <span class='ocrx_word' id='word_1_696' title='bbox 2615 2829 2919 2896; x_wconf 88' lang='lat' dir='ltr'><strong><em>testimonia,</em></strong></span> <span class='ocrx_word' id='word_1_697' title='bbox 2942 2840 2998 2885; x_wconf 85' lang='lat' dir='ltr'><strong><em>ut</em></strong></span> <span class='ocrx_word' id='word_1_698' title='bbox 3022 2843 3091 2887; x_wconf 90' lang='lat' dir='ltr'><strong><em>est</em></strong></span> <span class='ocrx_word' id='word_1_699' title='bbox 3119 2833 3268 2899; x_wconf 84' lang='lat' dir='ltr'><strong><em>illud,</em></strong></span> <span class='ocrx_word' id='word_1_700' title='bbox 3290 2854 3307 2886; x_wconf 74' lang='grc' dir='ltr'>ι</span> <span class='ocrx_word' id='word_1_701' title='bbox 3330 2835 3484 2891; x_wconf 80' lang='lat' dir='ltr'><strong><em>Sicut</em></strong></span> <span class='ocrx_word' id='word_1_702' title='bbox 3507 2837 3742 2910; x_wconf 83' lang='lat' dir='ltr'><strong><em>unicuique</em></strong></span> <span class='ocrx_word' id='word_1_703' title='bbox 3762 2854 3845 2909; x_wconf 75' lang='lat' dir='ltr'><strong><em>par-</em></strong></span> 
     </span>
    </p>
   </div>
   <div class='ocr_carea' id='block_1_91' title="bbox 2337 2915 3845 2999">
    <p class='ocr_par' dir='ltr' id='par_1_91' title="bbox 2337 2915 3845 2999">
     <span class='ocr_line' id='line_1_94' title="bbox 2337 2915 3845 2999; baseline 0.014 -35"><span class='ocrx_word' id='word_1_704' title='bbox 2337 2930 2354 2964; x_wconf 82' lang='grc'><em>‹</em></span> <span class='ocrx_word' id='word_1_705' title='bbox 2393 2915 2509 2969; x_wconf 89' lang='lat' dir='ltr'><strong><em>titus</em></strong></span> <span class='ocrx_word' id='word_1_706' title='bbox 2532 2926 2604 2971; x_wconf 90' lang='lat' dir='ltr'><strong><em>est</em></strong></span> <span class='ocrx_word' id='word_1_707' title='bbox 2629 2934 2913 2975; x_wconf 83' lang='lat' dir='ltr'><strong><em>mensuram</em></strong></span> <span class='ocrx_word' id='word_1_708' title='bbox 2930 2921 3052 2991; x_wconf 78' lang='lat' dir='ltr'><strong><em>ﬁdei</em></strong></span> <span class='ocrx_word' id='word_1_709' title='bbox 3082 2942 3100 2975; x_wconf 72' lang='grc' dir='ltr'><strong><em>ι</em></strong></span> <span class='ocrx_word' id='word_1_710' title='bbox 3132 2924 3309 2995; x_wconf 86' lang='lat' dir='ltr'><strong><em>(Rom.</em></strong></span> <span class='ocrx_word' id='word_1_711' title='bbox 3331 2942 3436 2990; x_wconf 79' lang='lat' dir='ltr'><strong><em>xu,</em></strong></span> <span class='ocrx_word' id='word_1_712' title='bbox 3457 2927 3535 2999; x_wconf 79' lang='grc'><strong><em>5),</em></strong></span> <span class='ocrx_word' id='word_1_713' title='bbox 3560 2929 3845 2995; x_wconf 76' lang='lat' dir='ltr'><strong><em>etsimilia,cd</em></strong></span> 
     </span>
    </p>
   </div>
   <div class='ocr_carea' id='block_1_92' title="bbox 2329 3007 3844 3091">
    <p class='ocr_par' dir='ltr' id='par_1_92' title="bbox 2329 3007 3844 3091">
     <span class='ocr_line' id='line_1_95' title="bbox 2329 3007 3844 3091; baseline 0.01 -31"><span class='ocrx_word' id='word_1_714' title='bbox 2329 3007 2385 3059; x_wconf 89' lang='lat' dir='ltr'><strong><em>id</em></strong></span> <span class='ocrx_word' id='word_1_715' title='bbox 2407 3009 2577 3063; x_wconf 88' lang='lat' dir='ltr'><strong><em>volunt</em></strong></span> <span class='ocrx_word' id='word_1_716' title='bbox 2596 3010 2781 3081; x_wconf 87' lang='lat' dir='ltr'><strong><em>valere,</em></strong></span> <span class='ocrx_word' id='word_1_717' title='bbox 2822 3023 2877 3067; x_wconf 89' lang='lat' dir='ltr'><strong><em>ut</em></strong></span> <span class='ocrx_word' id='word_1_718' title='bbox 2903 3015 3167 3086; x_wconf 86' lang='lat' dir='ltr'><strong><em>adjuvetur</em></strong></span> <span class='ocrx_word' id='word_1_719' title='bbox 3193 3018 3279 3088; x_wconf 90' lang='lat' dir='ltr'><strong><em>qui</em></strong></span> <span class='ocrx_word' id='word_1_720' title='bbox 3316 3022 3527 3091; x_wconf 64' lang='lat' dir='ltr'><strong><em>coeperit</em></strong></span> <span class='ocrx_word' id='word_1_721' title='bbox 3548 3021 3677 3086; x_wconf 83' lang='lat' dir='ltr'><strong><em>velle,</em></strong></span> <span class='ocrx_word' id='word_1_722' title='bbox 3706 3037 3786 3076; x_wconf 79' lang='lat' dir='ltr'><strong><em>non</em></strong></span> <span class='ocrx_word' id='word_1_723' title='bbox 3805 3030 3844 3075; x_wconf 84' lang='lat' dir='ltr'><strong><em>st</em></strong></span> 
     </span>
    </p>
   </div>
   <div class='ocr_carea' id='block_1_93' title="bbox 2330 3099 3847 3183">
    <p class='ocr_par' dir='ltr' id='par_1_93' title="bbox 2330 3099 3847 3183">
     <span class='ocr_line' id='line_1_96' title="bbox 2330 3099 3847 3183; baseline 0.01 -33"><span class='ocrx_word' id='word_1_724' title='bbox 2330 3099 2478 3152; x_wconf 89' lang='lat' dir='ltr'><strong><em>etiam</em></strong></span> <span class='ocrx_word' id='word_1_725' title='bbox 2508 3100 2721 3155; x_wconf 89' lang='lat' dir='ltr'><strong><em>donetur</em></strong></span> <span class='ocrx_word' id='word_1_726' title='bbox 2744 3114 2795 3156; x_wconf 89' lang='lat' dir='ltr'><strong><em>ut</em></strong></span> <span class='ocrx_word' id='word_1_727' title='bbox 2817 3104 2968 3169; x_wconf 85' lang='lat' dir='ltr'><strong><em>velit;</em></strong></span> <span class='ocrx_word' id='word_1_728' title='bbox 2996 3108 3191 3176; x_wconf 88' lang='lat' dir='ltr'><strong><em>rejectis</em></strong></span> <span class='ocrx_word' id='word_1_729' title='bbox 3214 3108 3276 3161; x_wconf 90' lang='lat' dir='ltr'><strong><em>ab</em></strong></span> <span class='ocrx_word' id='word_1_730' title='bbox 3304 3112 3410 3164; x_wconf 78' lang='lat' dir='ltr'><strong><em>hoc</em></strong></span> <span class='ocrx_word' id='word_1_731' title='bbox 3433 3110 3561 3166; x_wconf 91' lang='lat' dir='ltr'><strong><em>dono</em></strong></span> <span class='ocrx_word' id='word_1_732' title='bbox 3581 3112 3683 3167; x_wconf 87' lang='lat' dir='ltr'><strong><em>aliis</em></strong></span> <span class='ocrx_word' id='word_1_733' title='bbox 3701 3113 3847 3183; x_wconf 79' lang='lat' dir='ltr'><strong><em>pariter</em></strong></span> 
     </span>
    </p>
   </div>
   <div class='ocr_carea' id='block_1_94' title="bbox 2328 3188 3847 3273">
    <p class='ocr_par' dir='ltr' id='par_1_94' title="bbox 2328 3188 3847 3273">
     <span class='ocr_line' id='line_1_97' title="bbox 2328 3188 3847 3273; baseline 0.011 -31"><span class='ocrx_word' id='word_1_734' title='bbox 2328 3188 2446 3254; x_wconf 89' lang='lat' dir='ltr'><strong><em>reis,</em></strong></span> <span class='ocrx_word' id='word_1_735' title='bbox 2499 3200 2545 3244; x_wconf 90' lang='lat' dir='ltr'><strong><em>et</em></strong></span> <span class='ocrx_word' id='word_1_736' title='bbox 2570 3191 2656 3263; x_wconf 89' lang='lat' dir='ltr'><strong><em>qui</em></strong></span> <span class='ocrx_word' id='word_1_737' title='bbox 2682 3188 2880 3263; x_wconf 87' lang='lat' dir='ltr'><strong><em>possent</em></strong></span> <span class='ocrx_word' id='word_1_738' title='bbox 2905 3194 3135 3251; x_wconf 90' lang='lat' dir='ltr'><strong><em>similiter</em></strong></span> <span class='ocrx_word' id='word_1_739' title='bbox 3163 3198 3394 3267; x_wconf 85' lang='lat' dir='ltr'><strong><em>liberari,</em></strong></span> <span class='ocrx_word' id='word_1_740' title='bbox 3422 3200 3467 3255; x_wconf 90' lang='lat' dir='ltr'><strong><em>si</em></strong></span> <span class='ocrx_word' id='word_1_741' title='bbox 3488 3217 3546 3255; x_wconf 91' lang='lat' dir='ltr'><strong><em>ea</em></strong></span> <span class='ocrx_word' id='word_1_742' title='bbox 3582 3216 3682 3273; x_wconf 69' lang='lat' dir='ltr'><strong><em>qua</em></strong></span> <span class='ocrx_word' id='word_1_743' title='bbox 3702 3202 3847 3273; x_wconf 75' lang='lat' dir='ltr'><strong><em>pariter</em></strong></span> 
     </span>
    </p>
   </div>
   <div class='ocr_carea' id='block_1_95' title="bbox 2328 3280 3845 3364">
    <p class='ocr_par' dir='ltr' id='par_1_95' title="bbox 2328 3280 3845 3364">
     <span class='ocr_line' id='line_1_98' title="bbox 2328 3280 3845 3364; baseline 0.008 -31"><span class='ocrx_word' id='word_1_744' title='bbox 2328 3280 2551 3351; x_wconf 88' lang='lat' dir='ltr'><strong><em>indignis</em></strong></span> <span class='ocrx_word' id='word_1_745' title='bbox 2579 3293 2844 3353; x_wconf 76' lang='lat' dir='ltr'><strong><em>prmtatur</em></strong></span> <span class='ocrx_word' id='word_1_746' title='bbox 2857 3286 3092 3341; x_wconf 89' lang='lat' dir='ltr'><strong><em>credendi</em></strong></span> <span class='ocrx_word' id='word_1_747' title='bbox 3113 3288 3371 3358; x_wconf 86' lang='lat' dir='ltr'><strong><em>voluntas,</em></strong></span> <span class='ocrx_word' id='word_1_748' title='bbox 3407 3293 3556 3347; x_wconf 85' lang='lat' dir='ltr'><strong><em>etiam</em></strong></span> <span class='ocrx_word' id='word_1_749' title='bbox 3582 3293 3689 3364; x_wconf 87' lang='lat' dir='ltr'><strong><em>ipsis</em></strong></span> <span class='ocrx_word' id='word_1_750' title='bbox 3706 3291 3845 3347; x_wconf 73' lang='lat' dir='ltr'><strong><em>simili-</em></strong></span> 
     </span>
    </p>
   </div>
   <div class='ocr_carea' id='block_1_96' title="bbox 2330 3376 3847 3444">
    <p class='ocr_par' dir='ltr' id='par_1_96' title="bbox 2330 3376 3847 3444">
     <span class='ocr_line' id='line_1_99' title="bbox 2330 3376 3847 3444; baseline 0.007 -22"><span class='ocrx_word' id='word_1_751' title='bbox 2330 3379 2405 3424; x_wconf 89' lang='lat' dir='ltr'><strong><em>ter</em></strong></span> <span class='ocrx_word' id='word_1_752' title='bbox 2430 3381 2770 3441; x_wconf 71' lang='lat' dir='ltr'><strong><em>praestaretur.</em></strong></span> <span class='ocrx_word' id='word_1_753' title='bbox 2796 3376 2857 3430; x_wconf 87' lang='lat' dir='ltr'><strong><em>Si</em></strong></span> <span class='ocrx_word' id='word_1_754' title='bbox 2880 3386 3067 3443; x_wconf 89' lang='lat' dir='ltr'><strong><em>autem,</em></strong></span> <span class='ocrx_word' id='word_1_755' title='bbox 3084 3379 3241 3444; x_wconf 83' lang='lat' dir='ltr'><strong><em>aiunt,</em></strong></span> <span class='ocrx_word' id='word_1_756' title='bbox 3263 3381 3471 3436; x_wconf 80' lang='lat' dir='ltr'><strong><em>dicatur</em></strong></span> <span class='ocrx_word' id='word_1_757' title='bbox 3494 3384 3569 3437; x_wconf 87' lang='lat' dir='ltr'><strong><em>vel</em></strong></span> <span class='ocrx_word' id='word_1_758' title='bbox 3583 3391 3712 3437; x_wconf 77' lang='lat' dir='ltr'><strong><em>tatem</em></strong></span> <span class='ocrx_word' id='word_1_759' title='bbox 3728 3381 3847 3436; x_wconf 73' lang='lat' dir='ltr'><strong><em>omni.</em></strong></span> 
     </span>
    </p>
   </div>
   <div class='ocr_carea' id='block_1_97' title="bbox 2329 3462 3845 3543">
    <p class='ocr_par' dir='ltr' id='par_1_97' title="bbox 2329 3462 3845 3543">
     <span class='ocr_line' id='line_1_100' title="bbox 2329 3462 3845 3543; baseline 0.008 -28"><span class='ocrx_word' id='word_1_760' title='bbox 2329 3462 2421 3517; x_wconf 82' lang='lat' dir='ltr'><strong><em>bus</em></strong></span> <span class='ocrx_word' id='word_1_761' title='bbox 2448 3468 2762 3533; x_wconf 87' lang='lat' dir='ltr'><strong><em>remansisse,</em></strong></span> <span class='ocrx_word' id='word_1_762' title='bbox 2792 3484 2890 3540; x_wconf 88' lang='lat' dir='ltr'><strong><em>qua</em></strong></span> <span class='ocrx_word' id='word_1_763' title='bbox 2910 3469 2987 3523; x_wconf 88' lang='lat' dir='ltr'><strong><em>vel</em></strong></span> <span class='ocrx_word' id='word_1_764' title='bbox 3004 3479 3316 3526; x_wconf 89' lang='lat' dir='ltr'><strong><em>contemnere</em></strong></span> <span class='ocrx_word' id='word_1_765' title='bbox 3337 3475 3460 3543; x_wconf 80' lang='lat' dir='ltr'><strong><em>quis</em></strong></span> <span class='ocrx_word' id='word_1_766' title='bbox 3487 3475 3654 3541; x_wconf 85' lang='lat' dir='ltr'><strong><em>valeat,</em></strong></span> <span class='ocrx_word' id='word_1_767' title='bbox 3679 3474 3741 3529; x_wconf 82' lang='lat' dir='ltr'><strong><em>vel</em></strong></span> <span class='ocrx_word' id='word_1_768' title='bbox 3758 3473 3845 3527; x_wconf 81' lang='lat' dir='ltr'><strong><em>obe-</em></strong></span> 
     </span>
    </p>
   </div>
   <div class='ocr_carea' id='block_1_98' title="bbox 2330 3555 3842 3631">
    <p class='ocr_par' dir='ltr' id='par_1_98' title="bbox 2330 3555 3842 3631">
     <span class='ocr_line' id='line_1_101' title="bbox 2330 3555 3842 3631; baseline 0.011 -24"><span class='ocrx_word' id='word_1_769' title='bbox 2330 3555 2455 3618; x_wconf 88' lang='lat' dir='ltr'><strong><em>dire,</em></strong></span> <span class='ocrx_word' id='word_1_770' title='bbox 2487 3557 2551 3610; x_wconf 91' lang='lat' dir='ltr'><strong><em>de</em></strong></span> <span class='ocrx_word' id='word_1_771' title='bbox 2563 3561 2856 3629; x_wconf 89' lang='lat' dir='ltr'><strong><em>compendio</em></strong></span> <span class='ocrx_word' id='word_1_772' title='bbox 2880 3565 3055 3631; x_wconf 82' lang='lat' dir='ltr'><strong><em>putant</em></strong></span> <span class='ocrx_word' id='word_1_773' title='bbox 3084 3565 3329 3619; x_wconf 90' lang='lat' dir='ltr'><strong><em>rationem</em></strong></span> <span class='ocrx_word' id='word_1_774' title='bbox 3366 3567 3510 3622; x_wconf 88' lang='lat' dir='ltr'><strong><em>reddi</em></strong></span> <span class='ocrx_word' id='word_1_775' title='bbox 3538 3569 3766 3624; x_wconf 83' lang='lat' dir='ltr'><strong><em>electorum</em></strong></span> <span class='ocrx_word' id='word_1_776' title='bbox 3783 3565 3842 3618; x_wconf 70' lang='lat' dir='ltr'><strong><em>vel</em></strong></span> 
     </span>
    </p>
   </div>
   <div class='ocr_carea' id='block_1_99' title="bbox 2328 3648 3843 3731">
    <p class='ocr_par' dir='ltr' id='par_1_99' title="bbox 2328 3648 3843 3731">
     <span class='ocr_line' id='line_1_102' title="bbox 2328 3648 3843 3731; baseline 0.01 -31"><span class='ocrx_word' id='word_1_777' title='bbox 2328 3648 2621 3718; x_wconf 88' lang='lat' dir='ltr'><strong><em>rejectorum</em></strong></span> <span class='ocrx_word' id='word_1_778' title='bbox 2647 3651 2700 3704; x_wconf 92' lang='lat' dir='ltr'><strong><em>in</em></strong></span> <span class='ocrx_word' id='word_1_779' title='bbox 2729 3668 2786 3705; x_wconf 92' lang='lat' dir='ltr'><strong><em>eo</em></strong></span> <span class='ocrx_word' id='word_1_780' title='bbox 2803 3653 2936 3722; x_wconf 86' lang='lat' dir='ltr'><strong><em>quod</em></strong></span> <span class='ocrx_word' id='word_1_781' title='bbox 2959 3654 3220 3727; x_wconf 87' lang='lat' dir='ltr'><strong><em>unicuique</em></strong></span> <span class='ocrx_word' id='word_1_782' title='bbox 3240 3659 3483 3714; x_wconf 84' lang='lat' dir='ltr'><strong><em>meritum</em></strong></span> <span class='ocrx_word' id='word_1_783' title='bbox 3496 3661 3697 3731; x_wconf 68' lang='lat' dir='ltr'><strong><em>propria:</em></strong></span> <span class='ocrx_word' id='word_1_784' title='bbox 3710 3658 3843 3714; x_wconf 72' lang='lat' dir='ltr'><strong><em>volun-</em></strong></span> 
     </span>
    </p>
   </div>
   <div class='ocr_carea' id='block_1_100' title="bbox 2329 3738 2773 3811">
    <p class='ocr_par' dir='ltr' id='par_1_100' title="bbox 2329 3738 2773 3811">
     <span class='ocr_line' id='line_1_103' title="bbox 2329 3738 2773 3811; baseline 0.016 -21"><span class='ocrx_word' id='word_1_785' title='bbox 2329 3738 2444 3793; x_wconf 85' lang='lat' dir='ltr'><strong><em>tatis</em></strong></span> <span class='ocrx_word' id='word_1_786' title='bbox 2462 3741 2773 3811; x_wconf 88' lang='lat' dir='ltr'><strong><em>adjungitur.</em></strong></span> 
     </span>
    </p>
   </div>
   <div class='ocr_carea' id='block_1_101' title="bbox 2397 3830 3844 3913">
    <p class='ocr_par' dir='ltr' id='par_1_101' title="bbox 2397 3830 3844 3913">
     <span class='ocr_line' id='line_1_104' title="bbox 2397 3830 3844 3913; baseline 0.01 -27"><span class='ocrx_word' id='word_1_787' title='bbox 2397 3831 2450 3886; x_wconf 78' lang='lat'><strong><em>3.</em></strong></span> <span class='ocrx_word' id='word_1_788' title='bbox 2490 3830 2616 3887; x_wconf 88' lang='lat' dir='ltr'><strong><em>Cum</em></strong></span> <span class='ocrx_word' id='word_1_789' title='bbox 2644 3844 2811 3889; x_wconf 90' lang='lat' dir='ltr'><strong><em>autem</em></strong></span> <span class='ocrx_word' id='word_1_790' title='bbox 2833 3836 3014 3891; x_wconf 88' lang='lat' dir='ltr'><strong><em>dicitur</em></strong></span> <span class='ocrx_word' id='word_1_791' title='bbox 3041 3839 3111 3894; x_wconf 91' lang='lat' dir='ltr'><strong><em>eis</em></strong></span> <span class='ocrx_word' id='word_1_792' title='bbox 3134 3855 3286 3911; x_wconf 86' lang='lat' dir='ltr'><strong><em>quare</em></strong></span> <span class='ocrx_word' id='word_1_793' title='bbox 3311 3842 3440 3898; x_wconf 87' lang='lat' dir='ltr'><strong><em>aliis</em></strong></span> <span class='ocrx_word' id='word_1_794' title='bbox 3467 3844 3543 3898; x_wconf 88' lang='lat' dir='ltr'><strong><em>vel</em></strong></span> <span class='ocrx_word' id='word_1_795' title='bbox 3565 3842 3727 3898; x_wconf 80' lang='lat' dir='ltr'><strong><em>alicubi</em></strong></span> <span class='ocrx_word' id='word_1_796' title='bbox 3742 3857 3844 3913; x_wconf 73' lang='lat' dir='ltr'><strong><em>pm-</em></strong></span> 
     </span>
    </p>
   </div>
   <div class='ocr_carea' id='block_1_102' title="bbox 2327 3922 3845 4008">
    <p class='ocr_par' dir='ltr' id='par_1_102' title="bbox 2327 3922 3845 4008">
     <span class='ocr_line' id='line_1_105' title="bbox 2327 3922 3845 4008; baseline 0.011 -33"><span class='ocrx_word' id='word_1_797' title='bbox 2327 3922 2519 3977; x_wconf 89' lang='lat' dir='ltr'><strong><em>dicetur</em></strong></span> <span class='ocrx_word' id='word_1_798' title='bbox 2536 3966 2549 3988; x_wconf 90' lang='lat'><strong><em>,</em></strong></span> <span class='ocrx_word' id='word_1_799' title='bbox 2576 3926 2652 3980; x_wconf 90' lang='lat' dir='ltr'><strong><em>vel</em></strong></span> <span class='ocrx_word' id='word_1_800' title='bbox 2692 3944 2793 3982; x_wconf 92' lang='lat' dir='ltr'><strong><em>non</em></strong></span> <span class='ocrx_word' id='word_1_801' title='bbox 2822 3930 3153 4000; x_wconf 66' lang='lat' dir='ltr'><strong><em>pradicetur,</em></strong></span> <span class='ocrx_word' id='word_1_802' title='bbox 3183 3932 3260 3987; x_wconf 90' lang='lat' dir='ltr'><strong><em>vel</em></strong></span> <span class='ocrx_word' id='word_1_803' title='bbox 3283 3951 3428 3990; x_wconf 77' lang='lat' dir='ltr'><strong><em>nunc</em></strong></span> <span class='ocrx_word' id='word_1_804' title='bbox 3450 3937 3721 4008; x_wconf 73' lang='lat' dir='ltr'><strong><em>prmdicetur</em></strong></span> <span class='ocrx_word' id='word_1_805' title='bbox 3741 3933 3845 4003; x_wconf 68' lang='lat' dir='ltr'><strong><em>quod</em></strong></span> 
     </span>
    </p>
   </div>
   <div class='ocr_carea' id='block_1_103' title="bbox 2325 4014 3845 4099">
    <p class='ocr_par' dir='ltr' id='par_1_103' title="bbox 2325 4014 3845 4099">
     <span class='ocr_line' id='line_1_106' title="bbox 2325 4014 3845 4099; baseline 0.007 -33"><span class='ocrx_word' id='word_1_806' title='bbox 2325 4014 2596 4084; x_wconf 88' lang='lat' dir='ltr'><strong><em>aliquando</em></strong></span> <span class='ocrx_word' id='word_1_807' title='bbox 2624 4034 2748 4089; x_wconf 90' lang='lat' dir='ltr'><strong><em>pene</em></strong></span> <span class='ocrx_word' id='word_1_808' title='bbox 2773 4021 3030 4086; x_wconf 88' lang='lat' dir='ltr'><strong><em>omnibus,</em></strong></span> <span class='ocrx_word' id='word_1_809' title='bbox 3062 4023 3192 4077; x_wconf 88' lang='lat' dir='ltr'><strong><em>sicut</em></strong></span> <span class='ocrx_word' id='word_1_810' title='bbox 3224 4040 3365 4079; x_wconf 87' lang='lat' dir='ltr'><strong><em>nunc</em></strong></span> <span class='ocrx_word' id='word_1_811' title='bbox 3391 4028 3631 4099; x_wconf 82' lang='lat' dir='ltr'><strong><em>aliquibus</em></strong></span> <span class='ocrx_word' id='word_1_812' title='bbox 3663 4024 3845 4099; x_wconf 65' lang='lat' dir='ltr'><strong><em>gemitus</em></strong></span> 
     </span>
    </p>
   </div>
   <div class='ocr_carea' id='block_1_104' title="bbox 2325 4108 3838 4186">
    <p class='ocr_par' dir='ltr' id='par_1_104' title="bbox 2325 4108 3838 4186">
     <span class='ocr_line' id='line_1_107' title="bbox 2325 4108 3838 4186; baseline 0.015 -29"><span class='ocrx_word' id='word_1_813' title='bbox 2325 4120 2425 4158; x_wconf 89' lang='lat' dir='ltr'><strong><em>non</em></strong></span> <span class='ocrx_word' id='word_1_814' title='bbox 2453 4108 2777 4177; x_wconf 74' lang='lat' dir='ltr'><strong><em>prtedicatum</em></strong></span> <span class='ocrx_word' id='word_1_815' title='bbox 2800 4111 2894 4177; x_wconf 89' lang='lat' dir='ltr'><strong><em>sit;</em></strong></span> <span class='ocrx_word' id='word_1_816' title='bbox 2924 4112 3095 4167; x_wconf 85' lang='lat' dir='ltr'><strong><em>dicunt</em></strong></span> <span class='ocrx_word' id='word_1_817' title='bbox 3123 4114 3176 4167; x_wconf 89' lang='lat' dir='ltr'><strong><em>id</em></strong></span> <span class='ocrx_word' id='word_1_818' title='bbox 3204 4119 3534 4186; x_wconf 61' lang='lat' dir='ltr'><strong><em>praescientite</em></strong></span> <span class='ocrx_word' id='word_1_819' title='bbox 3564 4135 3660 4175; x_wconf 87' lang='lat' dir='ltr'><strong><em>esse</em></strong></span> <span class='ocrx_word' id='word_1_820' title='bbox 3679 4118 3838 4179; x_wconf 63' lang='lat' dir='ltr'><strong><em>ditium</em></strong></span> 
     </span>
    </p>
   </div>
   <div class='ocr_carea' id='block_1_105' title="bbox 2323 4202 3842 4275">
    <p class='ocr_par' dir='ltr' id='par_1_105' title="bbox 2323 4202 3842 4275">
     <span class='ocr_line' id='line_1_108' title="bbox 2323 4202 3842 4275; baseline 0.007 -26"><span class='ocrx_word' id='word_1_821' title='bbox 2323 4205 2380 4249; x_wconf 83' lang='lat' dir='ltr'><strong><em>ut</em></strong></span> <span class='ocrx_word' id='word_1_822' title='bbox 2402 4213 2461 4251; x_wconf 92' lang='lat' dir='ltr'><strong><em>eo</em></strong></span> <span class='ocrx_word' id='word_1_823' title='bbox 2485 4208 2723 4269; x_wconf 88' lang='lat' dir='ltr'><strong><em>tempore,</em></strong></span> <span class='ocrx_word' id='word_1_824' title='bbox 2752 4211 2798 4255; x_wconf 89' lang='lat' dir='ltr'><strong><em>et</em></strong></span> <span class='ocrx_word' id='word_1_825' title='bbox 2822 4202 2889 4256; x_wconf 86' lang='lat' dir='ltr'><strong><em>ibi</em></strong></span> <span class='ocrx_word' id='word_1_826' title='bbox 2906 4244 2921 4269; x_wconf 93' lang='lat'><strong><em>,</em></strong></span> <span class='ocrx_word' id='word_1_827' title='bbox 2949 4214 2996 4258; x_wconf 90' lang='lat' dir='ltr'><strong><em>et</em></strong></span> <span class='ocrx_word' id='word_1_828' title='bbox 3029 4205 3130 4259; x_wconf 90' lang='lat' dir='ltr'><strong><em>illis</em></strong></span> <span class='ocrx_word' id='word_1_829' title='bbox 3155 4207 3341 4263; x_wconf 86' lang='lat' dir='ltr'><strong><em>veritas</em></strong></span> <span class='ocrx_word' id='word_1_830' title='bbox 3382 4203 3763 4275; x_wconf 85' lang='lat' dir='ltr'><strong><em>annuntiaretur,</em></strong></span> <span class='ocrx_word' id='word_1_831' title='bbox 3781 4205 3842 4260; x_wconf 77' lang='lat' dir='ltr'><strong><em>vel</em></strong></span> 
     </span>
    </p>
   </div>
   <div class='ocr_carea' id='block_1_106' title="bbox 2322 4292 3836 4370">
    <p class='ocr_par' dir='ltr' id='par_1_106' title="bbox 2322 4292 3836 4370">
     <span class='ocr_line' id='line_1_109' title="bbox 2322 4292 3836 4370; baseline 0.008 -28"><span class='ocrx_word' id='word_1_832' title='bbox 2322 4292 2662 4360; x_wconf 87' lang='lat' dir='ltr'><strong><em>annuntietur,</em></strong></span> <span class='ocrx_word' id='word_1_833' title='bbox 2680 4297 2879 4364; x_wconf 90' lang='lat' dir='ltr'><strong><em>quando</em></strong></span> <span class='ocrx_word' id='word_1_834' title='bbox 2897 4306 2944 4351; x_wconf 92' lang='lat' dir='ltr'><strong><em>et</em></strong></span> <span class='ocrx_word' id='word_1_835' title='bbox 2964 4297 3048 4352; x_wconf 89' lang='lat' dir='ltr'><strong><em>ubi</em></strong></span> <span class='ocrx_word' id='word_1_836' title='bbox 3072 4303 3478 4370; x_wconf 74' lang='lat' dir='ltr'><strong><em>praenoscebatur</em></strong></span> <span class='ocrx_word' id='word_1_837' title='bbox 3500 4321 3601 4360; x_wconf 90' lang='lat' dir='ltr'><strong><em>esse</em></strong></span> <span class='ocrx_word' id='word_1_838' title='bbox 3618 4301 3836 4358; x_wconf 63' lang='lat' dir='ltr'><strong><em>credatis.</em></strong></span> 
     </span>
    </p>
   </div>
   <div class='ocr_carea' id='block_1_107' title="bbox 2322 4380 3839 4460">
    <p class='ocr_par' dir='ltr' id='par_1_107' title="bbox 2322 4380 3839 4460">
     <span class='ocr_line' id='line_1_110' title="bbox 2322 4380 3839 4460; baseline 0.013 -25"><span class='ocrx_word' id='word_1_839' title='bbox 2322 4380 2391 4436; x_wconf 84' lang='lat' dir='ltr'><strong><em>Et</em></strong></span> <span class='ocrx_word' id='word_1_840' title='bbox 2415 4383 2508 4438; x_wconf 84' lang='lat' dir='ltr'><strong><em>hoc</em></strong></span> <span class='ocrx_word' id='word_1_841' title='bbox 2532 4402 2631 4440; x_wconf 92' lang='lat' dir='ltr'><strong><em>non</em></strong></span> <span class='ocrx_word' id='word_1_842' title='bbox 2655 4388 2819 4442; x_wconf 90' lang='lat' dir='ltr'><strong><em>solum</em></strong></span> <span class='ocrx_word' id='word_1_843' title='bbox 2843 4390 3055 4445; x_wconf 89' lang='lat' dir='ltr'><strong><em>aliorum</em></strong></span> <span class='ocrx_word' id='word_1_844' title='bbox 3081 4393 3445 4450; x_wconf 87' lang='lat' dir='ltr'><strong><em>catholicorum</em></strong></span> <span class='ocrx_word' id='word_1_845' title='bbox 3469 4395 3749 4460; x_wconf 82' lang='lat' dir='ltr'><strong><em>testimoniis,</em></strong></span> <span class='ocrx_word' id='word_1_846' title='bbox 3771 4391 3839 4447; x_wconf 70' lang='grc' dir='ltr'><strong><em>δαί</em></strong></span> 
     </span>
    </p>
   </div>
   <div class='ocr_carea' id='block_1_108' title="bbox 2322 4473 3839 4557">
    <p class='ocr_par' dir='ltr' id='par_1_108' title="bbox 2322 4473 3839 4557">
     <span class='ocr_line' id='line_1_111' title="bbox 2322 4473 3839 4557; baseline 0.013 -31"><span class='ocrx_word' id='word_1_847' title='bbox 2322 4473 2471 4527; x_wconf 89' lang='lat' dir='ltr'><strong><em>etiam</em></strong></span> <span class='ocrx_word' id='word_1_848' title='bbox 2497 4473 2791 4532; x_wconf 88' lang='lat' dir='ltr'><strong><em>Sanctitatis</em></strong></span> <span class='ocrx_word' id='word_1_849' title='bbox 2818 4488 2915 4534; x_wconf 71' lang='lat' dir='ltr'><strong><em>tute</em></strong></span> <span class='ocrx_word' id='word_1_850' title='bbox 2940 4480 3277 4553; x_wconf 86' lang='lat' dir='ltr'><strong><em>disputatione</em></strong></span> <span class='ocrx_word' id='word_1_851' title='bbox 3302 4487 3584 4557; x_wconf 85' lang='lat' dir='ltr'><strong><em>antiquiore</em></strong></span> <span class='ocrx_word' id='word_1_852' title='bbox 3603 4503 3651 4543; x_wconf 86' lang='lat' dir='ltr'><strong><em>se</em></strong></span> <span class='ocrx_word' id='word_1_853' title='bbox 3670 4483 3839 4557; x_wconf 68' lang='grc' dir='ltr'><strong><em>ρνοῡανε</em></strong></span> 
     </span>
    </p>
   </div>
   <div class='ocr_carea' id='block_1_109' title="bbox 2320 4570 3839 4647">
    <p class='ocr_par' dir='ltr' id='par_1_109' title="bbox 2320 4570 3839 4647">
     <span class='ocr_line' id='line_1_112' title="bbox 2320 4570 3839 4647; baseline 0.009 -29"><span class='ocrx_word' id='word_1_854' title='bbox 2320 4573 2600 4634; x_wconf 86' lang='lat' dir='ltr'><strong><em>testantur;</em></strong></span> <span class='ocrx_word' id='word_1_855' title='bbox 2625 4570 2708 4623; x_wconf 91' lang='lat' dir='ltr'><strong><em>ubi</em></strong></span> <span class='ocrx_word' id='word_1_856' title='bbox 2731 4581 2895 4628; x_wconf 90' lang='lat' dir='ltr'><strong><em>tamen</em></strong></span> <span class='ocrx_word' id='word_1_857' title='bbox 2931 4575 3155 4630; x_wconf 88' lang='lat' dir='ltr'><strong><em>eamdem</em></strong></span> <span class='ocrx_word' id='word_1_858' title='bbox 3178 4578 3397 4647; x_wconf 88' lang='lat' dir='ltr'><strong><em>gratiam</em></strong></span> <span class='ocrx_word' id='word_1_859' title='bbox 3426 4596 3525 4635; x_wconf 86' lang='lat' dir='ltr'><strong><em>non</em></strong></span> <span class='ocrx_word' id='word_1_860' title='bbox 3549 4581 3719 4635; x_wconf 87' lang='lat' dir='ltr'><strong><em>minore</em></strong></span> <span class='ocrx_word' id='word_1_861' title='bbox 3735 4575 3839 4631; x_wconf 86' lang='lat' dir='ltr'><strong><em>veri-</em></strong></span> 
     </span>
    </p>
   </div>
   <div class='ocr_carea' id='block_1_110' title="bbox 2318 4660 3835 4744">
    <p class='ocr_par' dir='ltr' id='par_1_110' title="bbox 2318 4660 3835 4744">
     <span class='ocr_line' id='line_1_113' title="bbox 2318 4660 3835 4744; baseline 0.009 -30"><span class='ocrx_word' id='word_1_862' title='bbox 2318 4660 2432 4714; x_wconf 87' lang='lat' dir='ltr'><strong><em>tatis</em></strong></span> <span class='ocrx_word' id='word_1_863' title='bbox 2457 4662 2806 4731; x_wconf 85' lang='lat' dir='ltr'><strong><em>perspicuitate</em></strong></span> <span class='ocrx_word' id='word_1_864' title='bbox 2826 4664 3052 4721; x_wconf 89' lang='lat' dir='ltr'><strong><em>docueris</em></strong></span> <span class='ocrx_word' id='word_1_865' title='bbox 3074 4682 3093 4720; x_wconf 89' lang='lat'><strong><em>:</em></strong></span> <span class='ocrx_word' id='word_1_866' title='bbox 3116 4677 3171 4721; x_wconf 90' lang='lat' dir='ltr'><strong><em>ut</em></strong></span> <span class='ocrx_word' id='word_1_867' title='bbox 3190 4680 3261 4724; x_wconf 88' lang='lat' dir='ltr'><strong><em>est</em></strong></span> <span class='ocrx_word' id='word_1_868' title='bbox 3284 4670 3417 4726; x_wconf 88' lang='lat' dir='ltr'><strong><em>illud</em></strong></span> <span class='ocrx_word' id='word_1_869' title='bbox 3436 4671 3567 4744; x_wconf 90' lang='lat' dir='ltr'><strong><em>quod</em></strong></span> <span class='ocrx_word' id='word_1_870' title='bbox 3594 4671 3707 4727; x_wconf 65' lang='lat' dir='ltr'><strong><em>dita&#39;t</em></strong></span> <span class='ocrx_word' id='word_1_871' title='bbox 3726 4668 3835 4726; x_wconf 73' lang='grc' dir='ltr'><strong><em>επη-</em></strong></span> 
     </span>
    </p>
   </div>
   <div class='ocr_carea' id='block_1_111' title="bbox 2317 4753 3838 4835">
    <p class='ocr_par' dir='ltr' id='par_1_111' title="bbox 2317 4753 3838 4835">
     <span class='ocr_line' id='line_1_114' title="bbox 2317 4753 3838 4835; baseline 0.01 -29"><span class='ocrx_word' id='word_1_872' title='bbox 2317 4753 2462 4807; x_wconf 91' lang='lat' dir='ltr'><strong><em>ctitas</em></strong></span> <span class='ocrx_word' id='word_1_873' title='bbox 2490 4762 2577 4808; x_wconf 86' lang='lat' dir='ltr'><strong><em>tua</em></strong></span> <span class='ocrx_word' id='word_1_874' title='bbox 2604 4755 2657 4809; x_wconf 92' lang='lat' dir='ltr'><strong><em>in</em></strong></span> <span class='ocrx_word' id='word_1_875' title='bbox 2684 4758 2956 4825; x_wconf 66' lang='lat' dir='ltr'><strong><em>quaestione</em></strong></span> <span class='ocrx_word' id='word_1_876' title='bbox 2982 4769 3153 4814; x_wconf 90' lang='lat' dir='ltr'><strong><em>contra</em></strong></span> <span class='ocrx_word' id='word_1_877' title='bbox 3185 4760 3555 4835; x_wconf 84' lang='lat' dir='ltr'><strong><em>Porphyrium,</em></strong></span> <span class='ocrx_word' id='word_1_878' title='bbox 3580 4765 3639 4819; x_wconf 89' lang='lat' dir='ltr'><strong><em>de</em></strong></span> <span class='ocrx_word' id='word_1_879' title='bbox 3661 4773 3838 4832; x_wconf 68' lang='lat' dir='ltr'><strong><em>temth</em></strong></span> 
     </span>
    </p>
   </div>
   <div class='ocr_carea' id='block_1_112' title="bbox 2317 4842 3839 4924">
    <p class='ocr_par' dir='ltr' id='par_1_112' title="bbox 2317 4842 3839 4924">
     <span class='ocr_line' id='line_1_115' title="bbox 2317 4842 3839 4924; baseline 0.005 -27"><span class='ocrx_word' id='word_1_880' title='bbox 2317 4842 2604 4899; x_wconf 66' lang='lat' dir='ltr'><strong><em>christiana:</em></strong></span> <span class='ocrx_word' id='word_1_881' title='bbox 2620 4846 2891 4917; x_wconf 88' lang='lat' dir='ltr'><strong><em>religionis,</em></strong></span> <span class='ocrx_word' id='word_1_882' title='bbox 2917 4867 2935 4899; x_wconf 85' lang='grc'><em>‹</em></span> <span class='ocrx_word' id='word_1_883' title='bbox 2961 4848 3101 4904; x_wconf 85' lang='lat' dir='ltr'><strong><em>Tunc</em></strong></span> <span class='ocrx_word' id='word_1_884' title='bbox 3119 4851 3329 4907; x_wconf 89' lang='lat' dir='ltr'><strong><em>voluisse</em></strong></span> <span class='ocrx_word' id='word_1_885' title='bbox 3346 4854 3624 4909; x_wconf 84' lang='lat' dir='ltr'><strong><em>hominibus</em></strong></span> <span class='ocrx_word' id='word_1_886' title='bbox 3638 4864 3839 4924; x_wconf 69' lang='lat' dir='ltr'><strong><em>apparere</em></strong></span> 
     </span>
    </p>
   </div>
   <div class='ocr_carea' id='block_1_113' title="bbox 2315 4934 3839 5014">
    <p class='ocr_par' dir='ltr' id='par_1_113' title="bbox 2315 4934 3839 5014">
     <span class='ocr_line' id='line_1_116' title="bbox 2315 4934 3839 5014; baseline 0.011 -26"><span class='ocrx_word' id='word_1_887' title='bbox 2315 4934 2587 5003; x_wconf 89' lang='lat' dir='ltr'><strong><em>Christum,</em></strong></span> <span class='ocrx_word' id='word_1_888' title='bbox 2610 4947 2656 4990; x_wconf 89' lang='lat' dir='ltr'><strong><em>et</em></strong></span> <span class='ocrx_word' id='word_1_889' title='bbox 2678 4939 2816 5009; x_wconf 85' lang='lat' dir='ltr'><strong><em>apud</em></strong></span> <span class='ocrx_word' id='word_1_890' title='bbox 2828 4956 2913 4995; x_wconf 91' lang='lat' dir='ltr'><strong><em>eos</em></strong></span> <span class='ocrx_word' id='word_1_891' title='bbox 2931 4942 3192 5011; x_wconf 77' lang='lat' dir='ltr'><strong><em>preedicari</em></strong></span> <span class='ocrx_word' id='word_1_892' title='bbox 3211 4943 3491 5000; x_wconf 86' lang='lat' dir='ltr'><strong><em>doctrinam</em></strong></span> <span class='ocrx_word' id='word_1_893' title='bbox 3507 4961 3663 5009; x_wconf 83' lang='lat' dir='ltr'><strong><em>suam,</em></strong></span> <span class='ocrx_word' id='word_1_894' title='bbox 3676 4939 3839 5014; x_wconf 70' lang='grc' dir='ltr'><strong><em>σασηάο</em></strong></span> 
     </span>
    </p>
   </div>
   <div class='ocr_carea' id='block_1_114' title="bbox 2313 5028 3831 5108">
    <p class='ocr_par' dir='ltr' id='par_1_114' title="bbox 2313 5028 3831 5108">
     <span class='ocr_line' id='line_1_117' title="bbox 2313 5028 3831 5108; baseline 0.003 -26"><span class='ocrx_word' id='word_1_895' title='bbox 2313 5028 2496 5082; x_wconf 86' lang='lat' dir='ltr'><strong><em>sciebat</em></strong></span> <span class='ocrx_word' id='word_1_896' title='bbox 2515 5037 2564 5083; x_wconf 91' lang='lat' dir='ltr'><strong><em>et</em></strong></span> <span class='ocrx_word' id='word_1_897' title='bbox 2594 5031 2678 5083; x_wconf 90' lang='lat' dir='ltr'><strong><em>ubi</em></strong></span> <span class='ocrx_word' id='word_1_898' title='bbox 2703 5030 2886 5086; x_wconf 84' lang='lat' dir='ltr'><strong><em>sciebat</em></strong></span> <span class='ocrx_word' id='word_1_899' title='bbox 2914 5048 3019 5087; x_wconf 88' lang='lat' dir='ltr'><strong><em>esse</em></strong></span> <span class='ocrx_word' id='word_1_900' title='bbox 3043 5034 3129 5105; x_wconf 89' lang='lat' dir='ltr'><strong><em>qui</em></strong></span> <span class='ocrx_word' id='word_1_901' title='bbox 3158 5034 3212 5089; x_wconf 88' lang='lat' dir='ltr'><strong><em>in</em></strong></span> <span class='ocrx_word' id='word_1_902' title='bbox 3235 5052 3345 5090; x_wconf 89' lang='lat' dir='ltr'><strong><em>eum</em></strong></span> <span class='ocrx_word' id='word_1_903' title='bbox 3366 5041 3567 5108; x_wconf 86' lang='lat' dir='ltr'><strong><em>fuerant</em></strong></span> <span class='ocrx_word' id='word_1_904' title='bbox 3591 5032 3831 5091; x_wconf 64' lang='lat' dir='ltr'><strong><em>credituri:</em></strong></span> 
     </span>
    </p>
   </div>
   <div class='ocr_carea' id='block_1_115' title="bbox 2315 5117 3837 5198">
    <p class='ocr_par' dir='ltr' id='par_1_115' title="bbox 2315 5117 3837 5198">
     <span class='ocr_line' id='line_1_118' title="bbox 2315 5117 3837 5198; baseline -0.001 -24"><span class='ocrx_word' id='word_1_905' title='bbox 2315 5117 2520 5190; x_wconf 81' lang='lat' dir='ltr'><strong><em>(Epist.</em></strong></span> <span class='ocrx_word' id='word_1_906' title='bbox 2549 5119 2682 5187; x_wconf 71' lang='grc'><strong><em>102,</em></strong></span> <span class='ocrx_word' id='word_1_907' title='bbox 2718 5133 2891 5193; x_wconf 74' lang='lat' dir='ltr'><strong><em>quiest.</em></strong></span> <span class='ocrx_word' id='word_1_908' title='bbox 2926 5124 2980 5187; x_wconf 72' lang='lat'><strong><em>2,</em></strong></span> <span class='ocrx_word' id='word_1_909' title='bbox 3006 5142 3061 5179; x_wconf 81' lang='grc' dir='ltr'><strong><em>η.</em></strong></span> <span class='ocrx_word' id='word_1_910' title='bbox 3087 5122 3193 5198; x_wconf 75' lang='grc'><strong><em>14)</em></strong></span> <span class='ocrx_word' id='word_1_911' title='bbox 3226 5143 3240 5179; x_wconf 90' lang='lat'><strong>:</strong></span> <span class='ocrx_word' id='word_1_912' title='bbox 3269 5128 3344 5180; x_wconf 89' lang='lat' dir='ltr'><strong><em>vel</em></strong></span> <span class='ocrx_word' id='word_1_913' title='bbox 3389 5127 3521 5181; x_wconf 81' lang='lat' dir='ltr'><strong><em>illud</em></strong></span> <span class='ocrx_word' id='word_1_914' title='bbox 3557 5127 3617 5181; x_wconf 87' lang='lat' dir='ltr'><strong><em>de</em></strong></span> <span class='ocrx_word' id='word_1_915' title='bbox 3658 5125 3765 5180; x_wconf 86' lang='lat' dir='ltr'><strong><em>libro</em></strong></span> <span class='ocrx_word' id='word_1_916' title='bbox 3795 5118 3837 5173; x_wconf 76' lang='lat' dir='ltr'><strong><em>in</em></strong></span> 
     </span>
    </p>
   </div>
   <div class='ocr_carea' id='block_1_116' title="bbox 2317 5206 3834 5286">
    <p class='ocr_par' dir='ltr' id='par_1_116' title="bbox 2317 5206 3834 5286">
     <span class='ocr_line' id='line_1_119' title="bbox 2317 5206 3834 5286; baseline 0.003 -25"><span class='ocrx_word' id='word_1_917' title='bbox 2317 5206 2597 5279; x_wconf 82' lang='lat' dir='ltr'><strong><em>Epistolam</em></strong></span> <span class='ocrx_word' id='word_1_918' title='bbox 2615 5211 2683 5263; x_wconf 88' lang='lat' dir='ltr'><strong><em>ad</em></strong></span> <span class='ocrx_word' id='word_1_919' title='bbox 2708 5210 2959 5267; x_wconf 82' lang='lat' dir='ltr'><strong><em>Romanos</em></strong></span> <span class='ocrx_word' id='word_1_920' title='bbox 2976 5255 2989 5277; x_wconf 89' lang='lat'><strong><em>,</em></strong></span> <span class='ocrx_word' id='word_1_921' title='bbox 3026 5233 3044 5265; x_wconf 76' lang='grc' dir='ltr'>ι</span> <span class='ocrx_word' id='word_1_922' title='bbox 3066 5212 3207 5267; x_wconf 89' lang='lat' dir='ltr'><strong><em>Dicis</em></strong></span> <span class='ocrx_word' id='word_1_923' title='bbox 3226 5215 3391 5286; x_wconf 87' lang='lat' dir='ltr'><strong><em>itaque</em></strong></span> <span class='ocrx_word' id='word_1_924' title='bbox 3412 5216 3555 5281; x_wconf 84' lang='lat' dir='ltr'><strong><em>mihi,</em></strong></span> <span class='ocrx_word' id='word_1_925' title='bbox 3565 5213 3679 5286; x_wconf 87' lang='lat' dir='ltr'><strong><em>quid</em></strong></span> <span class='ocrx_word' id='word_1_926' title='bbox 3698 5210 3834 5265; x_wconf 71' lang='lat' dir='ltr'><strong><em>adhuc</em></strong></span> 
     </span>
    </p>
   </div>
   <div class='ocr_carea' id='block_1_117' title="bbox 2311 5300 3831 5377">
    <p class='ocr_par' dir='ltr' id='par_1_117' title="bbox 2311 5300 3831 5377">
     <span class='ocr_line' id='line_1_120' title="bbox 2311 5300 3831 5377; baseline 0.01 -25"><span class='ocrx_word' id='word_1_927' title='bbox 2311 5300 2663 5370; x_wconf 80' lang='lat' dir='ltr'><strong><em>conqueritur?</em></strong></span> <span class='ocrx_word' id='word_1_928' title='bbox 2686 5318 2801 5355; x_wconf 90' lang='lat' dir='ltr'><strong><em>nam</em></strong></span> <span class='ocrx_word' id='word_1_929' title='bbox 2821 5304 3058 5359; x_wconf 88' lang='lat' dir='ltr'><strong><em>voluntati</em></strong></span> <span class='ocrx_word' id='word_1_930' title='bbox 3083 5306 3191 5375; x_wconf 88' lang='lat' dir='ltr'><strong><em>ejus</em></strong></span> <span class='ocrx_word' id='word_1_931' title='bbox 3218 5307 3326 5377; x_wconf 87' lang='lat' dir='ltr'><strong><em>quis</em></strong></span> <span class='ocrx_word' id='word_1_932' title='bbox 3341 5308 3527 5362; x_wconf 89' lang='lat' dir='ltr'><strong><em>resistit</em></strong></span> <span class='ocrx_word' id='word_1_933' title='bbox 3547 5324 3566 5360; x_wconf 74' lang='grc' dir='ltr'><strong><em>ι</em></strong></span> <span class='ocrx_word' id='word_1_934' title='bbox 3594 5305 3747 5377; x_wconf 76' lang='lat' dir='ltr'><strong><em>(Rom.</em></strong></span> <span class='ocrx_word' id='word_1_935' title='bbox 3766 5314 3831 5367; x_wconf 69' lang='grc' dir='ltr'><strong><em>ιιι</em></strong></span> 
     </span>
    </p>
   </div>
   <div class='ocr_carea' id='block_1_118' title="bbox 2311 5388 3833 5468">
    <p class='ocr_par' dir='ltr' id='par_1_118' title="bbox 2311 5388 3833 5468">
     <span class='ocr_line' id='line_1_121' title="bbox 2311 5388 3833 5468; baseline -0.001 -22"><span class='ocrx_word' id='word_1_936' title='bbox 2311 5388 2437 5460; x_wconf 76' lang='lat' dir='ltr'><strong><em>i9)?</em></strong></span> <span class='ocrx_word' id='word_1_937' title='bbox 2460 5408 2480 5441; x_wconf 84' lang='grc'><strong><em>‹</em></strong></span> <span class='ocrx_word' id='word_1_938' title='bbox 2506 5391 2597 5445; x_wconf 88' lang='lat' dir='ltr'><strong><em>Cui</em></strong></span> <span class='ocrx_word' id='word_1_939' title='bbox 2619 5408 2739 5447; x_wconf 90' lang='lat' dir='ltr'><strong><em>sane</em></strong></span> <span class='ocrx_word' id='word_1_940' title='bbox 2761 5393 3085 5464; x_wconf 88' lang='lat' dir='ltr'><strong><em>inquisitioni,</em></strong></span> <span class='ocrx_word' id='word_1_941' title='bbox 3110 5397 3293 5466; x_wconf 84' lang='lat' dir='ltr'><strong><em>inquis,</em></strong></span> <span class='ocrx_word' id='word_1_942' title='bbox 3314 5397 3385 5451; x_wconf 89' lang='lat' dir='ltr'><strong><em>sic</em></strong></span> <span class='ocrx_word' id='word_1_943' title='bbox 3406 5396 3678 5468; x_wconf 88' lang='lat' dir='ltr'><strong><em>respondet,</em></strong></span> <span class='ocrx_word' id='word_1_944' title='bbox 3696 5400 3741 5446; x_wconf 81' lang='lat' dir='ltr'><strong><em>ut</em></strong></span> <span class='ocrx_word' id='word_1_945' title='bbox 3764 5391 3833 5444; x_wconf 83' lang='lat' dir='ltr'><strong><em>in-</em></strong></span> 
     </span>
    </p>
   </div>
   <div class='ocr_carea' id='block_1_119' title="bbox 2308 5480 3831 5553">
    <p class='ocr_par' dir='ltr' id='par_1_119' title="bbox 2308 5480 3831 5553">
     <span class='ocr_line' id='line_1_122' title="bbox 2308 5480 3831 5553; baseline 0.001 -19"><span class='ocrx_word' id='word_1_946' title='bbox 2308 5480 2589 5551; x_wconf 90' lang='lat' dir='ltr'><strong><em>telligamus</em></strong></span> <span class='ocrx_word' id='word_1_947' title='bbox 2614 5483 2955 5553; x_wconf 87' lang='lat' dir='ltr'><strong><em>spiritualibus</em></strong></span> <span class='ocrx_word' id='word_1_948' title='bbox 2981 5486 3119 5553; x_wconf 88' lang='lat' dir='ltr'><strong><em>viris,</em></strong></span> <span class='ocrx_word' id='word_1_949' title='bbox 3142 5487 3288 5541; x_wconf 88' lang='lat' dir='ltr'><strong><em>etiam</em></strong></span> <span class='ocrx_word' id='word_1_950' title='bbox 3310 5503 3409 5541; x_wconf 89' lang='lat' dir='ltr'><strong><em>non</em></strong></span> <span class='ocrx_word' id='word_1_951' title='bbox 3426 5485 3687 5542; x_wconf 79' lang='lat' dir='ltr'><strong><em>secundum</em></strong></span> <span class='ocrx_word' id='word_1_952' title='bbox 3706 5491 3831 5536; x_wconf 43' lang='lat' dir='ltr'><strong><em>terres</em></strong></span> 
     </span>
    </p>
   </div>
   <div class='ocr_carea' id='block_1_120' title="bbox 2305 5567 3834 5649">
    <p class='ocr_par' dir='ltr' id='par_1_120' title="bbox 2305 5567 3834 5649">
     <span class='ocr_line' id='line_1_123' title="bbox 2305 5567 3834 5649; baseline 0.001 -24"><span class='ocrx_word' id='word_1_953' title='bbox 2305 5588 2427 5625; x_wconf 89' lang='lat' dir='ltr'><strong><em>num</em></strong></span> <span class='ocrx_word' id='word_1_954' title='bbox 2441 5572 2694 5627; x_wconf 82' lang='lat' dir='ltr'><strong><em>hominem</em></strong></span> <span class='ocrx_word' id='word_1_955' title='bbox 2708 5574 2996 5643; x_wconf 88' lang='lat' dir='ltr'><strong><em>viventibus,</em></strong></span> <span class='ocrx_word' id='word_1_956' title='bbox 3011 5588 3180 5647; x_wconf 90' lang='lat' dir='ltr'><strong><em>patere</em></strong></span> <span class='ocrx_word' id='word_1_957' title='bbox 3206 5593 3343 5649; x_wconf 86' lang='lat' dir='ltr'><strong><em>posse</em></strong></span> <span class='ocrx_word' id='word_1_958' title='bbox 3363 5576 3713 5646; x_wconf 79' lang='lat' dir='ltr'><strong><em>prima-merita</em></strong></span> <span class='ocrx_word' id='word_1_959' title='bbox 3733 5567 3834 5640; x_wconf 66' lang='lat' dir='ltr'><strong><em>ﬁdei</em></strong></span> 
     </span>
    </p>
   </div>
   <div class='ocr_carea' id='block_1_121' title="bbox 2304 5662 3831 5740">
    <p class='ocr_par' dir='ltr' id='par_1_121' title="bbox 2304 5662 3831 5740">
     <span class='ocr_line' id='line_1_124' title="bbox 2304 5662 3831 5740; baseline -0.001 -24"><span class='ocrx_word' id='word_1_960' title='bbox 2304 5672 2350 5716; x_wconf 92' lang='lat' dir='ltr'><strong><em>et</em></strong></span> <span class='ocrx_word' id='word_1_961' title='bbox 2377 5664 2645 5734; x_wconf 86' lang='lat' dir='ltr'><strong><em>impietatis</em></strong></span> <span class='ocrx_word' id='word_1_962' title='bbox 2664 5706 2679 5731; x_wconf 92' lang='lat'><strong><em>,</em></strong></span> <span class='ocrx_word' id='word_1_963' title='bbox 2705 5668 2952 5735; x_wconf 87' lang='lat' dir='ltr'><strong><em>quomodo</em></strong></span> <span class='ocrx_word' id='word_1_964' title='bbox 2974 5667 3112 5729; x_wconf 86' lang='lat' dir='ltr'><strong><em>Deus</em></strong></span> <span class='ocrx_word' id='word_1_965' title='bbox 3139 5669 3449 5740; x_wconf 75' lang='lat' dir='ltr'><strong><em>prwscientia</em></strong></span> <span class='ocrx_word' id='word_1_966' title='bbox 3474 5668 3619 5738; x_wconf 79' lang='lat' dir='ltr'><strong><em>eligat</em></strong></span> <span class='ocrx_word' id='word_1_967' title='bbox 3639 5662 3831 5719; x_wconf 41' lang='lat' dir='ltr'><strong><em>credits;</em></strong></span> 
     </span>
    </p>
   </div>
   <div class='ocr_carea' id='block_1_122' title="bbox 2302 5754 3823 5829">
    <p class='ocr_par' dir='ltr' id='par_1_122' title="bbox 2302 5754 3823 5829">
     <span class='ocr_line' id='line_1_125' title="bbox 2302 5754 3823 5829; baseline 0.006 -20"><span class='ocrx_word' id='word_1_968' title='bbox 2302 5770 2407 5822; x_wconf 86' lang='lat' dir='ltr'><strong><em>ros,</em></strong></span> <span class='ocrx_word' id='word_1_969' title='bbox 2434 5764 2481 5809; x_wconf 93' lang='lat' dir='ltr'><strong><em>et</em></strong></span> <span class='ocrx_word' id='word_1_970' title='bbox 2508 5755 2708 5811; x_wconf 86' lang='lat' dir='ltr'><strong><em>damnet</em></strong></span> <span class='ocrx_word' id='word_1_971' title='bbox 2735 5758 3015 5815; x_wconf 84' lang='lat' dir='ltr'><strong><em>incredulos</em></strong></span> <span class='ocrx_word' id='word_1_972' title='bbox 3038 5775 3057 5813; x_wconf 87' lang='lat'><strong><em>:</em></strong></span> <span class='ocrx_word' id='word_1_973' title='bbox 3081 5776 3168 5817; x_wconf 83' lang='lat' dir='ltr'><strong><em>nec</em></strong></span> <span class='ocrx_word' id='word_1_974' title='bbox 3189 5760 3302 5816; x_wconf 89' lang='lat' dir='ltr'><strong><em>illos</em></strong></span> <span class='ocrx_word' id='word_1_975' title='bbox 3322 5775 3385 5814; x_wconf 72' lang='lat' dir='ltr'><strong><em>ex</em></strong></span> <span class='ocrx_word' id='word_1_976' title='bbox 3406 5758 3630 5829; x_wconf 84' lang='lat' dir='ltr'><strong><em>operibus</em></strong></span> <span class='ocrx_word' id='word_1_977' title='bbox 3646 5754 3823 5824; x_wconf 64' lang='lat' dir='ltr'><strong><em>eliget&quot;:</em></strong></span> 
     </span>
    </p>
   </div>
  </div>
