4024 6378
163 412 290 472 1000

162 547 242 586 nec
259 529 379 584 istos
406 541 472 583 ex
492 525 733 599 operibus
753 527 1001 584 damnans
1021 546 1042 596 ;
1066 529 1154 586 sed
1172 538 1219 587 et
1241 530 1445 587 illorum
1463 534 1584 604 ﬁdei
1597 552 1733 607 prte-

159 632 304 687 stans,
322 629 376 673 ut
394 619 519 675 bene
540 629 834 691 operentur,
850 630 897 675 et
914 621 1125 677 istorum
1142 622 1443 694 imme
1462 624 1734 681 deserendo

161 714 418 779 obdurans,
446 723 504 767 ut
527 711 668 769 male
690 723 956 785 operentur
971 730 991 770 :
1012 733 1032 769 ι
1062 725 1108 771 et
1134 718 1313 772 iterum
1334 718 1389 773 in
1412 718 1586 773 eodem
1605 721 1731 774 libro

159 805 404 876 superius,
436 821 456 855 ι
482 801 740 874 λΕφισιεσ
765 820 936 859 omnes
959 814 1077 860 sunt
1104 814 1218 862 ante
1238 808 1488 875 meritum,
1522 825 1612 864 nec
1635 827 1731 882 po-

161 904 242 950 test
268 894 317 948 in
342 894 488 949 rebus
512 895 654 949 omni
672 894 820 950 modo
835 895 1110 967 aqualibus
1132 898 1306 953 electio
1330 899 1601 953 nominari.
1626 898 1732 955 Sed

156 986 377 1059 quoniam
411 983 646 1055 Spiritus
691 995 894 1041 sanctus
926 1003 1027 1041 non
1064 988 1215 1043 datur
1242 990 1341 1044 nisi
1385 989 1731 1057 credentibus;

156 1097 245 1153 non
263 1078 462 1149 quidem
479 1076 624 1133 Deus
649 1079 786 1151 eligit
810 1096 961 1151 apera
988 1096 1100 1152 qua
1117 1082 1222 1153 ipse
1244 1083 1477 1154 largitur,
1504 1101 1617 1139 cum
1642 1085 1730 1139 dat

155 1174 388 1244 Spiritum
421 1180 659 1227 sanctum
679 1212 695 1237 ,
727 1179 782 1225 ut
816 1188 907 1242 per
941 1173 1234 1228 charitatem
1274 1175 1402 1228 bona
1429 1192 1691 1245 operemur
1710 1194 1729 1231 :

154 1263 231 1319 sed
253 1272 421 1317 tamen
443 1263 587 1333 eligit
612 1262 784 1332 ﬁdem,
812 1263 929 1333 quia
948 1264 1047 1318 nisi
1073 1265 1184 1335 quis
1211 1266 1401 1333 credat,
1431 1276 1477 1321 et
1515 1269 1567 1321 in
1590 1270 1726 1323 acci-

154 1355 310 1427 piendi
346 1355 611 1410 voluntate
647 1364 955 1426 permaneat,
980 1372 1080 1411 non
1108 1358 1289 1428 accipit
1314 1359 1501 1413 donum
1530 1358 1643 1426 Dei,
1673 1362 1728 1415 id

152 1460 213 1505 est
228 1450 477 1521 Spiritum
505 1459 760 1517 sanctum,
788 1467 877 1523 per
902 1468 1049 1523 quem
1074 1453 1243 1524 infusa
1269 1454 1513 1510 charitate
1542 1456 1727 1511 bonum

150 1544 289 1616 possit
312 1544 539 1615 operari.
570 1541 692 1598 Non
717 1559 835 1615 ergo
858 1545 993 1616 eligit
1022 1561 1175 1616 opera
1201 1530 1497 1617 cujusquam
1524 1549 1574 1602 in
1594 1565 1725 1618 prte-

146 1635 370 1703 scientia,
410 1650 529 1707 qua:
565 1636 677 1706 ipse
720 1635 997 1690 donaturus
1043 1644 1161 1690 est:
1184 1636 1273 1690 sed
1313 1637 1464 1706 ﬁdem
1492 1639 1628 1710 eligit
1672 1640 1725 1693 in

148 1727 481 1799 prascientia;
510 1736 568 1781 ut
606 1743 750 1796 quem
784 1727 1091 1782 crediturum
1125 1744 1230 1783 esse
1257 1730 1531 1798 prtescivit,
1558 1730 1725 1800 ipsum

146 1820 329 1891 elegerit
356 1819 443 1872 cui
470 1815 731 1887 Spiritum
764 1826 993 1872 sanctum
1030 1818 1204 1884 daret,
1233 1827 1287 1872 ut
1316 1819 1445 1872 bona
1468 1820 1722 1891 operando

144 1911 278 1964 etiam
300 1918 546 1965 (sternam
570 1908 725 1963 vitam
743 1918 1143 1981 consequeretur.
1178 1908 1315 1963 Dicit
1342 1909 1474 1963 enim
1503 1910 1721 1980 Aposto-

146 2002 214 2056 lus
234 2015 253 2054 :
272 2018 290 2051 t
325 1998 474 2054 Idem
502 1997 649 2053 Deus
658 1998 742 2069 qui
754 2007 991 2069 operatur
1000 2000 1167 2053 omnia
1178 1999 1229 2053 in
1242 1999 1467 2054 omnibus
1488 2019 1506 2052 s
1532 1999 1581 2071 (Ι
1598 1999 1718 2055 Cor.

146 2108 230 2156 Ill,
252 2092 329 2164 6).
373 2089 651 2163 Nusquam
676 2101 841 2145 autem
866 2091 1055 2145 dictum
1081 2100 1174 2158 est,
1205 2090 1342 2146 Deus
1370 2092 1527 2146 credit
1553 2094 1722 2148 omnia

142 2186 186 2237 in
219 2183 445 2237 omnibus
474 2200 493 2237 :
523 2183 661 2255 quod
703 2184 833 2236 enim
872 2183 1153 2249 credimus,
1186 2193 1411 2238 nostrum
1450 2193 1561 2249 est;
1587 2186 1721 2255 quod

140 2288 290 2333 eadem
304 2295 604 2349 operantur,
622 2278 760 2332 illius
784 2276 901 2351 s(ln
923 2277 1119 2348 Expos.
1138 2280 1469 2346 quarumdam
1485 2279 1719 2350 proposi-

141 2371 319 2424 tionum
337 2386 401 2424 ac
420 2369 597 2441 Epist.
616 2371 684 2424 ad
704 2370 853 2425 Rom.
877 2386 1060 2441 propp.
1084 2369 1153 2425 l2
1176 2380 1222 2425 et
1250 2370 1354 2441 60)
1402 2389 1413 2423 :
1456 2381 1503 2425 et
1541 2380 1719 2425 caetera

138 2462 188 2514 in
209 2460 376 2516 eodem
412 2478 607 2533 opere;
642 2478 755 2531 qute
777 2478 832 2517 se
854 2472 1112 2533 acceptare
1133 2473 1181 2517 et
1207 2464 1418 2532 probare
1452 2474 1716 2530 testantur,

139 2562 362 2624 tanquam
387 2555 738 2610 convenientia
760 2556 1057 2625 evangelicae
1079 2556 1290 2609 veritati.

200 2645 251 2701 ι.
291 2645 546 2700 Ceterum
592 2646 989 2717 prtescientiam,
1017 2657 1065 2701 et
1090 2646 1574 2717 prwdestinationem
1594 2687 1609 2712 ,
1641 2647 1717 2701 vel

140 2737 439 2805 propositum
460 2778 476 2803 ,
509 2736 580 2789 ad
605 2736 659 2789 id
684 2736 847 2791 valere
872 2736 1177 2791 contendunt
1197 2780 1212 2804 ,
1237 2746 1290 2792 ut
1313 2754 1395 2792 eos
1419 2738 1713 2809 prtescierit,

139 2826 209 2879 vel
231 2829 692 2897 praedestinaverit,
732 2830 807 2884 vel
831 2832 1145 2901 proposuerit
1174 2831 1354 2901 eligere
1392 2833 1475 2902 qui
1517 2832 1717 2901 fuerant

139 2920 401 2975 credituri:
418 2938 513 2977 nec
529 2922 593 2976 de
609 2922 703 2977 hac
729 2922 831 2992 ﬁde
860 2939 1005 2993 posse
1031 2923 1163 2989 dici,
1193 2944 1211 2975 ι
1249 2924 1383 2989 Quid
1404 2924 1554 2980 habes
1581 2925 1717 2994 quod

139 3024 227 3063 non
256 3014 496 3083 accepisti
520 3032 538 3063 ι
564 3012 612 3085 (Ι
635 3012 752 3068 Cor.
778 3028 854 3081 Iv,
881 3012 979 3085 7)?
1016 3030 1131 3068 cum
1152 3015 1205 3068 in
1225 3015 1397 3070 eadem
1432 3026 1612 3069 natura
1636 3032 1716 3068 re-

138 3104 388 3167 manserit,
407 3102 527 3156 licet
555 3103 879 3172 vitiata,.qute
894 3105 1032 3173 prius
1050 3120 1175 3158 sana
1199 3121 1260 3157 ac
1280 3105 1501 3175 perfecta
1526 3104 1715 3159 donata

135 3192 209 3245 sit.
253 3192 407 3259 Quod
434 3204 606 3249 autem
642 3195 763 3249 dicit
788 3194 1043 3250 Sanctitas
1068 3205 1187 3262 tua,
1219 3197 1464 3250 neminem
1491 3212 1713 3266 perseve-

135 3299 261 3350 rarc,
286 3286 388 3340 nisi
418 3286 773 3357 perseverandi
800 3287 978 3340 virtute
1006 3298 1237 3357 percepta
1259 3304 1280 3354 ;
1306 3287 1545 3341 hactenus
1583 3289 1716 3341 acci-

134 3374 289 3443 piunt,
319 3386 377 3432 ut
410 3377 591 3448 quibus
637 3378 788 3431 datur
809 3418 825 3445 ,
851 3377 997 3433 inerti
1025 3378 1170 3445 licet,
1205 3378 1504 3449 prlecedenti
1549 3388 1714 3434 tamen

135 3470 335 3537 proprio
360 3469 571 3524 arbitrio
597 3469 845 3523 tribuatur
871 3485 889 3523 :
911 3469 1046 3541 quod
1071 3471 1138 3524 ad
1165 3471 1261 3525 hoc
1283 3479 1477 3525 tantum
1502 3470 1713 3525 liberum

130 3570 376 3627 asserunt,
407 3572 465 3615 ut
491 3562 609 3616 velit
649 3562 725 3617 vel
763 3562 886 3617 nolit
913 3562 1176 3619 admittere
1205 3564 1521 3618 medicinam.
1550 3562 1711 3619 Caeteo

130 3664 236 3703 rum
260 3662 308 3705 et
332 3652 435 3722 ipsi
463 3653 743 3708 abominari
769 3671 823 3708 se
854 3662 899 3708 et
935 3655 1177 3709 damnare
1217 3664 1485 3720 testantur,
1516 3656 1559 3710 si
1600 3657 1713 3727 quis

126 3742 402 3813 quidquam
434 3744 615 3797 virium
637 3745 691 3796 in
713 3744 883 3813 aliquo
907 3747 1221 3809 remansisse,
1241 3761 1338 3813 quo
1358 3746 1425 3798 ad
1448 3746 1709 3799 sanitatem

126 3832 364 3903 progredi
391 3834 564 3899 possit,
594 3833 856 3885 existimet.
899 3831 1093 3887 Nolunt
1133 3845 1299 3888 autem
1336 3836 1406 3887 ita
1436 3836 1565 3889 hanc
1593 3854 1710 3905 per—

123 3922 460 3979 severantiam
497 3922 764 3993 prtedicari
782 3961 798 3985 ,
828 3932 881 3974 ut
910 3939 1009 3976 non
1037 3924 1113 3976 vel
1150 3924 1442 3993 suppliciter
1480 3927 1707 3990 emereri,

125 4014 197 4069 vel
224 4012 399 4068 amitti
427 4012 786 4068 contumaciter
814 4013 987 4084 possit.
1022 4011 1130 4067 Nec
1152 4014 1220 4066 ad
1259 4014 1501 4068 incertum
1534 4015 1711 4068 volun-

130 4107 239 4162 tatis
265 4104 366 4160 Dei
408 4104 587 4160 deduci
614 4121 667 4157 se
699 4104 909 4171 volunt,
937 4104 1021 4159 ubi
1048 4105 1118 4158 eis
1162 4113 1405 4174 quantum
1437 4114 1614 4175 putant
1642 4106 1711 4159 ad

132 4196 452 4252 obtinendum
480 4186 556 4251 vel
583 4195 944 4249 admittendum
964 4237 977 4260 ,
1005 4194 1205 4249 evidens
1246 4204 1318 4250 est
1356 4196 1711 4267 qualecumque

133 4287 327 4345 initium
370 4288 661 4343 voluntatis.
701 4286 846 4343 Illud
888 4288 1037 4341 etiam
1077 4288 1409 4341 testimonium
1446 4288 1579 4358 quod
1614 4305 1708 4358 po-

139 4382 273 4436 suisti
294 4423 310 4450 ,
336 4400 355 4434 ς
383 4381 581 4452 Raptus
610 4390 763 4435 estne
791 4378 987 4433 malitia
1010 4388 1219 4432 mutaret
1238 4377 1538 4433 intellectum
1555 4380 1662 4450 ejus
1683 4399 1703 4432 ι

140 4469 283 4542 (Sap.
311 4487 389 4538 tv,
418 4472 541 4541 H);
573 4481 813 4541 tanquam
839 4485 938 4523 non
966 4469 1263 4523 canonicum
1288 4466 1533 4537 deﬁniunt
1558 4470 1709 4523 omit-

135 4566 353 4623 tendum.
398 4564 442 4620 U
447 4564 544 4619 nde
560 4563 701 4617 illam
729 4562 1091 4631 prtescientiam
1118 4561 1189 4615 sic
1215 4561 1485 4630 accipiunt,
1509 4570 1563 4614 ut
1592 4578 1710 4631 pro-

137 4664 235 4723 pter
255 4657 415 4726 ﬁdem
445 4657 668 4727 futuram
709 4652 1021 4723 intelligendi
1056 4652 1155 4705 sint
1194 4651 1412 4720 prtesciti
1440 4668 1457 4706 :
1483 4668 1572 4705 nec
1597 4653 1705 4705 cui-

136 4762 272 4814 quam
302 4750 459 4805 talem
487 4749 599 4803 dari
626 4746 1061 4818 perseverantiam,
1088 4761 1121 4797 a
1147 4759 1245 4816 qua
1274 4762 1372 4798 non
1395 4747 1708 4817 permittatur

140 4840 492 4906 pmvaricari;
518 4838 604 4894 sed
632 4856 663 4892 a
687 4854 787 4907 qua
816 4837 970 4909 possit
1004 4852 1097 4892 sua
1124 4836 1375 4890 voluntate
1412 4836 1624 4906 deﬁcere
1663 4846 1709 4892 et

138 4926 398 4998 inﬁrmari.

202 5022 250 5077 5.
290 5026 538 5079 Asserunt
577 5019 805 5075 inutilem
852 5016 1148 5073 exhortandi
1189 5016 1627 5085 consuetudinem,
1667 5018 1711 5073 si

142 5114 254 5172 nihil
278 5119 335 5173 in
354 5116 551 5170 homine
572 5113 869 5169 remansisse
887 5112 1103 5177 dicatur,
1124 5109 1259 5179 quod
1279 5112 1525 5181 correptio
1550 5111 1710 5165 valeat

146 5210 348 5265 excitare
374 5225 393 5264 :
417 5206 552 5280 quod
576 5206 775 5277 quidem
805 5205 966 5258 inesse
1006 5212 1203 5256 natura:
1228 5203 1299 5255 sic
1327 5218 1379 5255 se
1404 5202 1567 5256 dicere
1593 5218 1712 5256 con-

147 5299 360 5367 ﬁtentur.
385 5309 438 5356 ut
464 5302 558 5355 hoc
586 5299 697 5369 ipso
725 5298 859 5368 quod
896 5296 1148 5367 ignoranti
1181 5296 1360 5349 veritas
1387 5297 1708 5365 praedicatur,

148 5392 206 5443 ad
247 5392 539 5462 beneﬁcium
584 5388 842 5460 prasentis
886 5387 1064 5457 gratia:
1102 5387 1417 5457 referendum
1445 5388 1527 5441 sit.
1570 5385 1711 5441 Nam

149 5481 186 5534 si
206 5486 270 5540 sic
302 5482 640 5555 puedestinati
665 5490 802 5546 sunt,
832 5480 1082 5550 inquiunt,
1115 5478 1181 5531 ad
1206 5488 1467 5549 utramque
1496 5490 1707 5548 partem,

154 5580 202 5624 ut
223 5574 280 5631 de
302 5573 418 5629 aliis
440 5572 509 5628 ad
533 5573 662 5627 alios
698 5570 869 5625 nullus
894 5569 1048 5639 possit
1076 5567 1347 5631 accedere;
1375 5584 1473 5638 quo
1502 5570 1711 5638 pertinet

155 5670 278 5722 tanta
302 5668 608 5722 extrinsecus
644 5661 969 5735 correptionis
995 5661 1277 5714 instantia?
1316 5660 1375 5716 Si
1402 5661 1463 5714 ab
1489 5662 1706 5731 homine,

156 5760 233 5813 αεὶ
254 5777 353 5817 non
380 5760 506 5831 ﬁdes
531 5760 745 5829 integra.
776 5755 951 5812 saltem
975 5754 1053 5809 vel
1073 5754 1218 5809 dolor
1236 5765 1547 5825 compunctte
1568 5756 1715 5825 inﬁr-

155 5850 325 5908 αἰανῆ
352 5853 591 5917 exoritur,
616 5858 704 5903 aut
730 5847 1003 5921 periculum
1028 5846 1377 5899 demonstrata!
1401 5845 1574 5898 mortis
1599 5846 1718 5898 hor-

1317 413 1792 479 EPlSTOLARUM
1827 422 1953 480 CLA
1962 425 2104 486 SSIS
2138 428 2225 489 III.

3281 443 3422 502 1010

1842 552 1998 598 retur.
2034 543 2173 600 Nam
2196 548 2243 602 si
2265 564 2367 604 non
2394 557 2555 622 potest
2580 552 2751 607 timere
2776 555 2889 626 quis
2907 556 3042 613 unde
3070 566 3298 624 terretur.
3320 566 3423 619 nisi

1842 650 1901 688 ea
1927 636 2179 694 voluntate
2206 656 2319 707 qua:
2349 644 2602 708 sumitur;
2636 661 2736 700 non
2764 663 2828 701 ex
2866 664 2924 702 eo
2963 650 3245 721 culpandus
3284 657 3421 712 quod

1840 745 1972 783 nunc
2012 747 2113 786 non
2154 733 2259 788 vult
2280 749 2300 788 :
2320 735 2410 790 sed
2436 736 2490 790 in
2527 752 2585 791 eo
2612 744 2659 790 et
2698 754 2810 792 cum
2837 754 2895 793 eo
2923 743 3008 811 qui
3046 744 3119 798 sic
3145 746 3419 817 aliquando

1839 826 2020 891 noluit,
2051 836 2104 881 ut
2145 845 2256 883 eam
2296 831 2665 886 damnationem
2723 850 2837 888 cum
2874 838 2980 890 suis
3017 840 3227 907 posteris
3259 858 3422 897 ntere-

1839 926 1975 972 retur
2014 919 2285 987 incurrere,
2315 930 2370 976 ut
2395 940 2652 995 nunquam
2673 935 2829 991 recta,
2854 942 3050 997 seniper
3072 940 3239 985 autem
3262 949 3421 1002 prava

1837 1008 1983 1063 vellet
2004 1019 2255 1080 appetere.
2297 1011 2359 1067 Si
2384 1023 2551 1067 autem
2577 1024 2650 1070 est
2676 1015 3049 1087 qualiscumque
3074 1020 3220 1075 dolor
3239 1024 3326 1093 qui
3348 1024 3420 1078 ad

1836 1100 2227 1156 exhortationem
2258 1104 2571 1174 corripientis
2607 1107 2841 1161 oriatur:
2869 1107 2999 1162 hanc
3036 1110 3199 1179 ipsam
3242 1113 3419 1168 dicunt

1835 1206 2057 1255 causam,
2088 1201 2289 1263 prapter
2315 1211 2466 1265 quam
2489 1196 2564 1249 vel
2593 1198 2849 1267 rejiciatur
2872 1198 3024 1265 alius,
3056 1190 3133 1255 vel
3169 1202 3298 1256 alius
3326 1220 3415 1257 as-

1834 1291 2093 1338 sumatur:
2110 1294 2261 1355 atque
2277 1286 2349 1339 ita
2369 1304 2467 1341 non
2495 1304 2621 1357 opus
2640 1305 2745 1344 esse
2769 1301 2933 1359 partes
2956 1294 3210 1359 constitui,
3237 1294 3415 1363 quibus

1834 1388 1923 1426 nec
1943 1374 2283 1444 adjiciendum
2311 1378 2374 1431 sit
2400 1378 2593 1447 aliquid
2616 1420 2631 1444 ,
2664 1395 2754 1433 nec
2782 1380 3164 1435 detrahendum.

1904 1464 1957 1519 6.
2002 1464 2191 1520 Deinde
2216 1468 2418 1522 moleste
2449 1474 2614 1539 ferunt
2642 1470 2712 1525 ita
2738 1470 2893 1524 dividi
2928 1473 3163 1541 gratiam,
3193 1490 3304 1543 qua:
3335 1476 3413 1529 vel

1833 1565 1950 1609 tunc
1976 1558 2137 1625 prima
2175 1559 2366 1611 homini
2403 1560 2522 1612 data
2567 1569 2671 1626 est,
2698 1559 2787 1614 vel.
2817 1578 2949 1616 nunc
2988 1562 3212 1618 omnibus
3240 1565 3409 1633 datur,

1837 1664 1854 1695 ι
1884 1646 1950 1700 Ut
1970 1647 2057 1700 ille
2082 1648 2325 1717 acceperit
2354 1651 2788 1719 perseverantiam,
2810 1668 2909 1705 non
2934 1669 3032 1720 qua
3062 1654 3197 1721 ﬁeret
3226 1663 3277 1707 ut
3294 1671 3411 1723 per-

1828 1746 2091 1803 severaret,
2110 1737 2198 1792 sed
2215 1739 2322 1792 sine
2344 1756 2441 1809 qua
2469 1757 2558 1810 per
2581 1740 2790 1795 liberum
2814 1742 3076 1796 arbitrium
3103 1759 3414 1813 perseverare

1828 1844 1929 1883 non
1976 1839 2138 1899 posset
2162 1845 2179 1883 :
2204 1847 2338 1884 nunc
2367 1848 2480 1885 vero
2508 1835 2692 1887 sanctis
2736 1835 2789 1887 in
2830 1851 3037 1905 regnum
3081 1851 3170 1905 per
3196 1837 3413 1906 gratiam

1828 1921 2203 1989 praedestinatis,
2232 1940 2334 1977 non
2378 1924 2475 1978 tale
2502 1924 2810 1994 adjutorium
2840 1930 3218 1995 perseverantia:
3244 1928 3410 1995 detur,

1826 2010 1914 2065 sed
1938 2011 2039 2065 tale
2064 2020 2118 2065 ut
2150 2012 2223 2066 eis
2267 2015 2631 2082 perseverantia
2668 2016 2779 2083 ipsa
2814 2016 3065 2080 donetur;
3104 2032 3206 2071 non
3245 2018 3412 2073 solum

1825 2110 1880 2155 ut
1916 2104 2024 2156 sine
2050 2102 2155 2173 ista,
2186 2102 2320 2158 dono
2346 2115 2709 2175 perseverantes
2732 2123 2837 2161 esse
2861 2124 2961 2161 non
2987 2108 3177 2177 possint
3195 2148 3209 2169 .
3240 2124 3411 2163 verum

1824 2192 1973 2246 etiam
1987 2202 2041 2246 ut
2056 2209 2145 2262 per
2160 2194 2253 2247 hoc
2269 2194 2457 2249 donum
2480 2196 2679 2250 nonnisi
2706 2207 3071 2266 perseverantes
3095 2198 3196 2252 sint
3220 2217 3237 2249 ι
3267 2197 3407 2269 (Lib.

1825 2282 1887 2337 de
1913 2280 2140 2354 Corrept.
2170 2294 2218 2339 et
2242 2282 2417 2339 Gratia
2436 2328 2450 2350 ,
2482 2303 2631 2357 capp.
2662 2288 2722 2342 11
2748 2328 2761 2351 ,
2788 2287 2911 2357 12).
2953 2286 3049 2342 His
3077 2288 3235 2342 verbis
3272 2287 3411 2344 San-

1824 2374 2006 2429 ctitatis
2032 2383 2134 2429 tum
2159 2376 2230 2429 ita
2262 2386 2552 2441 moventur,
2579 2387 2633 2431 ut
2672 2378 2840 2432 dicant
2878 2379 3147 2444 quamdam
3176 2380 3409 2450 despera-

1823 2466 2010 2520 tionem
2038 2467 2324 2523 hominibus
2358 2469 2599 2524 exhiberi.
2652 2469 2716 2525 Si
2743 2472 2873 2525 enim
2893 2512 2908 2536 ,
2938 2472 3077 2525 aiunt
3096 2512 3110 2536 ,
3139 2471 3211 2524 ita
3244 2472 3410 2526 Adam

1822 2557 2027 2627 adjutus
2053 2569 2144 2626 est,
2176 2568 2233 2613 ut
2276 2568 2323 2614 et
2349 2571 2483 2616 stare
2522 2571 2687 2632 posset
2730 2563 2784 2616 in
2807 2564 3011 2633 justitia
3051 2573 3098 2617 et
3137 2581 3169 2617 a
3206 2564 3409 2633 justitia

1823 2647 2095 2717 declinare,
2124 2659 2169 2704 et
2196 2667 2330 2704 nunc
2354 2651 2425 2704 ita
2450 2653 2611 2705 sancti
2628 2654 2872 2723 juvantur
2891 2694 2906 2717 ,
2939 2662 2989 2705 ut
3019 2653 3271 2708 declinare
3305 2670 3408 2708 non

1823 2739 2012 2808 possint
2030 2781 2045 2805 ,
2075 2740 2319 2811 siquidem
2354 2758 2465 2795 eam
2507 2753 2801 2813 acceperunt
2838 2743 3034 2797 valendi
3082 2759 3406 2813 perseveran—

1821 2833 1963 2895 tiam,
2004 2841 2059 2886 ut
2101 2833 2243 2886 aliud
2271 2833 2393 2887 velle
2418 2849 2517 2887 non
2546 2834 2778 2904 possint;
2816 2833 2890 2886 vel
2922 2834 2993 2886 sic
3028 2833 3233 2901 quidam
3260 2832 3403 2888 dese-

1819 2932 2020 2989 runtur,
2048 2932 2105 2977 ut
2131 2932 2219 2976 aut
2257 2939 2348 2978 nec
2373 2924 2631 2989 accedant,
2655 2934 2761 2988 aut,
2789 2925 2833 2978 si
2858 2925 3167 2987 accesserint,
3195 2934 3239 2977 et
3267 2940 3405 2979 rece-

1819 3014 1943 3067 dant
1962 3012 2064 3067 :ad
2086 3012 2227 3067 illam
2256 3015 2553 3068 voluntatem
2579 3015 2874 3082 pertinuisse
2897 3014 3068 3068 dicunt
3096 3014 3402 3069 exhortatio-

1818 3106 1897 3160 nis
1921 3106 1998 3160 vel
2024 3107 2425 3162 comminationis
2468 3108 2732 3162 utilitatem
2753 3150 2767 3172 ,
2796 3123 2908 3178 qute
2940 3117 2986 3160 et
3029 3108 3323 3177 persistendi
3357 3115 3408 3163 et

1819 3196 2089 3252 desistendi
2128 3197 2374 3252 obtinebat
2419 3197 2624 3251 liberam
2673 3207 2998 3269 potestatem;
3032 3214 3132 3251 non
3170 3198 3237 3251 ad
3275 3197 3409 3252 hanc

1816 3291 1900 3343 cui
1926 3290 2061 3343 nolle
2074 3290 2329 3359 justitiam
2359 3289 2632 3343 inevitabili
2652 3290 2942 3343 necessitate
2960 3290 3281 3359 conjunctum
3307 3297 3405 3355 est,

1819 3389 2003 3451 prteter
2034 3380 2148 3435 illos
2184 3381 2271 3451 qui
2300 3382 2371 3434 sic
2400 3382 2647 3434 concreati
2671 3390 2786 3434 sunt
2815 3380 2893 3433 his
2921 3380 3007 3448 qui
3034 3395 3148 3433 cum
3174 3379 3405 3433 universa

1818 3485 1985 3524 massa
2011 3468 2237 3523 damnati
2263 3478 2398 3531 sunt,
2430 3476 2485 3521 ut
2512 3469 2853 3537 exciperentur
2892 3484 2979 3535 per
3024 3468 3239 3537 gratiam
3280 3466 3403 3519 libe-

1816 3560 1984 3615 randi.
2022 3559 2169 3616 Unde
2186 3562 2240 3614 in
2265 3560 2359 3613 hoc
2377 3561 2483 3614 solo
2510 3560 2680 3614 volunt
2704 3578 2734 3613 a
2763 3561 2926 3631 primo
2954 3560 3153 3613 homine
3176 3559 3399 3612 omnium

1818 3651 2006 3706 distare
2030 3662 2293 3719 naturam,
2326 3660 2380 3705 ut
2404 3650 2547 3704 illum
2575 3651 2780 3721 integris
2807 3650 2991 3703 viribus
3017 3649 3285 3703 voluntatis
3303 3650 3401 3720 ju-

1817 3757 1950 3798 varet
1972 3745 2135 3815 gratia
2157 3745 2420 3811 volentem,
2442 3745 2550 3799 sine
2576 3761 2675 3814 qua
2702 3760 3015 3815 perseverare
3040 3761 3139 3798 non
3166 3752 3400 3814 poterat:

1817 3836 1910 3888 hos
1935 3846 2101 3890 autem
2124 3838 2322 3891 amissis
2359 3848 2404 3890 et
2434 3838 2641 3906 perditis
2678 3839 2861 3891 viribus
2904 3837 3154 3892 credentes
3183 3846 3398 3904 tantum,

1818 3942 1919 3978 non
1940 3928 2102 3978 solum
2125 3928 2280 3996 erigat
2304 3937 2599 3995 prostratos,
2627 3944 2794 3981 verum
2824 3928 2973 3981 etiam
3001 3927 3261 3993 suﬂ'ulciat
3285 3944 3401 3981 am-

1820 4015 2062 4068 bulantes.
2104 4014 2349 4069 Cteterum
2374 4016 2736 4084 quidquidtibet
2766 4017 3007 4069 donatum
3038 4017 3103 4068 sit
3141 4017 3401 4083 praedesti-

1818 4104 1969 4161 natis.
1999 4105 2052 4158 id
2073 4099 2217 4174 posse
2240 4116 2286 4159 et
2307 4105 2465 4158 amitti
2484 4114 2531 4158 et
2560 4106 2761 4158 retineri
2781 4106 2985 4175 propria
3011 4106 3259 4159 voluntate
3278 4123 3401 4159 eon-

1818 4196 2026 4250 tendunt
2050 4213 2067 4251 :
2090 4198 2224 4268 quod
2250 4206 2367 4250 tunc
2392 4197 2576 4267 falsum
2601 4206 2746 4263 esset,
2768 4198 2812 4251 si
2835 4212 3001 4251 verum
3029 4206 3263 4266 putarent
3289 4212 3398 4252 eam

1816 4286 2061 4351 quosdam
2090 4287 2506 4356 perseverantiam
2537 4287 2843 4356 percepisse,
2873 4294 2928 4339 ut
2953 4286 3050 4341 nisi
3075 4302 3398 4355 perseveran-

1816 4386 1888 4432 tes
1912 4394 2017 4432 esse
2041 4395 2141 4433 non
2171 4379 2383 4448 possint.
2714 4422 2727 4441 κ

1888 4469 1940 4523 7.
1984 4467 2113 4523 Inde
2143 4478 2215 4523 est
2241 4470 2373 4539 quod
2414 4479 2461 4523 et
2502 4469 2633 4523 illud
2670 4471 2858 4539 pariter
2891 4485 2990 4524 non
3031 4470 3313 4540 accipiunt,
3344 4478 3399 4523 ut

1816 4564 2156 4634 eligendorum
2194 4564 2676 4635 rejiciendorumque
2716 4580 2821 4617 esse
2846 4564 3105 4631 deﬁnitum
3134 4576 3397 4629 numerum

1816 4656 1975 4709 nolint
1998 4672 2016 4709 :
2035 4666 2180 4725 atque
2204 4654 2341 4709 illius
2361 4655 2613 4708 sententia:
2636 4655 3011 4725 expositionem,
3036 4668 3137 4705 non
3157 4667 3265 4705 eam
3284 4666 3400 4723 quae

1815 4762 1846 4798 a
1876 4758 1922 4799 te
1946 4756 2016 4801 est
2045 4747 2360 4815 deprompta,
2382 4746 2673 4815 suscipiant,
2700 4745 2754 4797 id
2782 4753 2852 4797 est
2873 4785 2885 4808 ,
2917 4753 2970 4796 ut
3004 4742 3200 4798 nonnisi
3226 4760 3398 4799 omnes

1816 4839 2040 4892 homines
2057 4838 2219 4892 salvos
2242 4837 2353 4905 ﬁeri
2377 4836 2532 4902 velit;
2562 4846 2608 4889 et
2633 4852 2733 4889 non
2757 4852 2838 4889 eos
2863 4844 3053 4889 tantum
3079 4836 3164 4905 qui
3190 4835 3259 4892 ad
3276 4852 3396 4889 san-

1815 4938 2007 4984 ctorum
2053 4944 2317 4981 numerum
2361 4926 2709 4998 pertinebunt,
2737 4926 2826 4979 sed
2871 4940 3040 4979 omnes
3077 4926 3312 4991 omnino,
3341 4936 3396 4979 ut

1816 5022 1983 5077 nullus
2009 5021 2251 5075 habeatur
2274 5029 2527 5091 exceptus.
2556 5018 2668 5075 Nec
2696 5020 2789 5073 hoc
2816 5018 3105 5084 timendum,
3130 5018 3265 5087 quod
3281 5018 3385 5088 qui-

1816 5115 1933 5168 dam
1960 5129 2018 5167 eo
2044 5113 2198 5167 invito
2226 5113 2387 5182 perire
2412 5112 2645 5166 dicantur
2668 5128 2684 5165 :
2704 5112 2793 5165 sed
2817 5115 3084 5179 quomodo,
3109 5112 3273 5176 aiunt,
3294 5127 3395 5165 non

1815 5205 1920 5259 vult
1954 5221 1988 5258 a
2024 5219 2272 5275 quoquam
2320 5204 2515 5273 peccari
2547 5201 2624 5256 vel
2651 5202 2808 5257 deseri
2836 5202 3123 5272 justitiam,
3154 5210 3201 5256 et
3231 5213 3395 5271 tamen

1806 5298 1999 5369 jugiter
2026 5296 2117 5351 illa
2143 5295 2385 5352 deseritur
2404 5306 2575 5349 contra
2595 5296 2704 5366 ejus
2728 5296 3051 5360 voluntatem,
3073 5296 3393 5348 committun-

1817 5397 1995 5457 turque
2037 5396 2273 5457 peccata;
2301 5387 2375 5440 ita
2417 5401 2531 5439 eum
2564 5384 2747 5439 salvari
2782 5385 2905 5439 velle
2941 5400 3113 5437 omnes
3148 5384 3393 5438 homines.

1816 5496 1905 5535 nec
1952 5489 2116 5532 tamen
2162 5494 2331 5532 omnes
2374 5477 2598 5530 homines
2648 5475 2853 5529 salvari.
2897 5473 3204 5527 Testimonia
3243 5474 3396 5527 etiam

1818 5572 2097 5643 Scriptura:
2122 5587 2237 5641 quae
2260 5570 2324 5624 de
2352 5570 2507 5624 Saitle
2526 5569 2602 5623 vel
2622 5567 2685 5623 de
2706 5567 2869 5621 David
2890 5566 3098 5636 posuisti
3121 5564 3228 5637 (Id.
3243 5581 3393 5635 capp.

1819 5666 1906 5732 15,
1936 5665 2044 5735 14),
2064 5680 2163 5717 non
2190 5663 2436 5735 pertinere
2462 5670 2635 5731 putant
2658 5658 2727 5712 ad
2740 5659 3061 5729 quastionem
3085 5674 3199 5728 qua:
3225 5658 3287 5711 de
3308 5673 3397 5711 ex-

1819 5756 2097 5809 hortatione
2122 5762 2345 5809 versatur
2368 5768 2386 5808 :
2414 5751 2516 5806 alia
2540 5759 2704 5805 autem
2730 5751 2796 5803 ad
2822 5748 2875 5802 id
2895 5752 3140 5819 referunt,
3164 5757 3217 5802 ut
3238 5764 3300 5802 ex
3318 5745 3397 5802 his

1820 5861 1929 5898 eam
1965 5845 2182 5916 gratiam
2216 5842 2464 5899 accioiant
2511 5837 2885 5908 commendari,
2929 5854 3029 5909 qua
3064 5837 3400 5911 unusquisque
