4024 6372
624 419 754 474 1011

622 539 735 600 post
758 530 1062 586 uoluntatem
1086 528 1322 597 juvatur;
1362 525 1439 579 vel
1462 525 1531 580 ad
1553 526 1718 593 ipsam
1741 528 2066 595 vocationem,
2094 543 2209 598 qute

621 628 889 692 prematur
910 618 1150 689 indignis.
1194 615 1306 671 Hoc
1325 617 1457 672 erum
1480 625 1527 672 et
1548 617 1652 673 illis
1688 617 1809 674 locis
1838 626 2036 672 tuorum
2078 635 2206 690 opu-

618 710 875 768 sculorum
900 718 943 765 et
981 708 1229 774 aliorum,
1255 723 1369 776 qua:
1400 710 1627 778 persequi
1663 708 1872 779 longum
1901 720 2001 777 est,
2034 728 2085 766 se
2113 712 2206 767 de-

617 816 899 863 monstrare
922 811 1187 859 testantur.

691 900 745 956 8.
798 895 1141 953 Pmuloruns
1186 902 1353 949 autem
1397 910 1603 950 causam
1645 896 1715 949 ad
1760 897 2045 965 eaenspium
2092 913 2205 951 ma-

611 994 789 1062 jorum
842 1004 944 1043 non
992 986 1254 1059 patiuntur
1301 984 1475 1051 afferri
1526 1001 1543 1040 :
1582 1000 1733 1057 quam
1784 997 1831 1041 et
1881 996 2021 1041 tuam
2070 988 2208 1042 San-

614 1086 837 1139 ctitatem
861 1080 1034 1135 dicunt
1064 1088 1268 1135 eatenus
1295 1078 1608 1148 attigisse,ut
1630 1079 1874 1132 incertum
1900 1095 2008 1132 esse
2035 1079 2205 1133 uolue-

615 1178 711 1245 ris,
737 1192 798 1229 ac
825 1175 990 1246 potius
1013 1172 1078 1227 de
1105 1187 1279 1226 eorum
1317 1172 1476 1241 plenis
1508 1171 1747 1225 malueris
1786 1171 2024 1225 dubitari.
2060 1171 2208 1238 Quod

612 1270 670 1323 in
697 1268 823 1323 libro
861 1268 1005 1321 tertio
1033 1265 1098 1319 ds
1125 1263 1306 1319 Libero
1332 1263 1555 1317 Arbitrio
1581 1265 1654 1317 ita
1690 1265 1905 1333 positum
1942 1265 2207 1319 meministi

617 1360 729 1434 (lib.
759 1362 825 1426 5,
853 1376 899 1412 c.
935 1357 1066 1428 23),
1097 1364 1153 1409 ut
1196 1355 1327 1408 hanc
1379 1355 1451 1410 eis
1496 1356 1805 1410 occasionem
1858 1357 2073 1425 potuerit
2114 1372 2206 1410 ea:-

614 1452 802 1506 hibers.
835 1448 946 1504 Hoc
965 1449 1118 1504 etiam
1144 1448 1209 1501 de
1229 1447 1449 1500 aliorum
1468 1444 1609 1500 libris
1629 1463 1841 1513 quorum
1862 1456 1934 1501 est
1955 1448 2009 1502 in
2034 1446 2207 1502 Eccle-

612 1547 694 1599 sia
730 1543 1005 1597 auctoritas
1026 1580 1041 1607 ,
1072 1540 1265 1610 faciunt
1290 1539 1426 1608 quod
1453 1540 1686 1608 perspicit
1715 1539 1972 1595 Sanctitas
1996 1550 2083 1593 tua
2105 1556 2207 1595 non

612 1653 799 1708 parum
841 1652 988 1707 posse
1017 1635 1204 1703 javare
1246 1631 1670 1698 contradictores,
1712 1634 1810 1688 nisi
1848 1636 2079 1705 majora,
2121 1644 2208 1689 aut

614 1738 749 1783 certe
774 1730 849 1781 vel
878 1727 1024 1797 paria
1056 1728 1378 1796 proferantur
1401 1740 1434 1777 a
1468 1723 1612 1780 nobis
1649 1740 1668 1780 :
1700 1742 1800 1779 non
1835 1728 1968 1780 enim
2006 1728 2207 1798 ignorat

616 1819 1008 1889 prudentissima
1036 1818 1194 1887 pietas
1220 1826 1305 1870 tua
1339 1825 1527 1886 quanto
1556 1816 1724 1887 plures
1749 1819 1849 1872 sint
1873 1819 1926 1872 in
1956 1817 2202 1887 Ecclesia,

616 1912 705 1982 qui
745 1911 1039 1962 auctoritate
1080 1908 1340 1961 nominum
1376 1908 1431 1961 in
1468 1909 1712 1961 sententia
1740 1918 2033 1977 teneantur,
2064 1919 2149 1963 aut
2173 1928 2206 1964 a

613 2001 861 2055 sententia
890 2002 1275 2069 transferantur.
1308 1997 1389 2052 Ad
1412 2014 1688 2062 summam,
1720 2000 1944 2070 fatigatis
1977 2000 2206 2055 omnibus

612 2092 778 2155 nobis,
801 2091 869 2144 ad
892 2090 945 2143 id
969 2091 1251 2158 prosecutio
1273 2104 1469 2154 eorum,
1492 2088 1571 2142 uel
1594 2090 1761 2160 potius
1778 2091 1980 2160 querela
2002 2106 2206 2145 conver-

614 2185 737 2235 titur
756 2222 770 2246 ,
802 2180 1219 2235 consentientibus
1246 2180 1393 2233 etiam
1436 2179 1514 2233 his
1556 2181 1643 2249 qui
1690 2180 1821 2233 hanc
1863 2181 2205 2249 deﬁnitionem

612 2262 901 2346 improbare
923 2290 1025 2327 non
1050 2271 1258 2338 audent,
1288 2278 1340 2323 ut
1360 2271 1529 2325 dicant
1553 2287 1571 2326 :
1594 2271 1731 2337 Quid
1749 2288 1878 2345 opus
1898 2273 1995 2341 fuit
2020 2274 2202 2345 hujus-

616 2364 813 2418 cemodi
863 2363 1216 2434 disputationis
1257 2362 1444 2415 incerto
1491 2370 1562 2415 tot
1611 2364 1777 2417 minus
1822 2363 2203 2436 intelligentium

614 2454 772 2507 corda
796 2454 1024 2507 turbati?
1056 2451 1232 2523 Neque
1254 2452 1388 2506 enim
1415 2454 1580 2507 asinus
1603 2455 1790 2508 utiliter
1815 2456 1924 2509 sine
1951 2456 2047 2510 hac
2074 2457 2203 2525 deﬁ-

614 2548 831 2611 nitione,
864 2547 1042 2611 aiunt,
1070 2554 1142 2598 tot
1167 2545 1315 2598 annis
1337 2559 1373 2598 a
1398 2554 1470 2597 tot
1495 2546 1847 2602 traetatoribus
1868 2586 1883 2612 ,
1916 2556 1986 2601 tot
2016 2563 2203 2617 praece-

615 2638 844 2691 dentibus
870 2637 1011 2691 libris
1036 2645 1081 2689 et
1106 2637 1205 2691 tuis
1230 2645 1279 2689 et
1298 2636 1544 2703 aliorum,
1573 2653 1686 2691 cum
1712 2647 1887 2692 contra
1915 2640 2063 2707 alios,
2097 2649 2202 2694 tum

611 2729 834 2781 maxime
884 2736 1059 2783 contra
1111 2724 1417 2797 Pelagianos
1434 2767 1451 2794 ,
1495 2727 1797 2782 catholicam
1846 2729 1999 2797 fidem
2050 2732 2203 2799 fuisse

615 2822 891 2893 defensam.

685 2913 737 2968 9.
783 2911 941 2979 time,
972 2911 1042 2964 mi
1068 2918 1242 2981 pater,
1271 2919 1317 2964 et
1339 2910 1443 2966 alia
1471 2911 1900 2966 interminabiliter
1932 2913 2112 2983 plura,
2145 2924 2201 2967 ut

613 3020 810 3060 summa
839 3020 951 3058 mea
982 3013 1099 3058 uota
1126 3003 1400 3071 conﬁtear,
1432 3018 1522 3073 per
1553 3018 1632 3056 me
1656 3002 1851 3073 deferre
1875 3004 2200 3071 maluissem;

611 3100 690 3152 uel
711 3138 725 3161 ,
768 3098 889 3167 quia
931 3097 1024 3152 hoc
1066 3111 1167 3151 non
1195 3095 1392 3161 merui,
1443 3096 1621 3149 saltem
1667 3096 1938 3166 prolisiore
1979 3106 2203 3165 tempore

614 3190 783 3242 omnia
810 3190 988 3258 quibus
1014 3197 1309 3253 mouentur,
1342 3188 1551 3242 collecta
1577 3188 1794 3257 dirigere
1830 3202 1847 3241 :
1874 3196 1931 3241 ut
1959 3187 2200 3257 quidquid

612 3280 678 3333 de
704 3281 798 3333 hac
823 3295 878 3333 re
902 3279 1264 3332 contradicitur
1281 3320 1296 3345 ,
1328 3288 1574 3348 quatenus
1605 3279 1769 3347 refelli
1787 3317 1800 3341 ,
1831 3278 1909 3332 uel
1937 3281 1978 3332 si
2018 3279 2071 3332 ia
2098 3295 2196 3334 non

610 3381 808 3444 potest,
836 3372 1039 3426 tolerari
1064 3372 1292 3437 deberet,
1324 3372 1571 3425 audirem.
1602 3371 1706 3426 Sed
1731 3374 1848 3441 quia
1880 3382 2109 3427 neutrum
2137 3391 2199 3430 ea:

610 3473 723 3518 uoto
765 3464 1021 3535 provenit,
1060 3463 1216 3516 malui
1256 3462 1507 3533 quomodo
1541 3464 1681 3533 potui
1712 3463 1817 3517 hcce
1843 3466 2199 3534 comprehensa

612 3557 859 3628 dirigere,
901 3573 1051 3623 quam
1088 3556 1285 3627 penitus
1314 3556 1377 3610 de
1404 3565 1543 3609 tanta
1570 3557 1903 3626 quorumdam
1938 3559 2196 3612 contradi-

610 3650 774 3703 ctione
811 3650 1037 3703 reticere.
1089 3648 1219 3703 Sunt
1264 3663 1327 3702 ea:
1369 3656 1511 3715 parte
1555 3648 1679 3700 tales
1718 3663 1971 3717 personae,
2003 3656 2058 3700 ut
2096 3649 2193 3715 his,

612 3742 967 3796 consuetudine
995 3743 1327 3795 ecclesiastica
1348 3784 1362 3808 ,
1406 3742 1559 3795 laicos
1599 3758 1845 3795 summam
1874 3745 2197 3799 reverentiam

610 3849 810 3887 necesse
835 3834 898 3887 sit
928 3833 1173 3888 exhibere.
1228 3834 1375 3899 Quod
1418 3834 1620 3899 quidem
1663 3835 1733 3887 ita
1774 3837 2055 3890 curavimus
2094 3836 2196 3892 Deo

605 3926 813 3997 iuvante
836 3940 1062 3989 seruare,
1094 3932 1171 3990 ut,
1204 3940 1317 3977 cum
1347 3940 1474 3995 opus
1503 3924 1619 3993 fuit,
1653 3942 1751 3979 non
1783 3935 2056 3982 taceremus
2084 3945 2196 3999 qua:

607 4015 677 4068 ad
702 4017 989 4087 quaestionis
1014 4016 1165 4087 hujus
1189 4016 1514 4071 assertionem
1537 4017 1782 4088 exiguitas
1808 4030 2091 4074 nostrarum
2117 4022 2192 4074 vi-

607 4110 740 4162 rium
770 4108 1081 4181 suggerebat.
1117 4108 1224 4162 Sed
1255 4125 1388 4162 nunc
1414 4108 1702 4163 summatim
1724 4152 1737 4176 ,
1780 4118 2022 4181 quantum
2055 4111 2195 4181 festi-

606 4203 745 4253 natio
769 4200 1031 4270 perlatoris
1052 4199 1273 4265 admisit,
1298 4200 1403 4254 htec
1422 4199 1555 4253 velut
1575 4202 1932 4255 commonendo
1949 4206 2189 4273 suggessi.

606 4290 735 4344 Tua:
757 4301 941 4344 sancta:
968 4291 1249 4361 prudentis:
1274 4300 1344 4345 est
1371 4290 1617 4361 dispicere
1642 4292 1764 4361 quid
1791 4295 1921 4361 facto
1952 4308 2077 4363 opus
2105 4294 2187 4361 sit,

607 4390 667 4433 ut
695 4381 870 4433 talium
899 4390 943 4432 et
975 4390 1229 4433 tantorum
1256 4391 1518 4450 superetur
1542 4383 1619 4435 vel
1645 4390 1941 4449 temperetur
1963 4384 2187 4437 intentio.

610 4471 705 4526 Cui
742 4488 831 4543 ego
863 4472 976 4542 jam
1007 4488 1187 4544 parum
1213 4474 1447 4543 prodesse
1470 4476 1697 4528 existimo
1725 4484 1772 4529 te
1801 4476 2009 4531 reddere
2032 4479 2189 4533 ratio-

608 4577 749 4625 nem,
780 4561 877 4615 nisi
904 4570 951 4614 ct
974 4560 1196 4615 addatur
1220 4563 1489 4616 auctoritas
1524 4579 1674 4631 quam
1711 4568 1991 4637 transgredi
2018 4569 2190 4641 infati-

609 4651 838 4722 gabiliter
863 4653 1173 4705 contentiosa
1199 4653 1353 4706 corda
1381 4669 1481 4706 non
1508 4653 1717 4723 possint.
1754 4654 1860 4709 Sed
1893 4656 2042 4727 plane
2063 4659 2190 4713 illud

610 4750 771 4796 tacere
795 4759 896 4796 non
924 4742 1096 4807 debeo,
1125 4742 1261 4811 quod
1284 4760 1337 4797 se
1363 4743 1533 4797 dicant
1557 4752 1695 4798 tuam
1722 4746 2068 4817 Sanctitatem,
2096 4752 2190 4806 hoc

609 4847 815 4907 excepto
836 4877 848 4900 ,
876 4836 931 4888 in
955 4836 1101 4907 factis
1127 4846 1172 4889 et
1200 4836 1348 4890 dictis
1371 4837 1597 4891 omnibus
1620 4839 1886 4893 admirari.
1914 4840 2076 4895 Tuum
2098 4844 2191 4897 erit

611 4926 872 4981 decernere
909 4926 1156 4996 quomodo
1192 4926 1255 4981 sit
1283 4928 1336 4980 in
1362 4928 1455 4982 hoc
1489 4944 1659 4982 eorum
1694 4932 2023 4986 contradictio
2061 4934 2187 4987 tole-

608 5019 791 5071 renda.
821 5017 933 5072 Nec
952 5018 1145 5073 mireris
1168 5018 1302 5089 quod
1322 5020 1469 5073 aliter
1493 5020 1568 5074 vel
1591 5020 1761 5092 aliqua
1784 5022 1836 5074 in
1862 5023 1955 5076 hac
1980 5025 2190 5093 epistola

610 5108 821 5174 addidi,
851 5121 1095 5181 quantum
1118 5119 1238 5182 puto
1257 5151 1271 5177 ,
1302 5124 1416 5179 qua:
1442 5112 1495 5165 in
1519 5113 1773 5181 superiore
1801 5130 1902 5167 non
1926 5115 2188 5183 dixeram;

609 5200 730 5258 talis
754 5210 831 5258 est
852 5202 985 5257 enim
1007 5218 1140 5255 nunc
1159 5217 1332 5256 eorum
1360 5202 1604 5271 definitio,
1636 5214 1818 5274 prtcter
1845 5205 1937 5259 illa
1966 5222 2080 5277 qua:
2100 5223 2189 5278 per

607 5295 980 5365 festinationem
1003 5300 1090 5345 aut
1111 5292 1406 5347 obliuionem
1433 5296 1645 5365 fortasse

683 5386 769 5443 10.
799 5384 994 5450 Libros,
1027 5400 1142 5437 cum
1166 5384 1288 5438 editi
1316 5386 1521 5455 fuerint,
1550 5401 1675 5455 quos
1694 5387 1759 5441 de
1780 5389 2013 5443 universo
2038 5404 2188 5460 opere

572 5473 590 5505 ‘
610 5489 697 5531 tuo
725 5476 919 5530 moliris
948 5473 1059 5548 (a),
1100 5489 1269 5545 quaso
1308 5475 1487 5529 habere
1520 5492 1838 5544 mereamur;
1877 5481 2094 5535 maxime
2131 5492 2187 5537 ut

610 5586 700 5641 per
725 5585 898 5624 eorum
926 5568 1291 5632 auctoritatem,
1320 5568 1362 5622 si
1391 5584 1489 5639 qua
1512 5570 1602 5622 tibi
1629 5569 1681 5624 in
1705 5571 1804 5624 tuis
1836 5571 2122 5642 displicent,
2154 5592 2185 5630 a

610 5662 856 5733 dignitate
885 5663 959 5713 tui
981 5660 1199 5715 nominis
1215 5676 1326 5730 1am
1351 5677 1452 5715 non
1480 5663 1663 5734 trepidi
1689 5673 2065 5735 sequestremus.
2096 5665 2185 5721 Li-

613 5753 756 5806 brum
785 5753 934 5807 etiam
960 5752 1024 5805 de
1053 5752 1231 5807 Gratia
1253 5763 1299 5806 et
1331 5753 1510 5809 Libero
1532 5754 1751 5810 Arbitrio
1778 5773 1879 5813 non
1908 5758 2181 5827 habemus;

672 5863 747 5926 (a)
770 5865 1169 5915 Retractationum
1183 5864 1333 5918 libros
1351 5864 1596 5931 intelligit.

1851 413 1906 468 s.
1950 412 2311 473 sucusmu
2351 412 2651 477 EPISCOPI
2688 400 2691 405 ’

3750 447 3861 511 1012

2316 537 2541 600 superest
2561 541 2613 585 ut
2634 548 2768 601 eum,
2798 536 2919 608 quia
2943 539 3118 597 utilem
3145 550 3408 615 quaestioni
3435 555 3743 627 conﬁdimus,
3769 583 3855 619 me.

2315 636 2519 677 reamur
2545 626 2787 696 accipere.
2822 625 2960 685 Nolo
2988 640 3153 689 autem
3193 626 3453 697 Sanctitas
3487 625 3574 699 tua
3600 648 3668 703 sic
3784 672 3855 709 ar-

2315 713 2527 769 bitretur
2558 718 2664 772 hac
2689 720 2904 777 scribere
2925 766 2940 790 ,
2981 728 3129 795 quasi
3167 728 3229 783 de
3256 730 3319 786 iis
3347 747 3463 801 qua
3486 753 3615 793 nunc
3654 742 3854 814 edidisti,

2316 822 2405 878 ego
2439 808 2677 864 dubitem.
2713 811 2941 883 Sufﬁciat
2965 817 3091 871 mihi
3114 836 3261 890 paena
3286 839 3396 879 mea
3413 869 3428 891 ,
3456 832 3589 900 quod
3615 848 3645 885 a
3672 808 3857 905 ρηεεεηξ

2315 899 2399 953 me
2438 909 2537 955 ιιιω
2559 902 2754 959 deliciis
2782 906 3072 976 exsulatus,
3106 912 3188 966 ubi
3230 899 3515 977 salubribus
3543 924 3641 977 tuis
3667 899 3861 988 uberibus

2314 991 2591 1059 nutriebar,
2620 1009 2721 1048 non
2746 996 2913 1050 solum
2940 1000 3163 1055 absentia
3190 1010 3277 1057 tua
3301 1010 3519 1080 crucior,
3552 1029 3710 1069 verum
3737 1021 3859 1075 etiam

2315 1082 2593 1150 pervicacia
2634 1089 2993 1157 quorumdam,
3038 1095 3124 1163 qui
3162 1110 3261 1149 non
3296 1107 3492 1155 tantum
3534 1108 3863 1177 manifestare.

2313 1182 2525 1242 spuunt,
2559 1176 2648 1230 sed
2673 1177 2823 1231 etiam
2847 1196 2946 1235 non
2967 1182 3218 1239 intellecta
3240 1191 3633 1261 reprehendunt.
3654 1200 3861 1256 (Steterunt

2314 1262 2409 1317 hac
2434 1267 2718 1336 suspicione
2744 1269 2796 1323 in
2826 1280 3019 1327 tantum
3045 1290 3226 1345 careo,
3258 1288 3315 1333 ut
3350 1284 3516 1353 potius
3554 1285 3860 1357 infirmitatem

2312 1371 2503 1422 meam,
2544 1375 2644 1425 qua
2672 1361 2797 1416 tales
2839 1380 3018 1435 parum
3048 1368 3293 1437 patienter
3323 1374 3430 1443 fero
3455 1418 3469 1442 ,
3504 1380 3757 1437 notabilem
3778 1402 3857 1456 pu-

2313 1454 2432 1500 tem.
2468 1448 2696 1513 Qualiter
2730 1461 2898 1508 autem
2935 1457 3005 1510 ad
3042 1458 3152 1513 haec
3180 1464 3545 1523 consulendum
3568 1448 3788 1541 judices,
3816 1488 3858 1532 ut

2314 1539 2439 1607 dixi,
2472 1550 2571 1596 tua:
2594 1546 2856 1616 sapientiae
2894 1548 3206 1623 derelinquo.
3240 1552 3379 1611 Nam
3416 1560 3483 1613 ad
3512 1539 3591 1617 me
3623 1566 3710 1619 hoc
3732 1539 3855 1637 perti-

2313 1647 2430 1685 nere
2461 1634 2672 1701 credidi,
2714 1652 2805 1708 pro
2833 1656 2891 1692 ea
2915 1657 3066 1711 quam
3095 1642 3294 1701 Christo
3321 1648 3399 1703 vel
3429 1651 3518 1705 tibi
3546 1653 3690 1710 debeo
3715 1634 3851 1713 chari-

2314 1732 2432 1790 tate,
2463 1735 2518 1779 ut
2545 1743 2658 1797 qua:
2684 1729 2737 1783 in
2756 1733 3080 1799 qumtionem
3106 1737 3329 1807 veniunt,
3357 1756 3459 1795 non
3481 1750 3702 1801 tacerem.
3726 1748 3851 1814 Quid-

2311 1818 2434 1889 quid
2484 1835 2577 1889 pro
2630 1838 2688 1874 ea
2731 1824 2897 1894 gratia
2947 1842 3098 1897 quam
3140 1829 3192 1884 in
3236 1840 3283 1885 te
3328 1835 3502 1903 pusilli
3545 1853 3655 1893 cum
3692 1844 3848 1913 magnis

2312 1909 2557 1963 miramur
2579 1952 2593 1976 ,
2622 1913 2837 1968 volueris
2863 1927 2949 1970 aut
2974 1919 3191 1975 colueris
3210 1963 3225 1989 ,
3256 1924 3541 1994 gratissime
3564 1932 3843 2001 accipiemus,

2313 2006 2551 2069 tanquam
2578 2018 2610 2055 a
2644 2004 2788 2058 nobis
2824 2006 3121 2064 charissima
3147 2022 3195 2066 et
3228 2017 3643 2074 reverendissima
3666 2024 3843 2076 auctori-

2314 2097 2413 2142 tate
2435 2092 2705 2146 dccretum.
2746 2094 2886 2151 Sane
2921 2098 3041 2169 quia
3064 2142 3080 2166 ,
3118 2113 3321 2174 urgente
3346 2108 3622 2178 perlatore,
3657 2112 3778 2166 timui
3797 2131 3841 2167 tu

2311 2183 2387 2236 vel
2406 2199 2507 2237 non
2532 2187 2719 2253 omnia,
2753 2188 2828 2241 vel
2850 2190 2955 2243 htec
2980 2192 3091 2261 ipsa
3117 2196 3281 2249 asinus
3308 2198 3478 2269 digne,
3508 2204 3716 2258 conscius
3735 2219 3840 2259 mta-

2310 2290 2424 2327 rum
2453 2276 2633 2329 virium
2650 2320 2662 2344 ,
2694 2296 2888 2349 possem
2908 2283 3156 2355 dirigere;
3184 2287 3264 2358 egi
3291 2304 3407 2343 cum
3431 2292 3558 2359 viro,
3601 2301 3695 2347 tum
3717 2297 3840 2349 mori-

2314 2365 2525 2419 bustum
2552 2368 2748 2432 eloquio
2775 2379 2822 2423 et
2848 2373 3013 2427 studio
3034 2375 3193 2443 claro,
3220 2387 3276 2431 ut
3295 2389 3485 2449 quanta
3506 2394 3657 2454 posset
3674 2385 3839 2439 collecta

2309 2456 2415 2509 suis
2446 2456 2621 2512 litteris
2643 2459 2893 2516 intimaret
2921 2462 3000 2535 (a)
3034 2483 3045 2518 :
3072 2482 3197 2536 quas
3222 2470 3516 2541 conjunctas
3542 2474 3613 2529 his
3636 2476 3838 2532 destinare

2312 2549 2502 2602 curavi.
2537 2548 2630 2604 Est
2655 2553 2785 2605 enim
2812 2553 2928 2608 talis
2948 2558 3060 2625 qui,
3090 2558 3237 2612 etiam
3259 2572 3445 2630 prteter
3469 2564 3595 2619 hanc
3619 2567 3837 2621 necessita-

2310 2646 2441 2707 tem,
2474 2640 2657 2711 dignus
2684 2650 2784 2697 tua:
2826 2645 3121 2702 Sanctitatis
3150 2652 3328 2705 notitia
3354 2655 3630 2725 judicetur.
3662 2656 3839 2713 Sumtus

2309 2726 2549 2784 Leontius
2591 2732 2837 2788 diaconus
2878 2738 3044 2792 cultor
3082 2751 3199 2795 tuus
3223 2783 3236 2805 ,
3280 2760 3393 2797 cum
3440 2749 3561 2802 meis
3604 2750 3838 2816 parentibus

2314 2820 2525 2874 multum
2560 2832 2607 2875 te
2646 2825 2852 2879 salutat.
2897 2827 3172 2885 Mentoreos
3216 2836 3313 2887 mei
3353 2834 3699 2894 Paternitatem
3732 2852 3835 2894 tuam

2311 2908 2561 2965 Dominus
2586 2911 2816 2969 Christus
2848 2916 3091 2974 Ecclesia!
3124 2938 3232 2978 sua:
3268 2930 3415 2981 annis
3441 2930 3655 2999 pluribus
3689 2933 3835 2985 deum

2312 3001 2574 3072 dignetur,
2602 3003 2802 3063 domine
2830 3018 2989 3078 pater.
3017 3012 3084 3067 Et
3112 3014 3245 3070 infra
3274 3035 3285 3070 :
3321 3018 3462 3073 Sciat
3494 3020 3727 3078 Sanctitas
3747 3035 3831 3089 tua,

2310 3095 2519 3164 fratrem
2574 3114 2769 3166 meum,
2812 3104 2957 3172 cujus
3003 3108 3220 3163 maxime
3286 3127 3442 3166 causa
3492 3114 3605 3169 hinc
3649 3116 3833 3171 discessi-

2309 3200 2451 3253 mus,
2498 3205 2613 3242 cum
2646 3200 2876 3248 matrona
2922 3211 3015 3251 sua
3057 3214 3121 3253 ea:
3161 3217 3403 3257 consensu
3451 3212 3701 3278 perfectam
3744 3207 3827 3263 Deo

2309 3277 2666 3333 continentiam
2723 3282 2992 3341 devovisse.
3062 3288 3210 3345 Unde
3264 3309 3503 3365 rogamus
3542 3277 3832 3353 Sanctitatem

2307 3376 2468 3435 tuam,
2503 3381 2555 3424 ut
2580 3386 2726 3426 orare
2748 3375 2970 3446 digneris
2996 3394 3096 3451 quo
3134 3381 3227 3437 hoc
3251 3383 3419 3455 ipsum
3460 3386 3513 3441 in
3542 3387 3607 3442 eis
3629 3384 3833 3443 Dominus

2306 3462 2610 3530 confirmare
2627 3473 2674 3518 et
2696 3467 2946 3523 custodire
2970 3471 3219 3542 dignetur.

2688 3596 3015 3655 EPISTULA
3054 3600 3329 3663 CCXXVII
3362 3612 3375 3630 ‘
3406 3610 3503 3677 (b).

2307 3702 2617 3771 Augustinus
2639 3706 2823 3776 Alypio
2848 3711 2976 3777 seni,
3004 3712 3066 3766 de
3093 3712 3376 3771 Gabiniano
3398 3736 3566 3777 recens
3591 3721 3825 3792 baptismo.

2341 3791 2468 3846 etde
2493 3792 2736 3851 Dioscoro
2758 3798 3014 3856 miraculis
3032 3818 3267 3860 converso
3293 3807 3363 3860 ad
3385 3791 3801 3867 Christianismum.

2711 3907 3042 3967 Aucusrtuus
3058 3953 3073 3978 ,
3102 3915 3302 3971 Anmo
3332 3920 3467 3974 seni.

2376 4014 2562 4071 Frater
2593 4017 2787 4073 Paulus
2812 4020 2898 4076 hic
2927 4032 3008 4077 est
3037 4022 3337 4097 incolumis,
3368 4039 3605 4101 apportet
3632 4034 3831 4104 negotio.

2303 4121 2419 4163 rum
2458 4123 2675 4165 suorum
2719 4114 2978 4168 secundas
3014 4130 3201 4185 curas;
3242 4126 3515 4192 praestabit
3546 4128 3765 4182 Dominus
3788 4136 3831 4180 ut

2302 4204 2461 4255 etiam
2493 4202 2620 4271 ipsae
2648 4202 2844 4257 ultimae
2875 4205 2999 4261 sint.
3032 4206 3249 4264 Multum
3282 4226 3376 4269 vos
3402 4216 3624 4283 salutat,
3652 4226 3700 4272 et
3734 4232 3832 4271 nar-

2302 4297 2384 4346 rat
2403 4293 2590 4362 gaudia
2617 4293 2686 4349 de
2713 4294 3008 4353 Gabiniano
3030 4299 3045 4330 ¹
3062 4342 3076 4366 ,
3106 4300 3246 4372 quod
3275 4305 3341 4357 ab
3363 4304 3453 4360 illa
3481 4322 3571 4362 sua
3597 4323 3735 4363 causa
3756 4306 3833 4361 mi-

2300 4384 2588 4441 sericordia
2613 4388 2707 4443 Dei
2734 4386 2985 4445 liberatus
3008 4434 3022 4457 ,
3055 4407 3161 4448 non
3189 4394 3359 4451 solum
3391 4398 3696 4456 Christianus
3715 4442 3728 4466 ,
3756 4399 3835 4455 sed

2299 4474 2458 4529 etiam
2502 4475 2670 4532 ﬁdelis
2700 4479 2769 4532 sit
2808 4480 2962 4535 valde
3004 4482 3213 4552 bonus,
3258 4501 3354 4556 per
3394 4489 3593 4545 Pascha
3636 4494 3837 4562 proxime

2300 4566 2628 4636 baptizatus,
2680 4570 2732 4624 in
2779 4571 2939 4627 corde
2980 4582 3139 4644 atque
3182 4574 3234 4630 in
3274 4592 3369 4633 ore
3412 4580 3610 4637 habens
3648 4585 3835 4654 gratiam

2299 4671 2455 4727 quam
2505 4660 2757 4730 percepit.
2808 4661 3072 4728 Quantum
3117 4681 3241 4723 eum
3291 4668 3608 4738 desiderem,
3658 4672 3837 4743 quando

2299 4748 2616 4819 explicabo?
2668 4752 2762 4807 sed
2815 4756 2953 4810 nosti
3000 4764 3059 4812 ut
3107 4774 3227 4814 eum
3270 4758 3505 4834 diligam.
3558 4763 3836 4821 Archiater'

2299 4840 2459 4895 etiam
2486 4842 2766 4899 Dioscorus
2794 4844 3111 4905 christianos
3139 4852 3310 4909 ﬁdelis
3339 4864 3441 4923 est,
3473 4857 3624 4912 simul
3646 4855 3835 4928 gratiam

2299 4944 2659 5001 consecutus;
2722 4936 2844 4991 audi
2909 4940 3068 4996 etiam
3130 4947 3575 5013 quemadmodum
3628 4966 3641 5003 :
3691 4961 3836 5017 neque

2298 5025 2439 5077 enim
2476 5027 2739 5082 cervicula
2777 5029 2864 5083 illa
2895 5031 2983 5087 vel
3017 5031 3192 5104 lingua
3216 5078 3229 5103 ,
3280 5037 3381 5093 nisi
3422 5040 3594 5111 aliquo
3630 5038 3833 5113 prodigio

2298 5113 2623 5171 domaretnr.
2677 5117 2808 5175 Filia
2854 5123 2970 5192 ejus
3016 5125 3067 5179 in
3120 5142 3224 5196 qua
3267 5129 3423 5184 unica
3468 5129 3831 5203 acquiescebal.

2296 5206 2581 5275 aegrotabat
2600 5248 2613 5274 ,
2650 5218 2705 5264 et
2736 5224 2902 5281 usque
2929 5212 2995 5268 ad
3027 5223 3187 5270 totam
3217 5217 3637 5291 desperationem
3675 5219 3835 5275 salutis

2361 5362 2377 5428 ξ
2400 5367 2507 5428 Mss,
2530 5363 2673 5428 Corb._
2691 5370 2936 5428 etcum,
2955 5368 3225 5424 Gaviniano.

2357 5420 2902 5501 architlteater.
2918 5420 3093 5481 films.
3112 5420 3330 5485 melioris
3353 5444 3499 5501 noue,
3525 5437 3763 5499 Archiater,
3789 5435 3829 5484 id

2295 5489 2369 5534 est
2392 5485 2607 5535 meditans
2629 5488 2866 5551 princeps.

2356 5568 2371 5587 '
2385 5570 2647 5639 queoensita
2668 5575 2746 5621 est
2764 5571 2827 5622 sd
2843 5570 2909 5622 bl.
2934 5572 2986 5623 if.
3009 5586 3094 5639 σε.
3111 5590 3153 5627 ι·.
3176 5579 3255 5629 ὠ.
3275 5592 3349 5632 vc.
3369 5596 3416 5634 ν.
3440 5584 3559 5635 dum
3574 5590 3606 5633 t.
3628 5590 3716 5633 Am.
3736 5580 3828 5631 ead.

2292 5635 2737 5772 grosperum
2767 5696 3045 5761 intelligere
3081 5701 3288 5767 videtur,
3323 5709 3458 5771 cujus
3493 5708 3707 5772 praedis
3738 5705 3828 5769 cpi-

2289 5755 2427 5805 stola.
2924 5755 2950 5761 ν
3275 5755 3286 5767 ,
3360 5755 3455 5771 ιη
3493 5755 3702 5772 ,πη-η
3765 5755 3776 5769 ,

2291 5815 3107 5924 “93231193233333.3337
3128 5836 3257 5893 ⁸⁸³⁸*
3271 5843 3399 5882 ωηο
3422 5831 3697 5895 meanu-
3716 5828 3825 5878 tau

2291 5876 2369 5926 an;
2397 5876 2502 5937 λεδ,
2526 5887 2608 5929 aut
2624 5876 2741 5941 429,"
2752 5891 2857 5944 post
2879 5876 3063 5937 Pascha.
