4024 6422
208 408 350 467 1015

206 519 563 595 temporalis,
598 521 802 579 eodem
848 520 962 597 ipso
988 526 1136 593 patre
1162 517 1532 595 renuntiante,
1562 514 1823 590 pervenit.

206 615 413 671 Dicitur
434 626 608 693 ergo;
662 622 722 669 et
756 620 998 679 constat,
1041 626 1158 666 cum
1200 607 1326 664 mihi
1356 606 1457 663 hoc
1485 615 1539 664 et
1563 614 1688 661 ante
1716 605 1824 661 fra-

208 708 305 762 tris
333 704 494 760 Pauli
534 701 784 760 reditum
807 746 820 769 ,
853 710 1034 760 comes
1062 700 1400 773 Peregrinus,
1427 699 1509 755 vir
1546 696 1825 754 laudabilis

208 806 260 854 et
301 797 444 852 bene
491 793 874 859 christianus,
919 794 1007 865 qui
1056 806 1176 848 cum
1222 791 1299 849 eis
1347 790 1537 847 eodem
1584 798 1825 859 tempore

208 889 517 961 baptizatus
552 895 645 941 est
663 929 678 952 ,
711 886 956 947 indicarit
987 904 1000 942 :
1027 884 1220 940 dicitur
1248 897 1375 955 ergo
1402 880 1493 938 ille
1514 896 1677 937 senex
1703 887 1825 936 tan-

210 980 331 1036 dem
380 992 707 1034 convcrsus
748 975 816 1033 ad
856 975 1236 1047 lmpiorandam
1272 973 1471 1030 Christi
1514 972 1825 1029 misericor-

195 1058 350 1142 idiam
371 1113 387 1139 ,
436 1077 575 1125 voto
609 1084 676 1126 se
709 1070 1002 1138 obligasse,
1031 1067 1375 1123 christianum
1404 1064 1517 1121 fore
1540 1107 1555 1133 ,
1604 1062 1650 1118 si
1677 1063 1823 1118 illam

210 1162 411 1218 salvam
462 1159 716 1217 videret.
762 1158 981 1216 Factum
1025 1168 1126 1215 est.
1166 1159 1236 1213 At
1279 1158 1369 1213 ille
1418 1154 1558 1229 quod
1606 1163 1827 1211 voverat

209 1250 601 1310 dissimulabat
652 1251 933 1309 exsolvere
962 1269 975 1306 :
1004 1250 1097 1306 sed
1141 1248 1314 1305 adhuc
1360 1262 1550 1305 manus
1591 1246 1820 1305 excelsa.

208 1342 341 1402 Nam
372 1343 681 1417 repentina
709 1342 946 1398 cmcitate
974 1339 1291 1396 sutiunditur
1320 1357 1333 1395 :
1363 1338 1647 1410 statimque
1680 1338 1825 1395 venit

210 1438 263 1492 in
290 1446 539 1492 mentem
580 1436 739 1491 unde
774 1434 908 1490 illud
952 1442 1123 1499 esset;
1166 1432 1480 1489 exclamavit
1518 1430 1820 1500 confitens,

212 1536 373 1599 atque
413 1529 627 1583 iterum
674 1527 852 1591 vovit,
897 1540 955 1580 sc
992 1532 1205 1595 recepto
1248 1524 1449 1579 lumine
1482 1520 1822 1593 impleturum

211 1634 330 1675 esse
360 1617 514 1689 quod
548 1627 797 1673 voverat.
825 1616 1085 1686 Recepit,
1112 1613 1353 1688 implevit
1383 1633 1397 1669 :
1428 1620 1482 1671 et
1510 1613 1681 1669 adhuc
1710 1627 1823 1668 ma-

212 1725 310 1768 nus
355 1710 607 1767 excelsa.
655 1707 965 1781 Symbolum
1011 1721 1117 1764 non
1160 1714 1432 1774 tenuerat,
1481 1713 1571 1761 aut
1596 1704 1822 1761 fortasse

213 1810 398 1859 tenere
424 1809 826 1865 recusaverat,
855 1808 909 1855 et
944 1813 1005 1855 se
1029 1813 1135 1854 non
1165 1798 1400 1868 potuisse
1427 1802 1774 1853 excusaverat
1803 1814 1817 1851 :

214 1893 354 1949 Deus
392 1891 642 1947 viderat.
685 1892 801 1947 iam
832 1898 942 1946 tum
972 1898 1094 1962 post
1122 1888 1258 1945 festa
1296 1888 1473 1944 omnia
1499 1885 1821 1958 receptionis

213 2000 322 2041 suae
349 1984 369 2020 ³
404 1986 459 2040 in
496 1985 800 2056 paralysim
840 1983 1063 2039 solvitur
1104 1982 1285 2038 multis
1314 1994 1375 2037 ac
1415 1995 1551 2052 pene
1576 1980 1821 2035 omnibus

208 2078 515 2147 membris,
559 2087 624 2133 et
652 2076 811 2134 etiam
836 2076 1033 2148 lingua.
1081 2074 1231 2130 Tunc
1270 2073 1477 2129 somnio
1520 2069 1821 2127 admonitus

210 2172 499 2229 conlitetur
544 2184 654 2243 per
700 2170 1015 2241 scripturam
1061 2168 1131 2223 ob
1175 2165 1278 2223 hoc
1320 2166 1421 2221 sibi
1459 2164 1658 2221 dictum
1699 2175 1820 2219 esse

211 2264 500 2332 accidisse,
536 2263 690 2335 quod
720 2258 1020 2335 symbolum
1046 2274 1155 2315 non
1180 2257 1487 2313 reddiderit.
1520 2257 1648 2312 Post
1674 2254 1817 2310 illam

211 2357 632 2413 confessionem
656 2352 949 2410 redduntur
970 2351 1142 2408 officia
1169 2350 1405 2406 omnium
1430 2347 1812 2414 membrorum,

214 2450 315 2505 nisi
363 2450 577 2520 lingua:
620 2447 818 2513 solius;
862 2458 922 2501 se
962 2451 1140 2499 tamen
1190 2440 1439 2497 didicisse
1480 2437 1813 2511 symbolum,

214 2541 449 2613 ideoque
494 2540 763 2597 memoria
800 2538 910 2610 iam
951 2544 1132 2593 tenere
1169 2533 1517 2590 nihilominus
1547 2532 1600 2587 in
1626 2529 1816 2586 eadem

216 2636 521 2689 tentatione
549 2631 744 2687 litteris
775 2631 945 2686 fassus
971 2636 1057 2685 est
1087 2643 1100 2681 :
1129 2626 1313 2697 sicque
1351 2624 1526 2681 omnis
1553 2631 1634 2679 est
1660 2620 1727 2677 ab
1751 2634 1817 2677 eo

219 2723 393 2781 deleta
433 2725 715 2796 nugacitas
737 2765 752 2789 ,
798 2734 937 2791 quae,
968 2728 1027 2774 ut
1070 2718 1195 2784 scis,
1228 2716 1451 2773 multum
1474 2711 1817 2770 decolorabat

222 2818 525 2873 naturalem
566 2812 849 2884 quamdam
879 2810 993 2881 ejus
1036 2808 1412 2880 benignitatem
1434 2848 1449 2873 ,
1478 2815 1706 2874 eumque
1732 2802 1817 2856 in-

221 2912 516 2966 sultantem
546 2904 861 2963 Christianis
892 2902 1112 2959 faciebat
1140 2901 1292 2957 valde
1317 2899 1652 2969 sacrilegum.
1676 2894 1814 2964 Quid

220 3003 393 3057 dicam
414 3043 429 3068 ,
472 2999 581 3055 nisi
602 3037 616 3065 ,
653 2997 874 3052 Domino
902 2995 1159 3067 hymnum
1189 3005 1442 3048 canamus
1462 3031 1475 3057 ,
1523 2999 1577 3046 et
1619 3000 1808 3057 super-

222 3096 527 3150 esaitemus
554 3106 676 3147 eum
706 3091 756 3145 in
784 3088 974 3144 sarcula
999 3129 1014 3155 ,
1041 3085 1255 3142 Amen?

604 3219 928 3279 EPISTOLA
968 3214 1268 3276 ccxxvm
1296 3222 1310 3240 θ
1343 3217 1441 3289 (α).

223 3339 545 3411 Augustinus
574 3337 835 3392 Honoran
854 3374 869 3403 ,
900 3334 1082 3391 docens
1106 3332 1431 3406 quandonam
1457 3331 1689 3403 episcopo
1713 3331 1815 3393 sive

293 3432 498 3486 clericis
523 3435 697 3503 fugere
720 3429 886 3497 liceat,
912 3426 1200 3485 imminente
1221 3425 1495 3480 obsidionis
1518 3433 1606 3479 aut
1631 3424 1814 3480 excidii

294 3522 545 3595 periculo.

223 3629 430 3690 Sancto
466 3633 617 3690 fratri
654 3643 712 3690 et
746 3634 1062 3705 coepiscopo
1096 3632 1391 3688 Huossro
1411 3672 1425 3699 ,
1458 3630 1808 3697 Aususrmus,

544 3736 545 3739 ‘
676 3724 732 3779 in
762 3724 986 3785 Domino
1010 3724 1234 3779 salutem
1263 3723 1360 3794 (ὁ).

296 3836 353 3887 i.
383 3830 647 3885 Charitati
678 3839 781 3885 tua:
806 3834 970 3887 misso
995 3833 1237 3902 exemplo
1262 3833 1499 3903 epistolae
1527 3846 1683 3902 quam
1708 3831 1812 3886 fra-

222 3921 295 3977 tri
332 3919 706 3989 Quodvultch
733 3926 916 3975 nostro
955 3923 1269 3990 coepiscopo
1305 3922 1811 3990 scripsi,.putsbam

222 4024 315 4068 me
346 4010 451 4065 hoc
489 4023 652 4066 onere
678 4012 913 4066 caruisse
951 4011 1092 4081 quod
1134 4009 1265 4064 mihi
1301 4009 1631 4080 imposuisti,
1662 4024 1811 4080 quae-

227 4101 401 4157 rendo
428 4102 704 4157 consilium
744 4101 871 4172 quid
908 4102 961 4156 in
1003 4100 1087 4156 bis
1127 4099 1375 4171 periculis
1415 4113 1534 4169 quae
1572 4107 1811 4170 tempora

227 4206 415 4252 nostra
462 4196 808 4260 invenerunt,
857 4193 1031 4250 facere
1056 4188 1332 4250 'debeatis.
1377 4191 1628 4260 Quamvis
1670 4192 1811 4247 enim

234 4285 511 4357 epistolam
541 4285 683 4339 illam
721 4283 955 4340 breviter
992 4283 1293 4355 scripserim
1313 4324 1328 4350 ,
1358 4283 1489 4339 nihil
1518 4298 1606 4338 me
1636 4290 1808 4338 tamen

229 4379 636 4450 praetermisisse
656 4379 900 4444 arbitror,
928 4377 1066 4449 quod
1092 4386 1145 4433 et
1169 4377 1507 4448 respondenti
1535 4377 1729 4445 dicere,
1757 4386 1810 4434 et

234 4469 491 4541 quaerenti
532 4470 715 4525 audire
755 4468 1065 4525 sufficeret:
1098 4469 1520 4541 quandoquidem
1562 4468 1670 4525 dixi
1711 4486 1810 4526 nec

234 4576 327 4618 eos
351 4574 472 4617 esse
502 4560 860 4632 prohibendos
884 4561 976 4632 qui
1004 4560 1070 4615 ad
1100 4561 1235 4625 ioca,
1266 4560 1309 4615 si
1336 4569 1576 4630 possunt,
1606 4562 1808 4617 munita

237 4652 462 4723 migrare
484 4650 826 4715 desiderant;
856 4660 912 4707 et
937 4651 1215 4707 ministerii
1242 4653 1406 4707 nostri
1435 4652 1660 4719 vincula,
1692 4652 1810 4723 qui-

292 4769 311 4803 ι
336 4777 443 4843 Mss.
462 4771 636 4840 victor.
663 4771 921 4843 etuvatio,
960 4768 1081 4843 jam.
1109 4774 1266 4843 tamen
1292 4774 1395 4833 post
1425 4772 1635 4843 confessa
1651 4771 1811 4843 onmia

236 4829 521 4903 deceptiatt's
538 4844 660 4883 suat.
686 4831 772 4881 alii
794 4829 1034 4894 plerique,
1051 4830 1162 4893 jam
1190 4829 1349 4881 unum
1370 4839 1474 4895 post
1493 4829 1618 4895 fessa
1646 4835 1811 4885 mnia

231 4899 508 4956 receptionis
527 4906 644 4944 sure.

288 4972 306 4986 ‘
330 4980 557 5039 correcta
577 4973 635 5023 ad
658 4986 705 5023 a.
730 4974 779 5024 b.
803 4974 888 5037 bg.
918 4973 986 5023 bi.
1005 4987 1050 5024 c.
1068 4986 1138 5024 cc.
1168 4971 1201 5022 f.
1226 4972 1276 5039 ii}
1295 4971 1352 5025 is.
1378 4987 1428 5038 ε.
1449 4988 1531 5039 gv.
1556 4989 1607 5026 ιι.
1625 4989 1667 5025 r.
1685 4976 1809 5029 duos

230 5031 296 5083 Ib.
322 5034 449 5084 duos
469 5041 506 5084 t.
524 5036 645 5085 duos
666 5048 740 5085 vc.
766 5031 972 5099 quatuor
993 5049 1040 5086 v.
1062 5044 1159 5085 Am.
1184 5034 1293 5084 Bad.
1312 5031 1512 5087 Erlo'v.

168 5111 177 5183 ξ
257 5111 1002 5187 .(a)aliasM‘180:qufa;antem
1039 5116 1131 5167 228
1168 5122 1290 5180 erat,
1325 5127 1452 5168 nunc
1484 5116 1589 5169 ibi.
1628 5117 1807 5183 scripta

170 5176 178 5211 ῖ
370 5190 448 5227 an.
473 5176 566 5226 428
615 5176 825 5229 aut—42%].
1276 5176 1285 5180 ⁷

285 5236 362 5292 (ω
384 5243 548 5288 Totam
568 5212 754 5289 hancce
784 5239 1037 5292 Epistolam
1078 5240 1127 5290 in
1169 5246 1213 5292 s.
1261 5242 1509 5292 Augustini
1554 5242 1691 5291 vitai

255 5236 362 5348 eg?
384 5243 548 5288 Totam
568 5236 769 5312 hancce
784 5239 1037 5302 Epistolam
1078 5240 1127 5290 in
1169 5246 1213 5292 s.
1261 5242 1509 5303 Augustini
1554 5242 1807 5316 vitainse-

231 5309 253 5346 r
336 5312 431 5373 am
444 5300 584 5373 ausit
599 5301 852 5361 mssidtus,
873 5312 920 5349 c.
942 5303 1024 5373 tit).
1048 5319 1071 5348 ι
1087 5307 1275 5373 Interea
1289 5302 1592 5373 reticendum
1608 5304 1805 5373 minime

238 5376 257 5405 ι
272 5367 370 5435 est,
394 5363 577 5435 inquit,
592 5374 709 5435 cum
725 5364 991 5435 memorati
1014 5364 1537 5435 impenderentbostes
1548 5363 1803 5435 (i'andali),

238 5436 258 5466 α
275 5430 306 5498 a
322 5421 613 5498 viro
634 5431 800 5498 n‘os'tro
815 5421 1099 5498 coepiscopo
1113 5422 1391 5498 Thiavensis
1414 5421 1632 5498 Ecclesia:
1654 5421 1806 5477 nono;

237 5499 258 5528 s
276 5488 448 5552 norato
467 5483 645 5533 litteris
665 5484 813 5533 fixisse
832 5483 1118 5544 consultum,
1141 5492 1413 5539 utrumnam
1430 5486 1525 5536 illis
1544 5487 1805 5538 adventan-

236 5544 513 5623 SE'PPszfi
526 5544 776 5623 Bessis-
791 5547 1036 5623 errastis.
1048 5545 1141 5623 ﬁsi
1158 5546 1365 5623 sierint
1383 5548 1712 5623 ’θοεεειθηάυειι
1730 5564 1807 5623 es-

238 5618 257 5649 ι
277 5611 377 5677 set,
402 5615 464 5653 an
486 5616 609 5655 non'
636 5606 781 5669 eique
818 5606 1068 5679 rescriptis
1102 5608 1369 5658 insinuasse
1407 5608 1522 5672 quid
1558 5612 1713 5675 magis
1741 5610 1803 5663 ab

187 5642 654 5739 ί
689 5668 1504 5739 “monumentum-
1528 5675 1803 5739 metu

236 5780 546 5897 :w’oét
566 5780 621 5839 et
987 5780 1200 5843 moribus
1221 5780 1373 5845 nias
1392 5780 1803 5853 sanguine;

1393 398 1865 458 EPISTOLARUM
1901 397 2176 456 CLASSIS
2214 396 2301 456 ill.

3380 413 3519 470 1014

1935 513 2034 570 bus
2057 529 2153 569 nos
2172 511 2370 570 Christi
2388 511 2619 570 charitas
2642 514 2896 586 alligavit,
2918 530 2987 573 ne
3007 500 3315 580 deseramus
3333 523 3523 584 secte-

1934 604 2042 661 sias
2061 604 2251 675 quibus
2270 604 2473 661 servire
2496 604 2747 662 debemus
2764 646 2781 675 ,
2808 622 2914 664 non
2934 623 3053 667 esse
3070 613 3383 684 rumpenda.
3412 616 3517 673 ista

1932 696 2127 779 quippe
2144 696 2302 753 verba
2327 704 2453 753 sunt
2477 712 2597 769 quas
2624 697 2678 753 in
2706 697 2796 755 illa
2816 700 3038 771 epistola
3058 704 3209 775 posui
3237 706 3423 782 (Epist.
3446 712 3518 766 ad

1936 786 2340 852 Quadratum
2358 789 2666 861 episcopum,
2685 804 2801 863 qua
2820 808 2923 847 non
2942 792 3122 869 eratut)
3141 811 3159 854 :
3181 796 3358 868 Restat
3375 815 3513 872 ergo,

1933 880 2146 950 inquam
2164 922 2179 948 ,
2211 888 2268 935 ut
2297 895 2392 936 nos
2427 894 2640 951 quorum
2679 882 3009 940 ministerium
3047 888 3520 963 quantulacumque

1932 970 2068 1045 plebi
2089 969 2189 1027 Dei
2212 970 2297 1028 ubi
2332 986 2507 1030 nutus
2542 975 2795 1044 manenti,
2838 976 2913 1031 ita
2946 980 3279 1036 necessarium
3318 993 3425 1054 est,
3460 994 3518 1041 ut

1932 1062 2041 1119 sine
2063 1064 2157 1119 hoc
2183 1079 2295 1119 eam
2321 1079 2423 1119 non
2452 1072 2681 1136 oporteat
2703 1081 2986 1136 remanere,
3015 1068 3242 1128 dicamus
3268 1072 3511 1146 Domino,

1931 1152 2056 1210 Esto
2081 1156 2225 1211 nobis
2251 1158 2304 1211 in
2328 1155 2495 1212 Deum
2527 1164 2855 1229 protectorem
2874 1201 2892 1230 ,
2916 1168 2965 1217 et
2988 1160 3044 1218 in
3068 1160 3235 1220 locum
3260 1167 3515 1227 munitum

1931 1244 2101 1315 (Paul.
2128 1262 2253 1314 xxx,
2284 1246 2361 1323 ὅ).
3224 1317 3228 1321 .

1998 1339 2053 1393 2.
2094 1339 2201 1397 Sed
2242 1342 2345 1398 hoc
2383 1344 2666 1401 consilium
2706 1344 2801 1403 tibi
2830 1354 3111 1420 propterea
3149 1365 3255 1408 non
3294 1352 3509 1425 subicit,

1930 1436 1988 1483 ut
2009 1429 2217 1496 scribis,
2242 1446 2311 1487 ne
2330 1441 2515 1488 contra
2535 1434 2744 1490 Domini
2762 1445 3086 1509 praeceptum
3109 1440 3189 1498 vel
3209 1442 3511 1515 exemplum

1928 1519 2104 1577 facere
2130 1523 2381 1591 nitamur,
2413 1524 2501 1580 ubi
2532 1525 2837 1596 fugiendum
2867 1543 2986 1585 esse
3012 1530 3080 1586 de
3107 1532 3319 1589 civitate
3345 1530 3403 1590 in
3429 1534 3513 1591 ci-

1927 1612 2144 1667 vitatem
2171 1622 2370 1669 monet.
2411 1614 2717 1673 Reeeiimus
2743 1618 2885 1674 enim
2914 1620 3072 1677 verba
3097 1620 3353 1691 dicentis,
3376 1623 3512 1682 Cum

1926 1711 2094 1761 autem
2121 1716 2476 1778 persequentur
2502 1724 2588 1763 vos
2615 1710 2669 1764 in
2694 1711 2892 1767 civitate
2914 1714 3042 1781 ista,
3072 1716 3231 1789 fugite
3265 1719 3321 1774 in
3354 1720 3512 1778 utinm

1928 1795 2139 1866 (Matth.
2168 1812 2201 1851 ι
2223 1838 2237 1865 ,
2270 1795 2365 1871 25)
2392 1815 2407 1852 τ
2432 1798 2552 1868 quis
2580 1808 2756 1857 autem
2784 1802 2967 1859 credat
3004 1804 3076 1860 ita
3101 1803 3206 1862 hoc
3229 1806 3513 1866 Dominum

1926 1886 2040 1943 fieri
2060 1888 2313 1955 voluisse,
2333 1898 2391 1944 ut
2418 1891 2721 1947 necessario
2740 1894 3051 1963 ministerio,
3076 1896 3191 1953 sine
3208 1906 3314 1970 quo
3331 1899 3512 1959 vivere

1926 1988 2215 2051 nequeunt,
2238 1980 2555 2037 deserantur
2577 1998 2786 2055 greges,
2809 1999 2945 2057 quos
2969 2000 3066 2044 suo
3088 1991 3346 2063 sanguine
3363 2007 3511 2050 com-

1925 2074 2164 2143 paravit?
2193 2072 2455 2145 Numquid
2484 2076 2585 2131 hoc
2611 2075 2737 2134 fecit
2762 2079 2875 2149 ipse
2893 2122 2909 2149 ,
2941 2081 3151 2152 quando
3179 2088 3509 2155 portantibus

1922 2165 2228 2235 parentibus
2270 2166 2324 2221 in
2367 2165 2656 2239 Egyptum
2701 2171 2949 2240 parvulus
2989 2168 3122 2245 fugit
3160 2172 3271 2247 (Id.
3297 2191 3355 2242 ιι,
3390 2176 3503 2252 14),

1923 2258 2011 2327 qui
2039 2260 2275 2313 nondum
2302 2257 2572 2315 Ecciesias
2599 2273 3032 2335 congregaverat,
3060 2278 3194 2337 quas
3219 2266 3288 2323 ab
3314 2282 3380 2325 eo
3406 2268 3505 2327 de-

1922 2355 2091 2404 sertas
2139 2348 2301 2405 fuisse
2348 2348 2626 2407 dicamus?
2666 2351 2928 2426 Numquid
2976 2357 3188 2428 quando
3232 2363 3508 2432 apostolus

1921 2438 2132 2506 Paulus,
2166 2456 2234 2496 ne
2261 2440 2407 2496 illum
2433 2441 2909 2513 comprehenderet
2934 2446 3200 2521 inimicus,
3229 2465 3326 2522 per
3349 2449 3505 2510 fene-

1920 2539 2087 2587 stram
2119 2533 2173 2587 in
2202 2539 2383 2603 sporta
2413 2533 2707 2592 submissus
2730 2546 2814 2594 est
2832 2581 2849 2607 ,
2876 2547 2933 2596 et
2957 2540 3142 2613 effugit
3179 2559 3365 2602 manus
3391 2545 3507 2619 ejus

1921 2620 1991 2692 (il
2012 2620 2130 2677 Cor.
2156 2637 2229 2690 st,
2257 2623 2349 2696 35)
2368 2664 2383 2690 ,
2412 2626 2623 2681 deserta
2647 2636 2726 2683 est
2756 2644 2874 2700 quae
2901 2630 2973 2687 ibi
3000 2640 3115 2687 erat
3142 2631 3381 2693 Ecclesia
3412 2651 3508 2693 ne-

1919 2716 2152 2771 cessario
2180 2718 2475 2773 ministerio
2492 2756 2507 2784 ,
2554 2727 2608 2775 et
2644 2734 2751 2777 non
2789 2721 2857 2778 ab
2880 2723 3000 2779 aliis
3028 2723 3281 2783 fratribus
3304 2726 3502 2786 ibidem

1918 2807 2220 2865 constitutis
2247 2809 2387 2880 quod
2420 2810 2700 2880 oportebat
2725 2809 2997 2883 impletum
3028 2814 3149 2871 est?
3185 2815 3276 2873 Bis
3304 2819 3503 2891 quippe

1921 2899 2220 2955 volentibus
2244 2900 2347 2957 hoe
2370 2901 2654 2972 Apostolus
2677 2902 2895 2970 fecerat,
2923 2912 2985 2961 ut
3005 2906 3239 2978 seipsum
3264 2919 3503 2970 servaret

1919 2988 2172 3046 Ecclesiae
2190 3030 2204 3056 ,
2252 3006 2411 3063 quem
2456 2994 2669 3064 proprie
2715 3004 3026 3066 persecutor
3072 2996 3166 3055 ille
3207 3001 3499 3071 quzerebat.

1919 3080 2137 3137 Faciant
2163 3096 2290 3152 ergo
2318 3084 2458 3138 servi
2483 3083 2716 3151 Christi,
2752 3086 2982 3143 ministri
3021 3088 3171 3145 verbi
3214 3098 3269 3147 et
3304 3090 3500 3150 Sacra-

1917 3172 2081 3227 menti
2127 3172 2242 3242 eius
2263 3214 2276 3237 ,
2321 3174 2465 3244 quod
2510 3176 2763 3247 praecepit
2813 3177 2925 3234 sive
2965 3180 3227 3250 permisit.
3274 3181 3502 3255 aniant

1918 3263 2135 3319 omnino
2157 3262 2227 3319 de
2253 3263 2466 3322 civitate
2492 3266 2546 3321 in
2573 3267 2864 3333 civitatem,
2894 3270 3109 3340 quando
3132 3284 3320 3329 eorum
3347 3274 3499 3345 quis-

1916 3368 2075 3427 quam
2116 3355 2419 3426 specialiter
2459 3371 2491 3412 a
2538 3359 2970 3428 persecutoribus
3012 3361 3297 3433 (paritur,
3338 3371 3395 3419 ut
3430 3365 3501 3421 ab

1916 3447 2034 3502 aliis
2056 3447 2147 3518 qui
2176 3461 2282 3503 non
2306 3447 2378 3503 ita
2406 3450 2775 3520 requiruntur,
2809 3465 2915 3508 non
2939 3451 3217 3510 deseratur
3238 3454 3496 3525 Ecclesia,

1917 3539 2010 3596 sed
2036 3540 2304 3610 praebeant
2327 3542 2525 3598 cibaria
2544 3545 2817 3599 conservis
2834 3545 2963 3610 suis,
2987 3560 3122 3616 quos
3141 3545 3296 3602 aliter
3315 3548 3499 3605 vivere

1916 3643 2023 3685 non
2050 3645 2208 3702 posse
2231 3642 2511 3689 noverunt.
2541 3632 2675 3690 Cum
2704 3643 2880 3690 autem
2905 3637 3163 3705 omnium,
3194 3637 3247 3694 id
3275 3647 3358 3694 est
3379 3640 3497 3710 epi-

1915 3737 2198 3795 scoporum
2219 3766 2232 3791 ,
2277 3725 2599 3783 clericorum
2640 3735 2695 3783 et
2735 3726 2988 3783 laieorum
3028 3730 3047 3767 ⁸
3090 3739 3173 3787 est
3212 3743 3496 3790 commune

1916 3815 2238 3883 periculum,
2270 3815 2325 3870 hi
2352 3818 2443 3888 qui
2475 3816 2597 3872 aliis
2632 3816 2897 3890 indigent,
2928 3833 3034 3875 non
3076 3820 3389 3877 deserantur
3425 3822 3496 3879 ab

1917 3904 2000 3958 his
2028 3906 2219 3973 quibus
2243 3906 2496 3976 indigent.
2525 3908 2633 3962 Aut
2662 3908 2821 3978 igitur
2844 3908 2910 3964 ad
2938 3909 3053 3965 loca
3079 3911 3282 3967 munita
3306 3925 3494 3969 omnes

1915 4004 2219 4060 transeant;
2264 4005 2356 4049 aut
2396 3998 2486 4066 qui
2528 3997 2727 4052 habent
2758 4001 3067 4055 remanendi
3098 4003 3489 4069 necessitatem,

1915 4100 2020 4139 non
2049 4086 2412 4154 relinquantur
2432 4086 2499 4140 ab
2519 4088 2598 4140 eis
2623 4100 2718 4156 per
2739 4101 2873 4157 quos
2898 4089 3109 4149 illorum
3134 4099 3216 4146 est
3241 4092 3493 4147 ecclesia-

1914 4174 2043 4228 stica
2074 4174 2365 4244 supplenda
2394 4175 2718 4243 necessitas,
2749 4185 2807 4231 ut
2832 4186 2924 4233 aut
2950 4178 3150 4249 pariter
3174 4181 3370 4249 vivant,
3401 4191 3494 4237 aut

1913 4266 2114 4335 pariter
2135 4265 2387 4321 sufferant
2411 4262 2552 4337 quod
2577 4280 2671 4322 eos
2695 4267 3070 4337 paterfamilias
3095 4270 3236 4326 volet
3263 4274 3487 4343 perpeti.

1984 4357 2037 4412 ὅ.
2068 4355 2220 4423 Quod
2244 4356 2291 4411 si
2313 4356 2597 4426 contigerit
2618 4367 2678 4413 ut
2696 4358 2811 4413 sive
2835 4358 2925 4415 alii
2953 4359 3149 4425 minus,
3175 4360 3263 4421 alii
3289 4364 3483 4434 majus,

1913 4448 2027 4504 sive
2053 4462 2239 4503 omnes
2265 4448 2538 4517 aequaliter
2562 4450 2830 4519 patiaqu
2848 4492 2864 4517 ,
2892 4450 2982 4522 qui
3016 4466 3201 4508 eorum
3242 4454 3351 4510 sint
3389 4459 3482 4527 qui

1912 4552 2011 4610 pro
2036 4538 2153 4594 aliis
2180 4538 2449 4607 patiuntur
2469 4578 2485 4604 ,
2512 4548 2773 4608 apparet;
2812 4540 2887 4596 illi
2921 4542 3122 4599 scilicet
3145 4544 3237 4614 qui
3275 4560 3395 4601 cum
3421 4562 3484 4603 se

1912 4638 2130 4701 possent
2162 4629 2357 4685 talibus
2392 4629 2550 4687 malis
2575 4631 2784 4701 eripere
2828 4632 3116 4703 fugiendo,
3152 4649 3221 4690 ne
3253 4635 3480 4693 aliorum

1842 4746 1845 4759 ι
1912 4722 2279 4778 necessitatem
2323 4721 2660 4789 desererent,
2712 4736 2929 4781 manere
2977 4724 3299 4797 maluerunt.
3346 4728 3480 4784 Hinc

1909 4811 2139 4867 maxime
2161 4812 2418 4881 probatur
2444 4812 2533 4867 illa
2562 4812 2793 4870 charitas
2815 4829 2973 4885 quam
2996 4814 3229 4873 Joannes
3268 4828 3487 4890 aposto-

1910 4903 1993 4959 lus
2011 4902 2366 4970 commendat,
2396 4902 2580 4959 dicens
2610 4921 2625 4961 :
2658 4904 2806 4967 Sicut
2834 4902 3064 4965 Christus
3087 4907 3310 4965 etaim
3330 4926 3478 4967 suam

1910 5009 2002 5062 pro
2027 4992 2168 5047 nobis
2189 4993 2382 5062 posuit,
2408 4994 2481 5050 sic
2506 5002 2555 5049 et
2579 5011 2671 5050 nos
2697 4994 2929 5053 debemus
2956 4996 3154 5059 enimp;
3186 5015 3280 5069 pro
3301 5003 3477 5072 fratri.

1910 5083 2001 5139 bus
2025 5099 2207 5155 ponere
2233 5082 2275 5152 (i
2296 5082 2451 5141 Joan.
2474 5100 2531 5140 ιιι
2551 5086 2710 5157 ,16).
2736 5084 2868 5140 Nam
2890 5086 2981 5156 qui
3009 5087 3235 5159 fugiunt.
3262 5092 3344 5149 vel
3366 5094 3479 5149 suis

1910 5173 2136 5230 devincti
2178 5175 2582 5239 necessitatibus
2623 5174 2806 5246 fugere
2839 5191 2944 5239 non
2972 5190 3229 5250 possunt;
3255 5183 3301 5238 εί
3324 5199 3478 5241 com-

1909 5264 2157 5335 prehensi
2181 5266 2484 5338 patiuntur,
2526 5279 2625 5336 pro
2658 5266 2882 5337 seipsis,
2919 5284 3026 5331 non
3062 5286 3162 5343 pro
3185 5272 3433 5333 fratribus
3455 5317 3476 5345 ,

1910 5356 2089 5428 utique
2116 5358 2384 5426 patiuntur
2416 5374 2431 5411 :
2459 5357 2550 5428 qui
2577 5373 2706 5415 vero
2726 5370 3005 5432 propterea
3022 5364 3322 5435 patiuntur,
3349 5368 3475 5437 quia

1910 5448 2132 5519 fratres,
2161 5450 2249 5521 qui
2283 5449 2360 5504 eis
2396 5449 2463 5505 ad
2504 5449 2846 5511 christianum
2886 5456 3110 5513 salutem
3138 5457 3463 5531 indigebant,

1908 5540 2156 5598 deserere
2183 5542 2493 5610 noluerunt,
2523 5543 2638 5598 sine
2664 5544 2827 5602 dubio
2853 5560 2979 5605 suas
3002 5548 3208 5604 animus
3234 5563 3333 5620 pro
3355 5550 3470 5607 ira.

1909 5632 2076 5688 tribus
2106 5640 2325 5703 ponunt.

1984 5726 2027 5780 ι.
2046 5724 2193 5780 Unde
2213 5723 2340 5781 illud
2356 5724 2493 5799 quod
2504 5728 2807 5801 episcopum
2821 5729 3100 5799 quemdam
3112 5730 3309 5789 dixisse
3322 5734 3473 5792 audi.

1969 5860 1989 5895 ι
2012 5857 2129 5909 miti
2146 5857 2387 5921 muttiant,
2411 5863 2458 5910 et
2476 5856 2705 5910 fateor-mn
2727 5872 2744 5911 :
2764 5861 2891 5925 quod
2910 5873 2974 5914 ex
2998 5870 3101 5915 Mss.
3126 5866 3457 5921 restituimus.
