4024 6432
2026 274 2131 283 .«,.-w

496 374 637 433 I015

498 492 691 557 vimus,
711 489 773 547 Si
793 487 1045 546 Dominus
1062 486 1205 542 nobis
1219 482 1485 555 imperauit
1505 482 1681 553 fugam
1696 477 1751 532 in
1764 475 1838 530 eis
1856 487 2091 543 persecu-

438 634 449 653 ,
497 584 739 650 tionibus,
776 579 861 636 ubi
882 587 1045 651 potest
1065 580 1261 648 fructus
1285 590 1389 629 esse
1416 570 1686 641 martyrii;
1716 574 1906 638 quanto
1930 562 2091 634 magis

445 662 475 714 ρ,
495 677 735 734 dabam“
760 678 936 748 fugere
952 672 1145 728 "en-Ie,
1173 670 1451 741 ρωδίοηεε,
1472 664 1677 736 quando
1697 674 1771 721 est
1798 662 2091 718 barbaricus

442 751 448 759 ’
493 782 543 827 et
570 771 766 827 hostilis
792 770 1022 823 incursus
1042 766 1068 820 ἵ
1093 780 1277 820 verum
1302 760 1621 833 estquidem
1657 766 1712 815 et
1739 754 2087 826 acceptabilc,

491 862 593 918 sed
618 861 701 916 his
727 874 861 931 quos
898 856 1245 915 ecclesiastici
1275 854 1437 910 officii
1479 867 1585 908 non
1631 859 1817 906 tenent
1854 846 2086 902 vincula.

496 953 632 1009 Nam
664 952 753 1023 qui
781 950 960 1006 clades
999 948 1224 1003 hostiles
1255 946 1375 1002 ideo
1408 960 1515 1000 non
1555 943 1722 1014 fugit,
1754 955 1877 995 cum
1920 938 2093 1009 possit

492 1043 765 1114 effugere,
810 1057 877 1097 ne
901 1042 1116 1095 deserat
1154 1037 1509 1094 ministerium
1552 1033 1783 1099 Christi,
1828 1032 1946 1088 sine
1983 1043 2091 1102 quo

491 1150 603 1191 non
636 1142 857 1204 possunt
885 1132 1134 1187 homines
1176 1130 1259 1185 vel
1300 1128 1416 1184 fieri
1453 1127 1538 1183 vel
1564 1126 1744 1181 vivere
1771 1122 2086 1188 christiani,

448 1231 459 1249 ’
491 1226 755 1295 majorem
786 1223 1063 1280 charitatis
1092 1223 1295 1278 invenit
1332 1220 1560 1277 fructum
1582 1262 1597 1287 ,
1641 1234 1803 1290 quam
1842 1216 1933 1288 qui
1980 1230 2088 1271 non

491 1328 713 1393 propter
747 1318 975 1385 fratres,
1006 1316 1103 1373 sed
1133 1324 1350 1388 propter
1374 1304 1609 1386 seipsuin
1647 1312 1853 1384 fugiens
1877 1352 1892 1379 ,
1932 1320 2090 1380 atque

489 1409 919 1481 comprehensus
943 1424 1052 1465 non
1080 1417 1239 1480 negat
1254 1406 1525 1463 Christum
1547 1447 1562 1473 ,
1590 1405 1917 1476 suscipitque
1945 1417 2090 1457 mar-

489 1503 713 1574 tyrium.

565 1594 619 1649 5.
648 1593 788 1661 Quid
821 1602 903 1649 est
937 1606 1066 1663 ergo
1106 1590 1248 1662 quod
1280 1591 1332 1645 in
1373 1589 1596 1660 epistola
1638 1597 1725 1643 tua
1768 1585 1949 1657 priore
1988 1599 2089 1655 po-

489 1685 689 1742 suisti?
732 1684 866 1740 dicis
904 1684 1047 1739 enim
1068 1724 1084 1751 ,
1115 1683 1177 1738 Si
1215 1684 1269 1736 in
1299 1681 1541 1735 Ecclesiis
1586 1676 1953 1750 persistendum
1978 1686 2051 1731 est
2071 1717 2087 1743 ,

488 1777 616 1848 quid
644 1778 801 1831 simus
827 1775 970 1831 nobis
993 1776 1071 1830 vel
1092 1774 1283 1845 populo
1310 1771 1561 1843 profuturi
1589 1787 1691 1825 non
1715 1770 1879 1834 video,
1910 1769 2008 1823 nisi
2032 1777 2091 1822 ut

490 1878 610 1924 ante
632 1868 804 1923 oculos
839 1878 1038 1923 nostros
1062 1867 1157 1921 viri
1181 1866 1384 1930 cadant,
1419 1864 1623 1935 femina:
1661 1870 2084 1933 constuprentur,

490 1960 831 2015 incendantur
857 1958 1097 2024 ecclesiae,
1130 1973 1219 2011 nos
1248 1956 1349 2026 ipsi
1380 1955 1432 2009 in
1460 1954 1722 2008 tormentis
1751 1952 2048 2022 deﬁciamus
2066 1992 2084 2015 ,

490 2067 610 2105 cum
637 2051 701 2104 de
730 2050 874 2104 nobis
903 2049 1145 2119 quaeritur
1168 2047 1305 2119 quod
1329 2062 1433 2100 non
1470 2044 1733 2099 habemus.
1774 2044 1971 2101 Potens
2006 2052 2090 2099 est

489 2142 708 2213 quidem
750 2141 893 2196 Deus
930 2139 1117 2194 audire
1161 2153 1346 2209 preces
1394 2137 1611 2193 familia:
1655 2151 1801 2202 sum,
1839 2145 1895 2191 et
1934 2136 2085 2200 haec,

489 2249 611 2305 qua:
640 2232 1024 2297 formidantur,
1053 2240 1329 2295 avertere;
1371 2244 1471 2286 nec
1500 2229 1620 2285 ideo
1653 2239 1831 2284 tamen
1868 2235 2089 2299 propter

488 2325 594 2380 ista
620 2365 634 2390 ,
666 2340 785 2396 quae
811 2324 1013 2379 incerta
1040 2330 1187 2389 sunt,
1215 2322 1376 2378 debet
1400 2322 1567 2377 nostri
1596 2320 1761 2377 officii
1795 2335 1917 2377 esse
1942 2330 2090 2377 certa

490 2416 732 2473 desertio
753 2458 767 2483 ,
797 2416 915 2472 sine
941 2431 1045 2486 quo
1076 2424 1159 2471 est
1193 2414 1333 2485 plebi
1360 2422 1506 2471 certa
1547 2414 1830 2484 pernicies,
1880 2428 1986 2469 non
2034 2414 2089 2469 in

490 2511 658 2567 rebus
683 2511 806 2565 vitae
841 2510 1020 2579 hujus,
1061 2508 1157 2564 sed
1183 2508 1403 2563 alterius
1442 2507 1928 2579 incomparabiliter
1965 2506 2113 2569 dili-,

492 2605 705 2675 gentius
747 2603 1132 2671 sollicitiusque
1165 2600 1433 2657 curandae.
1474 2600 1608 2655 Nam
1647 2602 1692 2655 si
1729 2609 1874 2655 certa
1910 2609 2091 2656 essent

494 2698 598 2752 ista
629 2696 789 2760 mala,
816 2710 935 2765 qua:
958 2695 1222 2749 timentur
1250 2708 1317 2749 ne
1344 2695 1398 2748 in
1426 2694 1557 2749 locis
1582 2693 1635 2748 in
1660 2694 1851 2763 quibus
1880 2708 2087 2761 sumus,

491 2786 636 2844 forte
660 2786 990 2857 contingant,
1036 2785 1184 2856 prius
1223 2785 1348 2841 inde
1388 2784 1629 2855 fugerent
1656 2798 1844 2840 omnes
1872 2794 2091 2856 propter

495 2893 631 2950 quos
660 2879 731 2933 ibi
756 2877 1081 2933 manendum
1110 2886 1214 2944 est,
1248 2886 1302 2933 et
1328 2892 1427 2933 nos
1445 2893 1475 2931 a
1496 2876 1747 2932 manendi
1772 2878 2092 2933 necessitate

494 2971 700 3028 liberos
725 2972 1013 3028 redderent
1044 2989 1056 3025 :
1088 2986 1195 3026 non
1226 2972 1369 3027 enim
1406 2972 1687 3042 quisquam
1715 2979 1799 3027 est
1833 2972 1921 3041 qui
1951 2971 2093 3026 dicat

495 3064 775 3120 ministros
804 3078 1023 3119 manere
1050 3074 1321 3134 oportere,
1353 3062 1442 3118 ubi
1469 3063 1582 3134 jam
1607 3078 1714 3117 non
1750 3062 1949 3117 fuerint
1974 3063 2094 3131 qui-

496 3158 600 3213 hus
627 3172 845 3213 necesse
870 3157 939 3211 sit
963 3157 1288 3213 ministrare.
1313 3155 1387 3211 Ita
1419 3156 1636 3227 quidam
1660 3157 1830 3212 sancti
1856 3156 2093 3227 episcopi

498 3252 569 3305 de
599 3251 851 3321 Hispania
878 3250 1245 3320 profugerunt,
1279 3251 1426 3320 prius
1457 3249 1700 3319 plebibus
1738 3250 1933 3320 partim
1969 3247 2093 3320 fuga

496 3341 696 3411 lapsis,
728 3340 921 3410 partim
947 3340 1238 3410 peremptis
1259 3381 1274 3406 ,
1308 3340 1507 3410 partim
1531 3340 1813 3395 obsidione
1837 3354 2094 3395 consum-

498 3433 637 3504 ptis,
668 3431 861 3503 partim
890 3431 1195 3501 captivitate
1220 3429 1482 3499 dispersis
1512 3447 1524 3483 :
1555 3430 1649 3485 sed
1679 3430 1846 3484 multo
1881 3430 2091 3499 plures,

500 3527 613 3583 illic
644 3526 983 3582 manentibus
1006 3534 1226 3597 propter
1249 3538 1387 3594 quos
1410 3532 1725 3589 manerent,
1754 3522 1853 3578 sub
1882 3537 2098 3578 eorum-

501 3621 628 3677 dem
665 3619 1022 3691 periculorum
1068 3616 1333 3672 densitate
1374 3622 1705 3670 manserunt.
1754 3613 1822 3668 Et
1850 3613 1894 3667 si
1936 3613 2097 3682 aliqui

504 3714 863 3770 deseruerunt
889 3710 1073 3781 plebes
1098 3724 1253 3775 suas,
1284 3710 1385 3763 hoc
1424 3715 1508 3762 est
1542 3707 1684 3777 quod
1714 3706 1940 3760 dicimus
1982 3704 2098 3758 fieri

506 3822 618 3861 non
657 3806 854 3860 debere
886 3822 899 3857 :
934 3818 1109 3872 neque
1147 3802 1289 3857 enim
1336 3801 1469 3855 tales
1510 3799 1650 3855 docti
1678 3800 1991 3854 auctoritate
2017 3799 2100 3852 di-

507 3897 657 3964 vina,
690 3894 787 3952 sed
810 3894 1043 3949 humano
1064 3893 1148 3949 vel
1179 3907 1366 3949 errore
1386 3891 1614 3963 decepti,
1644 3893 1728 3948 vel
1756 3892 1947 3946 timore
1972 3900 2099 3948 sunt

503 3988 651 4043 victi.

582 4079 636 4134 6.
667 4079 774 4135 Cur
808 4077 951 4133 enim
981 4076 1082 4133 sibi
1109 4085 1295 4148 putant
1329 4075 1695 4132 indifferenter
1723 4076 2097 4145 obtemperan-

507 4173 637 4229 dum
665 4185 784 4227 esse
814 4179 1103 4240 przecepto,
1138 4169 1224 4223 ubi
1256 4169 1439 4238 legunt
1473 4167 1541 4222 de
1579 4168 1873 4222 civitatein
1912 4167 2100 4221 civita-

506 4274 617 4320 tem
643 4278 763 4319 esse
785 4260 1123 4330 fugiendum;
1152 4269 1208 4315 et
1232 4260 1622 4316 mercenarium
1654 4275 1758 4314 non
1785 4259 2096 4325 exhorrent,

505 4356 598 4427 qui
629 4354 772 4408 videt
800 4354 980 4422 lupum
1006 4353 1309 4408 venientem
1336 4362 1391 4409 et
1418 4352 1570 4423 fugit,
1594 4354 1847 4423 quoniam
1876 4368 1985 4408 non
2012 4362 2095 4409 est

506 4448 562 4503 ei
590 4461 719 4501 cura
744 4444 811 4499 de
836 4445 1023 4500 ovibus
1048 4442 1225 4518 (Joan.
1254 4461 1322 4511 x,
1365 4445 1465 4511 12,
1504 4445 1635 4515 f5)?
1670 4443 1777 4500 Cur
1820 4460 1925 4500 non
1970 4446 2100 4501 istas

508 4542 645 4598 duas
688 4539 981 4595 dominicas
1027 4554 1287 4609 verasque
1329 4541 1640 4604 sententias,
1693 4554 1852 4593 unam
1897 4540 2102 4595 scilicet

509 4634 601 4689 ubi
633 4633 753 4704 fuga
803 4631 996 4686 sinitur
1041 4638 1135 4684 aut
1174 4629 1427 4698 juhetur,
1470 4628 1689 4683 alteram
1735 4629 1823 4684 ubi
1866 4629 2102 4700 arguitur

507 4737 668 4798 atque
694 4726 961 4795 culpatur,
989 4726 1068 4779 sic
1095 4722 1390 4793 intelligere
1418 4721 1653 4791 student,
1684 4731 1744 4779 ut
1770 4723 1908 4779 inter
1933 4740 1992 4779 sc
2017 4739 2102 4779 re-

510 4821 786 4893 periantur
810 4834 918 4873 non
943 4834 1062 4875 esse
1087 4817 1397 4884 contrarire,
1428 4817 1565 4871 sicut
1588 4832 1696 4872 non
1727 4818 1883 4872 sunt?
1908 4819 1974 4873 Et
2000 4817 2102 4873 hoc

508 4911 783 4983 quomodo
809 4910 1095 4980 reperitur,
1128 4909 1231 4964 nisi
1269 4908 1577 4964 attendatur
1616 4910 1757 4980 quod
1793 4911 1902 4980 jam
1945 4926 2103 4981 supe-

510 5005 624 5060 rius
649 5005 911 5075 disputavi
932 5046 947 5071 ,
982 5014 1105 5059 tunc
1140 5002 1208 5057 de
1247 5002 1377 5058 locis
1414 5002 1466 5056 in
1497 5003 1689 5073 quibus
1720 5020 1903 5059 sumus
1928 5046 1941 5069 ,
1972 5020 2099 5074 pre-

511 5107 694 5150 mente
718 5096 1086 5165 persecutione
1114 5094 1420 5165 fugiendum
1447 5110 1567 5151 esse
1592 5094 1789 5152 Christi
1821 5098 2097 5162 ministris,

510 5183 730 5257 quando
766 5184 836 5239 ibi
870 5194 961 5239 aut
986 5185 1135 5255 plebs
1159 5184 1357 5241 Christi
1385 5202 1491 5241 non
1522 5187 1679 5241 fuerit
1706 5190 1789 5242 cui
1832 5190 2101 5245 ministre-

512 5286 633 5344 tur;
665 5276 937 5332 autetiam
966 5275 1124 5331 fuerit
1145 5318 1160 5343 ,
1194 5287 1245 5332 et
1272 5286 1446 5347 potest
1473 5278 1677 5348 impleri
1708 5295 1800 5349 per
1836 5281 1969 5335 alios
2001 5297 2097 5336 ne-

511 5369 805 5424 cessarium
846 5367 1225 5435 ministerium,
1244 5370 1437 5439 quibus
1468 5370 1655 5425 eadem
1687 5387 1791 5426 non
1822 5384 1906 5427 est
1943 5389 2100 5429 causa

513 5460 751 5532 fugiendi
782 5479 795 5516 :
824 5461 960 5516 sicut
982 5460 1034 5514 in
1058 5469 1237 5531 sporta
1273 5462 1590 5528 submissus,
1621 5463 1763 5533 quod
1792 5481 1949 5536 supra
1991 5482 2103 5522 me-

512 5554 719 5611 moravi
740 5598 756 5621 ,
785 5553 918 5626 fugit
947 5555 1235 5625 Apostolus
1256 5596 1270 5619 ,
1313 5570 1433 5610 cum
1465 5571 1495 5610 a
1519 5569 1863 5628 persecutore
1890 5561 2103 5630 proprie

513 5649 632 5718 ipse
676 5659 1038 5718 qutereretur,
1085 5647 1205 5704 aliis
1244 5650 1425 5719 utique
1462 5651 1835 5708 necessitatem
1874 5654 2101 5709 similem

514 5757 624 5797 non
652 5741 999 5807 habentibus,
1038 5756 1068 5795 a
1110 5742 1303 5813 quibus
1340 5743 1446 5799 illic
1489 5744 1840 5802 ministerium
1866 5747 2005 5803 absit
2046 5757 2105 5805 ut

513 5838 853 5893 desereretur
887 5836 1138 5893 Ecclesiae
1164 5855 1179 5906 ;
1209 5839 1347 5896 sicut
1382 5840 1513 5912 fugit
1542 5850 1755 5899 sanctus
1783 5842 2105 5901 Athanasius

1727 359 1785 415 S.
1824 347 2190 413 AUGUSTINI
2230 348 2531 410 EPISCOPI

3655 360 3775 416 £016

2198 465 2593 521 Alexandrinus
2617 467 2902 540 episeOpus
2916 507 2931 534 ,
2960 482 3086 525 cum
3119 483 3245 524 eum
3269 470 3571 540 specialiter
3591 487 3772 544 appre-

2197 557 2434 614 hendere
2458 556 2804 616 Constantius
2840 568 3060 633 cuperet
3096 561 3419 633 imperator,
3452 579 3770 638 nequaquam

2197 665 2228 704 a
2264 650 2476 706 caeteris
2518 650 2781 707 ministris
2818 650 3027 709 deserta
3065 650 3223 724 plebe
3264 654 3527 711 catholica
3572 674 3684 729 quae
3721 663 3770 718 in

2196 742 2521 799 Alexandria
2546 744 2942 800 commanebat.
2966 744 3104 802 Cum
3127 755 3305 802 autem
3328 748 3485 820 plebs
3509 762 3697 818 manet,
3724 764 3772 809 et

2195 835 2427 891 ministri
2472 833 2698 907 fugiunt,
2746 837 3211 909 ministeriumque
3251 839 3618 909 subtrahitur;
3659 845 3772 914 quid

2196 928 2301 983 erit
2324 928 2429 984 nisi
2458 929 2913 985 mercenariorum
2946 930 3033 985 illa
3060 930 3182 1002 fuga
3222 930 3575 999 damnabilis,
3601 934 3775 1005 quibus

2195 1036 2304 1076 non
2348 1030 2431 1076 est
2479 1036 2607 1077 cura
2643 1021 2712 1078 de
2754 1022 2986 1078 ovibus?
3019 1021 3212 1079 Veniet
3257 1025 3401 1079 enim
3450 1024 3641 1096 lupus;
3679 1044 3773 1085 non

2195 1114 2359 1169 homo
2377 1155 2394 1181 ,
2424 1113 2520 1170 sed
2548 1114 2817 1183 diabolus,
2848 1116 2939 1187 qui
2967 1116 3283 1188 plerumque
3308 1116 3499 1174 fideles
3526 1129 3771 1189 apostatas

2195 1220 2316 1262 esse
2351 1207 2651 1277 persuasit,
2683 1206 2877 1278 quibus
2914 1208 3283 1280 quotidianum
3311 1210 3661 1266 ministerium
3683 1212 3771 1269 do-

2194 1300 2376 1355 minici
2405 1301 2649 1370 corporis
2678 1298 2880 1366 defuit;
2909 1310 2965 1357 et
2991 1302 3185 1371 peribit
3215 1300 3464 1357 infirmus
3495 1303 3547 1357 in
3573 1312 3655 1359 tua
3680 1319 3771 1361 non

2194 1393 2440 1461 scientia,
2464 1394 2559 1449 sed
2585 1394 2881 1465 ignorantia
2904 1394 3087 1461 frater,
3115 1404 3335 1467 prOpter
3361 1411 3527 1467 quem
3549 1394 3769 1455 Christus

2194 1494 2438 1541 mortuus
2464 1496 2547 1542 est
2575 1487 2626 1557 (l
2646 1486 2765 1543 Cor.
2798 1504 2925 1555 VIII,
2958 1488 3069 1560 Μ).

2268 1582 2319 1633 7.
2360 1580 2513 1648 Quod
2540 1589 2719 1637 autem
2744 1581 2812 1636 ad
2840 1596 2935 1637 eos
2959 1582 3181 1649 attinet,
3216 1583 3307 1654 qui
3348 1583 3407 1637 in
3449 1581 3548 1637 hac
3590 1598 3647 1638 re
3678 1599 3769 1641 non

2194 1673 2449 1729 falluntur
2471 1689 2679 1744 errore,
2702 1674 2798 1730 sed
2823 1674 3105 1730 formidine
3127 1683 3486 1746 superantur;
3510 1689 3663 1744 quare
3681 1691 3772 1732 non

2194 1766 2375 1837 potius
2399 1775 2585 1822 contra
2611 1782 2763 1822 suum
2795 1767 3043 1822 timorem
3067 1766 3294 1822 Domino
3324 1768 3614 1823 miserante
3634 1775 3769 1838 atque

2196 1859 2482 1929 adjuvante
2509 1859 2719 1916 fortiter
2747 1860 3035 1927 dimicant,
3078 1876 3145 1917 ne
3183 1861 3323 1916 mala
3365 1861 3487 1916 sine
3526 1876 3773 1932 compara-

2195 1952 2340 2006 tione
2366 1951 2643 2022 graviora,
2686 1968 2807 2023 quaa
2848 1952 3017 2009 multo
3055 1953 3285 2023 amplius
3325 1961 3459 2009 sunt
3496 1954 3767 2020 tremenda,

2196 2042 2543 2113 contingant?
2585 2044 2671 2099 Fit
2711 2042 2814 2099 hoc
2865 2044 2950 2100 ubi
3000 2044 3092 2099 Dei
3140 2045 3382 2100 charitas
3429 2045 3642 2113 ﬂagrat,
3683 2062 3770 2103 non

2194 2135 2379 2190 mundi
2407 2136 2670 2207 cupiditas
2698 2138 2883 2195 fumat.
2911 2136 3159 2194 Charitas
3183 2138 3328 2194 enim
3358 2138 3493 2195 dicit
3521 2158 3533 2194 :
3567 2139 3683 2206 Quis
3701 2142 3769 2195 in-

2197 2228 2465 2296 ﬁrmatur,
2497 2238 2542 2283 et
2587 2246 2689 2283 non
2730 2245 2820 2301 ego
2857 2229 3133 2299 inﬁrmor?
3156 2232 3269 2300 quis
3296 2232 3700 2298 scandalizatur,
3734 2244 3772 2287 et

2196 2334 2299 2372 non
2329 2336 2419 2391 ego
2466 2336 2588 2374 uror
2626 2320 2707 2391 (ll
2731 2319 2849 2376 Cor.
2877 2336 2931 2376 χι
2959 2364 2974 2386 ,
3000 2322 3132 2392 29)?
3174 2322 3281 2377 Sed
3309 2323 3551 2380 Charitas
3584 2340 3644 2380 ex
3681 2326 3772 2382 Deo

2196 2421 2300 2467 est.
2332 2412 2558 2468 Oremus
2594 2428 2722 2484 ergo
2753 2424 2809 2469 ut
2836 2414 2902 2469 ab
2933 2414 3024 2470 illo
3052 2415 3225 2482 detur,
3250 2432 3282 2471 a
3310 2433 3425 2487 quo
3461 2419 3664 2489 iubetur
3688 2438 3700 2473 :
3726 2431 3774 2476 et

2195 2518 2296 2573 per
2330 2503 2467 2560 hanc
2495 2505 2664 2576 magis
2696 2505 2975 2561 timeamus
3012 2522 3082 2563 ne
3118 2521 3247 2563 oves
3270 2505 3477 2564 Christi
3517 2511 3773 2581 spiritualis

2196 2598 2450 2669 nequitiae
2478 2597 2654 2669 gladio
2698 2599 2752 2655 in
2784 2599 2981 2668 corde,
3012 2616 3171 2671 quam
3210 2617 3278 2657 ne
3315 2601 3471 2659 ferro
3499 2603 3550 2658 in
3577 2618 3775 2676 corpore

2198 2688 2565 2755 trucidentur,
2610 2689 2700 2745 ubi
2739 2690 3200 2763 quandocumque,
3244 2708 3587 2767 quocumque
3612 2697 3775 2752 mortis

2197 2796 2413 2852 genere,
2442 2782 2687 2837 morituri
2725 2793 2868 2838 sunt.
2902 2784 3067 2856 Magis
3094 2785 3386 2843 timeamus
3417 2803 3487 2843 ne
3520 2803 3669 2845 sensu
3702 2792 3773 2846 in-

2198 2874 2382 2929 teriori
2407 2884 2677 2945 corrupto,
2705 2886 2889 2947 pereat
2907 2879 3127 2935 castitas
3147 2878 3292 2946 fidei,
3314 2897 3484 2952 quam
3509 2898 3575 2938 ne
3592 2882 3773 2940 femina:

2198 2966 2460 3022 violenter
2484 2975 2896 3039 constuprentur
2929 2970 2982 3025 in
3013 2986 3173 3027 carne
3208 2989 3224 3028 :
3256 2973 3389 3043 quia
3418 2974 3658 3031 violentia
3683 2990 3773 3031 non

2198 3057 2430 3113 violatur
2456 3059 2728 3130 pudicitia,
2756 3062 2802 3117 si
2832 3070 3014 3119 mente
3038 3072 3309 3131 servatur;
3340 3068 3597 3137 quoniam
3621 3082 3709 3123 nec
3729 3069 3771 3123 in

2200 3164 2360 3206 carne
2386 3150 2628 3218 violatur,
2662 3154 2875 3225 quando
2901 3156 3144 3211 voluntas
3170 3158 3430 3227 patientis
3458 3175 3553 3215 sua
3578 3160 3771 3231 turpiter

2200 3258 2361 3299 carne
2397 3259 2504 3299 non
2540 3246 2735 3310 utitur,
2780 3246 2874 3303 sed
2904 3247 3023 3304 sine
3052 3250 3419 3307 consensione
3449 3252 3631 3309 tolerat
3652 3251 3769 3324 quod

2200 3336 2337 3391 alius
2363 3346 2633 3407 operatur.
2663 3338 2828 3409 Magis
2853 3341 3134 3396 timeamus
3154 3356 3223 3398 ne
3247 3343 3464 3414 lapides
3482 3346 3583 3401 vivi
3603 3346 3771 3401 exstin-

2201 3437 2430 3499 guantur
2453 3429 2824 3487 deserentibus
2849 3433 3032 3497 nobis,
3065 3449 3222 3504 quam
3249 3450 3317 3490 ne
3344 3436 3555 3507 lapides
3582 3447 3631 3493 et
3656 3437 3771 3509 ligna

2204 3528 2538 3576 terrenorum
2568 3522 2913 3579 tedificiorum
2941 3524 3293 3581 incendantur
3317 3529 3666 3597 praesentibus
3690 3543 3770 3583 no-

2204 3612 2306 3667 bis.
2336 3611 2497 3682 Magis
2525 3613 2804 3669 timeamus
2833 3630 2900 3671 ne
2933 3617 3175 3673 membra
3203 3619 3456 3689 corporis
3489 3620 3671 3675 Christi
3698 3619 3773 3674 de-

2205 3704 2387 3759 stituta
2427 3705 2689 3776 spirituali
2726 3706 2870 3762 victu
2909 3717 3202 3777 necentur,
3248 3726 3418 3781 quam
3461 3728 3527 3769 ne
3570 3712 3771 3768 membra

2204 3797 2447 3867 corporis
2476 3796 2647 3851 nostri
2676 3813 2928 3868 oppressa
2974 3799 3154 3855 hostili
3198 3802 3410 3873 impetu
3446 3816 3771 3877 torqueantur.

2204 3886 2323 3942 Non
2347 3887 2470 3958 quia
2493 3887 2591 3942 ista
2618 3902 2725 3943 non
2746 3898 2872 3943 sunt
2896 3890 3107 3946 vitanda
3132 3908 3254 3948 cum
3284 3907 3543 3964 possunt;
3568 3897 3654 3953 sed
3670 3897 3773 3967 quia

2204 3982 2383 4050 potius
2426 3979 2641 4036 ferenda
2689 3992 2834 4050 sunt,
2886 3983 3100 4054 quando
3148 3987 3300 4042 vitari
3358 3990 3482 4045 sine
3535 3991 3771 4061 impietate

2205 4084 2315 4126 non
2369 4080 2633 4141 possunt:
2666 4073 2767 4128 nisi
2813 4073 2952 4130 forte
2994 4076 3274 4148 quisquam
3317 4082 3649 4138 contenderit
3683 4096 3771 4135 non

2206 4175 2328 4217 esse
2350 4162 2653 4217 ministrum
2684 4163 2935 4235 impium,
2980 4168 3069 4237 qui
3108 4177 3239 4237 tunc
3267 4170 3538 4227 subtrahit
3568 4171 3772 4227 ministe-

2206 4255 2345 4309 rium
2369 4254 2549 4325 pietati
2578 4256 2977 4325 necessarium,
3006 4259 3221 4329 quando
3249 4264 3424 4332 magis
3454 4273 3536 4319 est
3559 4278 3772 4320 necessa-

2206 4348 2363 4403 rium.

2279 4441 2331 4496 8.
2363 4442 2451 4496 An
2472 4456 2579 4499 non
2604 4443 2920 4514 cogitamus,
2948 4458 3068 4500 cum
3094 4446 3162 4502 ad
3192 4447 3419 4505 istorum
3447 4448 3767 4520 periculorum

2208 4535 2517 4604 pervenitur
2560 4546 2833 4607 extrema,
2864 4553 2964 4594 nec
3005 4549 3091 4594 est
3132 4549 3367 4610 potestas
3409 4543 3511 4599 ulla
3546 4541 3763 4613 fugiendi,

2208 4635 2438 4697 quantus
2466 4627 2520 4682 in
2546 4627 2785 4683 Ecclesia
2815 4628 2929 4684 fieri
2957 4630 3127 4687 soleat
3151 4632 3219 4687 ab
3248 4642 3479 4706 utroque
3515 4649 3665 4699 sexu,
3699 4639 3766 4687 at-

2208 4734 2313 4790 que
2338 4719 2406 4773 ab
2435 4720 2581 4774 omni
2612 4728 2768 4776 aetate
2795 4736 3114 4789 concursus;
3153 4725 3270 4781 aliis
3295 4725 3612 4797 Baptismum
3638 4725 3763 4795 flagi-

2209 4813 2465 4880 tantibus,
2485 4814 2602 4869 aliis
2623 4816 3133 4884 reconciliationem,
3151 4820 3267 4875 aliis
3287 4823 3451 4877 etiam
3476 4821 3764 4892 poenitentia:

2208 4904 2375 4975 ipsius
2398 4904 2683 4971 actionem,
2712 4907 2958 4962 omnibus
2978 4910 3399 4968 consolationem
3422 4922 3476 4968 et
3499 4926 3765 4969 sacramen-

2209 5004 2383 5050 torum
2411 4997 2797 5052 confcctionem
2840 5006 2896 5053 et
2927 5000 3328 5070 erogationem?
3357 5003 3452 5059 Ubi
3490 5004 3534 5059 si
3564 4999 3762 5058 ministri

2211 5088 2417 5155 desint,
2448 5096 2701 5159 quantum
2741 5091 2958 5146 exitium
2996 5093 3238 5162 sequitur
3273 5109 3398 5161 eos,
3447 5095 3535 5165 qui
3576 5095 3637 5150 de
3676 5093 3764 5147 isto

2211 5181 2407 5237 sateulo
2445 5182 2527 5237 vel
2553 5198 2658 5236 non
2686 5185 2982 5254 regenerati
3009 5165 3316 5242 exeunt‘vel
3352 5187 3525 5257 ligati!
3562 5192 3761 5257 quantus

2213 5285 2296 5330 est
2321 5276 2479 5330 etiam
2510 5274 2681 5330 luctus
2721 5275 2955 5332 fidelium
2982 5293 3199 5334 suorum
3220 5321 3237 5347 ,
3274 5282 3361 5352 qui
3399 5296 3493 5336 eos
3527 5292 3692 5336 secum
3714 5278 3761 5331 in

2214 5370 2336 5424 vitae
2364 5378 2578 5424 aeterna:
2616 5370 2801 5441 requie
2839 5386 2947 5426 non
2983 5372 3284 5430 habebunt!
3317 5386 3537 5446 quantus
3561 5374 3759 5441 denique

2214 5464 2442 5535 gemitus
2464 5463 2700 5519 cinnium
2721 5505 2737 5530 ,
2775 5472 2827 5519 et
2852 5467 3203 5535 quorumdam
3236 5478 3427 5540 quanta
3465 5464 3759 5537 blasphemia

2215 5556 2283 5612 de
2309 5556 2546 5612 absentia
2574 5555 2989 5612 ministeriorum
3010 5566 3065 5614 et
3088 5559 3475 5616 ministrorum!
3511 5557 3630 5612 Vide
3651 5553 3759 5626 quid

2215 5648 2375 5705 faciat
2402 5649 2659 5706 malorum
2690 5649 3064 5720 temporalium
3102 5653 3292 5720 timor,
3328 5661 3378 5709 et
3412 5660 3598 5723 quanta
3633 5649 3679 5703 in
3703 5660 3760 5701 eo

2213 5747 2283 5803 sit
2306 5746 2586 5816 acquisitio
2610 5745 2871 5802 malorum
2899 5755 3240 5803 aeternorum.
3271 5749 3328 5806 Si
3354 5754 3524 5802 autem
3554 5738 3757 5799 ministri

2213 5840 2421 5908 adsint,
2469 5855 2565 5912 pro
2606 5838 2808 5897 viribus
2837 5854 2969 5911 quas
3004 5842 3083 5897 eis
3119 5841 3368 5900 Dominus
3400 5834 3753 5898 subministrat.
