4024 6376
1404 244 1471 276 με
1484 244 1487 247 .

205 352 332 415 1017

200 463 436 527 omnibus
458 460 773 520 subvenitur
797 476 811 514 :
834 456 923 514 alii
943 457 1300 530 baptizantur,
1322 456 1410 512 alii
1432 456 1782 513 reconcilian-

198 569 297 627 tur,
323 556 452 613 nulli
482 553 745 610 Dominici
772 550 1017 622 corporis
1038 548 1417 606 communione
1446 548 1778 618 fraudantur,

194 663 370 709 omnes
386 645 759 713 consolantur,
786 642 1135 709 aedificantur,
1151 642 1521 709 exhortantur,
1540 650 1598 695 ut
1616 641 1781 695 Deum

196 750 392 817 rogent,
414 739 508 812 qui
536 746 729 810 potens
747 745 832 794 est
850 735 1029 792 omnia
1051 750 1171 807 quae
1197 734 1470 801 timentur,
1499 742 1776 803 avertere;

194 834 352 908 parati
374 831 441 888 ad
471 839 758 903 utrumque
775 872 792 896 ,
823 838 883 885 ut
909 828 955 885 si
986 843 1091 885 non
1122 835 1299 900 potest
1324 826 1394 881 ab
1415 826 1495 882 eis
1518 826 1654 882 calix
1681 827 1780 881 iste

193 925 431 992 transire,
462 922 557 978 fiat
582 921 829 979 voluntas
853 920 968 991 ejus
995 918 1210 995 (Matth.
1238 934 1387 985 xxvr,
1413 914 1507 992 42)
1538 919 1627 989 qui
1653 918 1781 974 mali

192 1016 377 1090 aliquid
402 1030 510 1072 non
542 1022 722 1086 potest
744 1013 904 1070 velle.

254 1109 305 1166 9.
351 1108 511 1165 Certe
543 1107 656 1179 jam
698 1106 849 1163 vides
871 1105 1015 1179 quod
1040 1113 1094 1162 te
1118 1105 1411 1176 scripseras
1436 1119 1541 1161 non
1571 1102 1771 1172 videre,

189 1212 430 1277 quantum
470 1202 600 1258 boni
649 1209 1044 1273 consequantur
1092 1200 1273 1271 populi
1303 1199 1616 1263 Christiani.
1646 1200 1692 1254 si
1720 1200 1774 1254 in

186 1294 524 1369 prasentibus
554 1293 713 1350 malis
758 1308 864 1349 non
891 1293 970 1349 eis
1016 1293 1155 1349 desit
1190 1294 1471 1365 praesentia
1498 1292 1773 1349 ministro-

186 1404 292 1444 rum
329 1386 533 1444 Christi
570 1405 584 1441 :
614 1400 842 1458 quorum
866 1384 1017 1441 vides
1042 1387 1201 1441 etiam
1229 1394 1485 1457 quantum
1511 1385 1652 1440 obsit
1674 1384 1771 1439 ab-

186 1484 361 1547 sentia,
386 1482 516 1537 dum
543 1496 643 1537 sua
684 1488 929 1552 quaarunt
954 1494 1058 1535 non
1080 1494 1199 1551 quae
1228 1478 1356 1535 Jesu
1379 1477 1579 1534 Christi
1602 1478 1621 1548 (
1646 1477 1772 1533 Plii-

186 1580 301 1650 (ipp.
328 1592 386 1643 ll,
407 1574 472 1632 21
504 1573 569 1649 );
623 1590 722 1630 nec
773 1573 976 1629 habent
1015 1573 1160 1629 illam
1204 1572 1273 1627 de
1310 1587 1415 1644 qua
1440 1571 1640 1627 dictum
1667 1580 1766 1636 est,

189 1670 303 1727 Non
320 1670 500 1741 quten't
517 1685 635 1741 quae
657 1684 753 1723 sua
779 1676 895 1722 sunt
916 1665 935 1739 (
962 1666 982 1721 l
1008 1664 1128 1721 Cor.
1148 1681 1266 1731 xm,
1290 1664 1362 1734 5)
1388 1681 1402 1730 ;
1435 1679 1533 1721 nec
1554 1665 1767 1719 imitan-

184 1776 260 1821 tur
285 1779 404 1821 eum
444 1764 537 1836 qui
562 1762 721 1827 dixit,
765 1760 886 1816 Non
911 1776 1143 1827 quarens
1166 1758 1304 1830 quod
1329 1759 1454 1812 mihi
1500 1758 1640 1824 utile,
1680 1757 1769 1811 sed

184 1856 303 1929 quod
319 1854 511 1922 multis,
533 1864 593 1909 ut
617 1854 747 1911 salvi
762 1854 892 1923 ﬁant
909 1853 927 1923 (
945 1851 1032 1907 Id.
1051 1869 1107 1920 χ,
1131 1851 1256 1921 55).
1282 1850 1380 1920 Qui
1402 1852 1561 1907 etiam
1588 1866 1769 1921 perse-

188 1949 372 2005 cutoris
416 1948 680 2019 principis
722 1946 860 2002 illius
890 1945 1109 2003 insidias
1152 1960 1257 2002 non
1305 1945 1544 2016 fugisset,
1579 1947 1677 2001 nisi
1708 1961 1768 2003 se

185 2041 289 2096 aliis
310 2040 505 2111 quibus
533 2039 871 2096 necessarius
901 2048 1037 2106 erat,
1066 2053 1282 2094 servare
1308 2038 1565 2094 voluisset
1595 2056 1606 2091 :
1639 2053 1766 2109 pro-

183 2142 292 2204 pter
317 2131 457 2203 quod
487 2132 588 2199 ait,
633 2130 919 2201 Compellor
947 2139 1117 2184 autem
1158 2145 1222 2184 ea:
1254 2129 1451 2183 duobus
1478 2144 1497 2182 :
1524 2130 1767 2199 concupi-

181 2227 406 2280 scentiam
424 2226 621 2281 habens
642 2224 847 2280 dissolui
863 2234 910 2279 et
937 2240 1042 2279 esse
1057 2240 1173 2277 cum
1188 2221 1405 2288 Christo,
1427 2223 1586 2278 multo
1605 2224 1766 2295 magis

182 2321 451 2391 Optimum;
478 2335 686 2375 manere
710 2328 878 2375 autem
913 2319 967 2373 in
988 2333 1160 2385 carne,
1192 2317 1528 2373 necessarium
1560 2328 1766 2389 propter

181 2412 298 2484 vos(
329 2413 565 2486 Philipp.
600 2429 639 2479 ι,
667 2412 741 2469 25
762 2414 800 2483 ).

248 2504 334 2560 10.
368 2504 469 2561 llic
495 2506 637 2561 forte
668 2504 788 2575 quis
812 2503 956 2559 dicat
983 2503 1103 2559 ideo
1127 2502 1324 2561 debere
1366 2502 1464 2559 Dei
1492 2504 1765 2560 ministros

183 2592 352 2666 fugere
378 2595 580 2651 talibus
600 2594 999 2651 imminentibus
1047 2594 1223 2661 malis,
1253 2603 1312 2649 ut
1340 2610 1398 2650 se
1418 2610 1515 2665 pro
1541 2594 1765 2651 utilitate

182 2688 425 2745 Ecclesiae
465 2689 796 2760 temporibus
833 2686 1287 2758 tranquillioribus
1325 2695 1558 2743 servent.
1599 2688 1764 2744 Recte

181 2781 273 2838 hoc
295 2782 353 2838 fit
371 2781 763 2854 aquibusdam,
810 2781 1022 2852 quando
1046 2796 1152 2836 non
1182 2780 1375 2835 desunt
1395 2780 1485 2835 alii
1506 2796 1600 2851 per
1630 2796 1763 2850 quos

181 2874 478 2943 suppleatur
488 2872 912 2930 ecclesiasticum
935 2872 1308 2935 ministerium,
1332 2888 1399 2928 ne
1419 2872 1488 2927 ab
1516 2873 1763 2928 omnibus

181 2964 492 3035 deseratur;
522 2966 667 3038 quod
698 2965 889 3023 fecisse
918 2966 1266 3022 Athanasium
1296 2981 1455 3037 supra
1481 2966 1714 3022 diximus
1746 2986 1760 3021 :

180 3071 293 3113 nam
320 3068 578 3131 quantum
600 3059 957 3115 necessarium
984 3058 1144 3114 fuerit
1166 3058 1445 3123 Ecclesiae,
1476 3067 1762 3129 quantum-

178 3164 274 3220 que
297 3151 578 3221 profuerit,
611 3150 753 3222 quod
792 3150 874 3205 vir
894 3150 983 3206 ille
1025 3150 1222 3205 mansit
1246 3150 1300 3205 in
1326 3165 1507 3217 carne,
1542 3150 1766 3206 catholi-

177 3255 234 3296 ca
261 3242 392 3300 fides
431 3243 601 3309 novit,
629 3257 750 3315 quae
788 3242 1045 3298 adversus
1077 3242 1303 3297 Arianos
1347 3241 1627 3297 haereticos
1671 3258 1764 3297 ore

181 3332 319 3391 illius
344 3346 400 3392 et
428 3352 614 3393 amore
633 3335 850 3393 defensa
879 3346 980 3390 est.
1009 3334 1115 3391 Sed
1140 3334 1354 3406 quando
1371 3344 1453 3390 est
1480 3350 1764 3391 commune

176 3426 495 3495 periculum,
538 3428 812 3500 magisque
838 3426 1133 3483 timendum
1176 3435 1263 3481 est
1292 3442 1361 3481 ne
1400 3427 1677 3497 quisquam
1711 3426 1763 3482 id

175 3514 346 3575 facere
376 3519 650 3587 credatur,
684 3536 791 3576 non
820 3520 1134 3577 consulendi
1162 3520 1453 3585 voluntate,
1485 3520 1580 3576 sed
1603 3522 1763 3577 timo-

172 3622 229 3663 re
247 3611 532 3678 moriendi,
566 3613 839 3685 magisque
876 3612 1111 3685 fugiendi
1141 3614 1282 3669 obsit
1306 3614 1572 3685 exemplo,
1604 3629 1762 3685 quam

168 3700 375 3757 vivendi
424 3705 601 3771 prosit
644 3704 843 3772 officio,
894 3706 1037 3759 nulla
1062 3706 1270 3761 ratione
1316 3705 1613 3761 faciendum
1659 3714 1759 3761 est.

155 3790 397 3862 Denique
421 3804 651 3849 sanctus
678 3796 865 3861 David,
908 3812 976 3851 ne
1024 3811 1083 3851 se
1128 3798 1489 3853 committeret
1514 3800 1763 3867 periculis

151 3884 499 3955 praeliorum,
525 3895 579 3941 et
592 3885 835 3941 fortassis
864 3889 1283 3957 exstingueretur,
1304 3890 1439 3944 sicut
1467 3891 1536 3944 ibi
1564 3891 1762 3945 dictum

152 3986 250 4043 est,
283 3975 512 4033 lucerna
536 3976 705 4034 Israel
726 3978 801 4052 (ll
828 3978 956 4050 Reg.
990 3994 1068 4045 xt,
1102 3980 1164 4033 17
1186 3979 1225 4050 ),
1253 3994 1282 4034 a
1305 3981 1415 4034 suis
1442 3980 1545 4035 hoc
1572 3991 1761 4050 peten-

158 4070 297 4126 tibus
326 4073 593 4143 sumpsit,
616 4087 720 4127 non
754 4073 867 4144 ipse
898 4073 1237 4145 praesumpsit
1266 4090 1281 4138 ;
1310 4073 1544 4144 alioquin
1568 4075 1763 4129 multos

162 4161 468 4221 imitatores
497 4165 711 4221 fecisset
739 4165 986 4236 ignaviae,
1014 4165 1103 4236 qui
1124 4180 1247 4220 eum
1266 4164 1665 4220 crederenthoe
1690 4167 1764 4221 t'e-

166 4259 301 4315 cisse
342 4273 460 4313 non
504 4258 934 4314 consideratione
964 4256 1205 4313 utilitatis
1249 4257 1493 4323 alterum,
1529 4257 1627 4313 sed
1653 4271 1762 4313 suae

170 4354 566 4421 perturbatione
595 4352 910 4408 formidinis.

175 4458 183 4481 ι
241 4446 328 4500 ll.
357 4443 605 4501 Occurrit
631 4452 808 4499 autem
852 4443 954 4497 alia
983 4442 1209 4514 quaestio
1256 4457 1415 4515 quam
1450 4453 1764 4501 contemne-

178 4549 233 4590 re
256 4552 364 4592 non
384 4535 661 4593 debemus.
687 4535 743 4591 Si
770 4536 912 4591 enim
942 4534 1057 4591 haec
1087 4535 1284 4590 utilitas
1314 4535 1627 4607 negligenda
1653 4554 1760 4594 non

181 4635 273 4694 est,
306 4638 357 4681 ut
399 4628 561 4697 aliqui
610 4626 837 4682 ministri
885 4634 1167 4696 propterea
1220 4626 1422 4697 fugiant
1450 4628 1761 4685 imminente

180 4717 343 4789 aliqua
372 4719 637 4784 vastitate,
674 4729 731 4775 ut
768 4727 1049 4774 serventur
1074 4721 1162 4790 qui
1192 4722 1496 4777 ministrent
1524 4726 1603 4775 eis
1628 4740 1763 4797 quos

181 4820 286 4878 post
319 4813 464 4868 illam
496 4812 705 4868 cladem
749 4811 993 4868 residuos
1023 4815 1289 4883 potuerint
1328 4816 1603 4886 invenire;
1635 4822 1760 4891 quid

182 4898 263 4957 fiet
281 4902 368 4959 tibi
398 4919 589 4959 omnes
618 4904 864 4960 videntur
892 4904 1177 4972 interituri,
1204 4906 1304 4961 nisi
1328 4908 1489 4979 aliqui
1511 4909 1760 4982 fugiant?

181 4993 295 5061 quid
341 4997 387 5050 si
428 4996 570 5050 enim
614 4996 871 5052 hactenus
897 4997 1079 5052 saeviat
1105 4997 1190 5052 illa
1219 5000 1502 5069 pernicies,
1536 5012 1592 5058 ut
1618 5005 1762 5059 solos

182 5086 442 5144 ministros
491 5088 747 5144 Ecclesiae
796 5091 1181 5160 persequatur?
1227 5091 1362 5160 Quid
1388 5093 1667 5151 dicemus?
1692 5113 1760 5153 an

182 5178 516 5251 relinquenda
544 5188 627 5234 est
650 5195 679 5234 a
707 5180 965 5235 ministris
991 5180 1311 5252 fugientibus
1333 5184 1593 5252 Ecclesia,
1621 5204 1686 5243 ne
1729 5205 1760 5244 a

182 5272 520 5329 morientibus
540 5271 905 5328 miserabilius
925 5274 1294 5345 relinquatur?
1319 5278 1424 5333 Sed
1445 5280 1489 5334 si
1512 5281 1628 5336 laici
1652 5298 1757 5339 non

184 5372 481 5429 quaeruntur
496 5363 563 5420 ad
587 5372 835 5428 mortem,
856 5375 1077 5434 possunt
1098 5369 1369 5425 occultare
1404 5388 1617 5444 quoquo
1643 5392 1759 5431 mo-

183 5449 244 5505 do
264 5455 543 5527 episcopos
566 5464 623 5512 et
666 5455 889 5511 clericos
917 5470 1063 5523 suos,
1105 5460 1243 5515 sicut
1267 5461 1356 5517 ille
1404 5464 1672 5535 adjuverit
1702 5470 1754 5525 in

184 5543 319 5614 cujus
338 5557 606 5621 potestate
632 5557 758 5603 sunt
784 5548 983 5614 omnia,
1010 5551 1098 5620 qui
1130 5561 1303 5621 potest
1324 5563 1379 5609 et
1407 5571 1510 5612 non
1550 5558 1757 5631 fugien-

188 5640 290 5693 tem
316 5657 410 5711 per
446 5641 745 5697 mirabilem
790 5656 1111 5699 conservare
1152 5649 1464 5715 potentiam.
1497 5650 1602 5708 Sed
1638 5654 1758 5711 ideo

186 5737 462 5801 quaerimus
489 5737 615 5809 quid
649 5754 749 5795 nos
777 5738 953 5795 facere
972 5738 1282 5810 debeamus,
1315 5760 1383 5801 ne
1425 5746 1477 5801 in
1508 5749 1757 5805 omnibus

188 5830 535 5899 exspectando
578 5832 753 5890 divina
783 5834 1035 5891 miracula
1067 5845 1268 5893 tentare
1305 5839 1585 5899 Dominum
1607 5844 1751 5915 judi-

1329 339 1813 401 EPISTOLARUM
1847 342 2129 403 CLASSIS
2165 341 2254 401 III.

3343 344 3487 407 £01.

1891 474 2098 515 cemur.
2137 458 2255 515 Non
2286 458 2499 531 quidem
2547 459 2667 516 talis
2689 468 2773 516 est
2797 458 2898 516 ista
2928 445 3479 538 tempestas,'quando

1891 552 2148 610 laicorum
2170 560 2223 609 et
2248 554 2562 609 clericorum
2586 563 2668 609 est
2701 568 2986 609 commune
3000 554 3314 625 periculum,
3336 556 3476 614 sicut

1888 646 1943 702 in
1967 646 2086 701 navi
2103 662 2205 701 una
2225 662 2507 702 commune
2524 646 2813 718 periculum
2834 655 2918 702 est
2937 656 3292 703 mercatorum
3310 657 3473 721 atque

1888 746 2191 793 nautarum.
2220 736 2417 794 Verum
2448 738 2587 793 absit
2611 747 2667 793 ut
2682 736 2813 793 tanti
2840 737 3119 808 peudenda
3142 738 3211 793 sit
3231 737 3345 794 hac
3371 755 3470 795 na-

1887 831 1968 886 vis
1984 838 2187 898 nostra,
2212 838 2269 885 ut
2296 830 2524 886 debeant
2547 845 2667 886 eam
2700 837 2892 897 nautae,
2934 838 2988 883 et
3018 830 3247 887 maxime
3270 831 3469 902 guber~

1886 932 2058 988 nator,
2093 922 2476 993 periclitantem
2529 922 2801 989 deserere,
2856 922 3064 977 etiamsi
3114 922 3166 976 in
3214 922 3466 994 scapham

1885 1015 2233 1073 transiliendo
2258 1016 2343 1071 vel
2368 1017 2526 1071 etiam
2556 1015 2787 1071 natando
2824 1014 3028 1084 possint
3052 1012 3303 1086 effugere.
3332 1015 3466 1085 Qui-

1882 1110 1982 1166 bus
2025 1110 2167 1165 enim
2210 1109 2495 1164 metuimus
2536 1122 2603 1163 ne
2653 1114 2832 1161 nostra
2867 1105 3170 1161 desertione
3222 1115 3466 1175 pereant,

1882 1219 1987 1260 non
2012 1202 2355 1274 temporalem
2374 1211 2621 1267 mortem,
2641 1214 2760 1271 quae
2780 1198 3098 1270 quandoque
3122 1207 3341 1253 ventura
3363 1208 3467 1265 est,

1880 1296 1975 1351 sed
2001 1305 2279 1360 aeternam,
2310 1308 2429 1364 quae
2448 1300 2643 1365 potest,
2676 1291 2720 1346 si
2748 1305 2855 1346 non
2884 1298 3154 1356 caveatur,
3180 1290 3382 1359 venire,
3413 1298 3471 1346 et

1881 1402 2073 1466 potest,
2105 1395 2150 1449 si
2180 1402 2449 1460 caveatur,
2505 1393 2664 1448 etiam
2707 1407 2812 1447 non
2839 1391 3040 1458 venire,
3072 1390 3376 1448 metuimus.
3409 1388 3470 1445 In

1877 1487 2149 1543 communi
2176 1495 2352 1542 autem
2378 1485 2616 1556 periculo
2635 1486 2756 1539 vitae.
2778 1484 2933 1554 hujus
2959 1499 3055 1540 cur
3073 1484 3464 1553 existimamus,

1879 1579 2197 1649 ubicumque
2227 1578 2384 1634 fuerit
2407 1577 2615 1633 hostilis
2658 1578 2918 1645 incursus,
2946 1590 3136 1633 omnes
3159 1576 3386 1634 clericos
3410 1587 3466 1633 et

1878 1685 1985 1726 non
2016 1670 2175 1725 etiam
2227 1684 2417 1726 omnes
2463 1669 2626 1724 laicos
2668 1683 2788 1726 esse
2842 1669 3151 1737 morituros,
3200 1678 3259 1723 ut
3305 1670 3463 1725 simul

1876 1762 2060 1817 finiant
2089 1762 2225 1817 hanc
2240 1762 2422 1829 vitam,
2444 1762 2529 1816 cui
2550 1770 2676 1817 sunt
2696 1760 2877 1818 clerici
2899 1761 3225 1817 necessarii?
3250 1770 3341 1817 aut
3365 1777 3461 1817 cur

1875 1872 1982 1912 non
2005 1872 2284 1928 speremus
2308 1858 2445 1913 sicut
2482 1856 2648 1912 laicos
2676 1856 2903 1927 aliquos,
2948 1856 3026 1911 sie
3050 1856 3210 1912 etiam
3240 1856 3465 1913 clericos

1874 1963 2234 2015 remansuros,
2263 1964 2293 2002 a
2342 1948 2532 2019 quibus
2580 1946 2660 2002 eis
2698 1946 3059 2003 necessarium
3108 1947 3463 2003 ministerium

1872 2040 2046 2095 valeat
2069 2041 2354 2096 exhiberi?

1948 2129 2036 2185 12.
2067 2130 2402 2203 Quanquam.
2430 2147 2463 2187 ο
2490 2133 2537 2187 si
2573 2131 2716 2187 inter
2746 2129 2837 2185 Dei
2859 2129 3133 2187 ministros
3164 2128 3288 2185 inde
3315 2129 3378 2186 sit
3394 2128 3468 2185 di-

1875 2224 2157 2292 sceptatio,
2210 2224 2299 2294 qui
2327 2238 2511 2278 eorum
2557 2232 2829 2291 maneant,
2862 2238 2929 2277 ne
2972 2222 3093 2294 fuga
3136 2223 3468 2290 omnium,ct

1873 2314 1963 2384 qui
1988 2328 2173 2369 eorum
2198 2313 2422 2384 fugiant,
2448 2330 2516 2371 ne
2536 2325 2707 2369 morte
2728 2315 2965 2369 omnium
2982 2314 3258 2371 deseratur
3280 2314 3465 2371 Eccle-

1874 2407 1951 2461 sia
1978 2408 1990 2461 ι
2024 2407 2151 2463 Tale
2180 2409 2377 2479 quippe
2406 2420 2674 2466 certamen
2704 2412 2806 2466 erit
2830 2411 2967 2466 inter
2987 2426 3102 2476 eos,
3133 2410 3219 2465 ubi
3249 2410 3466 2480 utrique

1876 2497 2118 2554 ferveant
2144 2500 2425 2568 charitate,
2452 2510 2506 2557 et
2530 2503 2739 2574 utrique
2765 2504 3008 2573 placeant
3034 2502 3302 2558 charitati.
3327 2503 3459 2570 Qua:

1872 2592 2187 2663 disceptatio
2212 2594 2254 2648 si
2287 2594 2442 2649 aliter
2486 2610 2594 2650 non
2619 2597 2853 2665 potuerit
2879 2594 3173 2662 terminari,
3204 2604 3465 2664 quantum

1872 2685 2002 2739 mihi
2030 2684 2257 2753 videtur,
2286 2688 2375 2757 qui
2404 2696 2655 2742 maneant
2676 2698 2731 2743 et
2750 2689 2838 2758 qui
2860 2687 3081 2757 fugiant,
3106 2696 3253 2741 sorte
3282 2686 3463 2756 legen-

1871 2777 1925 2833 di
1956 2788 2098 2833 sunt.
2131 2779 2230 2846 Qui
2267 2780 2409 2835 enim
2438 2779 2674 2836 dixerint
2715 2796 2774 2836 se
2802 2780 2979 2851 potius
3022 2779 3203 2849 fugere
3232 2776 3461 2844 debere,

1873 2881 1962 2926 aut
1985 2871 2157 2927 timidi
2202 2873 2543 2939 videbuntur,
2590 2873 2714 2945 quia
2765 2873 3050 2929 imminens
3080 2871 3276 2927 malum
3305 2870 3464 2924 susti-

1872 2981 2001 3022 nere
2051 2966 2375 3033 noluerunt;
2428 2975 2520 3021 aut
2546 2975 2879 3038 arrogantes,
2907 2966 3031 3037 quia
3058 2979 3117 3020 se
3159 2963 3327 3033 magis
3372 2961 3463 3033 qui

1872 3058 2121 3113 servandi
2171 3068 2352 3114 essent
2378 3101 2393 3127 ,
2450 3059 2782 3116 necessarios
2824 3057 3075 3113 Ecclesiae
3131 3055 3456 3127 iudicarunt.

1872 3150 2092 3217 Deinde,
2112 3150 2350 3207 fortassis
2377 3152 2410 3206 ii
2438 3154 2526 3223 qui
2558 3153 2807 3208 meliores
2826 3161 2971 3217 sunt,
3002 3151 3200 3221 eligent
3223 3164 3317 3220 pro
3343 3148 3458 3205 fra-

1874 3244 2042 3298 tribus
2072 3244 2276 3299 animas
2330 3258 2569 3315 ponere;
2602 3253 2655 3299 et
2685 3244 2737 3298 hi
2787 3242 3144 3299 servabuntur
3182 3241 3456 3313 fugiendo,

1871 3351 2097 3407 quorum
2128 3345 2210 3391 est
2256 3336 2432 3391 minus
2461 3336 2606 3390 utilis
2636 3338 2761 3403 vita,
2793 3336 2916 3405 quia
2947 3335 3122 3390 minor
3145 3332 3457 3390 consulendi

1872 3438 1925 3482 et
1952 3426 2282 3498 gubernandi
2314 3428 2501 3498 peritia
2526 3446 2537 3480 :
2567 3427 2655 3497 qui
2684 3437 2862 3481 tamen
2884 3427 2931 3482 si
2958 3426 3041 3497 pie
3068 3426 3301 3496 sapiunt,
3328 3440 3460 3480 cou-

1872 3518 2134 3573 tradicent
2159 3520 2237 3574 eis
2261 3536 2396 3590 quos
2413 3518 2593 3575 vident
2618 3529 2673 3573 et
2697 3519 2880 3575 vivere
2912 3518 3083 3588 potius
3110 3524 3381 3588 oportere,
3406 3526 3468 3574 et

1872 3614 2039 3683 magis
2067 3613 2199 3667 mori
2228 3613 2388 3667 malle
2412 3628 2571 3683 quam
2599 3612 2799 3683 fugere.
2837 3611 2983 3679 ldeo,
3012 3612 3148 3666 sicut
3191 3611 3455 3682 scriptum

1871 3714 1973 3774 est,
2007 3705 2442 3761 Contradictiones
2470 3706 2611 3762 sedat
2641 3706 2855 3771 sortitio,
2887 3714 2934 3760 et
2969 3705 3099 3759 inter
3125 3714 3346 3776 potentes
3372 3706 3463 3761 de-

1872 3801 2022 3873 fmit(
2056 3800 2207 3855 Prov.
2239 3818 2392 3867 xviii,
2422 3802 2489 3856 l8
2511 3801 2528 3873 )
2554 3818 2566 3856 :
2598 3801 2789 3857 melius
2817 3801 2959 3856 enim
2987 3800 3197 3856 Deusin
3226 3798 3467 3871 hujusce-

1872 3893 2013 3945 modi
2037 3894 2366 3961 ambagibus,
2396 3909 2554 3962 quam
2581 3893 2847 3960 homines,
2875 3893 3109 3962 judicat;
3140 3893 3253 3948 sive
3273 3892 3461 3963 digne-

1873 3991 1959 4034 tur
1982 3981 2048 4034 ad
2087 3982 2347 4050 passionis
2394 3980 2623 4035 fructum
2654 3998 2848 4037 vocare
2876 3982 3124 4036 meliores
3159 3991 3213 4036 et
3239 3997 3462 4051 parcere

1874 4072 2120 4139 infirmis,
2154 4073 2265 4127 sive
2305 4073 2436 4126 istos
2466 4072 2642 4128 facere
2669 4074 2736 4128 ad
2770 4072 2905 4127 mala
2934 4072 3245 4143 perferenda
3275 4072 3464 4128 fortio-

1872 4180 1980 4232 res,
2010 4174 2065 4220 et
2103 4164 2225 4219 huic
2255 4165 2377 4219 vitae
2416 4164 2750 4231 subtrahere,
2782 4178 3008 4233 quorum
3036 4178 3139 4218 non
3170 4173 3342 4233 potest
3370 4164 3465 4219 Dei

1872 4257 2125 4312 Ecclesia:
2158 4266 2358 4311 tantum
2383 4264 2637 4327 quantum
2664 4257 2877 4311 illorum
2906 4258 3011 4310 vita
3041 4254 3314 4326 prodesse.
3356 4255 3464 4312 Res

1871 4347 2083 4418 quidem
2114 4347 2205 4403 flet
2230 4348 2405 4403 minus
2435 4348 2648 4416 usitata,
2681 4349 2725 4402 si
2767 4347 2857 4402 ﬁat
2884 4347 2983 4402 ista
3018 4346 3225 4402 sortitio
3256 4366 3270 4404 :
3298 4347 3392 4404 sed
3414 4348 3463 4404 si

1871 4438 2010 4493 facta
2035 4438 2211 4499 fuerit.
2245 4439 2363 4509 quis
2383 4454 2501 4495 eam
2529 4437 2921 4509 reprehendere
2937 4437 3183 4493 audebit?
3207 4437 3336 4506 Quis
3355 4454 3463 4495 non

1871 4546 2012 4596 eam,
2042 4531 2143 4586 nisi
2167 4531 2464 4602 imperitus,
2497 4539 2589 4585 aut
2610 4530 2837 4595 invidus,
2867 4546 3103 4601 congrua
3130 4530 3463 4600 praedicatio-

1872 4636 1937 4676 ne
1993 4622 2281 4677 laudabit?
2324 4621 2476 4690 Quod
2503 4622 2547 4677 si
2575 4638 2681 4677 non
2718 4623 2887 4692 placet
2915 4623 3107 4687 facere,
3155 4620 3305 4690 cujus
3332 4619 3461 4678 facti

1871 4731 1976 4771 non
2002 4718 2234 4771 occurrit
2259 4716 2581 4785 exemplum,
2615 4716 2814 4770 nullius
2842 4715 2959 4785 fuga
2990 4713 3147 4768 faciat
3176 4722 3233 4768 ut
3265 4714 3455 4769 Eccle-

1871 4807 1964 4861 siae
1994 4807 2370 4871 ministerium,
2404 4806 2635 4861 maxime
2656 4808 2709 4861 in
2734 4807 2893 4861 tantis
2921 4805 3171 4877 periculis
3211 4822 3464 4863 necessa-

1870 4900 2007 4954 rium
2056 4915 2119 4954 ac
2160 4899 2416 4965 debitum,
2467 4900 2624 4956 desit.
2673 4900 2841 4956 Nemo
2881 4902 3149 4972 excipiat‘
3181 4916 3462 4973 persomim

1870 5006 2047 5058 suam,
2075 5000 2134 5045 ut
2179 4992 2223 5046 si
2267 4991 2442 5061 aliqua
2494 4992 2661 5063 gratia
2686 4992 2898 5048 videtur
2943 4994 3232 5061 excellere,
3258 4993 3377 5050 ideo
3403 5009 3463 5051 se

1869 5085 2011 5140 dicat
2034 5084 2164 5153 vita,
2213 5093 2267 5141 et
2296 5086 2365 5140 ob
2402 5086 2503 5142 hoc
2530 5086 2675 5158 fuga,
2721 5102 2843 5143 esse
2868 5087 3185 5161 digniorem.
3209 5087 3461 5159 Quisquis

1871 5177 2012 5232 enim
2044 5175 2146 5231 hoc
2181 5185 2350 5248 putat,
2378 5179 2599 5234 nimium
2645 5180 2743 5235 sibi
2772 5181 2946 5252 placet
2971 5200 2983 5236 :
3013 5183 3252 5254 quisquis
3280 5191 3461 5238 autem

1869 5272 2029 5327 etiam
2057 5271 2158 5327 hoc
2182 5271 2332 5338 dicit,
2363 5273 2607 5328 omnibus
2623 5273 2886 5345 displicet.

1943 5365 2029 5419 l5.
2062 5364 2199 5419 Sunt
2219 5379 2346 5419 sane
2365 5366 2453 5435 qui
2483 5364 2809 5422 arbitrantur
2828 5369 3111 5439 episcopos
3139 5375 3195 5423 et
3229 5367 3456 5424 clericos

1870 5472 1975 5511 non
1998 5456 2257 5527 fugientes
2279 5457 2328 5511 in
2348 5456 2538 5511 talibus
2560 5460 2828 5528 periculis,
2848 5459 2941 5515 sed
2963 5466 3261 5525 manentes,
3282 5458 3457 5515 facere

1872 5558 1927 5603 ut
1957 5549 2139 5620 plebes
2168 5548 2518 5619 decipiantur,
2571 5565 2694 5605 cum
2749 5551 2870 5605 ideo
2924 5566 3028 5606 non
3073 5546 3301 5621 fugiunt,
3332 5551 3454 5620 quia

1870 5656 2087 5696 manere
2115 5655 2241 5695 suos
2271 5642 2582 5711 praepositos
2602 5652 2849 5698 cernunt.
2877 5642 2981 5699 Sed
3010 5642 3167 5699 facile
3201 5649 3287 5699 est
3314 5642 3453 5700 hanc

1869 5732 2276 5804 responsionem
2298 5734 2376 5788 vel
2403 5733 2651 5790 invidiam
2675 5736 2960 5803 declinare,
2985 5734 3305 5809 alloquendo
3322 5750 3446 5796 eas-

1932 5858 1949 5887 ι
1987 5863 2162 5906 necem
2187 5864 2315 5919 Mss.,
2337 5856 2558 5923 accipiat.
