4024 6372
621 384 755 445 ωιθ

615 504 737 562 dent
764 498 963 572 plebes,
992 504 1154 568 atque
1198 488 1460 548 dicendo:
1488 482 1603 539 Non
1626 496 1720 537 vos
1759 478 2002 551 decipiat,
2046 473 2187 572 quod

614 600 682 655 de
708 568 825 651 loco
851 592 951 647 isto
977 604 1081 645 non
1112 585 1338 656 fugimus
1366 599 1379 634 :
1408 594 1513 634 non
1531 577 1673 632 enim
1704 581 1919 646 propter
1943 585 2060 634 nus,
2094 568 2186 624 sed

615 697 832 763 propter
861 700 954 739 vos
978 682 1152 757 potius
1177 677 1262 735 hic
1288 685 1583 735 manemus,
1606 684 1673 725 ne
1696 665 1984 763 vobis‘non
2023 661 2183 717 mini-

614 755 843 841 strenuus
869 755 1118 849 quidquid
1148 767 1304 825 saluti
1348 773 1560 825 vestrae,
1606 776 1723 833 quae
1765 758 1818 814 in
1842 755 2055 849 Christo
2079 762 2182 821 est,

612 874 854 932 novimus
879 846 1254 923 necessarium.
1278 859 1335 916 Si
1355 872 1480 929 ergo
1502 856 1680 925 fugere
1706 846 1999 917 volueritis,
2018 854 2071 903 et
2091 859 2188 901 nos

613 968 679 1023 ab
705 966 837 1031 istis,
861 958 1053 1033 quibus
1080 966 1340 1017 tenemur,
1374 947 1600 1005 vinculis
1621 941 1869 1000 solvistis.
1892 939 2042 1033 Quod
2064 945 2188 993 tunc

612 1065 739 1129 puto
778 1030 899 1109 eSse
939 1047 1242 1112 dicendum,
1280 1040 1491 1113 quando
1534 1053 1659 1092 vere
1684 1034 1889 1129 videtur
1910 1030 2037 1086 utile
2066 1043 2185 1129 esse

612 1121 677 1211 ad
706 1148 820 1202 loca
849 1144 1041 1199 tutiora
1070 1140 1311 1209 migrare.
1331 1136 1445 1203 Quo
1466 1131 1665 1195 audito,
1713 1128 1757 1183 si
1784 1124 1868 1185 vel
1889 1135 2076 1180 omnes
2104 1121 2187 1177 vel

615 1238 777 1310 aliqui
801 1234 1052 1296 dixerint,
1081 1229 1136 1285 In
1170 1229 1313 1283 illius
1352 1231 1609 1295 potestate
1639 1234 1838 1283 sumus,
1873 1212 2185 1310 cujus-iram

610 1303 803 1395 nullus,
823 1336 1151 1399 quocumque
1169 1319 1328 1383 vadit,
1352 1313 1558 1379 evadit;
1581 1314 1729 1381 cujus
1745 1303 2183 1411 misericordiam,

610 1421 930 1491 ubicumque
953 1417 1041 1480 sit,
1070 1422 1241 1485 potest
1263 1408 1498 1466 invenire
1535 1405 1623 1476 qui
1650 1414 1908 1473 nusquam
1937 1398 2052 1491 vult
2076 1398 2177 1464 ire,

619 1514 729 1570 sive
770 1512 928 1567 certis
972 1502 1377 1563 necessitatibus
1420 1495 1737 1568 impeditus,
1784 1494 1894 1548 sive
1942 1490 2185 1546 laborare

618 1606 806 1659 nolens
825 1600 891 1657 ad
922 1600 1123 1654 incerta
1152 1593 1395 1662 suffugia,
1417 1600 1470 1645 et
1497 1604 1602 1643 non
1630 1586 1692 1641 ad
1724 1582 1971 1649 finienda,
1999 1579 2093 1636 sed
2120 1578 2186 1634 ad

610 1694 862 1753 mutanda
894 1691 1122 1763 pericula
1157 1706 1171 1743 :
1214 1682 1398 1759 procul
1426 1681 1585 1739 dubio
1629 1681 1714 1735 isti
1743 1673 2023 1735 deserendi
2079 1690 2186 1729 non

613 1786 1049 1845 suntministcrio
1077 1779 1380 1837 christiano.
1414 1776 1468 1832 Si
1490 1786 1686 1841 autem,
1714 1773 1815 1827 hoc
1844 1769 2055 1835 audito,
2086 1766 2183 1821 ab-

614 1882 694 1937 ire
745 1875 1045 1943 maluerint,
1097 1887 1194 1927 nec
1242 1871 1343 1925 illis
1380 1862 1699 1923 manendum
1729 1873 1829 1930 est,
1858 1863 1945 1933 qui
1972 1868 2188 1931 propter

608 1972 730 2025 illos
772 1966 1093 2030 manebant;
1126 1963 1244 2033 quia
1276 1961 1344 2016 ibi
1368 1959 1476 2031 jam
1518 1973 1623 2013 non
1650 1965 1770 2012 sunt
1801 1962 2019 2025 propter
2052 1967 2186 2023 quos

608 2076 825 2118 manere
849 2058 1019 2114 adhuc
1039 2057 1284 2111 debeant.

682 2154 769 2209 ts.
799 2151 1126 2221 Quicumque
1157 2145 1314 2219 igitur
1343 2147 1445 2201 isto
1473 2142 1631 2200 modo
1673 2142 1822 2214 fugit,
1857 2151 1913 2197 ut
1935 2139 2184 2196 Ecclesiae

606 2244 965 2303 necessarium
994 2241 1345 2296 ministerium
1376 2237 1465 2293 illo
1486 2235 1719 2307 fugiente
1754 2248 1857 2290 non
1883 2232 2040 2297 desit,
2060 2230 2188 2285 facit

605 2336 748 2407 quod
780 2334 1029 2391 Dominus
1056 2330 1326 2403 praecepit,
1356 2328 1467 2383 sive
1496 2326 1752 2398 permisit.
1785 2324 1882 2394 Qui
1905 2332 2079 2379 autem
2109 2322 2186 2377 sic

606 2428 761 2501 fugit,
788 2436 843 2483 ut
868 2426 1013 2498 gregi
1035 2422 1228 2480 Christi
1259 2438 1318 2480 ea
1345 2422 1535 2494 quibus
1552 2418 1893 2493 Spiritualiter
1913 2416 2058 2482 vivit,
2089 2416 2186 2470 ali-

611 2530 791 2578 menta
843 2517 1240 2584 subtrahantur,
1290 2514 1650 2570 mercenarius
1679 2511 1770 2567 ille
1804 2519 1903 2578 est,
1935 2510 2023 2581 qui
2044 2508 2188 2564 videt

607 2612 790 2686 lupum
813 2610 1130 2677 venientem,
1153 2618 1205 2664 et
1227 2607 1375 2679 fugit,
1396 2605 1641 2677 quoniam
1670 2621 1772 2659 non
1800 2611 1883 2659 est
1897 2603 1945 2657 ei
1967 2616 2093 2658 cura
2120 2600 2186 2656 de

607 2704 813 2759 ovibus.
834 2700 957 2757 Haec
998 2702 1109 2767 tibi,
1134 2701 1254 2772 quia
1288 2715 1373 2754 me
1404 2696 1732 2760 consuluisti,
1764 2694 1927 2751 frater
1954 2692 2187 2749 dilectis‘

605 2798 760 2863 sime,
792 2812 891 2867 qua
911 2794 1205 2851 existimavi
1229 2791 1449 2849 veritate
1471 2799 1523 2847 et
1549 2800 1689 2846 certa
1718 2788 1973 2844 charitate
1997 2786 2187 2843 rescri-

611 2891 725 2961 psi;
760 2886 853 2944 sed
885 2904 954 2943 ne
986 2886 1285 2954 meliorem,
1311 2887 1353 2940 si
1385 2883 1669 2947 inveneris,
1707 2882 1947 2951 sequaris
1973 2890 2186 2935 senten-

608 2983 757 3047 tiam,
782 2995 886 3035 non
918 2979 1238 3051 praescripsi.
1272 2976 1457 3032 Melius
1486 2984 1660 3031 tamen
1688 2971 1832 3045 quod
1857 2973 1907 3028 in
1938 2971 2020 3028 bis
2050 2973 2188 3041 peri-

606 3072 742 3127 culis
774 3070 1047 3132 faciamus,
1077 3068 1315 3124 invenire
1354 3083 1458 3122 non
1481 3080 1780 3137 possumus,
1806 3080 1961 3135 quam
1987 3064 2186 3119 oratio-

607 3178 703 3217 nes
730 3161 792 3215 ad
817 3160 1093 3216 Dominum
1123 3159 1286 3215 Deum
1307 3167 1565 3223 nostrum,
1591 3165 1648 3211 ut
1668 3157 1981 3212 misereatur
1995 3155 2185 3210 nostri.

609 3251 759 3321 Quod
783 3250 973 3322 ipsum,
1004 3259 1060 3305 ut
1086 3250 1288 3305 scilicet
1308 3250 1399 3304 Dei
1427 3247 1701 3303 Ecclesias
1726 3262 1830 3301 non
1855 3244 2184 3313 desererent,

613 3343 706 3401 Dei
750 3341 888 3400 dono
918 3343 1157 3399 nonnulli
1188 3344 1473 3412 prudentes
1495 3350 1545 3395 et
1570 3339 1739 3394 sancti
1760 3339 1857 3394 viri
1879 3349 1932 3394 et
1972 3339 2107 3395 velle
2135 3349 2189 3395 et

608 3438 785 3493 facere
811 3441 1138 3499 meruerunt,
1161 3443 1216 3488 et
1243 3440 1380 3491 inter
1399 3434 1587 3491 dentes
1612 3431 2019 3491 obtrectautium
2046 3446 2075 3487 a
2105 3433 2188 3489 sui

608 3529 861 3603 prOpositi
887 3530 1179 3586 intentione
1200 3530 1415 3585 minime
1441 3526 1765 3584 defecerunt.

1020 3686 1347 3743 EPISTOLA
1386 3687 1668 3743 CCXXIX‘
1692 3689 1796 3760 (a).

611 3822 921 3895 Augustinus
950 3821 1107 3875 Dario
1155 3823 1341 3890 comiti,
1387 3823 1472 3893 qui
1514 3824 1652 3895 pacis
1678 3824 1992 3894 conferenda:
2036 3843 2189 3881 causa

672 3905 852 3958 missus
877 3906 959 3968 sit,
992 3906 1293 3977 gratulatur,
1324 3916 1369 3960 et
1389 3918 1624 3976 provocat
1648 3909 1717 3962 ad
1742 3909 2128 3963 rescribendum.

618 3996 840 4054 Domino
880 3998 1069 4052 merito
1108 3998 1317 4063 illustri,
1371 4009 1423 4053 et
1465 4000 1989 4070 magnificentissimo
2032 4011 2188 4074 atque

687 4086 739 4143 in
769 4086 980 4143 Christo
1025 4088 1342 4145 charissima
1369 4088 1479 4145 lilio
1510 4090 1674 4146 Damo
1702 4091 1800 4163 (b),
1831 4093 2184 4161 Auctisrtxus,

686 4180 739 4234 in
762 4178 986 4234 Domino
1015 4180 1258 4235 salutem.

693 4310 746 4363 t.
771 4310 811 4365 A
835 4311 1034 4366 sanctis
1048 4310 1297 4367 fratribus
1312 4321 1367 4368 et
1390 4313 1726 4384 coepiscopis
1746 4316 1878 4373 meis
1910 4313 2121 4377 Urbano
2133 4328 2189 4374 et

610 4397 837 4469 Novato,
868 4400 1038 4468 qualis
1066 4401 1141 4456 sis
1155 4402 1235 4455 vir
1260 4411 1315 4459 et
1336 4412 1585 4473 quantus,
1612 4406 1821 4473 accepi:
1853 4421 2076 4476 quorum
2105 4407 2185 4463 al-

608 4489 711 4547 κῆ
730 4488 870 4560 apud
893 4489 1261 4562 Carthaginem
1280 4494 1335 4548 in
1367 4493 1623 4551 Hilarensi
1643 4496 1856 4565 oppido,
1874 4506 1929 4553 et
1951 4498 2110 4555 modo
2134 4500 2186 4554 in

608 4581 877 4648 Siccensi;
914 4582 1068 4638 alteri
1096 4593 1274 4640 autem
1299 4584 1438 4656 apud
1468 4584 1721 4642 Sitiflmte
1743 4602 1898 4645 nosse
1925 4593 2186 4659 provenit.

613 4675 717 4733 Per
742 4675 841 4732 bos
855 4692 983 4747 ergo
1004 4676 1196 4735 foetum
1223 4686 1322 4744 est,
1348 4687 1404 4733 ut
1432 4692 1529 4734 nec
1549 4692 1647 4749 ego
1664 4685 1716 4735 te
1736 4678 1933 4737 habere
1954 4682 2189 4753 incogni-

610 4777 723 4825 tum
771 4783 1002 4839 possem.
1032 4768 1215 4841 Neque
1240 4769 1380 4827 enim
1420 4770 1542 4840 quia
1578 4786 1665 4827 me
1690 4771 1967 4830 infirmitas
1990 4787 2183 4845 oorpo-

610 4859 705 4927 ris,
736 4869 788 4915 et
807 4858 1146 4930 congenitum
1167 4860 1349 4931 frigus,
1376 4860 1429 4915 id
1454 4870 1554 4927 est,
1578 4877 1747 4932 genus
1766 4865 1940 4921 aetatis
1964 4880 2072 4921 non
2103 4867 2175 4922 si-

613 4950 695 5007 nit
723 4964 903 5005 coram
946 4958 1118 5007 tecum
1144 4952 1394 5021 colloqui,
1428 4951 1547 5009 ideo
1587 4968 1691 5008 non
1734 4963 1789 5009 te
1818 4955 1955 5010 vidi:
1985 4972 2105 5012 nam
2130 4968 2185 5013 et

611 5041 713 5095 iste
734 5040 862 5095 mihi
894 5056 1147 5111 praesens,
1175 5042 1387 5113 quando
1414 5043 1479 5097 ad
1506 5058 1592 5100 me
1614 5044 1795 5099 venire
1814 5044 2059 5116 dignatus
2077 5057 2181 5116 εει,

614 5129 705 5186 ille
728 5137 902 5185 autem
931 5131 1140 5201 litteris,
1165 5149 1271 5188 non
1297 5132 1482 5189 faciem
1517 5145 1619 5189 tua:
1652 5135 1848 5203 carnis,
1879 5138 1970 5192 sed
2002 5138 2183 5197 cordis

613 5218 864 5288 ostendit,
884 5229 941 5275 ut
968 5230 1113 5275 tanto
1138 5224 1370 5291 suavius,
1394 5234 1588 5295 quanto
1617 5224 1834 5281 interius
1856 5234 1907 5281 te
1928 5227 2180 5285 viderem.

612 5313 761 5371 lianc
804 5313 993 5371 faciem
1024 5324 1165 5372 tuam
1193 5326 1248 5373 et
1275 5318 1326 5372 in
1362 5330 1545 5375 sancto
1574 5318 1881 5389 Evangelia,
1909 5329 1963 5377 et
1990 5338 2107 5393 nos,
2129 5335 2183 5380 et

669 5468 689 5486 θ
713 5469 875 5540 Epistt.
900 5475 1099 5540 ccxxtx
1133 5478 1184 5521 et
1205 5478 1385 5524 ccxxx
1415 5478 1675 5540 recognitae
1696 5483 1809 5529 sunt
1831 5478 1890 5529 ad
1915 5482 2183 5535 Vaticanum

607 5530 862 5593 exemplar
886 5539 938 5581 et
958 5530 1018 5583 ad
1048 5540 1157 5583 Iov.

604 5614 742 5723 nuta)
767 5613 891 5687 Alias
910 5614 1003 5667 see
1021 5631 1033 5666 :
1051 5631 1163 5692 quae
1184 5626 1349 5670 autem
1368 5620 1461 5672 229
1483 5629 1605 5684 erat,
1629 5628 1873 5678 nanctis.
1894 5631 2072 5695 scripta
2091 5632 2183 5681 sub

673 5688 750 5723 em
774 5685 884 5723 Vim
906 5688 1171 5723 Augustam-
1196 5681 1321 5723 for-L9.
1341 5695 1419 5723 an-
1440 5685 1546 5723 HQ

673 5688 750 5743 em
774 5681 1171 5743 vitzeaugustini,
1196 5681 1321 5732 forte
1341 5695 1420 5733 an.
1440 5685 1548 5736 439.

672 5733 745 5821 ξιξ)
755 5733 1093 5821 ἓξξςξξηρξ-εξιξ
1208 5744 1415 5821 sitjdem
1430 5733 1709 5811 ille'barius,
1726 5754 1807 5814 qui
1828 5751 2043 5816 praefecti
2056 5770 2180 5821 prae~

627 5807 731 5844 orto
755 5808 927 5849 munus
948 5804 1155 5862 gerebat
1176 5817 1252 5853 an.
1279 5806 1385 5854 5l6.

1866 364 1921 422 s.
1964 330 2322 421 auccsrlm
2361 362 2655 422 EPiSCOf‘f

2299 484 2353 531 tu
2376 477 2505 549 ipse,
2540 476 2761 548 propitio
2791 476 2919 543 Deo,
2954 482 3205 547 tanquam
3232 476 3285 533 in
3313 480 3519 550 speculo
3542 482 3801 550 latissimus

2295 566 2528 637 inspicis,
2554 567 2643 622 ubi
2669 566 2921 638 scriptum
2941 576 3023 623 est
3046 580 3077 623 a
3096 569 3311 629 veritate
3335 569 3535 631 dicente
3557 575 3715 635 :Beatl
3734 599 3807 655 με.

2294 659 2466 731 ciﬁci;
2494 660 2729 732 quoniam
2759 659 2854 729 ﬁlii
2881 654 2978 715 Det
3001 658 3305 716 vocabuntur
3341 661 3544 734 (Matth.
3568 678 3619 735 v,
3645 666 3733 743 9).

2366 745 2421 803 2.
2452 748 2624 821 Magni
2651 746 2864 821 quidem
2908 758 3049 819 sunt,
3097 760 3152 807 et
3188 749 3381 809 habent
3422 755 3627 823 gtorlam
3664 774 3805 832 suam,

2294 855 2399 895 non
2430 842 2601 897 solum
2634 841 2928 912 fortissimi,
2959 843 3052 901 sed
3075 846 3257 912 etiam,
3281 848 3420 918 quod
3446 849 3649 910 verioris
3672 870 3807 926 genus

2294 941 2375 988 est
2414 930 2607 1000 laudis,
2649 934 2945 991 fidelissimi
2988 934 3291 1007 bellatores,
3331 952 3548 1010 quorum
3586 942 3808 1004 laboribus

2294 1034 2453 1097 atque
2476 1027 2746 1097 periculis,
2781 1028 2873 1083 Dei
2907 1030 3230 1101 protegentis
3256 1037 3413 1102 atque
3445 1032 3810 1103 opitulantissu-

2292 1118 2441 1183 xilio,
2474 1114 2645 1174 hostis
2676 1118 2966 1176 indomitus
3009 1118 3253 1189 vincitur,
3294 1130 3349 1178 et
3385 1120 3532 1195 quies
3553 1124 3805 1197 reipublics:

2293 1211 2598 1281 pacatisque
2640 1211 2930 1282 provinciis
2973 1221 3351 1285 comparatur:
3396 1216 3487 1272 sed
3522 1218 3712 1289 majoris
3738 1230 3807 1279 est

2290 1303 2473 1374 glorise
2497 1347 2511 1371 ,
2560 1303 2672 1375 ipsa
2716 1303 2852 1361 bella
2904 1304 3068 1362 verbo
3114 1305 3375 1377 occidere,
3418 1322 3569 1381 quam
3613 1310 3808 1372 homines

2293 1391 2466 1459 ferro;
2510 1400 2562 1449 et
2606 1393 2877 1467 acquirere
2923 1396 3010 1452 vel
3048 1397 3290 1455 obtinere
3336 1413 3515 1470 pacem
3553 1414 3685 1473 pace,
3723 1420 3807 1461 non

2292 1482 2451 1538 bello.
2482 1482 2612 1539 Nam
2641 1495 2694 1541 et
2730 1486 2781 1541 bi
2811 1488 2899 1558 qui
2928 1498 3161 1559 pugnant
3183 1530 3198 1555 ,
3229 1489 3274 1545 si
3319 1489 3617 1560 boni-sunt,
3658 1496 3807 1563 procul
3902 1560 3905 1563 _

2292 1576 2452 1633 dubio
2478 1593 2684 1650 pacem,
2716 1580 2810 1635 sed
2843 1590 3023 1638 tamen
3048 1596 3147 1657 per
3168 1585 3477 1654 sanguinem
3500 1595 3743 1657 quierunt;
3763 1597 3808 1644 ta

2291 1676 2467 1724 autem
2496 1685 2564 1724 ne
2593 1671 2899 1742 cujusquam
2926 1675 3141 1744 sanguis
3164 1683 3517 1745 quaereretur,
3539 1690 3595 1731 es
3620 1678 3806 1733 missus:

2291 1767 2372 1815 est
2396 1760 2571 1831 itaque
2595 1761 2711 1817 aliis
2736 1760 2828 1816 illa
2855 1763 3166 1829 necessitas,
3198 1763 3295 1819 tibi
3333 1765 3433 1820 ista
3454 1762 3678 1823 felicitas.
3702 1767 3807 1824 Pru-

2292 1850 2448 1918 inde,
2487 1852 2701 1908 domine
2730 1854 2926 1910 merito
2964 1854 3188 1912 illustris
3223 1865 3282 1913 et
3325 1859 3805 1929 magnificende,

2290 1943 2525 2013 atquein
2565 1944 2781 1999 Christo
2820 1945 3135 2002 charissima
3163 1947 3260 2015 fili,
3300 1948 3469 2019 gaude
3511 1949 3608 2005 isto
3631 1959 3807 2007 tuetur

2289 2048 2481 2104 magno
2502 2044 2555 2089 et
2575 2048 2699 2090 vere
2723 2037 2884 2103 bono,
2916 2045 2970 2092 et
2994 2036 3172 2094 fruere
3194 2040 3249 2094 in
3279 2039 3395 2095 Deo
3414 2040 3548 2097 unde
3566 2042 3804 2113 sumpsisti,

2289 2135 2348 2180 ut
2376 2126 2497 2181 talis
2523 2141 2692 2192 esses,
2724 2134 2782 2182 et
2802 2129 2927 2183 talia
2953 2130 3183 2199 gerenda
3226 2133 3540 2203 susciperes.
3569 2132 3810 2191 Conﬁrmet

2290 2217 2430 2273 Deus
2451 2217 2591 2288 quod
2618 2232 2715 2288 per
2733 2225 2785 2275 te
2811 2229 3064 2290 operatus
3088 2230 3172 2276 est
3192 2223 3349 2278 nobis
3371 2221 3536 2296 (Psal.
3557 2222 3805 2299 mm”).

2288 2308 2484 2379 Accipe
2512 2311 2651 2366 hanc
2687 2310 3056 2366 salutationem
3094 2320 3355 2380 nostram,
3400 2322 3453 2370 et
3481 2323 3612 2369 tuam
3636 2315 3810 2387 dignare

2288 2400 2603 2469 rependere.
2630 2401 2776 2457 Sicut
2800 2402 2928 2456 mihi
2963 2403 3175 2473 scripsit
3203 2402 3371 2459 frater
3396 2404 3639 2471 Novatus,
3656 2408 3745 2476 egit
3763 2414 3811 2460 ut

2289 2506 2376 2547 me
2398 2492 2715 2547 excellentia
2742 2501 2797 2549 et
2822 2493 3048 2548 eruditio
3070 2503 3157 2549 tua
3179 2494 3345 2551 etiam
3368 2496 3420 2553 in
3448 2496 3573 2553 meis
3591 2496 3809 2567 opusculis

2289 2589 2492 2636 nosset.
2524 2582 2578 2636 Si
2615 2596 2744 2652 ergo
2764 2582 2940 2654 legisti
2964 2600 3086 2655 qum
3109 2585 3277 2653 dedit,
3310 2601 3412 2657 ego
3433 2602 3627 2658 quoque
3646 2587 3808 2642 innotui

2291 2672 2629 2729 interioribus
2678 2674 2781 2729 tuis
2827 2675 3090 2731 sensibus.
3135 2676 3254 2733 Non
3300 2680 3517 2735 multum
3551 2678 3802 2749 displiceat,

2291 2775 2543 2835 quantum
2570 2767 2837 2833 existimo,
2860 2769 2905 2823 si
2933 2771 3285 2840 propensiore
3303 2773 3571 2841 cbaritate,
3598 2784 3815 2844 (μων

2288 2856 2514 2912 veritate
2558 2857 2752 2928 legisti.
2783 2858 2898 2914 Non
2928 2868 3011 2915 est
3052 2862 3321 2930 multum;
3347 2863 3440 2919 sed
3480 2864 3683 2920 multum
3712 2876 3810 2935 gn-

2290 2955 2424 3013 tum,
2449 2947 2494 3001 si
2526 2962 2621 3017 pro
2646 2947 2837 3004 litteris
2865 2952 3082 3019 nostris,
3109 2961 3163 3007 et
3192 2952 3280 3010 his
3301 2964 3355 3011 et
3381 2954 3499 3020 illis,
3528 2970 3670 3011 unam
3690 2953 3810 3011 nobis

2292 3040 2573 3110 epistolam
2606 3040 2819 3097 reddas.
2868 3044 3053 3099 Saluto
3093 3053 3150 3100 et
3188 3047 3382 3116 pignus
3420 3048 3559 3118 pacis
3587 3046 3675 3118 (α),
3699 3043 3808 3117 quod

2291 3128 2517 3183 Domino
2556 3130 2665 3186 Deo
2688 3140 2871 3187 nostro
2899 3134 3180 3204 adjuvante
3235 3137 3461 3194 feliciter
3503 3138 3735 3209 aeeqtisti,
3761 3151 3809 3192 es

2292 3219 2575 3277 dilectione
2595 3237 2699 3292 qua
2720 3223 2912 3280 debeo.

2720 3334 3051 3393 EPlSTOLA
3087 3339 3328 3397 ccxxx
3354 3341 3449 3416 (θ).

2294 3443 2480 3499 Darius
2503 3445 2798 3517 Augustino,
2830 3466 2921 3520 pro
2948 3450 3123 3506 litteris
3148 3455 3208 3507 ab
3235 3472 3295 3509 eo
3322 3456 3531 3527 acceptis
3556 3456 3735 3529 gratiam
3749 3470 3811 3508 re-

2363 3535 2545 3605 ferens,
2579 3548 2624 3591 et
2656 3547 2821 3607 petens
2852 3542 2983 3594 mitti
3009 3542 3099 3596 sibi
3122 3540 3277 3599 libros
3306 3545 3808 3618 Confessionum,seque

2363 3626 2520 3699 ipsius
2544 3628 2682 3699 apud
2711 3628 2870 3685 Deum
2897 3634 3123 3703 precibus
3149 3637 3545 3693 commendatum
3566 3638 3751 3708 cupiens.

2498 3719 2699 3777 Damus
2725 3720 3027 3780 Ausus-nuo
3055 3723 3275 3783 domino
3302 3744 3399 3786 suo
3421 3731 3646 3786 salutem.

2366 3830 2417 3886 1.
2450 3830 2677 3901 Utinam,
2710 3832 2910 3890 domine
2932 3848 3102 3892 sancte
3129 3847 3297 3911 pater,
3324 3853 3378 3898 ut
3404 3860 3558 3899 meum
3593 3840 3809 3897 nomenad

2293 3937 2437 3975 aures
2481 3932 2613 3992 tuas,
2654 3923 3098 3996 coepiscoporum,
3144 3940 3197 3983 ut
3242 3933 3340 3999 ais,
3384 3944 3573 3988 tuorum
3601 3931 3810 3987 Urbaniet

2295 4010 2482 4067 Novati
2526 4014 2739 4087 benigna
2766 4033 2887 4087 erga
2921 4036 2999 4073 me
3026 4022 3189 4091 gratia
3228 4024 3461 4093 faciente,
3486 4026 3702 4096 perlatum
3724 4030 3808 4084 est;

2292 4101 2363 4156 ita
2390 4106 2730 4175 mentetipsum
2766 4105 2901 4161 Deus
2929 4111 3171 4179 omnium,
3198 4111 3340 4167 Deus
3372 4126 3501 4179 tuus,
3523 4109 3806 4168 manibustuis

2290 4202 2436 4262 atque
2457 4195 2613 4250 oculis
2642 4196 2897 4252 obtulisset
2924 4215 2942 4253 :
2971 4216 3070 4255 non
3104 4220 3201 4273 quo
3238 4207 3498 4278 majorem,
3538 4216 3615 4259 aut
3638 4201 3803 4276 forsitan

2292 4285 2461 4353 talem,
2491 4288 2689 4357 qualem
2716 4299 2971 4344 tantormn
2997 4292 3215 4349 virorum
3241 4297 3385 4366 apud
3412 4306 3455 4352 te
3479 4295 3706 4352 benevolus
3719 4308 3800 4345 ser-

2290 4392 2391 4440 mo,
2432 4384 2476 4429 et
2506 4376 2781 4431 litterarum
2821 4381 3002 4434 mentio
3028 4386 3229 4454 fecerat,
3266 4386 3343 4438 tui
3366 4404 3442 4440 me
3477 4385 3701 4457 probasset
3722 4398 3802 4435 me-

2292 4467 2388 4521 lior
2412 4467 2532 4522 lima
2552 4468 2737 4539 judicii
2751 4487 2771 4534 ;
2809 4468 2897 4524 sed
2922 4482 2973 4525 ut
3000 4474 3206 4530 cwlestis
3244 4479 3502 4548 sapientia:
3538 4487 3627 4531 tua’
3647 4471 3801 4527 verissi-

2292 4575 2398 4613 ntos
2426 4569 2573 4629 atque
2598 4559 2901 4616 immortales
2931 4565 3140 4636 fructus,
3170 4584 3256 4621 ore
3285 4578 3368 4623 tuo
3396 4571 3570 4639 potius,
3592 4566 3717 4622 veluti
3736 4581 3801 4617 cu-

2279 4650 2489 4721 jusdam
2518 4668 2657 4720 pura:
2684 4669 2827 4721 aqua?
2849 4655 3179 4736 dulcedinem,
3210 4660 3272 4714 ab
3311 4664 3420 4730 ipso
3442 4663 3584 4736 fontis
3610 4658 3798 4732 presenti

2289 4756 2349 4794 ac
2378 4752 2613 4811 perpetuo
2650 4743 2839 4814 liquore
2858 4732 3200 4818 sumpsissem.
3251 4748 3296 4805 0
3326 4771 3402 4807 me
3423 4732 3559 4819 ,inon
3587 4752 3710 4806 modo
3745 4759 3800 4801 ter

2290 4840 2374 4883 aut
2393 4840 2585 4902 quater,
2615 4842 2668 4887 ut
2688 4835 2825 4905 apud
2849 4838 3011 4891 nescio
3032 4856 3177 4908 quem
3205 4850 3296 4907 est,
3321 4844 3409 4897 sed
3435 4844 3616 4906 millies,
3635 4850 3675 4895 et
3694 4837 3800 4892 omni

2290 4939 2496 4977 numero
2525 4921 2639 4994 plus
2670 4925 2903 4981 beatum!
2934 4928 2979 4983 si
3010 4930 3135 4984 mihi
3164 4932 3335 4987 datum
3368 4945 3488 4989 esset
3516 4930 3719 5007 prtcsenti
3736 4930 3799 4981 in-

2291 5013 2418 5065 tueri
2445 5022 2555 5066 tuos
2593 5029 2705 5069 rere
2740 5016 2959 5072 sidereos
2998 5020 3182 5088 vultus,
3228 5039 3485 5095 vocemque
3525 5024 3731 5087 divinam,
3756 5035 3802 5071 ac

2290 5103 2458 5159 divina
2484 5114 2759 5175 canentem,
2792 5118 2839 5163 et
2864 5127 2961 5165 non
2981 5110 3141 5167 solum
3169 5116 3345 5170 mentis
3369 5119 3571 5188 fructus,
3591 5112 3669 5169 sed
3684 5115 3798 5167 etiam

2288 5213 2402 5251 cum
2429 5198 2629 5252 aurium
2648 5200 2969 5270 jucunditate
2986 5219 3179 5259 sumere
3202 5212 3246 5260 et
3266 5206 3464 5261 haurire
3481 5206 3691 5261 licuisset.
3714 5198 3799 5253 Pu-

2290 5298 2445 5344 tarem
2473 5290 2697 5361 profeeto
2737 5308 2815 5345 me
2858 5293 3102 5364 quasdam
3150 5295 3530 5350 immortalitatis
3565 5294 3695 5364 leges,
3722 5302 3800 5342 non

2288 5380 2437 5435 modo
2459 5381 2520 5436 de
2543 5382 2686 5449 creto,
2711 5382 2798 5438 sed
2834 5383 2886 5437 in
2923 5385 3035 5455 ipso
3076 5389 3392 5441 constitutum
3419 5385 3538 5441 caelo
3570 5381 3796 5449 suscipere.

2290 5481 2336 5526 et
2361 5472 2603 5543 quasdam
2637 5471 2733 5527 Dei
2764 5489 2905 5529 voces
2928 5491 3028 5529 non
3066 5477 3210 5548 longe
3250 5476 3311 5531 de
3349 5476 3544 5548 templo,
3571 5472 3651 5531 sed
3675 5478 3803 5542 ρτυρι

2289 5566 2454 5637 ipsum
2484 5564 2581 5620 Dei
2605 5574 2848 5621 astantem
2874 5568 3093 5625 tribunal
3118 5570 3307 5626 audire.

2352 5698 2424 5824 Ea;
2449 5701 2769 5772 Verimodum,
2793 5703 2917 5753 Darii
2939 5702 3106 5755 ﬁlium.
3615 5761 3629 5775 ,

2372 5759 2401 5810 b
2443 5760 2567 5824 Abas
2587 5762 2680 5813 263
2696 5777 2708 5813 :
2726 5778 2836 5824 qua:
2857 5772 3018 5816 autem
3042 5766 3133 5818 230
3151 5774 3270 5824 erat,
3283 5778 3408 5817 nunc
3423 5766 3520 5818 us.
3542 5770 3629 5816 Sat

2587 5762 2680 5813 263
2696 5777 2708 5813 :
2726 5759 2836 5828 qua:
2857 5772 3018 5816 autem
3042 5766 3133 5818 230
3151 5774 3270 5829 erat,
3283 5766 3520 5818 punctis.
3542 5761 3798 5829 saiptspast
