4024 6376
276 485 399 545 ωας

339 595 392 650 2.
418 587 529 648 Hoc
554 598 607 645 ut
634 588 759 643 mihi
786 583 1106 655 contingeret,
1123 586 1324 651 propter
1344 574 1746 631 ardentissimum
1773 576 1847 629 tui

275 684 573 744 desiderium
588 681 802 754 forsitan
814 679 1059 743 merebar;
1075 682 1276 745 propter
1286 670 1656 737 conscientiam,
1664 673 1843 743 fateor,

275 796 367 834 non
386 774 633 830 merebar.
663 770 767 829 Sed
797 770 973 825 obsera
1000 780 1195 839 quoque
1222 765 1329 836 cepi
1344 768 1537 836 fruetus
1560 762 1847 833 cupiditatis

273 872 410 924 bume
433 883 534 921 non
554 864 809 931 minimos,
824 870 871 916 et
884 868 953 917 est
977 860 1101 914 mihi
1118 858 1183 912 de
1199 856 1427 913 secundis
1444 854 1583 910 bonis
1604 854 1848 908 bonorum

271 974 460 1016 summa
476 958 733 1031 perfectio.
750 953 1133 1011 Commendatus
1146 966 1256 1004 sum
1270 948 1315 1003 ei
1330 949 1410 1003 cui
1426 948 1618 1013 vellem,
1634 962 1718 999 ore
1730 962 1848 1000 san-

272 1062 460 1106 ctorum
482 1059 532 1105 et
563 1049 778 1103 duorum
804 1047 927 1102 locis
945 1059 1005 1100 ae
1020 1041 1307 1115 regionibus
1329 1042 1460 1096 inter
1480 1055 1533 1095 se
1556 1038 1847 1093 distantium

270 1144 583 1200 mendosum
595 1158 615 1208 ;
629 1142 781 1197 unius
799 1183 814 1208 ,
826 1139 959 1211 quod
964 1139 1076 1210 jam
1088 1135 1215 1205 diui,
1229 1136 1294 1190 de
1306 1150 1384 1190 me
1391 1134 1652 1189 benevolus
1662 1144 1842 1199 sermo,

270 1246 311 1292 et
336 1248 577 1308 presens,
608 1242 667 1289 ut
690 1232 763 1287 ita
783 1232 968 1297 dicam,
995 1230 1361 1292 testimonium;
1388 1226 1595 1281 alterius
1624 1223 1846 1295 ejusdem

270 1338 439 1382 unsus
460 1324 736 1393 parilisque
749 1323 1003 1377 sententia:
1018 1318 1240 1374 volantia
1272 1318 1339 1371 ad
1358 1325 1405 1373 te
1423 1316 1608 1387 scripta
1630 1330 1844 1369 concur-

267 1426 403 1473 runt.
422 1416 677 1471 Coronam
697 1414 821 1468 mihi
846 1412 981 1484 apud
1007 1421 1053 1465 te
1066 1411 1356 1483 quamdam,
1374 1409 1502 1463 tanti
1515 1423 1574 1461 ac
1590 1408 1714 1463 tales
1727 1408 1842 1475 viri,

267 1522 362 1564 non
379 1507 708 1562 viridantium
719 1507 901 1577 ﬂorum
914 1502 1241 1576 germine,sed
1255 1500 1486 1572 gloriose
1495 1499 1623 1553 vocis
1633 1500 1826 1553 testimo

266 1604 348 1658 nio
363 1611 604 1675 tanquam
614 1599 912 1671 quibusdam
926 1595 1271 1671 perpetuitatis
1285 1594 1543 1667 gemmulis
1559 1602 1840 1648 texuerunt.

271 1691 486 1764 Propter
513 1690 653 1762 quod
678 1690 838 1744 Deum
858 1703 1105 1744 summum
1138 1701 1227 1741 oro
1255 1701 1347 1756 pro
1366 1692 1430 1749 te,
1465 1694 1512 1740 et
1534 1691 1673 1738 tuam
1691 1683 1845 1737 inter-

268 1784 539 1838 cessionem
557 1822 572 1848 ,
604 1791 776 1836 sancte
798 1789 961 1852 pater,
984 1778 1268 1849 expostulo,
1295 1784 1351 1831 ut
1373 1776 1610 1847 quoniam
1641 1773 1846 1829 minime

266 1877 387 1930 mihi
406 1874 683 1929 testimonii
712 1874 838 1927 tanti
872 1887 983 1927 sum
1014 1870 1265 1935 conscius,
1292 1884 1398 1923 esse
1432 1868 1555 1921 mihi
1590 1867 1741 1920 talem
1767 1865 1846 1919 vel

264 1967 565 2039 quandoque
612 1964 885 2035 proveniat.
923 1962 1044 2016 1am
1085 1962 1177 2015 illa
1210 1974 1386 2015 nonne
1406 1959 1574 2014 omnia
1610 1954 1846 2010 absentiae

265 2073 385 2112 metu
411 2058 719 2111 detrimenta
754 2055 994 2119 vicerunt,
1038 2053 1174 2123 quod
1198 2052 1304 2122 ipse
1338 2064 1429 2105 nos
1457 2047 1666 2113 alloqui,
1710 2046 1846 2115 quod

266 2150 491 2215 scribere,
509 2149 650 2220 quod
675 2150 897 2203 salutare
921 2146 1164 2216 dignaris,
1188 2152 1234 2198 et
1259 2142 1459 2197 absente
1478 2155 1576 2209 me,
1594 2140 1843 2194 absentem

266 2258 367 2297 esse
386 2257 485 2296 non
514 2242 727 2313 pateris.
754 2238 993 2294 Dolebam
1021 2254 1100 2292 me
1124 2237 1272 2290 modo
1298 2243 1407 2306 post
1744 2247 1845 2288 non

264 2334 419 2387 visum
451 2346 469 2386 :
496 2340 723 2385 attamen
754 2343 855 2383 non
887 2328 1055 2381 carnis
1099 2327 1301 2395 faciem,
1341 2325 1414 2379 sic
1443 2324 1576 2378 enim
1615 2323 1712 2389 ais,
1757 2321 1845 2376 sed

264 2423 395 2492 quod
420 2422 536 2493 plus
560 2429 652 2485 est,
686 2420 852 2473 cordis
876 2418 1128 2480 attendis;
1162 2432 1317 2486 eoque
1340 2417 1473 2470 visus
1499 2428 1611 2469 sum
1636 2414 1723 2468 tibi
1741 2426 1846 2467 esse

261 2515 571 2585 jucundior,
599 2528 696 2584 quo
733 2512 949 2583 penitius
986 2510 1268 2580 insperisti.
1308 2506 1458 2562 Faxit
1485 2507 1643 2571 Deus,
1673 2515 1730 2560 ut
1748 2506 1843 2576 ju-

265 2606 415 2673 dicio,
440 2607 510 2659 nsi
538 2613 702 2675 pater,
747 2611 834 2657 tuo
862 2601 1193 2672 respondeam
1214 2643 1229 2667 ,
1263 2614 1353 2654 nec
1388 2599 1484 2653 sim
1511 2598 1651 2667 apud
1684 2610 1846 2651 meum

265 2696 623 2750 conscientiam
644 2709 781 2759 reus,
806 2707 919 2746 cum
948 2692 1097 2745 talem
1124 2705 1225 2757 me,
1265 2689 1465 2759 qualem
1488 2688 1574 2741 tibi
1600 2688 1707 2759 ipse
1735 2690 1844 2759 for-

267 2788 436 2853 masti,
465 2787 680 2841 interius
706 2801 796 2857 ego
819 2800 923 2838 non
950 2783 1145 2837 videant
1161 2822 1173 2836 .

335 2882 391 2936 ὖ.
431 2879 582 2935 Bella
610 2894 688 2933 me
718 2879 771 2932 in
808 2878 981 2931 eadem
1015 2876 1184 2930 divina
1207 2888 1267 2929 ac
1291 2876 1476 2929 ctelesti
1503 2874 1713 2945 epistola
1739 2881 1845 2941 tuo,

268 2985 329 3025 es:
353 2987 491 3025 more
518 2971 625 3035 tibi,
646 2969 779 3038 quod
794 2969 1002 3023 laudare
1020 2967 1187 3029 velles,
1210 2967 1491 3033 eloquentia
1511 2966 1844 3033 ministrante,

272 3061 400 3115 bella
427 3076 531 3126 me,
559 3061 763 3131 inquam
782 3101 797 3125 ,
818 3058 965 3113 verbo
993 3058 1068 3111 ais
1095 3051 1335 3112 occidere.
1374 3055 1470 3110 Hic
1485 3070 1617 3122 vero,
1646 3057 1715 3109 mi
1734 3070 1851 3110 san-

269 3159 346 3207 cte
371 3163 536 3223 pater,
563 3154 758 3206 animus
782 3152 907 3204 mihi
932 3161 1167 3220 tanquam
1198 3166 1226 3205 e
1257 3148 1553 3220 quibusdam
1590 3148 1851 3219 cogitatio-

269 3259 391 3298 num
413 3243 648 3307 tenebris,
677 3242 820 3313 quasi
838 3256 979 3294 veras
998 3240 1076 3293 sui
1098 3239 1271 3294 laudes
1293 3238 1674 3309 recognovisset,
1698 3254 1853 3291 emer-

271 3336 354 3389 sit.
388 3334 456 3390 Ut
482 3336 617 3388 enim
643 3342 798 3387 totum
821 3332 1026 3386 breviter
1044 3347 1105 3385 ac
1122 3328 1416 3401 sintplieiter
1438 3328 1741 3384 Beatitudini
1755 3339 1854 3385 tute

273 3425 535 3493 confitear,
569 3425 613 3479 si
635 3440 735 3477 non
760 3422 1088 3477 sustinuimus
1120 3421 1269 3487 bella,
1298 3430 1429 3477 certe
1463 3421 1781 3486 distulimus;
1805 3431 1853 3475 et

272 3513 383 3569 Deo
405 3516 684 3586 opitulante
698 3514 915 3569 onminm
934 3514 1177 3585 principe,
1195 3528 1307 3584 qua:
1310 3513 1422 3583 jam
1438 3528 1595 3584 usque
1612 3513 1680 3566 ad
1691 3528 1855 3584 quem-

272 3606 394 3659 dam
422 3607 762 3660 calamitatum
789 3605 981 3677 apicem
1004 3605 1312 3660 increverunt
1346 3605 1501 3672 mala,
1528 3604 1691 3675 sopita
1718 3613 1851 3659 sunt.

271 3695 443 3767 Spero
466 3706 628 3767 tamen
647 3700 710 3751 ab
736 3714 812 3763 eo,
844 3715 875 3751 a
901 3715 998 3770 quo
1025 3699 1266 3770 quidquid
1284 3698 1463 3753 bonum
1478 3707 1550 3754 est
1570 3705 1724 3753 totum
1744 3713 1858 3769 spe-

268 3800 387 3841 rare
412 3788 671 3853 debemus,
703 3790 822 3857 quin
848 3791 996 3842 etiam
1020 3791 1243 3859 epistolas
1276 3798 1373 3845 tute
1403 3806 1624 3862 auguror
1659 3791 1858 3845 benedi-

270 3878 494 3930 ctionem
523 3887 623 3930 tam
653 3878 867 3947 largam,
899 3887 1000 3931 tam
1026 3889 1233 3946 certam,
1261 3889 1317 3933 ut
1337 3880 1442 3934 haec
1459 3883 1571 3950 ipsa
1590 3880 1853 3947 bellorum,

272 3982 428 4037 quam
463 3968 588 4035 diri,
622 3968 819 4033 dilatio,
847 3971 988 4038 pacis
1024 3969 1202 4022 habeat
1229 3978 1486 4039 teneatque
1510 3986 1774 4039 perennem
1799 3988 1858 4025 ac

275 4069 572 4129 perpetuam
599 4060 901 4127 firmitatem.
928 4057 1112 4113 Dixisti
1134 4060 1284 4125 enim,
1309 4067 1356 4113 et
1377 4069 1615 4131 perpetua
1636 4060 1730 4114 Dei
1755 4063 1860 4133 lege

279 4152 461 4221 fixisti,
493 4162 547 4206 ut
576 4152 821 4223 gaudeam
859 4152 975 4219 isto,
1006 4162 1061 4207 ut
1090 4160 1142 4205 tu
1170 4153 1266 4220 ais,
1303 4168 1410 4208 meo
1450 4162 1551 4233 tam
1594 4169 1774 4225 magno
1799 4170 1859 4210 ac

252 4256 393 4315 vere
415 4244 560 4311 bono,
595 4252 641 4297 et
665 4245 807 4314 fruar
830 4244 883 4297 in
925 4242 1053 4312 Deo,
1088 4244 1224 4298 unde
1248 4245 1515 4316 sumpsisse
1534 4262 1613 4300 me
1634 4244 1777 4312 dicis,
1806 4258 1861 4301 ut

283 4347 329 4391 et
368 4337 486 4391 talis
521 4353 694 4403 essent,
741 4346 788 4391 et
827 4337 948 4392 talia
983 4338 1198 4409 gerenda
1239 4339 1560 4409 susciperem.
1602 4339 1861 4396 Connectis

291 4430 506 4486 deinde:
539 4451 554 4480 ε
590 4431 878 4501 Confirmet,
901 4431 1088 4503 inquis,
1122 4428 1255 4487 Deus
1279 4432 1413 4504 quod
1440 4447 1528 4503 per
1555 4442 1601 4487 te
1628 4442 1861 4505 operatus

290 4539 357 4582 est
401 4528 558 4581 nobis.
588 4548 606 4579 ι
642 4527 685 4581 0
716 4538 825 4581 vota
868 4543 966 4581 non
1004 4529 1151 4581 ntodo
1189 4544 1279 4599 pro
1320 4545 1416 4595 me,
1449 4529 1537 4583 sed
1576 4545 1666 4599 pro
1704 4529 1864 4583 salute

290 4617 510 4671 omnium
532 4618 850 4688 nuncupata!
872 4612 981 4670 Nec
1001 4619 1132 4672 enim
1158 4634 1267 4672 mea
1296 4620 1391 4672 ista
1415 4618 1575 4691 gloria
1593 4618 1818 4690 separari
1832 4636 1863 4673 a

292 4710 450 4765 salute
468 4696 686 4763 omnium
708 4719 883 4780 potest,
909 4718 954 4763 et
976 4720 1027 4765 ut
1048 4725 1136 4781 ego
1163 4711 1469 4765 orationibus
1494 4713 1590 4767 tuis
1615 4713 1738 4784 felix
1760 4728 1863 4767 esse

290 4803 494 4873 possim,
527 4818 628 4855 una
655 4817 847 4856 mecum
869 4816 1037 4855 omnes
1067 4802 1235 4873 felices
1262 4820 1366 4856 esse
1394 4819 1589 4857 necesse
1615 4812 1701 4856 est.
1736 4800 1859 4871 Diu,

288 4903 451 4965 pater,
480 4908 568 4963 pro
597 4890 825 4947 Romano
846 4892 1076 4962 imperio,
1107 4910 1196 4963 pro
1222 4892 1450 4947 Romana
1479 4893 1750 4965 republica,
1771 4911 1861 4967 pro

288 4984 363 5040 liis
393 4985 561 5048 etiam,
590 5000 711 5056 quos
730 4985 907 5056 dignos
930 5000 1035 5039 esse
1064 4984 1151 5038 tibi
1174 4988 1462 5053 occurrerit,
1500 4986 1621 5039 talia
1640 4994 1749 5041 vota
1778 5001 1864 5041 su-

288 5093 392 5132 mas
429 5093 488 5129 ac
518 5092 802 5144 nuncupes;
830 5075 1126 5143 quandoque
1164 5085 1210 5129 te
1235 5092 1388 5146 usque
1409 5077 1462 5130 in
1489 5077 1666 5130 caelum
1706 5074 1856 5143 tollis,

289 5166 464 5222 tradas
484 5168 713 5238 posteris,
743 5167 1045 5236 mandesque
1069 5168 1401 5237 sequentibus.

356 5258 414 5313 4.
456 5254 597 5313 Satis
626 5272 914 5329 progressus
940 5273 1049 5312 sum
1074 5261 1287 5329 fortasse
1314 5274 1461 5327 quam
1482 5256 1648 5326 debui,
1671 5258 1758 5313 sed
1780 5277 1864 5331 pa-

287 5364 401 5403 rum
430 5349 623 5403 locutus
648 5360 780 5403 certe
804 5365 952 5417 quam
981 5347 1133 5404 volui.
1162 5346 1415 5420 Conﬁteor
1454 5352 1608 5418 enim,
1643 5353 1864 5409 scribens

287 5443 355 5496 ad
371 5452 418 5497 te
432 5442 593 5498 vultus
610 5440 732 5495 mihi
746 5450 856 5495 tuos
874 5453 1109 5513 tanquam
1124 5443 1384 5515 praesentis
1398 5443 1676 5514 imaginor;
1691 5452 1737 5499 et
1751 5461 1864 5500 cum

289 5532 412 5589 olim
438 5549 517 5590 me
534 5550 695 5588 sermo
715 5534 855 5588 rudis
875 5542 921 5587 et
940 5532 1083 5605 inaps
1104 5532 1277 5607 lingua
1296 5534 1512 5605 deficiat,
1543 5542 1705 5592 tamen
1722 5537 1865 5607 quasi

288 5642 457 5683 coram
486 5636 644 5682 tecum
675 5623 935 5697 colloquar
970 5626 1275 5697 fabulerque,
1315 5643 1414 5681 non
1443 5626 1615 5681 satior.
1642 5622 1865 5682 Proinde

292 5718 408 5781 hinc
435 5719 582 5773 etiam
616 5718 857 5774 nostrain
878 5727 923 5774 te
944 5714 1191 5774 desideria
1212 5719 1401 5772 metire.
1428 5714 1552 5774 Cum
1568 5718 1773 5790 jamdiu
1795 5719 1863 5791 ﬁ-

291 5824 403 5866 nem
431 5818 698 5865 mereretur
727 5808 1004 5881 epistolaris
1028 5809 1225 5880 pagina:
1248 5808 1459 5879 forsitan
1478 5808 1675 5882 ingrata
1695 5810 1864 5865 verbo-

288 5904 431 5971 sitas,
457 5901 796 5959 subtrahimus
808 5898 1154 5958 verecundiam
1166 5917 1186 5968 ;
1215 5901 1334 5955 dum
1358 5900 1622 5971 cupiditati
1640 5903 1860 5958 consuli-

1432 458 1903 521 EPIS’I‘ULARUM
1940 460 2212 521 CLASSIS
2244 464 2333 521 lli.

3388 470 3526 529 1091

1954 590 2085 643 mus,
2107 584 2154 631 et
2171 592 2445 633 sermonem
2469 580 2761 653 relinquere,
2790 596 2895 638 esse
2916 598 2947 637 a
2971 591 3019 639 te
3041 582 3265 647 recedere
3288 586 3485 659 suspice
3500 618 3519 628 -

1952 682 2081 720 mur.
2116 664 2251 722 Nolo
2275 685 2393 742 ergo
2420 685 2520 725 non
2540 670 2783 742 desinere,
2811 671 2899 728 sed
2922 686 3022 729 non
3052 688 3288 747 possum:
3311 677 3356 731 si
3385 679 3516 753 enim

1952 755 2131 825 credis,
2175 759 2245 813 mi
2286 766 2446 833 pater,
2490 761 2615 817 adeo
2661 765 2843 819 nostris
2887 762 3108 819 sensibus
3146 778 3207 819 ac
3235 766 3523 836 praecordiis

1950 846 2211 917 inita-sisti,
2249 865 2312 905 etc
2346 866 2443 923 quo
2484 868 2583 907 non
2620 853 2836 909 contenti
2864 864 2950 909 tua
2975 852 3116 926 fama
3154 862 3255 909 tam
3282 857 3520 929 gloriosa,

1951 943 2054 994 tam
2080 941 2320 1006 maxime,
2342 943 2540 1015 scriptis
2570 952 2616 998 te
2641 945 2737 999 tuis
2758 944 2939 1000 intueri
2963 943 3252 1015 maluimus,
3280 962 3394 1002 cum
3420 964 3520 1003 una

1950 1030 2092 1095 mihi,
2116 1040 2263 1102 atque
2285 1031 2394 1088 accc
2417 1031 2576 1089 brevis
2601 1035 2814 1106 epistola
2841 1042 2947 1099 tua,
2972 1034 3167 1091 ardoris
3189 1045 3353 1093 tantas
3373 1041 3524 1110 ﬂam-

1949 1136 2078 1189 mas,
2118 1122 2446 1197 incendiaque
2476 1128 2810 1182 commoverit.
2843 1124 2989 1183 Unde
3012 1126 3340 1199 deprecamur
3367 1139 3434 1198 te,
3462 1146 3523 1186 ac

1950 1220 2053 1267 tota
2067 1224 2229 1270 mente
2242 1216 2575 1287 deposcimus,
2605 1230 2661 1274 ut
2682 1220 2917 1291 quoniam
2937 1222 3140 1293 gentiles
3164 1223 3289 1278 ritus
3306 1232 3352 1279 te
3370 1223 3520 1280 etiam

1951 1306 2177 1379 legendo,
2205 1320 2257 1364 ut
2293 1326 2543 1382 nunquam
2572 1314 2719 1381 alias,
2750 1314 2947 1369 abunde
2973 1314 3265 1387 alfatlmque
3300 1327 3517 1372 contem-

1950 1397 2142 1469 psimus
2174 1399 2477 1472 (quanquam
2519 1401 2650 1457 enim
2682 1418 2714 1457 a
2740 1400 3050 1476 parentibus,
3095 1402 3157 1460 ab
3197 1406 3322 1473 avis,
3351 1417 3396 1462 et
3427 1423 3523 1475 po-

1948 1495 2132 1543 strema
2154 1505 2309 1560 usque
2328 1494 2486 1563 gentis
2503 1493 2643 1561 prole
2661 1490 2845 1549 Christi
2863 1495 2984 1567 jura
3004 1497 3332 1568 percepimus,
3356 1506 3519 1555 tamen

1948 1579 2209 1651 aliquoties
2234 1584 2457 1638 sensibus
2484 1585 2667 1639 nostris
2705 1588 2979 1657 superfluae
3020 1591 3385 1659 superstitionis
3426 1606 3521 1647 su.

1950 1671 2101 1742 perba
2126 1672 2318 1727 vanitas
2341 1672 2645 1748 inerrabat);
2677 1683 2789 1746 peto
2808 1685 2863 1730 ut
2886 1677 3033 1732 etiam
3058 1676 3435 1749 Confessionum
3458 1679 3522 1737 li-

1951 1762 2063 1819 bros
2082 1779 2115 1819 a
2134 1775 2181 1819 te
2205 1766 2521 1836 perscriptas,
2544 1766 2686 1822 nobis
2704 1768 2894 1823 mittere
2912 1782 2972 1823 ac
2992 1769 3181 1824 donare
3200 1771 3439 1843 digneris.
3459 1770 3520 1827 Si

1948 1859 2083 1913 enim
2106 1858 2197 1912 alii
2214 1874 2424 1931 quoque,
2448 1874 2606 1929 prono
2624 1859 2795 1915 animo
2813 1874 2873 1915 ac
2891 1860 3102 1933 benigna
3120 1872 3301 1931 mente,
3330 1872 3415 1917 tua
3434 1878 3525 1925 no-

1950 1947 2024 2001 bis
2049 1948 2234 2017 scripta
2257 1948 2428 2019 largiti
2455 1958 2590 2016 sunt,
2616 1958 2804 2021 quanto
2826 1952 2987 2021 magis
3013 1949 3076 2005 de
3104 1952 3203 2006 tuis
3235 1951 3346 2025 ipse
3369 1969 3521 2008 excu-

1950 2054 2062 2093 sare
2087 2055 2185 2094 non
2215 2039 2394 2095 debes?
2960 2028 2972 2039 ’

2019 2129 2073 2186 5.
2116 2128 2299 2187 Fertur
2326 2142 2559 2202 satrapa,
2605 2148 2691 2187 seu
2732 2134 2863 2203 regis
2902 2132 3069 2204 potius
3109 2132 3371 2204 cujusdam
3410 2136 3520 2205 epi-

1950 2224 2079 2279 stola
2104 2224 2205 2295 (a),
2247 2222 2407 2278 Deum
2447 2223 2715 2278 Dominum
2740 2221 2995 2279 Christum
3032 2222 3364 2295 deprecantis,
3405 2242 3519 2281 cum

1948 2320 2081 2372 intra
2096 2316 2293 2373 Judtete
2316 2320 2537 2389 regiones
2557 2318 2721 2372 adhuc
2741 2327 3035 2380 versaretur,
3058 2327 3102 2372 et
3126 2316 3336 2372 necdum
3355 2317 3408 2372 in
3425 2334 3520 2373 cat-

1951 2410 2054 2465 lum
2078 2426 2223 2464 suum
2246 2420 2565 2477 remeaverat,
2592 2411 2832 2482 quoniam
2857 2409 2901 2465 is
2920 2410 2988 2465 ad
3014 2427 3124 2466 eum
3143 2412 3217 2466 ire
3241 2427 3301 2466 ac
3320 2427 3523 2485 pergere

1950 2516 2038 2574 per
2066 2502 2410 2573 mgritudinem
2446 2503 2821 2574 prtepediretur,
2849 2512 2895 2556 et
2932 2502 3104 2558 sanari
3130 2501 3275 2557 aliter
3297 2516 3352 2559 se
3380 2517 3522 2574 posse

1950 2608 2050 2648 non
2079 2595 2317 2661 crederet,
2343 2592 2412 2647 ad
2450 2609 2521 2659 se,
2552 2595 2594 2647 si
2623 2595 2931 2665 dignaretur,
2960 2592 3135 2648 mundi
3161 2593 3299 2649 salus
3325 2608 3384 2648 ac
3414 2606 3519 2649 me-

1951 2683 2118 2739 dicina
2143 2683 2454 2750 decnrreret;
2477 2693 2525 2738 et
2545 2700 2606 2740 ne
2635 2694 2789 2740 tantm
2826 2684 3094 2757 majestatl,
3135 2699 3283 2755 quam
3310 2686 3518 2757 ignarus

1949 2788 2041 2833 res:
2065 2777 2289 2849 provida,
2319 2776 2405 2832 sed
2429 2793 2527 2831 non
2549 2782 2765 2849 perfecta
2790 2785 2967 2843 mente,
2998 2787 3307 2846 conceperat,
3333 2778 3523 2847 injuria

1950 2870 2062 2939 ﬁeri
2084 2868 2347 2934 videretur,
2378 2869 2611 2924 laudasse
2640 2868 2843 2938 insuper
2867 2884 3011 2922 suam
3044 2867 3227 2922 dicitur
3250 2869 3515 2933 civitatem,

1951 2967 2006 3013 stt
2034 2958 2402 3030 pulchritudine
2419 2958 2555 3013 urbis
2576 2966 2621 3013 et
2636 2958 2766 3029 regis
2784 2959 2999 3030 hospitio
3019 2954 3152 3011 Deus
3170 2956 3385 3024 illectus,
3406 2973 3525 3029 pre—

1953 3068 2032 3107 ces
2056 3050 2297 3124 supplicis
2322 3068 2420 3106 non
2448 3052 2818 3124 dedignaretur.
2850 3050 3027 3122 Adfuit
3057 3048 3186 3105 Deus
3205 3052 3345 3122 regi;
3366 3066 3519 3104 sana-

1954 3154 2032 3199 tus
2060 3152 2166 3199 est:
2195 3153 2239 3198 et
2263 3142 2572 3214 ampliﬁcata
2610 3142 2860 3213 petitionis
2884 3159 3102 3209 munere,
3135 3156 3223 3211 per
3262 3140 3523 3212 epistolam

1953 3253 2055 3290 non
2083 3234 2232 3289 modo
2260 3235 2470 3290 salutem
2499 3244 2551 3288 ut
2572 3234 2805 3308 supplici,
2845 3234 2933 3289 sed
2962 3237 3109 3289 etiam
3132 3235 3444 3289 securitatem
3468 3244 3522 3287 ut

1954 3329 2060 3400 regi
2087 3327 2390 3397 transmisit;
2401 3327 2555 3399 jussit
2585 3327 2791 3398 insuper
2812 3329 2918 3399 ejus
2943 3326 3113 3382 urbem
3136 3328 3198 3381 ab
3228 3326 3446 3383 hostibus
3474 3328 3526 3382 in

1958 3430 2253 3491 perpetuum
2274 3434 2377 3474 esse
2395 3436 2453 3473 ac
2470 3434 2663 3491 semper
2683 3420 2973 3473 immunem.
3000 3416 3132 3486 Quid
3154 3418 3231 3474 his
3251 3418 3371 3473 addi
3391 3418 3530 3473 bene-

1959 3513 2088 3583 ﬁciis
2114 3511 2306 3582 potest!
2333 3507 2443 3585 Ego
2466 3512 2685 3576 humilis,
2715 3521 2759 3565 et
2786 3527 2957 3583 regum
2979 3526 3168 3579 servus,
3192 3519 3293 3565 ate
3312 3527 3419 3566 meo
3437 3511 3530 3567 do-

1958 3605 2097 3659 mino
2121 3612 2234 3676 peto
2261 3611 2315 3657 ut
2344 3604 2481 3674 apud
2505 3604 2654 3657 istum
2684 3600 2937 3657 Christum
2965 3618 3026 3657 ac
3062 3603 3337 3673 principem
3365 3600 3529 3657 Deum

1958 3694 2181 3768 quotidie
2198 3709 2289 3766 pro
2310 3694 2430 3748 meis
2446 3694 2657 3766 peccatis
2675 3694 2978 3749 intercedere
2994 3709 3062 3748 ne
3078 3693 3342 3761 cuncteris,
3366 3707 3424 3747 ac
3438 3710 3531 3764 pro

1960 3808 2039 3846 me
2058 3792 2336 3861 indefessas
2360 3806 2490 3858 ores,
2511 3806 2572 3845 ac
2598 3800 2737 3863 petas
2762 3789 3003 3862 quidquid
3023 3790 3132 3861 ipse
3154 3789 3389 3845 volueris.

2030 3885 2083 3938 6.
2126 3880 2187 3938 Si
2211 3884 2298 3937 tibi
2325 3884 2528 3936 ta’dium
2564 3880 2714 3950 afer!
2741 3883 2893 3952 longa
2929 3882 3142 3953 epistola
3166 3896 3292 3945 mea,
3320 3882 3413 3934 hoc
3437 3891 3536 3935 tute

1960 3973 2386 4041 magnanimitatis
2408 3973 2647 4041 patientia
2674 3972 2949 4036 moderare,
2971 3981 3017 4024 et
3049 3972 3137 4024 tibi
3159 3972 3374 4040 imputo,
3410 3986 3536 4041 quo-

1961 4065 2096 4118 niam
2125 4062 2233 4134 ipse
2245 4063 2464 4133 jussisti.
2497 4061 2714 4115 Oramus
2742 4071 2926 4126 tamen,
2967 4068 3115 4129 atque
3136 4060 3406 4114 identidem
3442 4061 3536 4114 de-

1969 4172 2251 4229 precamur,
2266 4163 2321 4209 ut
2339 4154 2518 4208 iterum
2539 4154 2757 4218 scribas;
2778 4154 2849 4207 sic
2875 4152 3004 4207 enim
3020 4152 3106 4222 fiet
3127 4162 3179 4205 ut
3201 4152 3408 4207 libenter
3420 4143 3535 4206 sus-

1965 4249 2154 4321 cepisse
2192 4256 2238 4301 te
2274 4245 2459 4312 scripta
2516 4260 2625 4299 mea
2655 4243 2899 4315 suspicari
2924 4242 3188 4315 possimus.
3216 4242 3356 4298 Deus
3385 4242 3534 4298 donet

1965 4338 2107 4395 nobis
2134 4338 2501 4393 Beatitudinem
2543 4347 2677 4391 tuam
2718 4353 2805 4408 per
2841 4335 3022 4391 multos
3064 4351 3220 4392 annos
3264 4351 3355 4406 pro
3393 4337 3536 4391 nobis

1965 4442 2209 4502 orantem,
2238 4432 2437 4487 domine
2467 4448 2577 4486 vere
2604 4438 2774 4485 sancte
2812 4439 2970 4499 pater.
3004 4429 3168 4486 Filius
3192 4439 3357 4485 noster
3390 4426 3535 4484 Veri-

1969 4527 2146 4581 modus
2174 4525 2358 4580 salutat
2377 4522 2740 4579 Beatitudinem
2765 4531 2920 4589 tamn,
2947 4522 3033 4593 qui
3061 4521 3333 4577 admodum
3357 4533 3532 4594 gratu-

1968 4623 2100 4675 latus
2126 4618 2354 4684 estquod
2380 4618 2432 4671 in
2457 4617 2665 4688 epistola
2689 4616 2756 4669 ad
2784 4631 2874 4669 nos
2900 4624 2984 4667 tua
3001 4614 3110 4684 ejus
3136 4614 3434 4667 mentionem
3454 4614 3533 4684 fe-

1968 4713 2091 4765 cisse
2116 4712 2349 4783 dignatus
2379 4723 2447 4762 es.
2470 4706 2523 4761 Ν
2527 4709 2654 4762 escio
2675 4723 2786 4776 qua:
2808 4707 3167 4761 medicamenta
3181 4707 3245 4761 ab
3261 4706 3532 4774 archiatro,

1968 4803 2053 4873 qui
2078 4801 2332 4857 nobiscum
2356 4810 2446 4868 est,
2470 4810 2670 4871 accepta
2692 4800 2919 4854 dedimus
2941 4798 3143 4869 Lazapo
3162 4814 3305 4853 sacro
3327 4801 3532 4870 presby-

1970 4902 2093 4961 tero,
2116 4892 2185 4947 ad
2213 4903 2349 4947 tuam
2380 4892 2746 4947 Beatitudinem
2775 4890 3077 4961 deferenda;
3102 4904 3232 4961 ante,
3256 4898 3314 4945 ut
3338 4890 3414 4945 vir
3429 4905 3533 4944 me-

1968 4993 2191 5039 moratus
2217 4983 2451 5056 afﬁrmat,
2496 4982 2565 5037 ad
2598 4981 2961 5037 allevt'ationem
2988 4981 3178 5037 doloris
3196 4993 3242 5037 et
3265 4982 3425 5036 morbi
3443 5001 3533 5037 cn-

1965 5078 2208 5133 rationem
2231 5092 2330 5134 non
2352 5092 2531 5149 parum
2553 5066 2831 5148 proﬁcient.

2380 5190 2705 5251 EPISTOLA
2742 5187 2995 5247 CCXXXI
3037 5191 3128 5263 (b).

1966 5309 2275 5382 Augustinus
2294 5307 2478 5374 Dario.
2503 5306 2768 5367 declarans
2783 5321 2840 5363 se
2858 5306 3016 5376 ipsius
3025 5305 3207 5363 litteris
3221 5320 3534 5391 summopere

2036 5400 2356 5464 delectatum,
2382 5407 2427 5452 et
2451 5412 2638 5466 quare;
2652 5397 2736 5457 ubi
2751 5396 2909 5451 multa
2922 5396 3078 5453 obiter
3090 5397 3156 5450 de
3173 5397 3406 5452 unum
3416 5397 3533 5452 luu-

2040 5495 2117 5550 dis
2135 5509 2306 5553 me
2337 5492 2457 5549 dicit
2476 5507 2496 5546 :
2516 5492 2760 5563 mittitque
2783 5490 2880 5562 ipsi
2904 5487 3283 5560 Confessionunt
3306 5490 3457 5547 libros
3484 5500 3535 5545 et

2034 5586 2141 5645 alia
2166 5584 2397 5656 quadam
2415 5600 2506 5641 sua
2526 5584 2785 5655 opuscula.

2380 5719 2520 5785 regis
2553 5714 2758 5783 epistola
2790 5716 2853 5769 se
2876 5714 3540 5782 cummagna-ses.

1972 5840 2394 5972 ἀιρῇ
2413 5859 2522 5910 quze
2545 5851 2706 5895 autem
2728 5843 2811 5894 251
2836 5848 2958 5903 erat,
2977 5855 3103 5895 muc
3126 5841 3227 5891 Ηϐ.
3243 5840 3545 5909 saiptapost

2188 5925 2197 5952 ι
2391 5940 2403 5955 .

2188 5925 2403 5955 memores.
