4024 6372
570 412 711 474 1023

565 533 900 588 Aucusrutus
940 543 1128 586 servus
1173 527 1366 586 Christi
1413 530 1878 601 membrorumque
1925 528 2147 597 Christi,

712 624 882 680 Duuo
905 622 1014 678 tilio
1041 622 1280 678 membro
1300 619 1516 688 Christi,
1546 623 1597 675 in
1624 622 1738 692 ipso
1759 621 2004 677 salutem.

639 715 692 771 1.
733 714 886 785 Quod
923 713 1218 786 acceperim
1247 713 1474 769 libenter
1500 713 1703 770 litteras
1734 723 1871 779 tuas,
1913 728 2029 768 mea
2061 729 2148 769 re-

563 808 761 879 scripta
791 807 985 863 indicio
1018 821 1138 862 esse
1165 805 1398 862 voluisti.
1433 806 1568 862 Ecce
1607 807 1863 872 rescribo,
1891 816 1946 862 et
1971 816 2148 861 tamen

563 901 836 972 rescriptis
857 900 958 956 hoc
979 899 1213 956 indicare
1243 914 1350 955 non
1381 914 1619 970 possum,
1646 901 1726 955 vel
1757 901 1890 966 istis,
1926 900 2005 954 vel
2025 898 2143 969 qui-

563 993 790 1050 buslibet
813 993 951 1058 aliis,
984 993 1096 1048 sive
1115 993 1365 1059 breviter,
1384 993 1496 1048 sive
1514 992 1866 1062 prolixissime
1891 992 2140 1046 scribam:

562 1102 735 1158 neque
760 1085 902 1142 enim
931 1094 1022 1140 aut
1050 1086 1233 1156 paucis
1265 1093 1356 1140 aut
1391 1085 1570 1139 multis
1597 1084 1773 1140 verbis
1803 1082 2019 1137 indicari
2048 1097 2142 1152 po-

560 1185 665 1234 test
689 1175 830 1248 quod
859 1174 1077 1232 indicari
1118 1175 1294 1232 verbis
1331 1190 1435 1230 non
1463 1182 1656 1245 potest.
1704 1173 1773 1228 Et
1799 1188 1897 1243 ego
1927 1171 2142 1242 quidem

557 1281 743 1338 parum
785 1266 1027 1337 eloquor,
1056 1267 1156 1322 etsi
1201 1266 1425 1320 multum
1470 1264 1656 1334 loquar
1687 1281 1698 1315 :
1731 1262 1824 1317 sed
1865 1262 1993 1316 nulli
2030 1261 2144 1316 elo-

559 1358 744 1430 quenti
768 1357 988 1413 omnino
1011 1357 1389 1420 concesserim,
1417 1367 1473 1410 ut
1500 1354 1869 1425 qualicumque
1898 1361 1951 1408 et
1970 1367 2140 1423 quan-

557 1459 837 1522 lacumque
874 1450 1098 1520 epistola
1127 1464 1220 1504 sua
1249 1449 1493 1504 allectum
1526 1447 1781 1518 explicet,
1821 1461 1979 1516 quem
2019 1445 2142 1501 fecit

555 1543 610 1599 in
645 1551 827 1599 mente
852 1551 960 1609 tua,
988 1541 1130 1613 quod
1157 1556 1261 1596 non
1292 1555 1504 1611 possum
1530 1555 1650 1610 ego,
1693 1539 1792 1595 etsi
1823 1553 1944 1594 eum
1975 1540 2141 1608 possit

555 1635 630 1691 ita
652 1634 705 1690 in
725 1635 904 1690 animo
923 1648 1046 1689 meo
1073 1631 1254 1688 videre
1286 1632 1422 1687 sicut
1440 1645 1560 1703 ego.
1585 1631 1770 1686 Restat
1799 1645 1923 1700 ergo
1949 1630 2024 1684 sic
2047 1629 2139 1684 tibi

554 1725 790 1781 indicare
814 1723 956 1795 quod
979 1723 1118 1779 scire
1144 1723 1373 1788 voluisti,
1399 1723 1521 1777 utin
1540 1721 1716 1777 verbis
1742 1723 1890 1786 meis,
1920 1730 1974 1776 et
1998 1721 2138 1791 quod

554 1833 663 1874 non
689 1817 944 1882 indicant,
967 1817 1187 1872 sentias.
1219 1815 1356 1882 Quid
1384 1815 1540 1885 igitur
1559 1815 1754 1879 dicam,
1783 1815 1882 1869 nisi
1915 1814 2141 1870 delecta-

552 1917 666 1966 tum
692 1925 776 1964 me
801 1923 919 1964 esse
943 1908 1134 1962 litteris
1160 1907 1282 1972 tuis,
1314 1906 1632 1962 delectatum
1658 1905 1846 1960 valde?
1871 1905 2137 1975 Repetitio

551 2001 702 2058 verbi
728 1999 906 2072 hujus,
939 2013 1046 2055 non
1076 2007 1159 2054 est
1184 1998 1446 2069 repetitio,
1475 1997 1568 2053 scd
1598 1998 1747 2068 quasi
1771 2006 2022 2067 perpetua
2049 1997 2134 2051 di-

549 2093 687 2149 ctio:
715 2092 837 2163 quia
865 2091 982 2146 ﬁeri
1005 2107 1111 2146 non
1139 2099 1338 2162 posset,
1369 2098 1428 2146 ut
1448 2105 1659 2160 semper
1695 2090 1981 2155 diceretur,
2015 2090 2136 2145 ideo

550 2183 746 2239 factum
777 2190 862 2240 est
888 2191 944 2237 ut
972 2182 1161 2238 saltem
1207 2190 1570 2252 repeteretur;
1603 2182 1682 2237 sic
1717 2181 1861 2237 enim
1910 2181 2136 2237 fortasse

547 2276 653 2331 dici
682 2284 876 2346 potest.

619 2366 674 2420 2.
718 2366 812 2422 Hic
847 2367 891 2421 si
938 2375 1139 2436 quaerat
1180 2366 1390 2436 aliquis,
1435 2365 1562 2436 quid
1592 2380 1676 2420 me
1705 2365 1917 2420 tandem
1947 2366 1998 2419 in
2028 2366 2134 2420 tuis

551 2467 659 2514 tam
687 2458 842 2514 valde
867 2458 1055 2514 litteris
1095 2457 1465 2522 delectaverit;
1511 2466 1685 2512 utrum
1714 2458 2016 2526 eloquium?
2043 2473 2131 2512 re-

547 2547 846 2620 spondebo,
882 2546 1025 2605 Non:
1050 2558 1102 2603 et
1123 2548 1210 2603 ille
1239 2547 1457 2602 forsitan
1487 2546 1850 2618 respondebit,
1873 2547 2012 2616 Ergo
2028 2547 2133 2602 lau-

548 2639 646 2696 des
677 2649 809 2705 tute;
856 2637 952 2694 sed
989 2638 1056 2694 de
1087 2637 1170 2693 his
1199 2653 1407 2710 quoque
1451 2637 1805 2708 respondebo,
1857 2637 2007 2692 Non:
2033 2653 2131 2693 nec

549 2729 691 2796 ideo,
720 2729 841 2800 quia
869 2746 972 2784 non
1005 2729 1112 2784 sint
1141 2729 1238 2784 ista
1269 2731 1320 2784 in
1365 2730 1449 2783 illa
1488 2728 1739 2799 epistola;
1772 2744 1896 2783 nam
1925 2738 1978 2783 et
2022 2730 2134 2785 elo-

549 2823 730 2893 quium
752 2822 821 2878 ibi
849 2829 1051 2876 tautum
1085 2832 1186 2890 est,
1217 2830 1274 2876 ut
1299 2831 1356 2878 et
1379 2823 1580 2892 optimo
1607 2832 1658 2878 te
1687 2832 1868 2877 natum
1895 2823 2124 2893 ingenio,

547 2923 601 2970 et
620 2913 814 2970 talibus
840 2914 1133 2986 disciplinis
1159 2916 1289 2971 satis
1315 2916 1578 2970 eruditum
1610 2916 2015 2986 praeclarissime
2045 2917 2129 2971 lu-

547 3015 683 3074 ceat,
714 3017 771 3063 et
797 3022 1016 3078 prorsus
1042 3008 1192 3078 plena
1232 3016 1310 3063 est
1337 3009 1470 3063 meis
1506 3008 1765 3063 laudibus.
1795 3009 2025 3078 Ergone,
2057 3009 2132 3064 ait

549 3099 830 3169 quispiam,
859 3115 966 3154 non
989 3109 1038 3154 te
1063 3100 1162 3155 ista
1178 3098 1477 3155 delectant?
1497 3098 1608 3154 bno
1631 3114 1775 3154 vero.
1808 3098 1983 3170 Neque
1997 3101 2131 3154 ertint

549 3190 693 3254 mihi,
732 3199 787 3244 ut
809 3190 883 3245 ait
907 3191 1142 3261 quidam,
1169 3209 1351 3245 cornea
1377 3191 1506 3261 ﬁbra
1533 3201 1605 3246 est
1631 3190 1803 3264 (Pers.
1833 3191 2024 3263 Satyra
2050 3194 2124 3262 1),

550 3290 607 3337 ιιι
630 3281 745 3338 bzec
765 3297 870 3337 non
887 3282 1132 3348 sentiam,
1156 3283 1236 3337 vel
1261 3284 1376 3338 sine
1392 3283 1740 3338 delectatione
1763 3285 2008 3338 sentiam.
2033 3285 2131 3337 De—

551 3376 745 3432 lectant
773 3385 827 3432 et
846 3377 972 3442 ista;
1003 3375 1096 3432 sed
1124 3375 1190 3430 ad
1220 3375 1345 3430 illud
1376 3391 1480 3444 quo
1505 3390 1590 3430 me
1612 3374 1760 3429 valde
1781 3375 1888 3430 dixi
1904 3391 2021 3431 esse
2039 3375 2132 3430 de-

551 3470 822 3535 lectatum,
851 3469 978 3540 quid
1004 3477 1129 3524 sunt
1148 3468 1283 3524 ista?
1309 3467 1440 3522 Nam
1463 3467 1729 3538 eloquium
1754 3475 1897 3520 tuum
1931 3484 2015 3522 me
2031 3467 2128 3522 de-

551 3564 728 3630 lectat,
756 3563 1004 3634 quoniam
1025 3562 1257 3634 graviter
1283 3575 1444 3616 suave
1463 3569 1563 3626 est,
1589 3560 1671 3615 vel
1689 3560 1920 3614 suaviter
1937 3575 2126 3629 grave:

551 3658 684 3712 meis
707 3663 884 3712 autem
911 3654 1175 3722 laudibus,
1211 3669 1330 3709 cum
1363 3654 1599 3724 profecto
1623 3668 1721 3708 nec
1753 3653 1998 3707 omnibus
2015 3652 2128 3708 .de—

551 3750 736 3815 lecter,
771 3763 872 3804 nec
904 3748 971 3803 ab
1009 3747 1272 3812 omnibus,
1301 3747 1394 3802 sed
1423 3748 1499 3801 eis
1527 3747 1766 3817 qualibus
1801 3762 1886 3801 me
1914 3746 2129 3816 dignum

552 3853 672 3894 esse
693 3839 979 3894 arbitratus
1007 3853 1086 3905 es,
1111 3849 1163 3893 et
1181 3838 1250 3893 ab
1269 3837 1348 3893 eis
1376 3838 1546 3908 qualis
1572 3853 1649 3903 es,
1679 3838 1731 3893 id
1769 3847 1850 3894 est
1883 3839 1972 3909 qui
2004 3855 2126 3908 pro-

550 3940 670 4002 pter
692 3929 962 3986 Christum
1005 3929 1230 4002 diligunt
1275 3944 1458 3985 servos
1501 3929 1644 3999 ejus;
1685 3930 1843 3984 etiam
1890 3929 2129 3985 laudibus

551 4023 685 4079 meis
701 4037 787 4079 me
805 4021 1123 4079 delectatum
1147 4023 1199 4076 in
1225 4021 1414 4076 litteris
1436 4021 1538 4076 tuis
1563 4036 1754 4090 negare
1771 4036 1873 4075 non
1893 4036 2126 4090 possum.

623 4116 676 4171 5.
720 4115 958 4170 Viderint
984 4128 1171 4186 graves
1208 4122 1262 4168 et
1299 4112 1450 4182 periti
1486 4112 1582 4166 viri
1623 4111 1745 4181 quid
1773 4111 1838 4166 de
1866 4111 1959 4166 illo
1983 4111 2128 4167 Thc-

551 4208 793 4265 mistocle
821 4207 1068 4271 sentiant,
1096 4206 1141 4260 si
1167 4214 1345 4260 tamen
1365 4204 1595 4259 hominis
1617 4219 1812 4258 nomen
1841 4219 2022 4258 verum
2045 4220 2130 4260 re-

550 4300 689 4366 colo,
716 4300 807 4369 qui
841 4314 962 4354 cum
991 4300 1046 4352 in
1075 4298 1264 4369 epulis,
1296 4296 1438 4368 quod
1466 4296 1591 4351 clari
1621 4304 1674 4350 et
1697 4295 1885 4350 eruditi
1913 4295 2131 4351 Griecice

551 4391 728 4446 facere
749 4390 1006 4454 solebant,
1046 4405 1237 4444 canere
1275 4389 1461 4444 fidibus
1490 4399 1809 4453 recusasset,
1842 4397 1896 4442 et
1932 4388 2001 4444 ob
2029 4388 2132 4444 hoc

551 4480 815 4538 indoctior
834 4478 1138 4544 haberetur,
1161 4487 1431 4547 totumque
1454 4477 1581 4532 illud
1598 4477 1940 4546 jucunditatis
1963 4492 2132 4547 genus

551 4581 863 4644 aspernatus
883 4579 1052 4637 esset;
1100 4570 1299 4626 dictum
1330 4570 1402 4624 illi
1431 4579 1543 4624 est:
1576 4569 1711 4634 Quid
1735 4585 1851 4640 ergo
1882 4570 2059 4623 audire
2086 4581 2133 4624 te

553 4665 802 4720 delectat?
816 4664 897 4720 Ad
919 4662 1059 4734 quod
1077 4662 1163 4717 ille
1179 4661 1516 4732 respondisse
1534 4661 1700 4716 fertur
1720 4679 1732 4714 :
1759 4659 1957 4716 Laudes
1975 4679 2128 4716 meas.

555 4756 797 4813 Viderint
822 4770 950 4826 ergo
978 4770 1082 4825 quo
1109 4753 1213 4809 line
1241 4762 1295 4809 ct
1322 4767 1422 4824 qua
1460 4753 1750 4808 intentione
1780 4752 1906 4807 illud
1935 4751 2133 4810 dixisse

553 4849 896 4918 crediderint,
914 4848 997 4906 vel
1026 4849 1139 4918 ipse
1167 4862 1268 4918 qua
1288 4846 1496 4903 dixerit.
1521 4847 1648 4901 Erat
1671 4845 1812 4902 enim
1840 4845 2131 4901 secundum

553 4941 658 4996 hoc
691 4942 942 4997 saeculum
973 4941 1052 4996 vir
1092 4939 1418 5011 magnificus.
1463 4938 1594 4995 Nam
1637 4939 1795 4994 etiam
1825 4953 1943 4992 cum
1971 4939 2020 4992 ei
2049 4937 2133 4992 di-

553 5041 696 5090 ctum
725 5033 930 5101 fuisset,
973 5033 1108 5100 Quid
1144 5034 1299 5105 igitur
1323 5033 1489 5088 nosti?
1516 5033 1910 5104 Rempublicam,
1941 5033 2129 5103 inquit,

553 5142 619 5182 ea:
645 5140 800 5197 parva
830 5141 1064 5196 magnam
1087 5128 1268 5196 facere.
1295 5126 1402 5195 Ego
1427 5134 1604 5181 autem
1637 5124 1778 5194 quod
1807 5125 1883 5177 ait
1906 5123 2130 5192 Ennius,

559 5214 746 5271 Omnes
771 5215 1003 5270 mortales
1025 5230 1129 5270 sese
1157 5215 1356 5268 laudari
1383 5223 1640 5285 exoptant,
1669 5214 1858 5283 partim
1887 5222 2013 5282 puto
2033 5228 2129 5284 ap-

555 5310 909 5384 probandnm,
939 5309 1130 5381 partim
1151 5308 1458 5365 cavendum.
1491 5309 1560 5365 Ut
1583 5307 1724 5364 enim
1743 5307 2036 5377 appetenda
2053 5315 2134 5362 est

557 5407 772 5470 veritas,
798 5421 917 5477 quae
952 5403 1140 5476 procul
1167 5402 1327 5458 dubio
1356 5411 1457 5469 est,
1504 5401 1708 5457 etiamsi
1739 5415 1842 5454 non
1867 5399 2128 5465 laudetur,

556 5502 668 5558 sola
696 5499 1001 5565 laudabilis;
1031 5497 1107 5554 sic
1131 5497 1290 5553 etiam
1311 5512 1393 5562 ea,
1417 5511 1534 5566 quze
1570 5495 1721 5551 facile
1747 5492 2004 5564 subrepit,
2036 5508 2132 5546 va-

557 5595 696 5652 nitas
725 5595 779 5650 in
810 5593 1081 5649 hominum
1103 5589 1258 5646 laude
1284 5588 1530 5660 fugienda
1558 5596 1668 5643 est:
1689 5586 1805 5642 haec
1828 5595 1910 5642 est
1935 5593 2131 5649 autem,

559 5687 645 5742 vel
669 5701 792 5742 cum
821 5685 936 5757 ipsa
960 5684 1118 5752 bona,
1161 5697 1282 5753 qua:
1323 5680 1626 5738 laudatione
1664 5677 1818 5750 digna
1855 5685 1996 5743 sunt,
2029 5692 2135 5732 non

561 5785 810 5845 putantur
831 5774 1092 5839 habenda,
1119 5774 1220 5828 nisi
1245 5771 1488 5827 laudetur
1515 5772 1582 5826 ab
1610 5769 1914 5825 hominibus
1939 5769 2133 5836 homo;

567 5865 648 5920 vel
671 5878 730 5918 ea
753 5877 963 5932 quoque
988 5865 1100 5918 vult
1119 5865 1172 5919 in
1199 5878 1256 5917 se
1281 5863 1502 5916 multum
1531 5863 1751 5932 quisque
1777 5860 1997 5927 laudari,
2019 5874 2136 5931 qua:

1802 416 1862 472 S.
1901 412 2269 473 AUGUSTINI
2309 411 2613 471 EPISCOPI

3669 434 3782 494 1014

2260 537 2351 581 aut
2373 529 2559 598 exigua
2575 529 2748 596 laude,
2766 539 2856 587 aut
2871 532 3028 588 etiam
3043 533 3419 604 vituperatione
3433 539 3652 613 digniora
3664 560 3780 609 sunt.

2257 617 2409 675 Unde
2432 620 2674 676 Horatius
2701 623 2872 679 Ennio
2896 625 3192 696 vigilantior
3215 630 3318 684 ait:

2375 735 2544 786 Laudis
2563 747 2728 787 amore
2751 739 2943 790 tumes?
2963 747 3078 791 Sunt
3097 749 3232 793 certa
3251 745 3449 808 piacula,
3470 761 3573 812 quae
3593 759 3638 804 te

2373 825 2465 869 Ter
2487 833 2610 882 pure
2634 819 2761 873 lecto
2783 831 3013 886 poterunt
3031 839 3258 877 recreare
3279 828 3460 881 libello.

3060 907 3246 971 (Horat.
3281 909 3360 961 lib.
3389 913 3432 973 ί,
3455 914 3592 979 Epist.
3620 920 3675 984 ι.)

2320 1007 2373 1060 4.
2414 1003 2489 1060 Ita
2515 1015 2775 1065 tumorem
2801 1009 2870 1065 de
2896 1026 3080 1067 amore
3116 1014 3285 1070 laudis
3311 1015 3563 1087 humanae,
3590 1025 3705 1080 vela
3723 1043 3774 1085 se

2251 1099 2460 1167 penitus
2486 1115 2720 1156 morsum
2750 1103 3151 1160 medicinalibus
3175 1107 3350 1162 verbis
3377 1112 3518 1179 quasi
3536 1128 3778 1173 excantan-

2247 1187 2371 1242 dum
2398 1192 2618 1260 putavit.
2662 1192 2849 1248 Docuit
2876 1194 3053 1264 itaque
3083 1211 3178 1251 nos
3207 1213 3301 1266 per
3330 1200 3624 1268 Apostolutu
3648 1221 3772 1264 suum

2246 1278 2494 1349 Magister
2526 1281 2716 1345 bonus,
2753 1299 2922 1354 neque
2948 1295 3226 1364 prapterea
3257 1303 3355 1343 nos
3381 1301 3516 1347 recte
3540 1293 3708 1363 facere,
3727 1307 3772 1354 ut

2244 1370 2523 1426 laudemur
2545 1373 2612 1427 ab
2636 1373 2958 1442 hominibus,
2986 1377 3038 1432 id
3067 1387 3171 1446 est,
3197 1379 3354 1436 finem
3377 1384 3499 1438 recti
3522 1388 3666 1442 nostri
3687 1405 3772 1445 nou

2245 1459 2298 1550 in
2325 1460 2597 1518 hominum
2628 1465 2871 1521 laudibus
2899 1483 3126 1537 ponere;
3155 1479 3210 1526 et
3238 1480 3415 1528 tamen
3439 1488 3634 1546 propter
3656 1481 3776 1550 ipsos

2243 1549 2487 1609 homines
2511 1570 2751 1624 quaerere
2779 1558 2962 1613 laudes
2990 1559 3284 1617 hominum.
3317 1565 3516 1622 Etenim
3547 1583 3654 1624 cum
3674 1549 3771 1628 lau-

2242 1641 2433 1698 dantur
2457 1645 2602 1707 boni.
2631 1663 2736 1702 non
2769 1649 3016 1717 laudatis,
3062 1653 3155 1707 sed
3203 1654 3529 1713 laudantibus
3571 1663 3767 1729 prodest.

2241 1733 2374 1790 Nam
2405 1737 2527 1804 illis,
2561 1752 2813 1809 quantum
2850 1744 2915 1797 ad
2946 1745 3090 1812 ipsos
3117 1747 3326 1814 attinet,
3366 1751 3501 1819 quod
3531 1751 3640 1808 boni
3673 1765 3772 1813 sunt

2242 1827 2468 1884 sufficit:
2499 1831 2589 1885 sed
2615 1834 2714 1899 eis,
2745 1835 2938 1904 quibus
2957 1838 3169 1906 expedit
3197 1840 3391 1896 imitari
3419 1844 3593 1911 bonos,
3619 1858 3766 1917 gratu-

2243 1920 2458 1976 landum
2490 1933 2591 1988 est,
2619 1940 2739 1980 cum
2764 1927 2832 1980 ab
2871 1929 2948 1982 eis
2976 1929 3252 1986 laudantur
3278 1932 3434 2000 boni;
3465 1937 3684 2005 quoniam
3706 1942 3768 1997 sic

2241 2012 2476 2069 indicant
2501 2031 2594 2070 eos
2618 2017 2716 2072 sibi
2748 2019 2976 2088 placere,
2999 2037 3132 2091 quos
3154 2026 3414 2080 veraciter
3436 2027 3647 2084 laudant.
3665 2031 3772 2088 Dicit

2238 2121 2364 2175 ergo
2397 2108 2680 2177 Apostolus
2717 2112 2946 2181 quodam
2977 2114 3114 2179 loco,
3157 2116 3218 2171 Si
3244 2118 3524 2173 hominibus
3549 2121 3766 2190 placerem,

2239 2196 2424 2254 Christi
2447 2217 2617 2256 seruus
2643 2220 2744 2257 non
2771 2221 2928 2259 essent
2973 2206 3170 2276 (Galat.
3195 2225 3232 2272 ι,
3263 2210 3392 2280 10);
3421 2222 3474 2266 et
3513 2213 3635 2268 idem
3670 2215 3771 2271 dicit

2236 2290 2342 2345 alio
2364 2291 2501 2358 loco,
2529 2291 2735 2349 Placete
2763 2297 2991 2351 omnibus
3012 2314 3100 2366 per
3119 2299 3312 2364 omnia,
3331 2301 3453 2354 sicut
3473 2312 3516 2355 et
3539 2320 3618 2373 ego
3635 2306 3766 2359 enuti-

2235 2381 2326 2436 bus
2345 2398 2434 2452 per
2462 2385 2631 2438 omnia
2658 2386 2862 2453 placeo;
2886 2387 2980 2441 sed
2997 2388 3290 2459 adjungens
3319 2407 3547 2457 causam.
3564 2411 3649 2448 non
3661 2411 3769 2464 qua-

2235 2488 2348 2526 rens
2371 2475 2507 2542 quod
2533 2475 2653 2530 mihi
2678 2477 2798 2530 utile
2824 2487 2916 2543 est,
2946 2480 3035 2532 sed
3061 2481 3198 2549 quod
3236 2483 3429 2549 multis,
3461 2494 3508 2537 ut
3538 2485 3648 2539 salvi
3670 2487 3771 2554 ﬁant

2237 2560 2281 2632 (Ι
2307 2561 2424 2618 Cor.
2456 2581 2512 2626 x,
2536 2565 2624 2632 '52,
2650 2565 2759 2638 53).
2796 2568 2930 2622 Ecce
2955 2568 3080 2638 quid
3107 2571 3385 2638 quaerebat
3410 2573 3458 2626 in
3475 2573 3614 2627 laude
3633 2573 3769 2629 homi-

2235 2670 2383 2722 num,
2419 2657 2504 2710 ubi
2535 2658 2694 2711 etiam
2726 2658 2952 2723 dicebat,
2985 2659 3062 2713 De
3090 2672 3290 2727 cwtero,
3327 2665 3521 2731 fratres,
3557 2679 3768 2734 quacum-

2234 2764 2328 2811 que
2372 2757 2488 2801 sunt
2533 2765 2662 2812 vera,
2700 2766 3024 2822 quwcuntque
3055 2753 3260 2822 pudica,
3296 2770 3608 2824 quiscumque
3637 2764 3765 2823 casta,

2234 2855 2556 2909 quaecumque
2579 2851 2770 2906 sancta,
2801 2858 3124 2913 quacumque
3147 2844 3467 2912 charissima,
3493 2862 3768 2916 quaeautque

2235 2929 2376 2982 home
2401 2932 2569 2999 iam,
2591 2931 2634 2982 si
2652 2948 2750 3002 qua
2770 2933 2947 2997 virtus,
2975 2935 3019 2986 si
3045 2950 3144 3002 qua
3168 2935 3304 3000 laus,
3327 2937 3432 2990 haec
3447 2938 3641 3006 cogitate
3656 2951 3770 3006 .‘qttc

2234 3019 2498 3083 didicistis,
2532 3031 2576 3074 et
2597 3023 2876 3091 accepistis,
2904 3032 2950 3075 ct
2975 3024 3188 3078 audistis
3210 3035 3255 3078 et
3288 3026 3483 3081 vidistis
3505 3028 3553 3079 in
3575 3043 3658 3090 me,
3686 3027 3770 3079 hac

2233 3112 2397 3181 agite;
2426 3120 2470 3164 et
2501 3110 2634 3166 Deus
2676 3115 2812 3181 pacis
2850 3114 2942 3166 erit
2976 3114 3226 3168 vobiscum
3269 3114 3525 3187 (Philipp.
3561 3131 3625 3182 tv,
3644 3117 3689 3180 8,
3705 3116 3766 3184 9).

2234 3203 2433 3258 Caetera
2465 3203 2640 3273 igitur,
2669 3220 2787 3274 qua:
2816 3221 2975 3275 supra
3001 3209 3445 3272 commemoravi,
3485 3207 3670 3262 virtutis
3693 3219 3766 3261 no-

2233 3295 2375 3348 mine
2406 3295 2681 3365 amplexus
2711 3305 2810 3362 est,
2842 3296 3044 3360 dicens,
3076 3298 3120 3350 si
3138 3314 3236 3366 qua
3263 3299 3460 3354 virtus:
3489 3299 3604 3354 illud
3626 3309 3768 3353 autem

2233 3384 2374 3452 quod
2404 3385 2647 3454 subjecit,
2674 3403 2998 3456 quacumque
3017 3386 3160 3440 bona:
3185 3392 3364 3458 lauta,
3391 3389 3493 3444 alio
3519 3403 3612 3443 uno
3636 3387 3767 3442 verbo

2232 3492 2466 3546 congruo
2495 3486 2802 3546 prosecutus
2825 3487 2905 3532 est
2931 3477 3176 3542 dicendo,
3199 3480 3243 3531 si
3265 3496 3372 3549 qua
3397 3481 3523 3534 laus.
3541 3479 3671 3546 Quod
3689 3478 3768 3532 ita-

2232 3582 2336 3636 que
2361 3567 2454 3631 ait,
2485 3567 2544 3620 Si
2565 3567 2847 3620 hominibus
2869 3568 3138 3636 placerent,
3167 3567 3364 3623 Christi
3403 3585 3562 3624 servus
3592 3585 3678 3622 non
3704 3583 3766 3620 es-

2233 3675 2354 3722 sem,
2381 3658 2457 3711 sic
2485 3658 2662 3726 utique
2686 3658 3046 3727 accipiendum
3077 3667 3329 3729 tanquam
3359 3661 3543 3716 dixerit
3563 3680 3574 3715 :
3595 3659 3645 3714 Si
3659 3659 3768 3712 bona

2231 3766 2350 3820 quae
2380 3750 2535 3816 facio,
2564 3750 2667 3805 line
2691 3751 2860 3804 laudis
2889 3750 3133 3806 humana:
3158 3751 3416 3819 facerem,
3445 3750 3602 3807 laudis
3621 3761 3768 3804 amore

2235 3851 2603 3898 tumescerem.
2636 3841 2857 3897 Volebat
2897 3858 3024 3912 ergo
3054 3844 3347 3912 Apostolus
3387 3846 3582 3915 placere
3624 3840 3768 3895 omni-

2232 3934 2349 3998 bus,
2395 3942 2450 3988 et
2492 3934 2568 3988 eis
2611 3934 2818 4002 placere
2846 3934 3126 4002 gaudebat,
3163 3949 3265 3988 non
3313 3949 3536 4005 quorum
3565 3930 3766 3986 laudibus

2235 4025 2560 4079 tumescebat
2590 4024 2644 4077 in
2673 4024 2868 4092 seipso,
2897 4024 2990 4078 sed
3017 4039 3149 4093 quos
3176 4024 3424 4080 laudatus
3449 4020 3707 4078 aedificabat
3726 4019 3766 4072 in

2235 4116 2462 4172 Christo.
2485 4115 2593 4170 Cur
2617 4131 2744 4185 ergo
2771 4131 2857 4171 me
2883 4130 2986 4171 non
3017 4115 3239 4171 delectet
3263 4116 3467 4172 laudari
3486 4116 3574 4171 abs
3594 4124 3654 4178 te,
3669 4124 3765 4166 cum

2234 4219 2284 4262 et
2316 4209 2396 4262 vir
2423 4208 2590 4262 bonus
2619 4209 2690 4261 sis
2717 4223 2783 4262 ne
2810 4223 2894 4263 me
2922 4208 3094 4274 fallas,
3119 4217 3174 4262 et
3203 4223 3262 4264 ea
3291 4209 3474 4264 laudes
3502 4224 3608 4278 qua:
3627 4217 3762 4266 ames,

2235 4308 2288 4354 et
2314 4314 2431 4368 quae
2450 4313 2627 4353 amare
2656 4299 2784 4352 utile
2806 4313 2867 4353 ac
2887 4298 3099 4354 salubre
3119 4307 3221 4365 est,
3260 4300 3468 4354 etiamsi
3495 4312 3591 4352 non
3613 4294 3701 4349 sint
3723 4292 3765 4344 in

2236 4391 2354 4444 me?
2385 4404 2554 4459 neque
2583 4388 2683 4443 hoc
2709 4390 2800 4443 tibi
2831 4399 3053 4454 tantum,
3084 4389 3177 4444 sed
3215 4390 3377 4444 etiam
3420 4389 3541 4445 mihi
3569 4384 3762 4458 prodest.

2237 4481 2292 4535 Si
2319 4481 2458 4534 enim
2482 4497 2584 4535 non
2612 4489 2732 4534 sunt
2758 4481 2806 4533 in
2835 4496 2937 4545 me,
2967 4480 3250 4534 salubriter
3276 4483 3548 4543 erubesco,
3569 4487 3704 4545 atque
3721 4480 3766 4526 ut

2237 4573 2341 4626 sint
2361 4571 2655 4626 inardesco.
2687 4573 2760 4624 Ac
2784 4587 2878 4642 per
2899 4572 3036 4641 quod
3057 4586 3286 4642 agnosco
3303 4588 3419 4627 mea
3450 4572 3498 4624 in
3525 4567 3661 4624 laude
3677 4577 3763 4626 tua,

2235 4663 2440 4734 gaudeo
2478 4678 2562 4717 me
2604 4664 2818 4729 habere,
2863 4673 2916 4719 et
2959 4665 3052 4719 abs
3091 4673 3142 4718 te
3173 4665 3259 4718 illa
3287 4679 3351 4720 ac
3378 4665 3623 4733 meipsum
3646 4655 3764 4725 diligi

2238 4764 2454 4826 propter
2479 4755 2564 4808 illa
2589 4772 2600 4807 :
2630 4771 2747 4825 qurc
2776 4764 2950 4809 autem
2981 4771 3086 4810 non
3115 4771 3367 4826 agnosco,
3401 4770 3503 4809 non
3544 4752 3692 4807 solum
3721 4755 3766 4801 ut

2239 4846 2349 4915 ipse
2396 4845 2650 4910 habeam,
2696 4844 2938 4899 desidero
2981 4845 3253 4916 consequi,
3307 4859 3484 4901 verum
3535 4844 3676 4899 etiam
3712 4850 3765 4890 ne

2237 4951 2448 5005 semper
2477 4936 2527 4990 in
2557 4951 2671 4991 mea
2703 4935 2856 4991 laude
2886 4936 3149 5003 fallantur,
3181 4937 3269 5008 qui
3300 4953 3384 4992 me
3413 4936 3668 4993 sinceriter
3698 4928 3764 4984 di-

2238 5029 2424 5097 liguut.

2309 5119 2361 5172 5.
2405 5118 2542 5173 Ecce
2566 5133 2721 5187 quam
2749 5119 2910 5173 multa
2939 5119 3066 5184 dixi,
3098 5127 3152 5174 et
3172 5119 3300 5190 quid
3321 5121 3388 5174 sit
3408 5117 3530 5174 illud
3549 5113 3675 5188 quod
3697 5125 3766 5168 me

2239 5210 2396 5281 longe
2437 5208 2660 5279 amplius
2704 5209 2914 5279 eloquio
2954 5219 3064 5272 tuo,
3109 5210 3264 5281 longe
3305 5210 3524 5281 amplius
3561 5204 3764 5262 laudibus

2240 5301 2372 5356 meis
2398 5300 2450 5354 in
2478 5301 2578 5354 tuis
2620 5300 2810 5355 litteris
2850 5299 3149 5364 delectavit,
3190 5317 3296 5355 non
3322 5301 3488 5355 adhuc
3511 5297 3627 5353 dixi.
3652 5289 3765 5361 Quid

2241 5400 2416 5445 autem
2447 5399 2597 5459 putas
2624 5404 2762 5457 esse,
2790 5404 2822 5442 o
2856 5389 2993 5445 bone
3031 5389 3210 5455 homo,
3261 5391 3355 5444 nisi
3401 5387 3535 5458 quod
3565 5396 3611 5439 te
3632 5381 3767 5439 talsln

2246 5487 2440 5549 virum,
2467 5492 2521 5537 et
2563 5498 2670 5537 non
2716 5482 2884 5539 visum
2912 5481 3009 5537 feci
3040 5483 3299 5549 amicum;
3326 5483 3367 5536 si
3398 5490 3680 5534 tamennon
3704 5467 3767 5523 Vi-

2243 5593 2358 5632 sum
2388 5575 2565 5630 dicere
2588 5573 2778 5640 debeo,
2819 5575 2968 5645 cujus
2993 5591 3096 5630 non
3124 5591 3334 5646 corpus,
3363 5572 3455 5628 sed
3482 5572 3690 5625 animam
3723 5563 3766 5615 in

2244 5672 2372 5744 ipsis
2397 5671 2499 5725 tuis
2530 5669 2718 5724 litteris
2745 5669 2872 5736 vidi,
2904 5669 2994 5724 ubi
3021 5669 3086 5724 de
3117 5678 3190 5736 te,
3234 5686 3334 5725 non
3361 5668 3491 5722 sicut
3512 5671 3650 5718 antea
3675 5656 3767 5711 fra-

2245 5765 2414 5820 tribus
2447 5762 2599 5828 meis,
2636 5761 2730 5816 sed
2776 5761 2906 5816 mihi
2933 5760 3166 5816 credidi?
3195 5763 3322 5831 Quis
3359 5758 3503 5816 enim
3529 5765 3665 5810 esses
3685 5748 3778 5817 im

2247 5855 2459 5927 quidem
2490 5869 2816 5925 acceperam,
2841 5853 2933 5909 sed
2951 5854 3119 5923 qualis
3141 5870 3269 5925 erga
3284 5869 3368 5912 me
3405 5858 3568 5912 esses,
3586 5837 3789 5900 nondum
