  <div class='ocr_page' id='page_1' title='image "/cluster/home/n/w/nwhite01/storage/ocr_20150623/33/uva.x000669810/528.png"; bbox 0 0 4024 6376; ppageno 0'>
   <div class='ocr_carea' id='block_1_1' title="bbox 223 374 354 442">
    <p class='ocr_par' dir='ltr' id='par_1_1' title="bbox 223 374 354 442">
     <span class='ocr_line' id='line_1_1' title="bbox 223 374 354 442; baseline -0.015 0"><span class='ocrx_word' id='word_1_1' title='bbox 223 374 354 442; x_wconf 66' lang='grc' dir='ltr'><strong>ιοίδ</strong></span> 
     </span>
    </p>
   </div>
   <div class='ocr_carea' id='block_1_2' title="bbox 223 477 1800 553">
    <p class='ocr_par' dir='ltr' id='par_1_2' title="bbox 223 477 1800 553">
     <span class='ocr_line' id='line_1_2' title="bbox 223 477 1800 553; baseline -0.016 0"><span class='ocrx_word' id='word_1_2' title='bbox 223 493 478 553; x_wconf 92' lang='lat' dir='ltr'><strong>tenebam.</strong></span> <span class='ocrx_word' id='word_1_3' title='bbox 507 488 589 544; x_wconf 79' lang='lat' dir='ltr'><strong>Ex</strong></span> <span class='ocrx_word' id='word_1_4' title='bbox 609 483 715 542; x_wconf 91' lang='lat' dir='ltr'><strong>hac</strong></span> <span class='ocrx_word' id='word_1_5' title='bbox 734 482 960 539; x_wconf 74' lang='lat' dir='ltr'><strong>amicitia</strong></span> <span class='ocrx_word' id='word_1_6' title='bbox 989 487 1077 536; x_wconf 90' lang='lat' dir='ltr'><strong>tua</strong></span> <span class='ocrx_word' id='word_1_7' title='bbox 1098 478 1258 535; x_wconf 90' lang='lat' dir='ltr'><strong>etiam</strong></span> <span class='ocrx_word' id='word_1_8' title='bbox 1286 477 1469 532; x_wconf 81' lang='lat' dir='ltr'><strong>laudes</strong></span> <span class='ocrx_word' id='word_1_9' title='bbox 1494 490 1662 542; x_wconf 90' lang='lat' dir='ltr'><strong>meas,</strong></span> <span class='ocrx_word' id='word_1_10' title='bbox 1681 489 1800 544; x_wconf 80' lang='lat' dir='ltr'><strong>quae</strong></span> 
     </span>
    </p>
   </div>
   <div class='ocr_carea' id='block_1_3' title="bbox 215 565 1805 656">
    <p class='ocr_par' dir='ltr' id='par_1_3' title="bbox 215 565 1805 656">
     <span class='ocr_line' id='line_1_3' title="bbox 215 565 1805 656; baseline -0.014 -16"><span class='ocrx_word' id='word_1_11' title='bbox 215 601 305 655; x_wconf 69' lang='grc' dir='ltr'><strong>,ωε</strong></span> <span class='ocrx_word' id='word_1_12' title='bbox 323 598 425 656; x_wconf 89' lang='lat' dir='ltr'><strong>quo</strong></span> <span class='ocrx_word' id='word_1_13' title='bbox 454 581 559 637; x_wconf 84' lang='lat' dir='ltr'><strong>fine</strong></span> <span class='ocrx_word' id='word_1_14' title='bbox 585 577 856 634; x_wconf 89' lang='lat' dir='ltr'><strong>delectent</strong></span> <span class='ocrx_word' id='word_1_15' title='bbox 873 574 1001 629; x_wconf 82' lang='lat' dir='ltr'><strong>satis</strong></span> <span class='ocrx_word' id='word_1_16' title='bbox 1022 571 1151 636; x_wconf 84' lang='lat' dir='ltr'><strong>dixi,</strong></span> <span class='ocrx_word' id='word_1_17' title='bbox 1181 570 1348 624; x_wconf 88' lang='lat' dir='ltr'><strong>multo</strong></span> <span class='ocrx_word' id='word_1_18' title='bbox 1375 568 1588 624; x_wconf 84' lang='lat' dir='ltr'><strong>uberius</strong></span> <span class='ocrx_word' id='word_1_19' title='bbox 1617 565 1805 620; x_wconf 83' lang='lat' dir='ltr'><strong>Eccle-</strong></span> 
     </span>
    </p>
   </div>
   <div class='ocr_carea' id='block_1_4' title="bbox 224 655 1806 735">
    <p class='ocr_par' dir='ltr' id='par_1_4' title="bbox 224 655 1806 735">
     <span class='ocr_line' id='line_1_4' title="bbox 224 655 1806 735; baseline -0.015 -2"><span class='ocrx_word' id='word_1_20' title='bbox 224 678 311 733; x_wconf 63' lang='lat' dir='ltr'><strong>sia:</strong></span> <span class='ocrx_word' id='word_1_21' title='bbox 344 655 552 730; x_wconf 79' lang='lat' dir='ltr'><strong>Christi</strong></span> <span class='ocrx_word' id='word_1_22' title='bbox 607 685 717 725; x_wconf 92' lang='lat' dir='ltr'><strong>nou</strong></span> <span class='ocrx_word' id='word_1_23' title='bbox 763 666 949 723; x_wconf 92' lang='lat' dir='ltr'><strong>dubito</strong></span> <span class='ocrx_word' id='word_1_24' title='bbox 998 662 1328 735; x_wconf 89' lang='lat' dir='ltr'><strong>profuturas;</strong></span> <span class='ocrx_word' id='word_1_25' title='bbox 1378 655 1806 732; x_wconf 83' lang='lat' dir='ltr'><strong>quandoquidem</strong></span> 
     </span>
    </p>
   </div>
   <div class='ocr_carea' id='block_1_5' title="bbox 224 750 1809 824">
    <p class='ocr_par' dir='ltr' id='par_1_5' title="bbox 224 750 1809 824">
     <span class='ocr_line' id='line_1_5' title="bbox 224 750 1809 824; baseline -0.012 -1"><span class='ocrx_word' id='word_1_26' title='bbox 224 768 375 824; x_wconf 87' lang='lat' dir='ltr'><strong>etiam</strong></span> <span class='ocrx_word' id='word_1_27' title='bbox 401 764 614 820; x_wconf 83' lang='lat' dir='ltr'><strong>labores</strong></span> <span class='ocrx_word' id='word_1_28' title='bbox 653 773 802 815; x_wconf 86' lang='lat' dir='ltr'><strong>meos</strong></span> <span class='ocrx_word' id='word_1_29' title='bbox 831 759 882 814; x_wconf 89' lang='lat' dir='ltr'><strong>in</strong></span> <span class='ocrx_word' id='word_1_30' title='bbox 909 755 1215 812; x_wconf 80' lang='lat' dir='ltr'><strong>defensione</strong></span> <span class='ocrx_word' id='word_1_31' title='bbox 1249 751 1520 822; x_wconf 82' lang='lat' dir='ltr'><strong>Evangelii</strong></span> <span class='ocrx_word' id='word_1_32' title='bbox 1555 750 1809 804; x_wconf 86' lang='lat' dir='ltr'><strong>adversus</strong></span> 
     </span>
    </p>
   </div>
   <div class='ocr_carea' id='block_1_6' title="bbox 226 842 1811 928">
    <p class='ocr_par' dir='ltr' id='par_1_6' title="bbox 226 842 1811 928">
     <span class='ocr_line' id='line_1_6' title="bbox 226 842 1811 928; baseline -0.014 -11"><span class='ocrx_word' id='word_1_33' title='bbox 226 858 466 928; x_wconf 76' lang='lat' dir='ltr'><strong>reliquias</strong></span> <span class='ocrx_word' id='word_1_34' title='bbox 493 854 781 926; x_wconf 91' lang='lat' dir='ltr'><strong>impiorum</strong></span> <span class='ocrx_word' id='word_1_35' title='bbox 815 849 1283 906; x_wconf 80' lang='lat' dir='ltr'><strong>daemonicolarum</strong></span> <span class='ocrx_word' id='word_1_36' title='bbox 1310 845 1389 901; x_wconf 92' lang='lat' dir='ltr'><strong>sic</strong></span> <span class='ocrx_word' id='word_1_37' title='bbox 1417 844 1601 909; x_wconf 88' lang='lat' dir='ltr'><strong>babes,</strong></span> <span class='ocrx_word' id='word_1_38' title='bbox 1629 842 1706 897; x_wconf 90' lang='lat' dir='ltr'><strong>sic</strong></span> <span class='ocrx_word' id='word_1_39' title='bbox 1734 842 1811 896; x_wconf 90' lang='lat' dir='ltr'><strong>le-</strong></span> 
     </span>
    </p>
   </div>
   <div class='ocr_carea' id='block_1_7' title="bbox 225 931 1804 1022">
    <p class='ocr_par' dir='ltr' id='par_1_7' title="bbox 225 931 1804 1022">
     <span class='ocr_line' id='line_1_7' title="bbox 225 931 1804 1022; baseline -0.012 -18"><span class='ocrx_word' id='word_1_40' title='bbox 225 950 319 1022; x_wconf 89' lang='lat' dir='ltr'><strong>gis.</strong></span> <span class='ocrx_word' id='word_1_41' title='bbox 342 948 420 1004; x_wconf 89' lang='lat' dir='ltr'><strong>sic</strong></span> <span class='ocrx_word' id='word_1_42' title='bbox 436 962 610 1008; x_wconf 89' lang='lat' dir='ltr'><strong>amas,</strong></span> <span class='ocrx_word' id='word_1_43' title='bbox 645 946 722 999; x_wconf 90' lang='lat' dir='ltr'><strong>sic</strong></span> <span class='ocrx_word' id='word_1_44' title='bbox 749 941 1020 1013; x_wconf 64' lang='lat' dir='ltr'><strong>praedicas,</strong></span> <span class='ocrx_word' id='word_1_45' title='bbox 1049 950 1105 994; x_wconf 89' lang='lat' dir='ltr'><strong>ut</strong></span> <span class='ocrx_word' id='word_1_46' title='bbox 1130 940 1180 993; x_wconf 92' lang='lat' dir='ltr'><strong>in</strong></span> <span class='ocrx_word' id='word_1_47' title='bbox 1198 939 1274 994; x_wconf 91' lang='lat' dir='ltr'><strong>eis</strong></span> <span class='ocrx_word' id='word_1_48' title='bbox 1298 944 1445 991; x_wconf 85' lang='lat' dir='ltr'><strong>tanto</strong></span> <span class='ocrx_word' id='word_1_49' title='bbox 1467 934 1590 988; x_wconf 85' lang='lat' dir='ltr'><strong>ﬁam</strong></span> <span class='ocrx_word' id='word_1_50' title='bbox 1612 931 1804 995; x_wconf 85' lang='lat' dir='ltr'><strong>notior,</strong></span> 
     </span>
    </p>
   </div>
   <div class='ocr_carea' id='block_1_8' title="bbox 228 1022 1813 1110">
    <p class='ocr_par' dir='ltr' id='par_1_8' title="bbox 228 1022 1813 1110">
     <span class='ocr_line' id='line_1_8' title="bbox 228 1022 1813 1110; baseline -0.011 -17"><span class='ocrx_word' id='word_1_51' title='bbox 228 1047 420 1110; x_wconf 85' lang='lat' dir='ltr'><strong>quanto</strong></span> <span class='ocrx_word' id='word_1_52' title='bbox 449 1054 510 1093; x_wconf 90' lang='lat' dir='ltr'><strong>es</strong></span> <span class='ocrx_word' id='word_1_53' title='bbox 537 1037 658 1106; x_wconf 88' lang='lat' dir='ltr'><strong>ipse</strong></span> <span class='ocrx_word' id='word_1_54' title='bbox 685 1033 914 1089; x_wconf 87' lang='lat' dir='ltr'><strong>nobilior</strong></span> <span class='ocrx_word' id='word_1_55' title='bbox 935 1051 948 1087; x_wconf 92' lang='lat'><strong>:</strong></span> <span class='ocrx_word' id='word_1_56' title='bbox 967 1047 1060 1086; x_wconf 90' lang='lat' dir='ltr'><strong>eos</strong></span> <span class='ocrx_word' id='word_1_57' title='bbox 1079 1029 1225 1086; x_wconf 90' lang='lat' dir='ltr'><strong>enim</strong></span> <span class='ocrx_word' id='word_1_58' title='bbox 1255 1029 1481 1082; x_wconf 82' lang='lat' dir='ltr'><strong>latenter</strong></span> <span class='ocrx_word' id='word_1_59' title='bbox 1505 1023 1723 1079; x_wconf 89' lang='lat' dir='ltr'><strong>illustris</strong></span> <span class='ocrx_word' id='word_1_60' title='bbox 1748 1022 1813 1076; x_wconf 83' lang='lat' dir='ltr'><strong>il-</strong></span> 
     </span>
    </p>
   </div>
   <div class='ocr_carea' id='block_1_9' title="bbox 227 1117 1809 1197">
    <p class='ocr_par' dir='ltr' id='par_1_9' title="bbox 227 1117 1809 1197">
     <span class='ocr_line' id='line_1_9' title="bbox 227 1117 1809 1197; baseline -0.015 -9"><span class='ocrx_word' id='word_1_61' title='bbox 227 1133 432 1194; x_wconf 89' lang='lat' dir='ltr'><strong>lustras,</strong></span> <span class='ocrx_word' id='word_1_62' title='bbox 464 1129 751 1197; x_wconf 85' lang='lat' dir='ltr'><strong>clarusque</strong></span> <span class='ocrx_word' id='word_1_63' title='bbox 777 1123 1037 1187; x_wconf 86' lang='lat' dir='ltr'><strong>declaras,</strong></span> <span class='ocrx_word' id='word_1_64' title='bbox 1059 1129 1114 1176; x_wconf 88' lang='lat' dir='ltr'><strong>et</strong></span> <span class='ocrx_word' id='word_1_65' title='bbox 1137 1120 1223 1174; x_wconf 87' lang='lat' dir='ltr'><strong>ubi</strong></span> <span class='ocrx_word' id='word_1_66' title='bbox 1240 1117 1492 1189; x_wconf 89' lang='lat' dir='ltr'><strong>prodesse</strong></span> <span class='ocrx_word' id='word_1_67' title='bbox 1506 1129 1664 1186; x_wconf 88' lang='lat' dir='ltr'><strong>posse</strong></span> <span class='ocrx_word' id='word_1_68' title='bbox 1688 1125 1809 1182; x_wconf 90' lang='lat' dir='ltr'><strong>per-</strong></span> 
     </span>
    </p>
   </div>
   <div class='ocr_carea' id='block_1_10' title="bbox 226 1203 1810 1293">
    <p class='ocr_par' dir='ltr' id='par_1_10' title="bbox 226 1203 1810 1293">
     <span class='ocr_line' id='line_1_10' title="bbox 226 1203 1810 1293; baseline -0.015 -15"><span class='ocrx_word' id='word_1_69' title='bbox 226 1222 431 1293; x_wconf 82' lang='lat' dir='ltr'><strong>spicies,</strong></span> <span class='ocrx_word' id='word_1_70' title='bbox 468 1217 706 1289; x_wconf 89' lang='lat' dir='ltr'><strong>ignorari</strong></span> <span class='ocrx_word' id='word_1_71' title='bbox 745 1214 963 1270; x_wconf 88' lang='lat' dir='ltr'><strong>omnino</strong></span> <span class='ocrx_word' id='word_1_72' title='bbox 989 1227 1092 1266; x_wconf 91' lang='lat' dir='ltr'><strong>non</strong></span> <span class='ocrx_word' id='word_1_73' title='bbox 1123 1212 1286 1265; x_wconf 87' lang='lat' dir='ltr'><strong>sines.</strong></span> <span class='ocrx_word' id='word_1_74' title='bbox 1320 1208 1374 1264; x_wconf 90' lang='lat' dir='ltr'><strong>Si</strong></span> <span class='ocrx_word' id='word_1_75' title='bbox 1402 1205 1542 1262; x_wconf 89' lang='lat' dir='ltr'><strong>unde</strong></span> <span class='ocrx_word' id='word_1_76' title='bbox 1568 1204 1619 1259; x_wconf 90' lang='lat' dir='ltr'><strong>id</strong></span> <span class='ocrx_word' id='word_1_77' title='bbox 1646 1203 1810 1258; x_wconf 88' lang='lat' dir='ltr'><strong>sciam</strong></span> 
     </span>
    </p>
   </div>
   <div class='ocr_carea' id='block_1_11' title="bbox 225 1295 1810 1389">
    <p class='ocr_par' dir='ltr' id='par_1_11' title="bbox 225 1295 1810 1389">
     <span class='ocr_line' id='line_1_11' title="bbox 225 1295 1810 1389; baseline -0.015 -16"><span class='ocrx_word' id='word_1_78' title='bbox 225 1315 411 1389; x_wconf 73' lang='lat' dir='ltr'><strong>quaeris</strong></span> <span class='ocrx_word' id='word_1_79' title='bbox 433 1332 445 1367; x_wconf 87' lang='lat'><strong>:</strong></span> <span class='ocrx_word' id='word_1_80' title='bbox 469 1311 598 1368; x_wconf 90' lang='lat' dir='ltr'><strong>talis</strong></span> <span class='ocrx_word' id='word_1_81' title='bbox 624 1310 754 1366; x_wconf 89' lang='lat' dir='ltr'><strong>mihi</strong></span> <span class='ocrx_word' id='word_1_82' title='bbox 783 1306 1072 1381; x_wconf 83' lang='lat' dir='ltr'><strong>apparuisti</strong></span> <span class='ocrx_word' id='word_1_83' title='bbox 1100 1305 1152 1360; x_wconf 92' lang='lat' dir='ltr'><strong>in</strong></span> <span class='ocrx_word' id='word_1_84' title='bbox 1174 1303 1366 1360; x_wconf 82' lang='lat' dir='ltr'><strong>litteris</strong></span> <span class='ocrx_word' id='word_1_85' title='bbox 1396 1302 1516 1355; x_wconf 91' lang='lat' dir='ltr'><strong>tuis.</strong></span> <span class='ocrx_word' id='word_1_86' title='bbox 1553 1295 1810 1366; x_wconf 83' lang='lat' dir='ltr'><strong>Hinciam</strong></span> 
     </span>
    </p>
   </div>
   <div class='ocr_carea' id='block_1_12' title="bbox 226 1387 1814 1478">
    <p class='ocr_par' dir='ltr' id='par_1_12' title="bbox 226 1387 1814 1478">
     <span class='ocr_line' id='line_1_12' title="bbox 226 1387 1814 1478; baseline -0.013 -16"><span class='ocrx_word' id='word_1_87' title='bbox 226 1387 341 1464; x_wconf 79' lang='lat' dir='ltr'><strong>vide</strong></span> <span class='ocrx_word' id='word_1_88' title='bbox 364 1415 626 1478; x_wconf 89' lang='lat' dir='ltr'><strong>quantum</strong></span> <span class='ocrx_word' id='word_1_89' title='bbox 662 1417 748 1458; x_wconf 91' lang='lat' dir='ltr'><strong>me</strong></span> <span class='ocrx_word' id='word_1_90' title='bbox 789 1401 891 1455; x_wconf 74' lang='lat' dir='ltr'><strong>illa:</strong></span> <span class='ocrx_word' id='word_1_91' title='bbox 929 1401 1116 1454; x_wconf 70' lang='lat' dir='ltr'><strong>litteras</strong></span> <span class='ocrx_word' id='word_1_92' title='bbox 1141 1395 1408 1452; x_wconf 89' lang='lat' dir='ltr'><strong>delectare</strong></span> <span class='ocrx_word' id='word_1_93' title='bbox 1444 1387 1814 1464; x_wconf 81' lang='lat' dir='ltr'><strong>potuerintzsi</strong></span> 
     </span>
    </p>
   </div>
   <div class='ocr_carea' id='block_1_13' title="bbox 227 1481 1815 1561">
    <p class='ocr_par' dir='ltr' id='par_1_13' title="bbox 227 1481 1815 1561">
     <span class='ocr_line' id='line_1_13' title="bbox 227 1481 1815 1561; baseline -0.013 -7"><span class='ocrx_word' id='word_1_94' title='bbox 227 1498 356 1554; x_wconf 84' lang='lat' dir='ltr'><strong>bene</strong></span> <span class='ocrx_word' id='word_1_95' title='bbox 385 1496 452 1552; x_wconf 91' lang='lat' dir='ltr'><strong>de</strong></span> <span class='ocrx_word' id='word_1_96' title='bbox 474 1511 562 1550; x_wconf 92' lang='lat' dir='ltr'><strong>me</strong></span> <span class='ocrx_word' id='word_1_97' title='bbox 595 1494 890 1557; x_wconf 83' lang='lat' dir='ltr'><strong>existimas,</strong></span> <span class='ocrx_word' id='word_1_98' title='bbox 917 1492 1118 1561; x_wconf 84' lang='lat' dir='ltr'><strong>cogitas</strong></span> <span class='ocrx_word' id='word_1_99' title='bbox 1142 1496 1394 1557; x_wconf 89' lang='lat' dir='ltr'><strong>quantum</strong></span> <span class='ocrx_word' id='word_1_100' title='bbox 1415 1499 1500 1538; x_wconf 92' lang='lat' dir='ltr'><strong>me</strong></span> <span class='ocrx_word' id='word_1_101' title='bbox 1517 1481 1718 1538; x_wconf 89' lang='lat' dir='ltr'><strong>Christi</strong></span> <span class='ocrx_word' id='word_1_102' title='bbox 1735 1481 1815 1534; x_wconf 90' lang='lat' dir='ltr'><strong>lu-</strong></span> 
     </span>
    </p>
   </div>
   <div class='ocr_carea' id='block_1_14' title="bbox 230 1573 1812 1652">
    <p class='ocr_par' dir='ltr' id='par_1_14' title="bbox 230 1573 1812 1652">
     <span class='ocr_line' id='line_1_14' title="bbox 230 1573 1812 1652; baseline -0.012 -8"><span class='ocrx_word' id='word_1_103' title='bbox 230 1603 314 1644; x_wconf 87' lang='lat' dir='ltr'><strong>cra</strong></span> <span class='ocrx_word' id='word_1_104' title='bbox 342 1587 634 1642; x_wconf 88' lang='lat' dir='ltr'><strong>delectent.</strong></span> <span class='ocrx_word' id='word_1_105' title='bbox 662 1583 910 1640; x_wconf 83' lang='lat' dir='ltr'><strong>Jamvero</strong></span> <span class='ocrx_word' id='word_1_106' title='bbox 934 1581 1075 1652; x_wconf 92' lang='lat' dir='ltr'><strong>quod</strong></span> <span class='ocrx_word' id='word_1_107' title='bbox 1099 1589 1150 1635; x_wconf 91' lang='lat' dir='ltr'><strong>te</strong></span> <span class='ocrx_word' id='word_1_108' title='bbox 1174 1579 1368 1648; x_wconf 89' lang='lat' dir='ltr'><strong>ipsum,</strong></span> <span class='ocrx_word' id='word_1_109' title='bbox 1394 1576 1503 1647; x_wconf 88' lang='lat' dir='ltr'><strong>qui,</strong></span> <span class='ocrx_word' id='word_1_110' title='bbox 1527 1583 1584 1629; x_wconf 88' lang='lat' dir='ltr'><strong>ut</strong></span> <span class='ocrx_word' id='word_1_111' title='bbox 1603 1573 1812 1637; x_wconf 85' lang='lat' dir='ltr'><strong>scribis,</strong></span> 
     </span>
    </p>
   </div>
   <div class='ocr_carea' id='block_1_15' title="bbox 230 1662 1818 1748">
    <p class='ocr_par' dir='ltr' id='par_1_15' title="bbox 230 1662 1818 1748">
     <span class='ocr_line' id='line_1_15' title="bbox 230 1662 1818 1748; baseline -0.011 -15"><span class='ocrx_word' id='word_1_112' title='bbox 230 1696 260 1732; x_wconf 91' lang='lat' dir='ltr'><strong>a</strong></span> <span class='ocrx_word' id='word_1_113' title='bbox 287 1677 597 1748; x_wconf 82' lang='lat' dir='ltr'><strong>parentibus,</strong></span> <span class='ocrx_word' id='word_1_114' title='bbox 626 1677 691 1729; x_wconf 81' lang='lat' dir='ltr'><strong>ab</strong></span> <span class='ocrx_word' id='word_1_115' title='bbox 727 1675 857 1738; x_wconf 82' lang='lat' dir='ltr'><strong>avis,</strong></span> <span class='ocrx_word' id='word_1_116' title='bbox 898 1681 944 1726; x_wconf 88' lang='lat' dir='ltr'><strong>et</strong></span> <span class='ocrx_word' id='word_1_117' title='bbox 988 1682 1237 1740; x_wconf 83' lang='lat' dir='ltr'><strong>postrema</strong></span> <span class='ocrx_word' id='word_1_118' title='bbox 1281 1683 1437 1738; x_wconf 87' lang='lat' dir='ltr'><strong>usque</strong></span> <span class='ocrx_word' id='word_1_119' title='bbox 1479 1665 1639 1738; x_wconf 87' lang='lat' dir='ltr'><strong>gentis</strong></span> <span class='ocrx_word' id='word_1_120' title='bbox 1678 1662 1818 1735; x_wconf 81' lang='lat' dir='ltr'><strong>prole</strong></span> 
     </span>
    </p>
   </div>
   <div class='ocr_carea' id='block_1_16' title="bbox 229 1755 1818 1839">
    <p class='ocr_par' dir='ltr' id='par_1_16' title="bbox 229 1755 1818 1839">
     <span class='ocr_line' id='line_1_16' title="bbox 229 1755 1818 1839; baseline -0.01 -15"><span class='ocrx_word' id='word_1_121' title='bbox 229 1768 405 1824; x_wconf 83' lang='lat' dir='ltr'><strong>Christi</strong></span> <span class='ocrx_word' id='word_1_122' title='bbox 417 1769 546 1839; x_wconf 85' lang='lat' dir='ltr'><strong>jura</strong></span> <span class='ocrx_word' id='word_1_123' title='bbox 578 1767 834 1837; x_wconf 80' lang='lat' dir='ltr'><strong>percipere</strong></span> <span class='ocrx_word' id='word_1_124' title='bbox 854 1764 1077 1836; x_wconf 77' lang='lat' dir='ltr'><strong>potuisti,</strong></span> <span class='ocrx_word' id='word_1_125' title='bbox 1105 1772 1278 1816; x_wconf 91' lang='lat' dir='ltr'><strong>tamen</strong></span> <span class='ocrx_word' id='word_1_126' title='bbox 1309 1759 1564 1813; x_wconf 88' lang='lat' dir='ltr'><strong>adversus</strong></span> <span class='ocrx_word' id='word_1_127' title='bbox 1592 1755 1818 1826; x_wconf 82' lang='lat' dir='ltr'><strong>gentiles</strong></span> 
     </span>
    </p>
   </div>
   <div class='ocr_carea' id='block_1_17' title="bbox 230 1846 1820 1928">
    <p class='ocr_par' dir='ltr' id='par_1_17' title="bbox 230 1846 1820 1928">
     <span class='ocr_line' id='line_1_17' title="bbox 230 1846 1820 1928; baseline -0.01 -13"><span class='ocrx_word' id='word_1_128' title='bbox 230 1861 375 1926; x_wconf 87' lang='lat' dir='ltr'><strong>ritus,</strong></span> <span class='ocrx_word' id='word_1_129' title='bbox 401 1867 461 1913; x_wconf 90' lang='lat' dir='ltr'><strong>ut</strong></span> <span class='ocrx_word' id='word_1_130' title='bbox 489 1873 764 1928; x_wconf 89' lang='lat' dir='ltr'><strong>nunquam</strong></span> <span class='ocrx_word' id='word_1_131' title='bbox 795 1856 946 1918; x_wconf 88' lang='lat' dir='ltr'><strong>alias,</strong></span> <span class='ocrx_word' id='word_1_132' title='bbox 978 1853 1181 1910; x_wconf 90' lang='lat' dir='ltr'><strong>eisdem</strong></span> <span class='ocrx_word' id='word_1_133' title='bbox 1211 1849 1482 1907; x_wconf 88' lang='lat' dir='ltr'><strong>laboribus</strong></span> <span class='ocrx_word' id='word_1_134' title='bbox 1513 1848 1647 1903; x_wconf 90' lang='lat' dir='ltr'><strong>meis</strong></span> <span class='ocrx_word' id='word_1_135' title='bbox 1670 1846 1820 1916; x_wconf 88' lang='lat' dir='ltr'><strong>adiu-</strong></span> 
     </span>
    </p>
   </div>
   <div class='ocr_carea' id='block_1_18' title="bbox 229 1939 1818 2021">
    <p class='ocr_par' dir='ltr' id='par_1_18' title="bbox 229 1939 1818 2021">
     <span class='ocr_line' id='line_1_18' title="bbox 229 1939 1818 2021; baseline -0.009 -14"><span class='ocrx_word' id='word_1_136' title='bbox 229 1960 333 2007; x_wconf 90' lang='lat' dir='ltr'><strong>tum</strong></span> <span class='ocrx_word' id='word_1_137' title='bbox 380 1965 502 2007; x_wconf 90' lang='lat' dir='ltr'><strong>esse</strong></span> <span class='ocrx_word' id='word_1_138' title='bbox 543 1949 847 2021; x_wconf 81' lang='lat' dir='ltr'><strong>signiﬁcas;</strong></span> <span class='ocrx_word' id='word_1_139' title='bbox 900 1962 1157 2018; x_wconf 86' lang='lat' dir='ltr'><strong>parumne</strong></span> <span class='ocrx_word' id='word_1_140' title='bbox 1201 1945 1376 2016; x_wconf 89' lang='lat' dir='ltr'><strong>cogito</strong></span> <span class='ocrx_word' id='word_1_141' title='bbox 1413 1949 1668 2013; x_wconf 90' lang='lat' dir='ltr'><strong>quantum</strong></span> <span class='ocrx_word' id='word_1_142' title='bbox 1694 1939 1818 1994; x_wconf 91' lang='lat' dir='ltr'><strong>boni</strong></span> 
     </span>
    </p>
   </div>
   <div class='ocr_carea' id='block_1_19' title="bbox 227 2030 1817 2109">
    <p class='ocr_par' dir='ltr' id='par_1_19' title="bbox 227 2030 1817 2109">
     <span class='ocr_line' id='line_1_19' title="bbox 227 2030 1817 2109; baseline -0.008 -12"><span class='ocrx_word' id='word_1_143' title='bbox 227 2041 356 2105; x_wconf 90' lang='lat' dir='ltr'><strong>aliis,</strong></span> <span class='ocrx_word' id='word_1_144' title='bbox 408 2050 464 2096; x_wconf 92' lang='lat' dir='ltr'><strong>et</strong></span> <span class='ocrx_word' id='word_1_145' title='bbox 505 2056 672 2109; x_wconf 89' lang='lat' dir='ltr'><strong>quam</strong></span> <span class='ocrx_word' id='word_1_146' title='bbox 717 2039 919 2103; x_wconf 91' lang='lat' dir='ltr'><strong>multis,</strong></span> <span class='ocrx_word' id='word_1_147' title='bbox 962 2052 1122 2108; x_wconf 86' lang='lat' dir='ltr'><strong>quam</strong></span> <span class='ocrx_word' id='word_1_148' title='bbox 1164 2036 1343 2100; x_wconf 91' lang='lat' dir='ltr'><strong>claris,</strong></span> <span class='ocrx_word' id='word_1_149' title='bbox 1375 2042 1430 2089; x_wconf 92' lang='lat' dir='ltr'><strong>et</strong></span> <span class='ocrx_word' id='word_1_150' title='bbox 1455 2048 1612 2104; x_wconf 91' lang='lat' dir='ltr'><strong>quam</strong></span> <span class='ocrx_word' id='word_1_151' title='bbox 1645 2030 1817 2097; x_wconf 81' lang='lat' dir='ltr'><strong>facile,</strong></span> 
     </span>
    </p>
   </div>
   <div class='ocr_carea' id='block_1_20' title="bbox 230 2123 1822 2204">
    <p class='ocr_par' dir='ltr' id='par_1_20' title="bbox 230 2123 1822 2204">
     <span class='ocr_line' id='line_1_20' title="bbox 230 2123 1822 2204; baseline -0.008 -16"><span class='ocrx_word' id='word_1_152' title='bbox 230 2147 488 2204; x_wconf 85' lang='lat' dir='ltr'><strong>quamque</strong></span> <span class='ocrx_word' id='word_1_153' title='bbox 517 2131 811 2187; x_wconf 84' lang='lat' dir='ltr'><strong>salubriter</strong></span> <span class='ocrx_word' id='word_1_154' title='bbox 837 2145 932 2199; x_wconf 90' lang='lat' dir='ltr'><strong>per</strong></span> <span class='ocrx_word' id='word_1_155' title='bbox 956 2129 1073 2184; x_wconf 89' lang='lat' dir='ltr'><strong>illos</strong></span> <span class='ocrx_word' id='word_1_156' title='bbox 1095 2126 1303 2182; x_wconf 78' lang='lat' dir='ltr'><strong>caeteris</strong></span> <span class='ocrx_word' id='word_1_157' title='bbox 1324 2125 1514 2195; x_wconf 89' lang='lat' dir='ltr'><strong>quibus</strong></span> <span class='ocrx_word' id='word_1_158' title='bbox 1541 2123 1662 2178; x_wconf 89' lang='lat' dir='ltr'><strong>talia</strong></span> <span class='ocrx_word' id='word_1_159' title='bbox 1687 2137 1822 2176; x_wconf 89' lang='lat' dir='ltr'><strong>con-</strong></span> 
     </span>
    </p>
   </div>
   <div class='ocr_carea' id='block_1_21' title="bbox 230 2217 1823 2296">
    <p class='ocr_par' dir='ltr' id='par_1_21' title="bbox 230 2217 1823 2296">
     <span class='ocr_line' id='line_1_21' title="bbox 230 2217 1823 2296; baseline -0.005 -16"><span class='ocrx_word' id='word_1_160' title='bbox 230 2227 463 2292; x_wconf 88' lang='lat' dir='ltr'><strong>veniunt,</strong></span> <span class='ocrx_word' id='word_1_161' title='bbox 494 2224 710 2296; x_wconf 85' lang='lat' dir='ltr'><strong>possint</strong></span> <span class='ocrx_word' id='word_1_162' title='bbox 739 2222 936 2293; x_wconf 89' lang='lat' dir='ltr'><strong>scripta</strong></span> <span class='ocrx_word' id='word_1_163' title='bbox 959 2231 1139 2276; x_wconf 90' lang='lat' dir='ltr'><strong>nostra</strong></span> <span class='ocrx_word' id='word_1_164' title='bbox 1161 2229 1215 2275; x_wconf 90' lang='lat' dir='ltr'><strong>te</strong></span> <span class='ocrx_word' id='word_1_165' title='bbox 1239 2217 1644 2274; x_wconf 89' lang='lat' dir='ltr'><strong>commendante</strong></span> <span class='ocrx_word' id='word_1_166' title='bbox 1665 2224 1823 2286; x_wconf 86' lang='lat' dir='ltr'><strong>atque</strong></span> 
     </span>
    </p>
   </div>
   <div class='ocr_carea' id='block_1_22' title="bbox 232 2313 1824 2384">
    <p class='ocr_par' dir='ltr' id='par_1_22' title="bbox 232 2313 1824 2384">
     <span class='ocr_line' id='line_1_22' title="bbox 232 2313 1824 2384; baseline -0.008 -8"><span class='ocrx_word' id='word_1_167' title='bbox 232 2320 620 2379; x_wconf 88' lang='lat' dir='ltr'><strong>disseminante</strong></span> <span class='ocrx_word' id='word_1_168' title='bbox 658 2318 936 2375; x_wconf 87' lang='lat' dir='ltr'><strong>conferre?</strong></span> <span class='ocrx_word' id='word_1_169' title='bbox 982 2325 1073 2370; x_wconf 92' lang='lat' dir='ltr'><strong>aut</strong></span> <span class='ocrx_word' id='word_1_170' title='bbox 1119 2315 1219 2369; x_wconf 90' lang='lat' dir='ltr'><strong>hoc</strong></span> <span class='ocrx_word' id='word_1_171' title='bbox 1257 2313 1494 2384; x_wconf 85' lang='lat' dir='ltr'><strong>cogitans</strong></span> <span class='ocrx_word' id='word_1_172' title='bbox 1535 2325 1824 2381; x_wconf 81' lang='lat' dir='ltr'><strong>possumne</strong></span> 
     </span>
    </p>
   </div>
   <div class='ocr_carea' id='block_1_23' title="bbox 232 2401 1825 2483">
    <p class='ocr_par' dir='ltr' id='par_1_23' title="bbox 232 2401 1825 2483">
     <span class='ocr_line' id='line_1_23' title="bbox 232 2401 1825 2483; baseline -0.009 -15"><span class='ocrx_word' id='word_1_173' title='bbox 232 2427 512 2483; x_wconf 83' lang='lat' dir='ltr'><strong>parvorum</strong></span> <span class='ocrx_word' id='word_1_174' title='bbox 542 2412 630 2466; x_wconf 82' lang='lat' dir='ltr'><strong>vel</strong></span> <span class='ocrx_word' id='word_1_175' title='bbox 660 2407 1008 2465; x_wconf 89' lang='lat' dir='ltr'><strong>mediocrium</strong></span> <span class='ocrx_word' id='word_1_176' title='bbox 1029 2405 1341 2478; x_wconf 78' lang='lat' dir='ltr'><strong>gaudiorum</strong></span> <span class='ocrx_word' id='word_1_177' title='bbox 1356 2401 1686 2474; x_wconf 90' lang='lat' dir='ltr'><strong>iucunditate</strong></span> <span class='ocrx_word' id='word_1_178' title='bbox 1707 2415 1825 2471; x_wconf 90' lang='lat' dir='ltr'><strong>per-</strong></span> 
     </span>
    </p>
   </div>
   <div class='ocr_carea' id='block_1_24' title="bbox 233 2501 408 2559">
    <p class='ocr_par' dir='ltr' id='par_1_24' title="bbox 233 2501 408 2559">
     <span class='ocr_line' id='line_1_24' title="bbox 233 2501 408 2559; baseline 0 -2"><span class='ocrx_word' id='word_1_179' title='bbox 233 2501 408 2559; x_wconf 83' lang='lat' dir='ltr'><strong>fundi?</strong></span> 
     </span>
    </p>
   </div>
   <div class='ocr_carea' id='block_1_25' title="bbox 300 2585 1825 2664">
    <p class='ocr_par' dir='ltr' id='par_1_25' title="bbox 300 2585 1825 2664">
     <span class='ocr_line' id='line_1_25' title="bbox 300 2585 1825 2664; baseline -0.009 -14"><span class='ocrx_word' id='word_1_180' title='bbox 300 2597 352 2651; x_wconf 85' lang='lat'><strong>6.</strong></span> <span class='ocrx_word' id='word_1_181' title='bbox 393 2595 530 2664; x_wconf 86' lang='lat' dir='ltr'><strong>Quia</strong></span> <span class='ocrx_word' id='word_1_182' title='bbox 567 2595 725 2664; x_wconf 80' lang='lat' dir='ltr'><strong>igitur</strong></span> <span class='ocrx_word' id='word_1_183' title='bbox 761 2609 867 2648; x_wconf 93' lang='lat' dir='ltr'><strong>non</strong></span> <span class='ocrx_word' id='word_1_184' title='bbox 907 2592 1051 2661; x_wconf 89' lang='lat' dir='ltr'><strong>potui</strong></span> <span class='ocrx_word' id='word_1_185' title='bbox 1078 2588 1256 2644; x_wconf 83' lang='lat' dir='ltr'><strong>verbis</strong></span> <span class='ocrx_word' id='word_1_186' title='bbox 1279 2585 1544 2656; x_wconf 79' lang='lat' dir='ltr'><strong>explicare</strong></span> <span class='ocrx_word' id='word_1_187' title='bbox 1572 2590 1825 2654; x_wconf 87' lang='lat' dir='ltr'><strong>quantam</strong></span> 
     </span>
    </p>
   </div>
   <div class='ocr_carea' id='block_1_26' title="bbox 234 2674 1824 2749">
    <p class='ocr_par' dir='ltr' id='par_1_26' title="bbox 234 2674 1824 2749">
     <span class='ocr_line' id='line_1_26' title="bbox 234 2674 1824 2749; baseline -0.008 -9"><span class='ocrx_word' id='word_1_188' title='bbox 234 2685 644 2742; x_wconf 87' lang='lat' dir='ltr'><strong>delectationem</strong></span> <span class='ocrx_word' id='word_1_189' title='bbox 669 2684 737 2738; x_wconf 92' lang='lat' dir='ltr'><strong>de</strong></span> <span class='ocrx_word' id='word_1_190' title='bbox 764 2684 866 2738; x_wconf 89' lang='lat' dir='ltr'><strong>tuis</strong></span> <span class='ocrx_word' id='word_1_191' title='bbox 893 2681 1085 2737; x_wconf 88' lang='lat' dir='ltr'><strong>litteris</strong></span> <span class='ocrx_word' id='word_1_192' title='bbox 1113 2678 1370 2749; x_wconf 89' lang='lat' dir='ltr'><strong>ceperim,</strong></span> <span class='ocrx_word' id='word_1_193' title='bbox 1399 2675 1540 2730; x_wconf 91' lang='lat' dir='ltr'><strong>unde</strong></span> <span class='ocrx_word' id='word_1_194' title='bbox 1562 2690 1646 2730; x_wconf 90' lang='lat' dir='ltr'><strong>me</strong></span> <span class='ocrx_word' id='word_1_195' title='bbox 1674 2674 1824 2729; x_wconf 87' lang='lat' dir='ltr'><strong>dele-</strong></span> 
     </span>
    </p>
   </div>
   <div class='ocr_carea' id='block_1_27' title="bbox 236 2764 1822 2844">
    <p class='ocr_par' dir='ltr' id='par_1_27' title="bbox 236 2764 1822 2844">
     <span class='ocr_line' id='line_1_27' title="bbox 236 2764 1822 2844; baseline -0.009 -12"><span class='ocrx_word' id='word_1_196' title='bbox 236 2777 520 2844; x_wconf 83' lang='lat' dir='ltr'><strong>ctaverint,</strong></span> <span class='ocrx_word' id='word_1_197' title='bbox 556 2775 697 2830; x_wconf 81' lang='lat' dir='ltr'><strong>dixi:</strong></span> <span class='ocrx_word' id='word_1_198' title='bbox 721 2776 829 2844; x_wconf 89' lang='lat' dir='ltr'><strong>iam</strong></span> <span class='ocrx_word' id='word_1_199' title='bbox 857 2771 998 2843; x_wconf 91' lang='lat' dir='ltr'><strong>quod</strong></span> <span class='ocrx_word' id='word_1_200' title='bbox 1027 2770 1237 2841; x_wconf 88' lang='lat' dir='ltr'><strong>nequivi</strong></span> <span class='ocrx_word' id='word_1_201' title='bbox 1263 2768 1392 2822; x_wconf 86' lang='lat' dir='ltr'><strong>satis</strong></span> <span class='ocrx_word' id='word_1_202' title='bbox 1416 2766 1615 2832; x_wconf 86' lang='lat' dir='ltr'><strong>dicere,</strong></span> <span class='ocrx_word' id='word_1_203' title='bbox 1639 2764 1690 2820; x_wconf 92' lang='lat' dir='ltr'><strong>id</strong></span> <span class='ocrx_word' id='word_1_204' title='bbox 1721 2772 1822 2829; x_wconf 89' lang='lat' dir='ltr'><strong>est,</strong></span> 
     </span>
    </p>
   </div>
   <div class='ocr_carea' id='block_1_28' title="bbox 236 2856 1826 2936">
    <p class='ocr_par' dir='ltr' id='par_1_28' title="bbox 236 2856 1826 2936">
     <span class='ocr_line' id='line_1_28' title="bbox 236 2856 1826 2936; baseline -0.009 -13"><span class='ocrx_word' id='word_1_205' title='bbox 236 2877 490 2936; x_wconf 85' lang='lat' dir='ltr'><strong>quantum</strong></span> <span class='ocrx_word' id='word_1_206' title='bbox 541 2864 944 2930; x_wconf 83' lang='lat' dir='ltr'><strong>delectaverint,</strong></span> <span class='ocrx_word' id='word_1_207' title='bbox 994 2861 1087 2917; x_wconf 89' lang='lat' dir='ltr'><strong>tibi</strong></span> <span class='ocrx_word' id='word_1_208' title='bbox 1135 2858 1526 2930; x_wconf 85' lang='lat' dir='ltr'><strong>conjiciendum</strong></span> <span class='ocrx_word' id='word_1_209' title='bbox 1565 2856 1826 2927; x_wconf 91' lang='lat' dir='ltr'><strong>relinquo.</strong></span> 
     </span>
    </p>
   </div>
   <div class='ocr_carea' id='block_1_29' title="bbox 237 2952 1830 3028">
    <p class='ocr_par' dir='ltr' id='par_1_29' title="bbox 237 2952 1830 3028">
     <span class='ocr_line' id='line_1_29' title="bbox 237 2952 1830 3028; baseline -0.009 -13"><span class='ocrx_word' id='word_1_210' title='bbox 237 2958 394 3015; x_wconf 87' lang='lat' dir='ltr'><strong>Sume</strong></span> <span class='ocrx_word' id='word_1_211' title='bbox 415 2960 619 3028; x_wconf 88' lang='lat' dir='ltr'><strong>itaque,</strong></span> <span class='ocrx_word' id='word_1_212' title='bbox 648 2956 720 3012; x_wconf 92' lang='lat' dir='ltr'><strong>mi</strong></span> <span class='ocrx_word' id='word_1_213' title='bbox 748 2956 842 3022; x_wconf 79' lang='lat' dir='ltr'><strong>fili,</strong></span> <span class='ocrx_word' id='word_1_214' title='bbox 875 2969 1044 3017; x_wconf 91' lang='lat' dir='ltr'><strong>sume,</strong></span> <span class='ocrx_word' id='word_1_215' title='bbox 1075 2953 1158 3007; x_wconf 92' lang='lat' dir='ltr'><strong>vir</strong></span> <span class='ocrx_word' id='word_1_216' title='bbox 1178 2952 1316 3006; x_wconf 91' lang='lat' dir='ltr'><strong>bone</strong></span> <span class='ocrx_word' id='word_1_217' title='bbox 1334 2958 1390 3006; x_wconf 90' lang='lat' dir='ltr'><strong>et</strong></span> <span class='ocrx_word' id='word_1_218' title='bbox 1420 2964 1524 3004; x_wconf 89' lang='lat' dir='ltr'><strong>non</strong></span> <span class='ocrx_word' id='word_1_219' title='bbox 1556 2964 1608 3002; x_wconf 83' lang='lat' dir='ltr'><strong>tn</strong></span> <span class='ocrx_word' id='word_1_220' title='bbox 1639 2961 1830 3018; x_wconf 86' lang='lat' dir='ltr'><strong>super-</strong></span> 
     </span>
    </p>
   </div>
   <div class='ocr_carea' id='block_1_30' title="bbox 238 3039 1832 3117">
    <p class='ocr_par' dir='ltr' id='par_1_30' title="bbox 238 3039 1832 3117">
     <span class='ocr_line' id='line_1_30' title="bbox 238 3039 1832 3117; baseline -0.008 -12"><span class='ocrx_word' id='word_1_221' title='bbox 238 3053 373 3117; x_wconf 83' lang='lat' dir='ltr'><strong>ﬁcie,</strong></span> <span class='ocrx_word' id='word_1_222' title='bbox 397 3052 496 3108; x_wconf 90' lang='lat' dir='ltr'><strong>sed</strong></span> <span class='ocrx_word' id='word_1_223' title='bbox 519 3051 573 3105; x_wconf 92' lang='lat' dir='ltr'><strong>in</strong></span> <span class='ocrx_word' id='word_1_224' title='bbox 603 3048 890 3104; x_wconf 84' lang='lat' dir='ltr'><strong>christiana</strong></span> <span class='ocrx_word' id='word_1_225' title='bbox 920 3046 1177 3102; x_wconf 90' lang='lat' dir='ltr'><strong>cbaritate</strong></span> <span class='ocrx_word' id='word_1_226' title='bbox 1203 3043 1524 3106; x_wconf 87' lang='lat' dir='ltr'><strong>christiane;</strong></span> <span class='ocrx_word' id='word_1_227' title='bbox 1556 3054 1726 3107; x_wconf 90' lang='lat' dir='ltr'><strong>sume,</strong></span> <span class='ocrx_word' id='word_1_228' title='bbox 1748 3039 1832 3093; x_wconf 77' lang='lat' dir='ltr'><strong>in-</strong></span> 
     </span>
    </p>
   </div>
   <div class='ocr_carea' id='block_1_31' title="bbox 240 3133 1831 3217">
    <p class='ocr_par' dir='ltr' id='par_1_31' title="bbox 240 3133 1831 3217">
     <span class='ocr_line' id='line_1_31' title="bbox 240 3133 1831 3217; baseline -0.01 -18"><span class='ocrx_word' id='word_1_229' title='bbox 240 3160 418 3217; x_wconf 91' lang='lat' dir='ltr'><strong>quam,</strong></span> <span class='ocrx_word' id='word_1_230' title='bbox 438 3145 626 3206; x_wconf 85' lang='lat' dir='ltr'><strong>libros,</strong></span> <span class='ocrx_word' id='word_1_231' title='bbox 647 3157 781 3213; x_wconf 92' lang='lat' dir='ltr'><strong>quos</strong></span> <span class='ocrx_word' id='word_1_232' title='bbox 799 3138 1128 3202; x_wconf 85' lang='lat' dir='ltr'><strong>desiderasti,</strong></span> <span class='ocrx_word' id='word_1_233' title='bbox 1146 3133 1552 3191; x_wconf 83' lang='lat' dir='ltr'><strong>Confessionum</strong></span> <span class='ocrx_word' id='word_1_234' title='bbox 1571 3145 1831 3186; x_wconf 86' lang='lat' dir='ltr'><strong>mearum:</strong></span> 
     </span>
    </p>
   </div>
   <div class='ocr_carea' id='block_1_32' title="bbox 241 3222 1834 3303">
    <p class='ocr_par' dir='ltr' id='par_1_32' title="bbox 241 3222 1834 3303">
     <span class='ocr_line' id='line_1_32' title="bbox 241 3222 1834 3303; baseline -0.009 -13"><span class='ocrx_word' id='word_1_235' title='bbox 241 3235 310 3290; x_wconf 88' lang='lat' dir='ltr'><strong>ibi</strong></span> <span class='ocrx_word' id='word_1_236' title='bbox 333 3251 421 3290; x_wconf 89' lang='lat' dir='ltr'><strong>me</strong></span> <span class='ocrx_word' id='word_1_237' title='bbox 447 3234 676 3303; x_wconf 86' lang='lat' dir='ltr'><strong>inspice,</strong></span> <span class='ocrx_word' id='word_1_238' title='bbox 707 3247 774 3288; x_wconf 91' lang='lat' dir='ltr'><strong>ne</strong></span> <span class='ocrx_word' id='word_1_239' title='bbox 800 3246 885 3286; x_wconf 87' lang='lat' dir='ltr'><strong>me</strong></span> <span class='ocrx_word' id='word_1_240' title='bbox 910 3228 1091 3283; x_wconf 91' lang='lat' dir='ltr'><strong>laudes</strong></span> <span class='ocrx_word' id='word_1_241' title='bbox 1117 3228 1254 3282; x_wconf 89' lang='lat' dir='ltr'><strong>ultra</strong></span> <span class='ocrx_word' id='word_1_242' title='bbox 1281 3239 1439 3296; x_wconf 88' lang='lat' dir='ltr'><strong>quam</strong></span> <span class='ocrx_word' id='word_1_243' title='bbox 1460 3239 1610 3289; x_wconf 91' lang='lat' dir='ltr'><strong>sum;</strong></span> <span class='ocrx_word' id='word_1_244' title='bbox 1630 3222 1702 3277; x_wconf 94' lang='lat' dir='ltr'><strong>ibi</strong></span> <span class='ocrx_word' id='word_1_245' title='bbox 1725 3237 1834 3276; x_wconf 89' lang='lat' dir='ltr'><strong>non</strong></span> 
     </span>
    </p>
   </div>
   <div class='ocr_carea' id='block_1_33' title="bbox 241 3311 1837 3389">
    <p class='ocr_par' dir='ltr' id='par_1_33' title="bbox 241 3311 1837 3389">
     <span class='ocr_line' id='line_1_33' title="bbox 241 3311 1837 3389; baseline -0.009 -9"><span class='ocrx_word' id='word_1_246' title='bbox 241 3327 357 3382; x_wconf 76' lang='lat' dir='ltr'><strong>aliis</strong></span> <span class='ocrx_word' id='word_1_247' title='bbox 384 3326 456 3381; x_wconf 88' lang='lat' dir='ltr'><strong>de</strong></span> <span class='ocrx_word' id='word_1_248' title='bbox 481 3340 569 3380; x_wconf 91' lang='lat' dir='ltr'><strong>me</strong></span> <span class='ocrx_word' id='word_1_249' title='bbox 596 3321 775 3389; x_wconf 91' lang='lat' dir='ltr'><strong>crede,</strong></span> <span class='ocrx_word' id='word_1_250' title='bbox 818 3320 913 3376; x_wconf 91' lang='lat' dir='ltr'><strong>sed</strong></span> <span class='ocrx_word' id='word_1_251' title='bbox 958 3319 1121 3383; x_wconf 92' lang='lat' dir='ltr'><strong>mihi;</strong></span> <span class='ocrx_word' id='word_1_252' title='bbox 1155 3317 1224 3372; x_wconf 90' lang='lat' dir='ltr'><strong>ibi</strong></span> <span class='ocrx_word' id='word_1_253' title='bbox 1254 3330 1341 3370; x_wconf 91' lang='lat' dir='ltr'><strong>me</strong></span> <span class='ocrx_word' id='word_1_254' title='bbox 1367 3312 1601 3380; x_wconf 87' lang='lat' dir='ltr'><strong>attende,</strong></span> <span class='ocrx_word' id='word_1_255' title='bbox 1633 3320 1688 3368; x_wconf 90' lang='lat' dir='ltr'><strong>et</strong></span> <span class='ocrx_word' id='word_1_256' title='bbox 1716 3311 1837 3366; x_wconf 91' lang='lat' dir='ltr'><strong>vide</strong></span> 
     </span>
    </p>
   </div>
   <div class='ocr_carea' id='block_1_34' title="bbox 240 3406 1837 3489">
    <p class='ocr_par' dir='ltr' id='par_1_34' title="bbox 240 3406 1837 3489">
     <span class='ocr_line' id='line_1_34' title="bbox 240 3406 1837 3489; baseline -0.009 -16"><span class='ocrx_word' id='word_1_257' title='bbox 240 3419 368 3489; x_wconf 88' lang='lat' dir='ltr'><strong>quid</strong></span> <span class='ocrx_word' id='word_1_258' title='bbox 397 3418 587 3473; x_wconf 89' lang='lat' dir='ltr'><strong>fuerim</strong></span> <span class='ocrx_word' id='word_1_259' title='bbox 621 3416 672 3470; x_wconf 90' lang='lat' dir='ltr'><strong>in</strong></span> <span class='ocrx_word' id='word_1_260' title='bbox 703 3416 927 3485; x_wconf 86' lang='lat' dir='ltr'><strong>meipso,</strong></span> <span class='ocrx_word' id='word_1_261' title='bbox 955 3427 1048 3482; x_wconf 89' lang='lat' dir='ltr'><strong>per</strong></span> <span class='ocrx_word' id='word_1_262' title='bbox 1069 3411 1357 3481; x_wconf 87' lang='lat' dir='ltr'><strong>meipsum;</strong></span> <span class='ocrx_word' id='word_1_263' title='bbox 1381 3417 1434 3464; x_wconf 90' lang='lat' dir='ltr'><strong>et</strong></span> <span class='ocrx_word' id='word_1_264' title='bbox 1458 3410 1502 3462; x_wconf 90' lang='lat' dir='ltr'><strong>si</strong></span> <span class='ocrx_word' id='word_1_265' title='bbox 1523 3407 1647 3477; x_wconf 91' lang='lat' dir='ltr'><strong>quid</strong></span> <span class='ocrx_word' id='word_1_266' title='bbox 1675 3406 1726 3460; x_wconf 92' lang='lat' dir='ltr'><strong>in</strong></span> <span class='ocrx_word' id='word_1_267' title='bbox 1750 3419 1837 3460; x_wconf 89' lang='lat' dir='ltr'><strong>me</strong></span> 
     </span>
    </p>
   </div>
   <div class='ocr_carea' id='block_1_35' title="bbox 241 3495 1838 3583">
    <p class='ocr_par' dir='ltr' id='par_1_35' title="bbox 241 3495 1838 3583">
     <span class='ocr_line' id='line_1_35' title="bbox 241 3495 1838 3583; baseline -0.011 -15"><span class='ocrx_word' id='word_1_268' title='bbox 241 3512 336 3568; x_wconf 89' lang='lat' dir='ltr'><strong>tibi</strong></span> <span class='ocrx_word' id='word_1_269' title='bbox 371 3511 649 3583; x_wconf 85' lang='lat' dir='ltr'><strong>placuerit,</strong></span> <span class='ocrx_word' id='word_1_270' title='bbox 682 3508 834 3564; x_wconf 89' lang='lat' dir='ltr'><strong>lauda</strong></span> <span class='ocrx_word' id='word_1_271' title='bbox 877 3506 948 3561; x_wconf 91' lang='lat' dir='ltr'><strong>ibi</strong></span> <span class='ocrx_word' id='word_1_272' title='bbox 1000 3520 1228 3571; x_wconf 91' lang='lat' dir='ltr'><strong>mecum,</strong></span> <span class='ocrx_word' id='word_1_273' title='bbox 1260 3517 1417 3574; x_wconf 89' lang='lat' dir='ltr'><strong>quem</strong></span> <span class='ocrx_word' id='word_1_274' title='bbox 1459 3499 1659 3555; x_wconf 89' lang='lat' dir='ltr'><strong>laudari</strong></span> <span class='ocrx_word' id='word_1_275' title='bbox 1697 3495 1838 3552; x_wconf 90' lang='lat' dir='ltr'><strong>volui</strong></span> 
     </span>
    </p>
   </div>
   <div class='ocr_carea' id='block_1_36' title="bbox 242 3591 1838 3673">
    <p class='ocr_par' dir='ltr' id='par_1_36' title="bbox 242 3591 1838 3673">
     <span class='ocr_line' id='line_1_36' title="bbox 242 3591 1838 3673; baseline -0.01 -15"><span class='ocrx_word' id='word_1_276' title='bbox 242 3604 442 3666; x_wconf 88' lang='lat' dir='ltr'><strong>deme;</strong></span> <span class='ocrx_word' id='word_1_277' title='bbox 474 3616 647 3673; x_wconf 89' lang='lat' dir='ltr'><strong>neque</strong></span> <span class='ocrx_word' id='word_1_278' title='bbox 669 3601 810 3656; x_wconf 89' lang='lat' dir='ltr'><strong>enim</strong></span> <span class='ocrx_word' id='word_1_279' title='bbox 834 3613 938 3653; x_wconf 91' lang='lat' dir='ltr'><strong>me.</strong></span> <span class='ocrx_word' id='word_1_280' title='bbox 970 3595 1229 3663; x_wconf 85' lang='lat' dir='ltr'><strong>Quoniam</strong></span> <span class='ocrx_word' id='word_1_281' title='bbox 1249 3594 1361 3663; x_wconf 91' lang='lat' dir='ltr'><strong>ipse</strong></span> <span class='ocrx_word' id='word_1_282' title='bbox 1382 3591 1506 3647; x_wconf 90' lang='lat' dir='ltr'><strong>fecit</strong></span> <span class='ocrx_word' id='word_1_283' title='bbox 1522 3605 1638 3656; x_wconf 91' lang='lat' dir='ltr'><strong>nos,</strong></span> <span class='ocrx_word' id='word_1_284' title='bbox 1662 3596 1715 3645; x_wconf 91' lang='lat' dir='ltr'><strong>et</strong></span> <span class='ocrx_word' id='word_1_285' title='bbox 1732 3603 1838 3643; x_wconf 91' lang='lat' dir='ltr'><strong>non</strong></span> 
     </span>
    </p>
   </div>
   <div class='ocr_carea' id='block_1_37' title="bbox 240 3683 1836 3765">
    <p class='ocr_par' dir='ltr' id='par_1_37' title="bbox 240 3683 1836 3765">
     <span class='ocr_line' id='line_1_37' title="bbox 240 3683 1836 3765; baseline -0.009 -17"><span class='ocrx_word' id='word_1_286' title='bbox 240 3694 343 3764; x_wconf 89' lang='lat' dir='ltr'><strong>ipsi</strong></span> <span class='ocrx_word' id='word_1_287' title='bbox 368 3708 470 3748; x_wconf 89' lang='lat' dir='ltr'><strong>nos</strong></span> <span class='ocrx_word' id='word_1_288' title='bbox 495 3693 666 3765; x_wconf 85' lang='lat' dir='ltr'><strong>(Psal.</strong></span> <span class='ocrx_word' id='word_1_289' title='bbox 691 3708 836 3756; x_wconf 70' lang='lat' dir='ltr'><strong>xcrx,</strong></span> <span class='ocrx_word' id='word_1_290' title='bbox 855 3689 940 3761; x_wconf 78' lang='lat'><strong>3);</strong></span> <span class='ocrx_word' id='word_1_291' title='bbox 971 3703 1070 3742; x_wconf 89' lang='lat' dir='ltr'><strong>nos</strong></span> <span class='ocrx_word' id='word_1_292' title='bbox 1089 3695 1264 3742; x_wconf 87' lang='lat' dir='ltr'><strong>autem</strong></span> <span class='ocrx_word' id='word_1_293' title='bbox 1293 3683 1691 3756; x_wconf 83' lang='lat' dir='ltr'><strong>perdideramus</strong></span> <span class='ocrx_word' id='word_1_294' title='bbox 1715 3695 1836 3747; x_wconf 90' lang='lat' dir='ltr'><strong>nos,</strong></span> 
     </span>
    </p>
   </div>
   <div class='ocr_carea' id='block_1_38' title="bbox 237 3774 1841 3852">
    <p class='ocr_par' dir='ltr' id='par_1_38' title="bbox 237 3774 1841 3852">
     <span class='ocr_line' id='line_1_38' title="bbox 237 3774 1841 3852; baseline -0.009 -11"><span class='ocrx_word' id='word_1_295' title='bbox 237 3785 335 3841; x_wconf 87' lang='lat' dir='ltr'><strong>sed</strong></span> <span class='ocrx_word' id='word_1_296' title='bbox 352 3783 448 3852; x_wconf 86' lang='lat' dir='ltr'><strong>qui</strong></span> <span class='ocrx_word' id='word_1_297' title='bbox 476 3785 618 3848; x_wconf 89' lang='lat' dir='ltr'><strong>fecit,</strong></span> <span class='ocrx_word' id='word_1_298' title='bbox 648 3782 850 3836; x_wconf 91' lang='lat' dir='ltr'><strong>refecit.</strong></span> <span class='ocrx_word' id='word_1_299' title='bbox 879 3780 1011 3834; x_wconf 83' lang='lat' dir='ltr'><strong>Cum</strong></span> <span class='ocrx_word' id='word_1_300' title='bbox 1033 3787 1210 3832; x_wconf 90' lang='lat' dir='ltr'><strong>autem</strong></span> <span class='ocrx_word' id='word_1_301' title='bbox 1234 3775 1306 3830; x_wconf 89' lang='lat' dir='ltr'><strong>ibi</strong></span> <span class='ocrx_word' id='word_1_302' title='bbox 1333 3791 1418 3830; x_wconf 92' lang='lat' dir='ltr'><strong>me</strong></span> <span class='ocrx_word' id='word_1_303' title='bbox 1440 3774 1725 3836; x_wconf 89' lang='lat' dir='ltr'><strong>inveneris,</strong></span> <span class='ocrx_word' id='word_1_304' title='bbox 1745 3786 1841 3827; x_wconf 85' lang='lat' dir='ltr'><strong>ora</strong></span> 
     </span>
    </p>
   </div>
   <div class='ocr_carea' id='block_1_39' title="bbox 239 3865 1839 3945">
    <p class='ocr_par' dir='ltr' id='par_1_39' title="bbox 239 3865 1839 3945">
     <span class='ocr_line' id='line_1_39' title="bbox 239 3865 1839 3945; baseline -0.006 -17"><span class='ocrx_word' id='word_1_305' title='bbox 239 3891 342 3945; x_wconf 91' lang='lat' dir='ltr'><strong>pro</strong></span> <span class='ocrx_word' id='word_1_306' title='bbox 368 3889 460 3928; x_wconf 87' lang='lat' dir='ltr'><strong>me</strong></span> <span class='ocrx_word' id='word_1_307' title='bbox 489 3889 554 3928; x_wconf 90' lang='lat' dir='ltr'><strong>ne</strong></span> <span class='ocrx_word' id='word_1_308' title='bbox 579 3873 846 3934; x_wconf 83' lang='lat' dir='ltr'><strong>deliciam,</strong></span> <span class='ocrx_word' id='word_1_309' title='bbox 879 3870 973 3924; x_wconf 89' lang='lat' dir='ltr'><strong>sed</strong></span> <span class='ocrx_word' id='word_1_310' title='bbox 1005 3869 1286 3938; x_wconf 85' lang='lat' dir='ltr'><strong>perficiar;</strong></span> <span class='ocrx_word' id='word_1_311' title='bbox 1316 3882 1408 3921; x_wconf 89' lang='lat' dir='ltr'><strong>ora</strong></span> <span class='ocrx_word' id='word_1_312' title='bbox 1440 3867 1532 3930; x_wconf 89' lang='lat' dir='ltr'><strong>tili,</strong></span> <span class='ocrx_word' id='word_1_313' title='bbox 1562 3882 1677 3920; x_wconf 89' lang='lat' dir='ltr'><strong>ora.</strong></span> <span class='ocrx_word' id='word_1_314' title='bbox 1707 3865 1839 3920; x_wconf 78' lang='lat' dir='ltr'><strong>Sen-</strong></span> 
     </span>
    </p>
   </div>
   <div class='ocr_carea' id='block_1_40' title="bbox 242 3954 1843 4034">
    <p class='ocr_par' dir='ltr' id='par_1_40' title="bbox 242 3954 1843 4034">
     <span class='ocr_line' id='line_1_40' title="bbox 242 3954 1843 4034; baseline -0.009 -13"><span class='ocrx_word' id='word_1_315' title='bbox 242 3966 318 4021; x_wconf 88' lang='lat' dir='ltr'><strong>tio</strong></span> <span class='ocrx_word' id='word_1_316' title='bbox 344 3964 475 4034; x_wconf 89' lang='lat' dir='ltr'><strong>quid</strong></span> <span class='ocrx_word' id='word_1_317' title='bbox 505 3964 698 4030; x_wconf 89' lang='lat' dir='ltr'><strong>dicam,</strong></span> <span class='ocrx_word' id='word_1_318' title='bbox 725 3961 837 4016; x_wconf 90' lang='lat' dir='ltr'><strong>scio</strong></span> <span class='ocrx_word' id='word_1_319' title='bbox 863 3959 990 4031; x_wconf 91' lang='lat' dir='ltr'><strong>quid</strong></span> <span class='ocrx_word' id='word_1_320' title='bbox 1019 3969 1223 4028; x_wconf 85' lang='lat' dir='ltr'><strong>petam;</strong></span> <span class='ocrx_word' id='word_1_321' title='bbox 1253 3971 1357 4009; x_wconf 90' lang='lat' dir='ltr'><strong>non</strong></span> <span class='ocrx_word' id='word_1_322' title='bbox 1388 3956 1478 4011; x_wconf 89' lang='lat' dir='ltr'><strong>tibi</strong></span> <span class='ocrx_word' id='word_1_323' title='bbox 1505 3954 1843 4010; x_wconf 84' lang='lat' dir='ltr'><strong>videaturin-</strong></span> 
     </span>
    </p>
   </div>
   <div class='ocr_carea' id='block_1_41' title="bbox 244 4043 1841 4127">
    <p class='ocr_par' dir='ltr' id='par_1_41' title="bbox 244 4043 1841 4127">
     <span class='ocr_line' id='line_1_41' title="bbox 244 4043 1841 4127; baseline -0.009 -15"><span class='ocrx_word' id='word_1_324' title='bbox 244 4057 491 4127; x_wconf 86' lang='lat' dir='ltr'><strong>dignum,</strong></span> <span class='ocrx_word' id='word_1_325' title='bbox 519 4063 574 4110; x_wconf 89' lang='lat' dir='ltr'><strong>et</strong></span> <span class='ocrx_word' id='word_1_326' title='bbox 611 4052 760 4124; x_wconf 89' lang='lat' dir='ltr'><strong>quasi</strong></span> <span class='ocrx_word' id='word_1_327' title='bbox 797 4051 933 4105; x_wconf 91' lang='lat' dir='ltr'><strong>ultra</strong></span> <span class='ocrx_word' id='word_1_328' title='bbox 964 4048 1149 4103; x_wconf 86' lang='lat' dir='ltr'><strong>merita</strong></span> <span class='ocrx_word' id='word_1_329' title='bbox 1182 4055 1298 4101; x_wconf 88' lang='lat' dir='ltr'><strong>tua:</strong></span> <span class='ocrx_word' id='word_1_330' title='bbox 1324 4043 1594 4100; x_wconf 83' lang='lat' dir='ltr'><strong>fraudabis</strong></span> <span class='ocrx_word' id='word_1_331' title='bbox 1619 4059 1706 4098; x_wconf 91' lang='lat' dir='ltr'><strong>me</strong></span> <span class='ocrx_word' id='word_1_332' title='bbox 1727 4058 1841 4097; x_wconf 90' lang='lat' dir='ltr'><strong>ma-</strong></span> 
     </span>
    </p>
   </div>
   <div class='ocr_carea' id='block_1_42' title="bbox 248 4133 1842 4222">
    <p class='ocr_par' dir='ltr' id='par_1_42' title="bbox 248 4133 1842 4222">
     <span class='ocr_line' id='line_1_42' title="bbox 248 4133 1842 4222; baseline -0.011 -17"><span class='ocrx_word' id='word_1_333' title='bbox 248 4164 355 4222; x_wconf 84' lang='lat' dir='ltr'><strong>gno</strong></span> <span class='ocrx_word' id='word_1_334' title='bbox 379 4146 665 4219; x_wconf 89' lang='lat' dir='ltr'><strong>adiutorio,</strong></span> <span class='ocrx_word' id='word_1_335' title='bbox 690 4144 732 4199; x_wconf 89' lang='lat' dir='ltr'><strong>si</strong></span> <span class='ocrx_word' id='word_1_336' title='bbox 755 4158 860 4198; x_wconf 91' lang='lat' dir='ltr'><strong>non</strong></span> <span class='ocrx_word' id='word_1_337' title='bbox 889 4139 1099 4196; x_wconf 81' lang='lat' dir='ltr'><strong>feceris.</strong></span> <span class='ocrx_word' id='word_1_338' title='bbox 1120 4138 1235 4194; x_wconf 87' lang='lat' dir='ltr'><strong>Non</strong></span> <span class='ocrx_word' id='word_1_339' title='bbox 1260 4137 1432 4191; x_wconf 90' lang='lat' dir='ltr'><strong>solum</strong></span> <span class='ocrx_word' id='word_1_340' title='bbox 1457 4145 1532 4202; x_wconf 92' lang='lat' dir='ltr'><strong>tu,</strong></span> <span class='ocrx_word' id='word_1_341' title='bbox 1561 4133 1655 4190; x_wconf 90' lang='lat' dir='ltr'><strong>sed</strong></span> <span class='ocrx_word' id='word_1_342' title='bbox 1680 4134 1842 4189; x_wconf 90' lang='lat' dir='ltr'><strong>etiam</strong></span> 
     </span>
    </p>
   </div>
   <div class='ocr_carea' id='block_1_43' title="bbox 251 4223 1846 4308">
    <p class='ocr_par' dir='ltr' id='par_1_43' title="bbox 251 4223 1846 4308">
     <span class='ocr_line' id='line_1_43' title="bbox 251 4223 1846 4308; baseline -0.01 -12"><span class='ocrx_word' id='word_1_343' title='bbox 251 4253 446 4296; x_wconf 86' lang='lat' dir='ltr'><strong>omnes</strong></span> <span class='ocrx_word' id='word_1_344' title='bbox 471 4237 559 4308; x_wconf 89' lang='lat' dir='ltr'><strong>qui</strong></span> <span class='ocrx_word' id='word_1_345' title='bbox 588 4252 653 4293; x_wconf 80' lang='lat' dir='ltr'><strong>ex</strong></span> <span class='ocrx_word' id='word_1_346' title='bbox 680 4249 776 4291; x_wconf 90' lang='lat' dir='ltr'><strong>ore</strong></span> <span class='ocrx_word' id='word_1_347' title='bbox 812 4241 903 4288; x_wconf 90' lang='lat' dir='ltr'><strong>tuo</strong></span> <span class='ocrx_word' id='word_1_348' title='bbox 930 4230 1232 4293; x_wconf 83' lang='lat' dir='ltr'><strong>dilexerint,</strong></span> <span class='ocrx_word' id='word_1_349' title='bbox 1263 4235 1411 4282; x_wconf 91' lang='lat' dir='ltr'><strong>orate</strong></span> <span class='ocrx_word' id='word_1_350' title='bbox 1454 4241 1550 4298; x_wconf 87' lang='lat' dir='ltr'><strong>pro</strong></span> <span class='ocrx_word' id='word_1_351' title='bbox 1590 4240 1709 4281; x_wconf 89' lang='lat' dir='ltr'><strong>me:</strong></span> <span class='ocrx_word' id='word_1_352' title='bbox 1743 4223 1846 4280; x_wconf 89' lang='lat' dir='ltr'><strong>hoc</strong></span> 
     </span>
    </p>
   </div>
   <div class='ocr_carea' id='block_1_44' title="bbox 255 4318 1838 4402">
    <p class='ocr_par' dir='ltr' id='par_1_44' title="bbox 255 4318 1838 4402">
     <span class='ocr_line' id='line_1_44' title="bbox 255 4318 1838 4402; baseline -0.011 -12"><span class='ocrx_word' id='word_1_353' title='bbox 255 4333 338 4390; x_wconf 88' lang='lat' dir='ltr'><strong>eis</strong></span> <span class='ocrx_word' id='word_1_354' title='bbox 359 4347 448 4388; x_wconf 90' lang='lat' dir='ltr'><strong>me</strong></span> <span class='ocrx_word' id='word_1_355' title='bbox 471 4329 720 4402; x_wconf 81' lang='lat' dir='ltr'><strong>petivisse</strong></span> <span class='ocrx_word' id='word_1_356' title='bbox 757 4326 952 4393; x_wconf 89' lang='lat' dir='ltr'><strong>indica,</strong></span> <span class='ocrx_word' id='word_1_357' title='bbox 981 4333 1035 4380; x_wconf 90' lang='lat' dir='ltr'><strong>et</strong></span> <span class='ocrx_word' id='word_1_358' title='bbox 1062 4325 1106 4380; x_wconf 89' lang='lat' dir='ltr'><strong>si</strong></span> <span class='ocrx_word' id='word_1_359' title='bbox 1134 4322 1358 4378; x_wconf 88' lang='lat' dir='ltr'><strong>multum</strong></span> <span class='ocrx_word' id='word_1_360' title='bbox 1387 4320 1542 4376; x_wconf 90' lang='lat' dir='ltr'><strong>nobis</strong></span> <span class='ocrx_word' id='word_1_361' title='bbox 1588 4318 1838 4385; x_wconf 88' lang='lat' dir='ltr'><strong>tribuitis,</strong></span> 
     </span>
    </p>
   </div>
   <div class='ocr_carea' id='block_1_45' title="bbox 1331 350 2232 420">
    <p class='ocr_par' dir='ltr' id='par_1_45' title="bbox 1331 350 2232 420">
     <span class='ocr_line' id='line_1_45' title="bbox 1331 350 2232 420; baseline -0.01 0"><span class='ocrx_word' id='word_1_362' title='bbox 1331 350 1806 420; x_wconf 76' lang='lat' dir='ltr'><strong>EPISTOLARUM</strong></span> <span class='ocrx_word' id='word_1_363' title='bbox 1843 352 2117 416; x_wconf 84' lang='lat' dir='ltr'><strong>CLASSIS</strong></span> <span class='ocrx_word' id='word_1_364' title='bbox 2154 355 2232 413; x_wconf 80' lang='lat' dir='ltr'><strong>IV.</strong></span> 
     </span>
    </p>
   </div>
   <div class='ocr_carea' id='block_1_46' title="bbox 3353 349 3496 418">
    <p class='ocr_par' dir='ltr' id='par_1_46' title="bbox 3353 349 3496 418">
     <span class='ocr_line' id='line_1_46' title="bbox 3353 349 3496 418; baseline 0 0"><span class='ocrx_word' id='word_1_365' title='bbox 3353 349 3496 418; x_wconf 65' lang='lat'><strong>{026</strong></span> 
     </span>
    </p>
   </div>
   <div class='ocr_carea' id='block_1_47' title="bbox 1906 465 3492 542">
    <p class='ocr_par' dir='ltr' id='par_1_47' title="bbox 1906 465 3492 542">
     <span class='ocr_line' id='line_1_47' title="bbox 1906 465 3492 542; baseline 0 -15"><span class='ocrx_word' id='word_1_366' title='bbox 1906 472 2124 542; x_wconf 90' lang='lat' dir='ltr'><strong>iussisse</strong></span> <span class='ocrx_word' id='word_1_367' title='bbox 2153 485 2252 526; x_wconf 91' lang='lat' dir='ltr'><strong>nos</strong></span> <span class='ocrx_word' id='word_1_368' title='bbox 2279 469 2575 526; x_wconf 80' lang='lat' dir='ltr'><strong>existimate</strong></span> <span class='ocrx_word' id='word_1_369' title='bbox 2603 466 2743 540; x_wconf 91' lang='lat' dir='ltr'><strong>quod</strong></span> <span class='ocrx_word' id='word_1_370' title='bbox 2783 465 3034 539; x_wconf 87' lang='lat' dir='ltr'><strong>petimus,</strong></span> <span class='ocrx_word' id='word_1_371' title='bbox 3075 475 3131 524; x_wconf 89' lang='lat' dir='ltr'><strong>et</strong></span> <span class='ocrx_word' id='word_1_372' title='bbox 3157 474 3334 527; x_wconf 86' lang='lat' dir='ltr'><strong>tamen</strong></span> <span class='ocrx_word' id='word_1_373' title='bbox 3362 472 3492 527; x_wconf 80' lang='lat' dir='ltr'><strong>date</strong></span> 
     </span>
    </p>
   </div>
   <div class='ocr_carea' id='block_1_48' title="bbox 1909 559 3489 633">
    <p class='ocr_par' dir='ltr' id='par_1_48' title="bbox 1909 559 3489 633">
     <span class='ocr_line' id='line_1_48' title="bbox 1909 559 3489 633; baseline 0 -16"><span class='ocrx_word' id='word_1_374' title='bbox 1909 563 2226 633; x_wconf 89' lang='lat' dir='ltr'><strong>petentibus,</strong></span> <span class='ocrx_word' id='word_1_375' title='bbox 2256 562 2339 617; x_wconf 90' lang='lat' dir='ltr'><strong>vel</strong></span> <span class='ocrx_word' id='word_1_376' title='bbox 2368 561 2728 630; x_wconf 89' lang='lat' dir='ltr'><strong>obtemperate</strong></span> <span class='ocrx_word' id='word_1_377' title='bbox 2740 559 3066 629; x_wconf 89' lang='lat' dir='ltr'><strong>iubentibus.</strong></span> <span class='ocrx_word' id='word_1_378' title='bbox 3089 559 3248 616; x_wconf 89' lang='lat' dir='ltr'><strong>Orate</strong></span> <span class='ocrx_word' id='word_1_379' title='bbox 3274 576 3371 630; x_wconf 88' lang='lat' dir='ltr'><strong>pro</strong></span> <span class='ocrx_word' id='word_1_380' title='bbox 3390 579 3489 618; x_wconf 89' lang='lat' dir='ltr'><strong>no-</strong></span> 
     </span>
    </p>
   </div>
   <div class='ocr_carea' id='block_1_49' title="bbox 1909 651 3492 722">
    <p class='ocr_par' dir='ltr' id='par_1_49' title="bbox 1909 651 3492 722">
     <span class='ocr_line' id='line_1_49' title="bbox 1909 651 3492 722; baseline 0.003 -16"><span class='ocrx_word' id='word_1_381' title='bbox 1909 651 2010 707; x_wconf 89' lang='lat' dir='ltr'><strong>bis.</strong></span> <span class='ocrx_word' id='word_1_382' title='bbox 2053 651 2193 722; x_wconf 86' lang='lat' dir='ltr'><strong>Lege</strong></span> <span class='ocrx_word' id='word_1_383' title='bbox 2232 652 2460 707; x_wconf 88' lang='lat' dir='ltr'><strong>Litteras</strong></span> <span class='ocrx_word' id='word_1_384' title='bbox 2487 651 2712 716; x_wconf 90' lang='lat' dir='ltr'><strong>divinas,</strong></span> <span class='ocrx_word' id='word_1_385' title='bbox 2760 659 2812 705; x_wconf 91' lang='lat' dir='ltr'><strong>et</strong></span> <span class='ocrx_word' id='word_1_386' title='bbox 2857 651 3095 706; x_wconf 85' lang='lat' dir='ltr'><strong>invenies</strong></span> <span class='ocrx_word' id='word_1_387' title='bbox 3125 651 3269 722; x_wconf 91' lang='lat' dir='ltr'><strong>ipsos</strong></span> <span class='ocrx_word' id='word_1_388' title='bbox 3295 653 3492 710; x_wconf 89' lang='lat' dir='ltr'><strong>arietes</strong></span> 
     </span>
    </p>
   </div>
   <div class='ocr_carea' id='block_1_50' title="bbox 1911 742 3496 814">
    <p class='ocr_par' dir='ltr' id='par_1_50' title="bbox 1911 742 3496 814">
     <span class='ocr_line' id='line_1_50' title="bbox 1911 742 3496 814; baseline 0.001 -16"><span class='ocrx_word' id='word_1_389' title='bbox 1911 753 2123 798; x_wconf 89' lang='lat' dir='ltr'><strong>nostros</strong></span> <span class='ocrx_word' id='word_1_390' title='bbox 2151 745 2433 814; x_wconf 88' lang='lat' dir='ltr'><strong>Apostolos</strong></span> <span class='ocrx_word' id='word_1_391' title='bbox 2458 743 2674 814; x_wconf 89' lang='lat' dir='ltr'><strong>petiisse</strong></span> <span class='ocrx_word' id='word_1_392' title='bbox 2704 742 2807 798; x_wconf 91' lang='lat' dir='ltr'><strong>hoc</strong></span> <span class='ocrx_word' id='word_1_393' title='bbox 2834 757 2866 797; x_wconf 91' lang='lat' dir='ltr'><strong>a</strong></span> <span class='ocrx_word' id='word_1_394' title='bbox 2895 743 3016 797; x_wconf 79' lang='lat' dir='ltr'><strong>(iliis</strong></span> <span class='ocrx_word' id='word_1_395' title='bbox 3044 743 3174 809; x_wconf 87' lang='lat' dir='ltr'><strong>suis,</strong></span> <span class='ocrx_word' id='word_1_396' title='bbox 3203 744 3316 798; x_wconf 87' lang='lat' dir='ltr'><strong>sive</strong></span> <span class='ocrx_word' id='word_1_397' title='bbox 3350 759 3496 814; x_wconf 82' lang='lat' dir='ltr'><strong>prae-</strong></span> 
     </span>
    </p>
   </div>
   <div class='ocr_carea' id='block_1_51' title="bbox 1913 833 3498 906">
    <p class='ocr_par' dir='ltr' id='par_1_51' title="bbox 1913 833 3498 906">
     <span class='ocr_line' id='line_1_51' title="bbox 1913 833 3498 906; baseline -0.001 -15"><span class='ocrx_word' id='word_1_398' title='bbox 1913 836 2115 906; x_wconf 89' lang='lat' dir='ltr'><strong>cepisse</strong></span> <span class='ocrx_word' id='word_1_399' title='bbox 2145 835 2470 890; x_wconf 89' lang='lat' dir='ltr'><strong>auditoribns</strong></span> <span class='ocrx_word' id='word_1_400' title='bbox 2491 836 2618 890; x_wconf 92' lang='lat' dir='ltr'><strong>suis.</strong></span> <span class='ocrx_word' id='word_1_401' title='bbox 2648 835 2759 904; x_wconf 88' lang='lat' dir='ltr'><strong>Ego</strong></span> <span class='ocrx_word' id='word_1_402' title='bbox 2779 841 2924 889; x_wconf 88' lang='lat' dir='ltr'><strong>certe</strong></span> <span class='ocrx_word' id='word_1_403' title='bbox 2950 835 3197 905; x_wconf 88' lang='lat' dir='ltr'><strong>quoniam</strong></span> <span class='ocrx_word' id='word_1_404' title='bbox 3227 833 3330 890; x_wconf 90' lang='lat' dir='ltr'><strong>hoc</strong></span> <span class='ocrx_word' id='word_1_405' title='bbox 3355 850 3383 889; x_wconf 90' lang='lat' dir='ltr'><strong>a</strong></span> <span class='ocrx_word' id='word_1_406' title='bbox 3411 851 3498 891; x_wconf 89' lang='lat' dir='ltr'><strong>me</strong></span> 
     </span>
    </p>
   </div>
   <div class='ocr_carea' id='block_1_52' title="bbox 1913 925 3498 998">
    <p class='ocr_par' dir='ltr' id='par_1_52' title="bbox 1913 925 3498 998">
     <span class='ocr_line' id='line_1_52' title="bbox 1913 925 3498 998; baseline 0.001 -17"><span class='ocrx_word' id='word_1_407' title='bbox 1913 927 2108 998; x_wconf 88' lang='lat' dir='ltr'><strong>petiisti</strong></span> <span class='ocrx_word' id='word_1_408' title='bbox 2133 942 2228 998; x_wconf 88' lang='lat' dir='ltr'><strong>pro</strong></span> <span class='ocrx_word' id='word_1_409' title='bbox 2245 935 2314 993; x_wconf 89' lang='lat' dir='ltr'><strong>te,</strong></span> <span class='ocrx_word' id='word_1_410' title='bbox 2341 936 2594 998; x_wconf 89' lang='lat' dir='ltr'><strong>quantum</strong></span> <span class='ocrx_word' id='word_1_411' title='bbox 2613 926 2821 992; x_wconf 89' lang='lat' dir='ltr'><strong>faciam,</strong></span> <span class='ocrx_word' id='word_1_412' title='bbox 2850 925 2990 980; x_wconf 90' lang='lat' dir='ltr'><strong>videt</strong></span> <span class='ocrx_word' id='word_1_413' title='bbox 3009 925 3097 996; x_wconf 89' lang='lat' dir='ltr'><strong>qui</strong></span> <span class='ocrx_word' id='word_1_414' title='bbox 3120 926 3387 989; x_wconf 79' lang='lat' dir='ltr'><strong>exaudiat,</strong></span> <span class='ocrx_word' id='word_1_415' title='bbox 3407 927 3498 997; x_wconf 92' lang='lat' dir='ltr'><strong>qui</strong></span> 
     </span>
    </p>
   </div>
   <div class='ocr_carea' id='block_1_53' title="bbox 1914 1015 3501 1089">
    <p class='ocr_par' dir='ltr' id='par_1_53' title="bbox 1914 1015 3501 1089">
     <span class='ocr_line' id='line_1_53' title="bbox 1914 1015 3501 1089; baseline 0.001 -17"><span class='ocrx_word' id='word_1_416' title='bbox 1914 1018 2124 1074; x_wconf 88' lang='lat' dir='ltr'><strong>videbat</strong></span> <span class='ocrx_word' id='word_1_417' title='bbox 2149 1018 2268 1089; x_wconf 84' lang='lat' dir='ltr'><strong>quia</strong></span> <span class='ocrx_word' id='word_1_418' title='bbox 2292 1028 2345 1072; x_wconf 91' lang='lat' dir='ltr'><strong>et</strong></span> <span class='ocrx_word' id='word_1_419' title='bbox 2369 1028 2492 1072; x_wconf 89' lang='lat' dir='ltr'><strong>ante</strong></span> <span class='ocrx_word' id='word_1_420' title='bbox 2517 1017 2808 1072; x_wconf 78' lang='lat' dir='ltr'><strong>faciebam:</strong></span> <span class='ocrx_word' id='word_1_421' title='bbox 2832 1016 2924 1071; x_wconf 92' lang='lat' dir='ltr'><strong>sed</strong></span> <span class='ocrx_word' id='word_1_422' title='bbox 2950 1015 3112 1086; x_wconf 78' lang='lat' dir='ltr'><strong>redde</strong></span> <span class='ocrx_word' id='word_1_423' title='bbox 3139 1016 3302 1072; x_wconf 89' lang='lat' dir='ltr'><strong>etiam</strong></span> <span class='ocrx_word' id='word_1_424' title='bbox 3325 1018 3376 1072; x_wconf 88' lang='lat' dir='ltr'><strong>in</strong></span> <span class='ocrx_word' id='word_1_425' title='bbox 3401 1019 3501 1075; x_wconf 87' lang='lat' dir='ltr'><strong>hac</strong></span> 
     </span>
    </p>
   </div>
   <div class='ocr_carea' id='block_1_54' title="bbox 1915 1107 3502 1179">
    <p class='ocr_par' dir='ltr' id='par_1_54' title="bbox 1915 1107 3502 1179">
     <span class='ocr_line' id='line_1_54' title="bbox 1915 1107 3502 1179; baseline 0.002 -17"><span class='ocrx_word' id='word_1_426' title='bbox 1915 1123 1975 1163; x_wconf 92' lang='lat' dir='ltr'><strong>re</strong></span> <span class='ocrx_word' id='word_1_427' title='bbox 2013 1108 2314 1164; x_wconf 88' lang='lat' dir='ltr'><strong>dilectionis</strong></span> <span class='ocrx_word' id='word_1_428' title='bbox 2355 1109 2544 1163; x_wconf 90' lang='lat' dir='ltr'><strong>vicem.</strong></span> <span class='ocrx_word' id='word_1_429' title='bbox 2584 1107 2858 1178; x_wconf 71' lang='lat' dir='ltr'><strong>Praepositi</strong></span> <span class='ocrx_word' id='word_1_430' title='bbox 2905 1107 3068 1162; x_wconf 90' lang='lat' dir='ltr'><strong>vestri</strong></span> <span class='ocrx_word' id='word_1_431' title='bbox 3114 1122 3325 1174; x_wconf 88' lang='lat' dir='ltr'><strong>sumus;</strong></span> <span class='ocrx_word' id='word_1_432' title='bbox 3371 1124 3502 1179; x_wconf 78' lang='lat' dir='ltr'><strong>grex</strong></span> 
     </span>
    </p>
   </div>
   <div class='ocr_carea' id='block_1_55' title="bbox 1918 1197 3504 1267">
    <p class='ocr_par' dir='ltr' id='par_1_55' title="bbox 1918 1197 3504 1267">
     <span class='ocr_line' id='line_1_55' title="bbox 1918 1197 3504 1267; baseline 0 -15"><span class='ocrx_word' id='word_1_433' title='bbox 1918 1198 2011 1253; x_wconf 90' lang='lat' dir='ltr'><strong>Dei</strong></span> <span class='ocrx_word' id='word_1_434' title='bbox 2041 1200 2168 1254; x_wconf 91' lang='lat' dir='ltr'><strong>estis</strong></span> <span class='ocrx_word' id='word_1_435' title='bbox 2202 1217 2215 1253; x_wconf 86' lang='lat'>:</span> <span class='ocrx_word' id='word_1_436' title='bbox 2259 1199 2590 1253; x_wconf 77' lang='lat' dir='ltr'><strong>considerate</strong></span> <span class='ocrx_word' id='word_1_437' title='bbox 2619 1207 2674 1252; x_wconf 92' lang='lat' dir='ltr'><strong>et</strong></span> <span class='ocrx_word' id='word_1_438' title='bbox 2701 1197 2876 1252; x_wconf 86' lang='lat' dir='ltr'><strong>videte</strong></span> <span class='ocrx_word' id='word_1_439' title='bbox 2905 1197 3133 1267; x_wconf 89' lang='lat' dir='ltr'><strong>pericula</strong></span> <span class='ocrx_word' id='word_1_440' title='bbox 3174 1207 3353 1252; x_wconf 89' lang='lat' dir='ltr'><strong>nostra</strong></span> <span class='ocrx_word' id='word_1_441' title='bbox 3385 1215 3504 1252; x_wconf 84' lang='lat' dir='ltr'><strong>ma-</strong></span> 
     </span>
    </p>
   </div>
   <div class='ocr_carea' id='block_1_56' title="bbox 1914 1288 3501 1360">
    <p class='ocr_par' dir='ltr' id='par_1_56' title="bbox 1914 1288 3501 1360">
     <span class='ocr_line' id='line_1_56' title="bbox 1914 1288 3501 1360; baseline 0.003 -18"><span class='ocrx_word' id='word_1_442' title='bbox 1914 1288 2032 1360; x_wconf 89' lang='lat' dir='ltr'><strong>iora</strong></span> <span class='ocrx_word' id='word_1_443' title='bbox 2060 1305 2183 1345; x_wconf 89' lang='lat' dir='ltr'><strong>esse</strong></span> <span class='ocrx_word' id='word_1_444' title='bbox 2207 1305 2368 1359; x_wconf 89' lang='lat' dir='ltr'><strong>quam</strong></span> <span class='ocrx_word' id='word_1_445' title='bbox 2393 1299 2589 1356; x_wconf 89' lang='lat' dir='ltr'><strong>vestra,</strong></span> <span class='ocrx_word' id='word_1_446' title='bbox 2622 1296 2676 1343; x_wconf 89' lang='lat' dir='ltr'><strong>et</strong></span> <span class='ocrx_word' id='word_1_447' title='bbox 2701 1298 2848 1343; x_wconf 88' lang='lat' dir='ltr'><strong>orate</strong></span> <span class='ocrx_word' id='word_1_448' title='bbox 2878 1305 2972 1359; x_wconf 88' lang='lat' dir='ltr'><strong>pro</strong></span> <span class='ocrx_word' id='word_1_449' title='bbox 3000 1290 3173 1344; x_wconf 87' lang='lat' dir='ltr'><strong>nobis.</strong></span> <span class='ocrx_word' id='word_1_450' title='bbox 3218 1289 3331 1346; x_wconf 88' lang='lat' dir='ltr'><strong>Hoc</strong></span> <span class='ocrx_word' id='word_1_451' title='bbox 3357 1291 3501 1347; x_wconf 91' lang='lat' dir='ltr'><strong>enim</strong></span> 
     </span>
    </p>
   </div>
   <div class='ocr_carea' id='block_1_57' title="bbox 1920 1379 3501 1444">
    <p class='ocr_par' dir='ltr' id='par_1_57' title="bbox 1920 1379 3501 1444">
     <span class='ocr_line' id='line_1_57' title="bbox 1920 1379 3501 1444; baseline 0 -8"><span class='ocrx_word' id='word_1_452' title='bbox 1920 1389 1972 1436; x_wconf 91' lang='lat' dir='ltr'><strong>et</strong></span> <span class='ocrx_word' id='word_1_453' title='bbox 1994 1381 2145 1436; x_wconf 90' lang='lat' dir='ltr'><strong>nobis</strong></span> <span class='ocrx_word' id='word_1_454' title='bbox 2174 1381 2431 1436; x_wconf 89' lang='lat' dir='ltr'><strong>condecet</strong></span> <span class='ocrx_word' id='word_1_455' title='bbox 2456 1390 2511 1435; x_wconf 90' lang='lat' dir='ltr'><strong>et</strong></span> <span class='ocrx_word' id='word_1_456' title='bbox 2530 1379 2704 1444; x_wconf 91' lang='lat' dir='ltr'><strong>vobis,</strong></span> <span class='ocrx_word' id='word_1_457' title='bbox 2730 1387 2786 1433; x_wconf 90' lang='lat' dir='ltr'><strong>ut</strong></span> <span class='ocrx_word' id='word_1_458' title='bbox 2813 1379 3007 1434; x_wconf 87' lang='lat' dir='ltr'><strong>bonam</strong></span> <span class='ocrx_word' id='word_1_459' title='bbox 3033 1380 3291 1435; x_wconf 88' lang='lat' dir='ltr'><strong>rationem</strong></span> <span class='ocrx_word' id='word_1_460' title='bbox 3319 1379 3386 1435; x_wconf 91' lang='lat' dir='ltr'><strong>de</strong></span> <span class='ocrx_word' id='word_1_461' title='bbox 3405 1395 3501 1436; x_wconf 85' lang='lat' dir='ltr'><strong>vo-</strong></span> 
     </span>
    </p>
   </div>
   <div class='ocr_carea' id='block_1_58' title="bbox 1920 1469 3505 1540">
    <p class='ocr_par' dir='ltr' id='par_1_58' title="bbox 1920 1469 3505 1540">
     <span class='ocr_line' id='line_1_58' title="bbox 1920 1469 3505 1540; baseline 0.001 -15"><span class='ocrx_word' id='word_1_462' title='bbox 1920 1470 2002 1526; x_wconf 88' lang='lat' dir='ltr'><strong>bis</strong></span> <span class='ocrx_word' id='word_1_463' title='bbox 2046 1470 2332 1526; x_wconf 91' lang='lat' dir='ltr'><strong>reddamus</strong></span> <span class='ocrx_word' id='word_1_464' title='bbox 2362 1480 2633 1540; x_wconf 87' lang='lat' dir='ltr'><strong>pastorum</strong></span> <span class='ocrx_word' id='word_1_465' title='bbox 2662 1469 2890 1540; x_wconf 88' lang='lat' dir='ltr'><strong>principi</strong></span> <span class='ocrx_word' id='word_1_466' title='bbox 2915 1478 2968 1524; x_wconf 87' lang='lat' dir='ltr'><strong>et</strong></span> <span class='ocrx_word' id='word_1_467' title='bbox 2995 1470 3234 1525; x_wconf 90' lang='lat' dir='ltr'><strong>omnium</strong></span> <span class='ocrx_word' id='word_1_468' title='bbox 3263 1481 3505 1528; x_wconf 91' lang='lat' dir='ltr'><strong>nostrum</strong></span> 
     </span>
    </p>
   </div>
   <div class='ocr_carea' id='block_1_59' title="bbox 1919 1562 3504 1634">
    <p class='ocr_par' dir='ltr' id='par_1_59' title="bbox 1919 1562 3504 1634">
     <span class='ocr_line' id='line_1_59' title="bbox 1919 1562 3504 1634; baseline 0.003 -17"><span class='ocrx_word' id='word_1_469' title='bbox 1919 1563 2099 1633; x_wconf 89' lang='lat' dir='ltr'><strong>capiti,</strong></span> <span class='ocrx_word' id='word_1_470' title='bbox 2124 1564 2428 1634; x_wconf 87' lang='lat' dir='ltr'><strong>pariterque</strong></span> <span class='ocrx_word' id='word_1_471' title='bbox 2447 1563 2735 1618; x_wconf 87' lang='lat' dir='ltr'><strong>evadamus</strong></span> <span class='ocrx_word' id='word_1_472' title='bbox 2758 1562 2915 1632; x_wconf 86' lang='lat' dir='ltr'><strong>huius</strong></span> <span class='ocrx_word' id='word_1_473' title='bbox 2943 1563 3124 1617; x_wconf 87' lang='lat' dir='ltr'><strong>mundi</strong></span> <span class='ocrx_word' id='word_1_474' title='bbox 3155 1564 3504 1633; x_wconf 89' lang='lat' dir='ltr'><strong>periculosio-</strong></span> 
     </span>
    </p>
   </div>
   <div class='ocr_carea' id='block_1_60' title="bbox 1922 1653 3508 1724">
    <p class='ocr_par' dir='ltr' id='par_1_60' title="bbox 1922 1653 3508 1724">
     <span class='ocr_line' id='line_1_60' title="bbox 1922 1653 3508 1724; baseline 0.001 -14"><span class='ocrx_word' id='word_1_475' title='bbox 1922 1671 2008 1710; x_wconf 92' lang='lat' dir='ltr'><strong>res</strong></span> <span class='ocrx_word' id='word_1_476' title='bbox 2045 1655 2327 1710; x_wconf 90' lang='lat' dir='ltr'><strong>blanditias</strong></span> <span class='ocrx_word' id='word_1_477' title='bbox 2356 1670 2512 1724; x_wconf 86' lang='lat' dir='ltr'><strong>quam</strong></span> <span class='ocrx_word' id='word_1_478' title='bbox 2540 1653 2834 1719; x_wconf 87' lang='lat' dir='ltr'><strong>molestias,</strong></span> <span class='ocrx_word' id='word_1_479' title='bbox 2871 1653 2975 1707; x_wconf 85' lang='lat' dir='ltr'><strong>nisi</strong></span> <span class='ocrx_word' id='word_1_480' title='bbox 3012 1668 3132 1708; x_wconf 92' lang='lat' dir='ltr'><strong>cum</strong></span> <span class='ocrx_word' id='word_1_481' title='bbox 3162 1669 3259 1722; x_wconf 80' lang='lat' dir='ltr'><strong>pax</strong></span> <span class='ocrx_word' id='word_1_482' title='bbox 3289 1655 3403 1724; x_wconf 88' lang='lat' dir='ltr'><strong>eius</strong></span> <span class='ocrx_word' id='word_1_483' title='bbox 3440 1655 3508 1712; x_wconf 89' lang='lat' dir='ltr'><strong>ad</strong></span> 
     </span>
    </p>
   </div>
   <div class='ocr_carea' id='block_1_61' title="bbox 1923 1747 3510 1819">
    <p class='ocr_par' dir='ltr' id='par_1_61' title="bbox 1923 1747 3510 1819">
     <span class='ocr_line' id='line_1_61' title="bbox 1923 1747 3510 1819; baseline -0.003 -13"><span class='ocrx_word' id='word_1_484' title='bbox 1923 1750 2025 1806; x_wconf 87' lang='lat' dir='ltr'><strong>hoc</strong></span> <span class='ocrx_word' id='word_1_485' title='bbox 2055 1751 2282 1818; x_wconf 83' lang='lat' dir='ltr'><strong>proﬁcit,</strong></span> <span class='ocrx_word' id='word_1_486' title='bbox 2330 1749 2469 1819; x_wconf 89' lang='lat' dir='ltr'><strong>quod</strong></span> <span class='ocrx_word' id='word_1_487' title='bbox 2514 1747 2799 1818; x_wconf 85' lang='lat' dir='ltr'><strong>Apostolus</strong></span> <span class='ocrx_word' id='word_1_488' title='bbox 2842 1762 2996 1801; x_wconf 90' lang='lat' dir='ltr'><strong>orare</strong></span> <span class='ocrx_word' id='word_1_489' title='bbox 3040 1761 3137 1802; x_wconf 89' lang='lat' dir='ltr'><strong>nos</strong></span> <span class='ocrx_word' id='word_1_490' title='bbox 3179 1748 3406 1814; x_wconf 91' lang='lat' dir='ltr'><strong>monuit,</strong></span> <span class='ocrx_word' id='word_1_491' title='bbox 3455 1757 3510 1802; x_wconf 89' lang='lat' dir='ltr'><strong>ut</strong></span> 
     </span>
    </p>
   </div>
   <div class='ocr_carea' id='block_1_62' title="bbox 1922 1840 3513 1914">
    <p class='ocr_par' dir='ltr' id='par_1_62' title="bbox 1922 1840 3513 1914">
     <span class='ocr_line' id='line_1_62' title="bbox 1922 1840 3513 1914; baseline -0.001 -18"><span class='ocrx_word' id='word_1_492' title='bbox 1922 1847 2142 1914; x_wconf 81' lang='lat' dir='ltr'><strong>quietam</strong></span> <span class='ocrx_word' id='word_1_493' title='bbox 2170 1845 2320 1897; x_wconf 81' lang='lat' dir='ltr'><strong>vitam</strong></span> <span class='ocrx_word' id='word_1_494' title='bbox 2359 1852 2407 1897; x_wconf 89' lang='lat' dir='ltr'><strong>et</strong></span> <span class='ocrx_word' id='word_1_495' title='bbox 2445 1840 2769 1911; x_wconf 76' lang='lat' dir='ltr'><strong>tranquillam</strong></span> <span class='ocrx_word' id='word_1_496' title='bbox 2794 1855 3003 1910; x_wconf 87' lang='lat' dir='ltr'><strong>agamus</strong></span> <span class='ocrx_word' id='word_1_497' title='bbox 3027 1840 3080 1893; x_wconf 88' lang='lat' dir='ltr'><strong>in</strong></span> <span class='ocrx_word' id='word_1_498' title='bbox 3103 1841 3240 1894; x_wconf 86' lang='lat' dir='ltr'><strong>omni</strong></span> <span class='ocrx_word' id='word_1_499' title='bbox 3265 1840 3445 1909; x_wconf 80' lang='lat' dir='ltr'><strong>pietate</strong></span> <span class='ocrx_word' id='word_1_500' title='bbox 3463 1849 3513 1895; x_wconf 92' lang='lat' dir='ltr'><strong>et</strong></span> 
     </span>
    </p>
   </div>
   <div class='ocr_carea' id='block_1_63' title="bbox 1925 1929 3515 2003">
    <p class='ocr_par' dir='ltr' id='par_1_63' title="bbox 1925 1929 3515 2003">
     <span class='ocr_line' id='line_1_63' title="bbox 1925 1929 3515 2003; baseline 0 -17"><span class='ocrx_word' id='word_1_501' title='bbox 1925 1934 2168 1987; x_wconf 77' lang='lat' dir='ltr'><strong>cbaritate</strong></span> <span class='ocrx_word' id='word_1_502' title='bbox 2197 1931 2238 2003; x_wconf 92' lang='lat' dir='ltr'><strong>(l</strong></span> <span class='ocrx_word' id='word_1_503' title='bbox 2268 1931 2401 1986; x_wconf 88' lang='lat' dir='ltr'><strong>Tim.</strong></span> <span class='ocrx_word' id='word_1_504' title='bbox 2435 1947 2488 1993; x_wconf 84' lang='grc' dir='ltr'><strong>ιι.</strong></span> <span class='ocrx_word' id='word_1_505' title='bbox 2519 1929 2597 2002; x_wconf 73' lang='grc'><strong>2).</strong></span> <span class='ocrx_word' id='word_1_506' title='bbox 2628 1930 2681 1985; x_wconf 91' lang='lat' dir='ltr'><strong>Si</strong></span> <span class='ocrx_word' id='word_1_507' title='bbox 2710 1930 2851 1985; x_wconf 89' lang='lat' dir='ltr'><strong>enim</strong></span> <span class='ocrx_word' id='word_1_508' title='bbox 2888 1929 3025 1984; x_wconf 91' lang='lat' dir='ltr'><strong>desit</strong></span> <span class='ocrx_word' id='word_1_509' title='bbox 3062 1929 3232 1999; x_wconf 87' lang='lat' dir='ltr'><strong>pietas</strong></span> <span class='ocrx_word' id='word_1_510' title='bbox 3260 1940 3313 1985; x_wconf 90' lang='lat' dir='ltr'><strong>et</strong></span> <span class='ocrx_word' id='word_1_511' title='bbox 3339 1931 3515 1986; x_wconf 86' lang='lat' dir='ltr'><strong>chari-</strong></span> 
     </span>
    </p>
   </div>
   <div class='ocr_carea' id='block_1_64' title="bbox 1925 2019 3516 2095">
    <p class='ocr_par' dir='ltr' id='par_1_64' title="bbox 1925 2019 3516 2095">
     <span class='ocr_line' id='line_1_64' title="bbox 1925 2019 3516 2095; baseline -0.001 -17"><span class='ocrx_word' id='word_1_512' title='bbox 1925 2032 2028 2089; x_wconf 89' lang='lat' dir='ltr'><strong>tas,</strong></span> <span class='ocrx_word' id='word_1_513' title='bbox 2058 2023 2184 2095; x_wconf 91' lang='lat' dir='ltr'><strong>quid</strong></span> <span class='ocrx_word' id='word_1_514' title='bbox 2205 2032 2286 2079; x_wconf 90' lang='lat' dir='ltr'><strong>est</strong></span> <span class='ocrx_word' id='word_1_515' title='bbox 2309 2023 2376 2076; x_wconf 88' lang='lat' dir='ltr'><strong>ab</strong></span> <span class='ocrx_word' id='word_1_516' title='bbox 2400 2021 2505 2076; x_wconf 91' lang='lat' dir='ltr'><strong>illis</strong></span> <span class='ocrx_word' id='word_1_517' title='bbox 2525 2030 2579 2075; x_wconf 89' lang='lat' dir='ltr'><strong>et</strong></span> <span class='ocrx_word' id='word_1_518' title='bbox 2597 2037 2628 2076; x_wconf 89' lang='lat' dir='ltr'><strong>a</strong></span> <span class='ocrx_word' id='word_1_519' title='bbox 2655 2020 2862 2075; x_wconf 64' lang='lat' dir='ltr'><strong>caeteris</strong></span> <span class='ocrx_word' id='word_1_520' title='bbox 2881 2019 3062 2074; x_wconf 89' lang='lat' dir='ltr'><strong>mundi</strong></span> <span class='ocrx_word' id='word_1_521' title='bbox 3089 2020 3242 2074; x_wconf 90' lang='lat' dir='ltr'><strong>malis</strong></span> <span class='ocrx_word' id='word_1_522' title='bbox 3259 2021 3516 2090; x_wconf 88' lang='lat' dir='ltr'><strong>tranquil-</strong></span> 
     </span>
    </p>
   </div>
   <div class='ocr_carea' id='block_1_65' title="bbox 1925 2107 3511 2182">
    <p class='ocr_par' dir='ltr' id='par_1_65' title="bbox 1925 2107 3511 2182">
     <span class='ocr_line' id='line_1_65' title="bbox 1925 2107 3511 2182; baseline -0.003 -14"><span class='ocrx_word' id='word_1_523' title='bbox 1925 2113 2044 2168; x_wconf 90' lang='lat' dir='ltr'><strong>litas</strong></span> <span class='ocrx_word' id='word_1_524' title='bbox 2079 2121 2132 2167; x_wconf 90' lang='lat' dir='ltr'><strong>et</strong></span> <span class='ocrx_word' id='word_1_525' title='bbox 2173 2112 2346 2182; x_wconf 88' lang='lat' dir='ltr'><strong>quies,</strong></span> <span class='ocrx_word' id='word_1_526' title='bbox 2393 2110 2493 2166; x_wconf 91' lang='lat' dir='ltr'><strong>nisi</strong></span> <span class='ocrx_word' id='word_1_527' title='bbox 2524 2110 2747 2165; x_wconf 75' lang='lat' dir='ltr'><strong>luxurize</strong></span> <span class='ocrx_word' id='word_1_528' title='bbox 2784 2107 3200 2178; x_wconf 88' lang='lat' dir='ltr'><strong>perditionisque</strong></span> <span class='ocrx_word' id='word_1_529' title='bbox 3236 2110 3511 2179; x_wconf 86' lang='lat' dir='ltr'><strong>materies,</strong></span> 
     </span>
    </p>
   </div>
   <div class='ocr_carea' id='block_1_66' title="bbox 1925 2197 3515 2269">
    <p class='ocr_par' dir='ltr' id='par_1_66' title="bbox 1925 2197 3515 2269">
     <span class='ocr_line' id='line_1_66' title="bbox 1925 2197 3515 2269; baseline -0.004 -8"><span class='ocrx_word' id='word_1_530' title='bbox 1925 2205 2037 2261; x_wconf 87' lang='lat' dir='ltr'><strong>sive</strong></span> <span class='ocrx_word' id='word_1_531' title='bbox 2063 2205 2485 2269; x_wconf 86' lang='lat' dir='ltr'><strong>invitamentum,</strong></span> <span class='ocrx_word' id='word_1_532' title='bbox 2509 2202 2622 2256; x_wconf 90' lang='lat' dir='ltr'><strong>sive</strong></span> <span class='ocrx_word' id='word_1_533' title='bbox 2641 2198 3049 2269; x_wconf 86' lang='lat' dir='ltr'><strong>adiumentum?</strong></span> <span class='ocrx_word' id='word_1_534' title='bbox 3081 2197 3150 2253; x_wconf 86' lang='lat' dir='ltr'><strong>Ut</strong></span> <span class='ocrx_word' id='word_1_535' title='bbox 3173 2213 3299 2269; x_wconf 90' lang='lat' dir='ltr'><strong>ergo</strong></span> <span class='ocrx_word' id='word_1_536' title='bbox 3328 2198 3515 2256; x_wconf 83' lang='lat' dir='ltr'><strong>habea-</strong></span> 
     </span>
    </p>
   </div>
   <div class='ocr_carea' id='block_1_67' title="bbox 1928 2294 3518 2370">
    <p class='ocr_par' dir='ltr' id='par_1_67' title="bbox 1928 2294 3518 2370">
     <span class='ocr_line' id='line_1_67' title="bbox 1928 2294 3518 2370; baseline -0.004 -15"><span class='ocrx_word' id='word_1_537' title='bbox 1928 2316 2046 2357; x_wconf 88' lang='lat' dir='ltr'><strong>mus</strong></span> <span class='ocrx_word' id='word_1_538' title='bbox 2075 2300 2306 2370; x_wconf 89' lang='lat' dir='ltr'><strong>quietam</strong></span> <span class='ocrx_word' id='word_1_539' title='bbox 2336 2308 2391 2353; x_wconf 88' lang='lat' dir='ltr'><strong>et</strong></span> <span class='ocrx_word' id='word_1_540' title='bbox 2415 2296 2755 2368; x_wconf 85' lang='lat' dir='ltr'><strong>tranquillam</strong></span> <span class='ocrx_word' id='word_1_541' title='bbox 2784 2295 2944 2349; x_wconf 90' lang='lat' dir='ltr'><strong>vitam</strong></span> <span class='ocrx_word' id='word_1_542' title='bbox 2977 2294 3028 2349; x_wconf 91' lang='lat' dir='ltr'><strong>in</strong></span> <span class='ocrx_word' id='word_1_543' title='bbox 3059 2294 3206 2349; x_wconf 90' lang='lat' dir='ltr'><strong>omni</strong></span> <span class='ocrx_word' id='word_1_544' title='bbox 3243 2295 3436 2364; x_wconf 88' lang='lat' dir='ltr'><strong>pietate</strong></span> <span class='ocrx_word' id='word_1_545' title='bbox 3462 2301 3518 2350; x_wconf 87' lang='lat' dir='ltr'><strong>et</strong></span> 
     </span>
    </p>
   </div>
   <div class='ocr_carea' id='block_1_68' title="bbox 1928 2388 3512 2464">
    <p class='ocr_par' dir='ltr' id='par_1_68' title="bbox 1928 2388 3512 2464">
     <span class='ocr_line' id='line_1_68' title="bbox 1928 2388 3512 2464; baseline -0.006 -12"><span class='ocrx_word' id='word_1_546' title='bbox 1928 2397 2206 2462; x_wconf 81' lang='lat' dir='ltr'><strong>cbaritate,</strong></span> <span class='ocrx_word' id='word_1_547' title='bbox 2236 2393 2375 2464; x_wconf 88' lang='lat' dir='ltr'><strong>quod</strong></span> <span class='ocrx_word' id='word_1_548' title='bbox 2402 2404 2498 2448; x_wconf 87' lang='lat' dir='ltr'><strong>nos</strong></span> <span class='ocrx_word' id='word_1_549' title='bbox 2529 2406 2625 2462; x_wconf 92' lang='lat' dir='ltr'><strong>pro</strong></span> <span class='ocrx_word' id='word_1_550' title='bbox 2665 2390 2832 2452; x_wconf 86' lang='lat' dir='ltr'><strong>vobis,</strong></span> <span class='ocrx_word' id='word_1_551' title='bbox 2876 2398 3027 2444; x_wconf 91' lang='lat' dir='ltr'><strong>orate</strong></span> <span class='ocrx_word' id='word_1_552' title='bbox 3062 2404 3160 2458; x_wconf 90' lang='lat' dir='ltr'><strong>pro</strong></span> <span class='ocrx_word' id='word_1_553' title='bbox 3189 2388 3362 2455; x_wconf 90' lang='lat' dir='ltr'><strong>nobis,</strong></span> <span class='ocrx_word' id='word_1_554' title='bbox 3393 2388 3512 2444; x_wconf 78' lang='lat' dir='ltr'><strong>ubi-</strong></span> 
     </span>
    </p>
   </div>
   <div class='ocr_carea' id='block_1_69' title="bbox 1929 2479 3517 2558">
    <p class='ocr_par' dir='ltr' id='par_1_69' title="bbox 1929 2479 3517 2558">
     <span class='ocr_line' id='line_1_69' title="bbox 1929 2479 3517 2558; baseline -0.005 -15"><span class='ocrx_word' id='word_1_555' title='bbox 1929 2503 2156 2558; x_wconf 91' lang='lat' dir='ltr'><strong>cumque</strong></span> <span class='ocrx_word' id='word_1_556' title='bbox 2182 2488 2333 2551; x_wconf 89' lang='lat' dir='ltr'><strong>estis,</strong></span> <span class='ocrx_word' id='word_1_557' title='bbox 2378 2485 2698 2554; x_wconf 90' lang='lat' dir='ltr'><strong>ubicumque</strong></span> <span class='ocrx_word' id='word_1_558' title='bbox 2738 2496 2921 2537; x_wconf 92' lang='lat' dir='ltr'><strong>sumus</strong></span> <span class='ocrx_word' id='word_1_559' title='bbox 2951 2494 3214 2550; x_wconf 87' lang='lat' dir='ltr'><strong>nusquam</strong></span> <span class='ocrx_word' id='word_1_560' title='bbox 3241 2479 3382 2536; x_wconf 91' lang='lat' dir='ltr'><strong>enim</strong></span> <span class='ocrx_word' id='word_1_561' title='bbox 3410 2495 3517 2535; x_wconf 84' lang='lat' dir='ltr'><strong>non</strong></span> 
     </span>
    </p>
   </div>
   <div class='ocr_carea' id='block_1_70' title="bbox 1930 2579 2440 2649">
    <p class='ocr_par' dir='ltr' id='par_1_70' title="bbox 1930 2579 2440 2649">
     <span class='ocr_line' id='line_1_70' title="bbox 1930 2579 2440 2649; baseline -0.012 -12"><span class='ocrx_word' id='word_1_562' title='bbox 1930 2590 2031 2645; x_wconf 89' lang='lat' dir='ltr'><strong>est,</strong></span> <span class='ocrx_word' id='word_1_563' title='bbox 2064 2579 2215 2649; x_wconf 88' lang='lat' dir='ltr'><strong>cuius</strong></span> <span class='ocrx_word' id='word_1_564' title='bbox 2236 2592 2440 2633; x_wconf 87' lang='lat' dir='ltr'><strong>sumus.</strong></span> 
     </span>
    </p>
   </div>
   <div class='ocr_carea' id='block_1_71' title="bbox 2002 2663 3515 2736">
    <p class='ocr_par' dir='ltr' id='par_1_71' title="bbox 2002 2663 3515 2736">
     <span class='ocr_line' id='line_1_71' title="bbox 2002 2663 3515 2736; baseline -0.005 -10"><span class='ocrx_word' id='word_1_565' title='bbox 2002 2673 2055 2726; x_wconf 89' lang='lat'><strong>7.</strong></span> <span class='ocrx_word' id='word_1_566' title='bbox 2095 2670 2209 2725; x_wconf 87' lang='lat' dir='ltr'><strong>Misi</strong></span> <span class='ocrx_word' id='word_1_567' title='bbox 2239 2678 2294 2724; x_wconf 92' lang='lat' dir='ltr'><strong>et</strong></span> <span class='ocrx_word' id='word_1_568' title='bbox 2322 2668 2453 2723; x_wconf 88' lang='lat' dir='ltr'><strong>alios</strong></span> <span class='ocrx_word' id='word_1_569' title='bbox 2477 2667 2640 2721; x_wconf 91' lang='lat' dir='ltr'><strong>libros</strong></span> <span class='ocrx_word' id='word_1_570' title='bbox 2659 2680 2792 2736; x_wconf 90' lang='lat' dir='ltr'><strong>quos</strong></span> <span class='ocrx_word' id='word_1_571' title='bbox 2816 2678 2923 2719; x_wconf 88' lang='lat' dir='ltr'><strong>non</strong></span> <span class='ocrx_word' id='word_1_572' title='bbox 2951 2664 3150 2735; x_wconf 88' lang='lat' dir='ltr'><strong>petisti,</strong></span> <span class='ocrx_word' id='word_1_573' title='bbox 3181 2678 3249 2720; x_wconf 92' lang='lat' dir='ltr'><strong>ne</strong></span> <span class='ocrx_word' id='word_1_574' title='bbox 3273 2663 3374 2720; x_wconf 89' lang='lat' dir='ltr'><strong>hoc</strong></span> <span class='ocrx_word' id='word_1_575' title='bbox 3396 2673 3515 2720; x_wconf 87' lang='lat' dir='ltr'><strong>tan-</strong></span> 
     </span>
    </p>
   </div>
   <div class='ocr_carea' id='block_1_72' title="bbox 1934 2754 3523 2828">
    <p class='ocr_par' dir='ltr' id='par_1_72' title="bbox 1934 2754 3523 2828">
     <span class='ocr_line' id='line_1_72' title="bbox 1934 2754 3523 2828; baseline -0.003 -11"><span class='ocrx_word' id='word_1_576' title='bbox 1934 2761 2206 2817; x_wconf 89' lang='lat' dir='ltr'><strong>tummodo</strong></span> <span class='ocrx_word' id='word_1_577' title='bbox 2243 2759 2471 2814; x_wconf 87' lang='lat' dir='ltr'><strong>facerem</strong></span> <span class='ocrx_word' id='word_1_578' title='bbox 2514 2756 2652 2828; x_wconf 91' lang='lat' dir='ltr'><strong>quod</strong></span> <span class='ocrx_word' id='word_1_579' title='bbox 2701 2757 2906 2828; x_wconf 91' lang='lat' dir='ltr'><strong>petisti;</strong></span> <span class='ocrx_word' id='word_1_580' title='bbox 2946 2754 3014 2810; x_wconf 91' lang='lat' dir='ltr'><strong>de</strong></span> <span class='ocrx_word' id='word_1_581' title='bbox 3043 2754 3172 2810; x_wconf 91' lang='lat' dir='ltr'><strong>Fide</strong></span> <span class='ocrx_word' id='word_1_582' title='bbox 3198 2770 3375 2811; x_wconf 89' lang='lat' dir='ltr'><strong>rerum</strong></span> <span class='ocrx_word' id='word_1_583' title='bbox 3403 2771 3523 2827; x_wconf 72' lang='lat' dir='ltr'><strong>qua:</strong></span> 
     </span>
    </p>
   </div>
   <div class='ocr_carea' id='block_1_73' title="bbox 1935 2845 3525 2919">
    <p class='ocr_par' dir='ltr' id='par_1_73' title="bbox 1935 2845 3525 2919">
     <span class='ocr_line' id='line_1_73' title="bbox 1935 2845 3525 2919; baseline -0.004 -9"><span class='ocrx_word' id='word_1_584' title='bbox 1935 2871 2040 2910; x_wconf 91' lang='lat' dir='ltr'><strong>non</strong></span> <span class='ocrx_word' id='word_1_585' title='bbox 2069 2853 2338 2919; x_wconf 90' lang='lat' dir='ltr'><strong>videntur,</strong></span> <span class='ocrx_word' id='word_1_586' title='bbox 2366 2851 2434 2906; x_wconf 91' lang='lat' dir='ltr'><strong>de</strong></span> <span class='ocrx_word' id='word_1_587' title='bbox 2458 2849 2743 2914; x_wconf 89' lang='lat' dir='ltr'><strong>Patientia,</strong></span> <span class='ocrx_word' id='word_1_588' title='bbox 2776 2847 2843 2904; x_wconf 90' lang='lat' dir='ltr'><strong>de</strong></span> <span class='ocrx_word' id='word_1_589' title='bbox 2871 2845 3230 2911; x_wconf 89' lang='lat' dir='ltr'><strong>Continentia,</strong></span> <span class='ocrx_word' id='word_1_590' title='bbox 3250 2845 3318 2902; x_wconf 90' lang='lat' dir='ltr'><strong>de</strong></span> <span class='ocrx_word' id='word_1_591' title='bbox 3345 2845 3525 2903; x_wconf 75' lang='lat' dir='ltr'><strong>Provi~</strong></span> 
     </span>
    </p>
   </div>
   <div class='ocr_carea' id='block_1_74' title="bbox 1935 2935 3522 3013">
    <p class='ocr_par' dir='ltr' id='par_1_74' title="bbox 1935 2935 3522 3013">
     <span class='ocr_line' id='line_1_74' title="bbox 1935 2935 3522 3013; baseline -0.005 -11"><span class='ocrx_word' id='word_1_592' title='bbox 1935 2945 2134 3011; x_wconf 89' lang='lat' dir='ltr'><strong>dentia,</strong></span> <span class='ocrx_word' id='word_1_593' title='bbox 2162 2953 2215 2999; x_wconf 92' lang='lat' dir='ltr'><strong>et</strong></span> <span class='ocrx_word' id='word_1_594' title='bbox 2242 2959 2407 2998; x_wconf 90' lang='lat' dir='ltr'><strong>unum</strong></span> <span class='ocrx_word' id='word_1_595' title='bbox 2435 2940 2687 3013; x_wconf 86' lang='lat' dir='ltr'><strong>grandem</strong></span> <span class='ocrx_word' id='word_1_596' title='bbox 2712 2939 2779 2994; x_wconf 95' lang='lat' dir='ltr'><strong>de</strong></span> <span class='ocrx_word' id='word_1_597' title='bbox 2810 2937 2942 2994; x_wconf 89' lang='lat' dir='ltr'><strong>Fide</strong></span> <span class='ocrx_word' id='word_1_598' title='bbox 2963 2947 3018 2992; x_wconf 86' lang='lat' dir='ltr'><strong>et</strong></span> <span class='ocrx_word' id='word_1_599' title='bbox 3032 2935 3140 3009; x_wconf 90' lang='lat' dir='ltr'><strong>Spe</strong></span> <span class='ocrx_word' id='word_1_600' title='bbox 3154 2945 3207 2992; x_wconf 91' lang='lat' dir='ltr'><strong>et</strong></span> <span class='ocrx_word' id='word_1_601' title='bbox 3231 2935 3522 2994; x_wconf 81' lang='lat' dir='ltr'><strong>Charitate.</strong></span> 
     </span>
    </p>
   </div>
   <div class='ocr_carea' id='block_1_75' title="bbox 1936 3031 3517 3102">
    <p class='ocr_par' dir='ltr' id='par_1_75' title="bbox 1936 3031 3517 3102">
     <span class='ocr_line' id='line_1_75' title="bbox 1936 3031 3517 3102; baseline -0.004 -8"><span class='ocrx_word' id='word_1_602' title='bbox 1936 3039 2045 3094; x_wconf 82' lang='lat' dir='ltr'><strong>Hos</strong></span> <span class='ocrx_word' id='word_1_603' title='bbox 2070 3052 2257 3093; x_wconf 79' lang='lat' dir='ltr'><strong>omnes</strong></span> <span class='ocrx_word' id='word_1_604' title='bbox 2277 3037 2322 3090; x_wconf 89' lang='lat' dir='ltr'><strong>si</strong></span> <span class='ocrx_word' id='word_1_605' title='bbox 2343 3035 2468 3091; x_wconf 90' lang='lat' dir='ltr'><strong>dum</strong></span> <span class='ocrx_word' id='word_1_606' title='bbox 2508 3049 2567 3090; x_wconf 91' lang='lat' dir='ltr'><strong>es</strong></span> <span class='ocrx_word' id='word_1_607' title='bbox 2599 3034 2737 3089; x_wconf 89' lang='lat' dir='ltr'><strong>intra</strong></span> <span class='ocrx_word' id='word_1_608' title='bbox 2766 3031 2998 3088; x_wconf 85' lang='lat' dir='ltr'><strong>Africam</strong></span> <span class='ocrx_word' id='word_1_609' title='bbox 3020 3031 3232 3102; x_wconf 87' lang='lat' dir='ltr'><strong>legeris,</strong></span> <span class='ocrx_word' id='word_1_610' title='bbox 3257 3031 3517 3102; x_wconf 89' lang='lat' dir='ltr'><strong>iudicium</strong></span> 
     </span>
    </p>
   </div>
   <div class='ocr_carea' id='block_1_76' title="bbox 1939 3124 3527 3196">
    <p class='ocr_par' dir='ltr' id='par_1_76' title="bbox 1939 3124 3527 3196">
     <span class='ocr_line' id='line_1_76' title="bbox 1939 3124 3527 3196; baseline -0.004 -8"><span class='ocrx_word' id='word_1_611' title='bbox 1939 3143 2084 3189; x_wconf 89' lang='lat' dir='ltr'><strong>tuum</strong></span> <span class='ocrx_word' id='word_1_612' title='bbox 2116 3132 2266 3188; x_wconf 87' lang='lat' dir='ltr'><strong>mitte</strong></span> <span class='ocrx_word' id='word_1_613' title='bbox 2289 3131 2356 3186; x_wconf 91' lang='lat' dir='ltr'><strong>de</strong></span> <span class='ocrx_word' id='word_1_614' title='bbox 2385 3129 2520 3195; x_wconf 92' lang='lat' dir='ltr'><strong>illis;</strong></span> <span class='ocrx_word' id='word_1_615' title='bbox 2544 3136 2635 3183; x_wconf 89' lang='lat' dir='ltr'><strong>aut</strong></span> <span class='ocrx_word' id='word_1_616' title='bbox 2655 3127 2806 3182; x_wconf 91' lang='lat' dir='ltr'><strong>mitte</strong></span> <span class='ocrx_word' id='word_1_617' title='bbox 2842 3125 3015 3190; x_wconf 92' lang='lat' dir='ltr'><strong>nobis,</strong></span> <span class='ocrx_word' id='word_1_618' title='bbox 3056 3132 3149 3179; x_wconf 91' lang='lat' dir='ltr'><strong>aut</strong></span> <span class='ocrx_word' id='word_1_619' title='bbox 3175 3139 3282 3196; x_wconf 90' lang='lat' dir='ltr'><strong>quo</strong></span> <span class='ocrx_word' id='word_1_620' title='bbox 3316 3124 3468 3180; x_wconf 87' lang='lat' dir='ltr'><strong>nobis</strong></span> <span class='ocrx_word' id='word_1_621' title='bbox 3492 3139 3527 3181; x_wconf 84' lang='lat' dir='ltr'><strong>a</strong></span> 
     </span>
    </p>
   </div>
   <div class='ocr_carea' id='block_1_77' title="bbox 1939 3215 3527 3288">
    <p class='ocr_par' dir='ltr' id='par_1_77' title="bbox 1939 3215 3527 3288">
     <span class='ocr_line' id='line_1_77' title="bbox 1939 3215 3527 3288; baseline -0.004 -8"><span class='ocrx_word' id='word_1_622' title='bbox 1939 3225 2156 3280; x_wconf 89' lang='lat' dir='ltr'><strong>domino</strong></span> <span class='ocrx_word' id='word_1_623' title='bbox 2198 3223 2361 3278; x_wconf 87' lang='lat' dir='ltr'><strong>fratre</strong></span> <span class='ocrx_word' id='word_1_624' title='bbox 2408 3221 2625 3277; x_wconf 81' lang='lat' dir='ltr'><strong>Aurelio</strong></span> <span class='ocrx_word' id='word_1_625' title='bbox 2671 3219 2932 3283; x_wconf 84' lang='lat' dir='ltr'><strong>mittatur,</strong></span> <span class='ocrx_word' id='word_1_626' title='bbox 2981 3216 3056 3272; x_wconf 91' lang='lat' dir='ltr'><strong>ibi</strong></span> <span class='ocrx_word' id='word_1_627' title='bbox 3092 3215 3527 3288; x_wconf 79' lang='lat' dir='ltr'><strong>dimittezquan-</strong></span> 
     </span>
    </p>
   </div>
   <div class='ocr_carea' id='block_1_78' title="bbox 1940 3307 3524 3389">
    <p class='ocr_par' dir='ltr' id='par_1_78' title="bbox 1940 3307 3524 3389">
     <span class='ocr_line' id='line_1_78' title="bbox 1940 3307 3524 3389; baseline -0.004 -18"><span class='ocrx_word' id='word_1_628' title='bbox 1940 3333 2097 3389; x_wconf 87' lang='lat' dir='ltr'><strong>quam</strong></span> <span class='ocrx_word' id='word_1_629' title='bbox 2119 3326 2172 3371; x_wconf 92' lang='lat' dir='ltr'><strong>et</strong></span> <span class='ocrx_word' id='word_1_630' title='bbox 2188 3315 2505 3384; x_wconf 90' lang='lat' dir='ltr'><strong>ubicumque</strong></span> <span class='ocrx_word' id='word_1_631' title='bbox 2531 3312 2693 3368; x_wconf 86' lang='lat' dir='ltr'><strong>fueris</strong></span> <span class='ocrx_word' id='word_1_632' title='bbox 2715 3322 2997 3380; x_wconf 89' lang='lat' dir='ltr'><strong>speramus</strong></span> <span class='ocrx_word' id='word_1_633' title='bbox 3016 3307 3139 3363; x_wconf 90' lang='lat' dir='ltr'><strong>inde</strong></span> <span class='ocrx_word' id='word_1_634' title='bbox 3157 3307 3363 3363; x_wconf 81' lang='lat' dir='ltr'><strong>litteras</strong></span> <span class='ocrx_word' id='word_1_635' title='bbox 3384 3316 3524 3377; x_wconf 88' lang='lat' dir='ltr'><strong>tuas,</strong></span> 
     </span>
    </p>
   </div>
   <div class='ocr_carea' id='block_1_79' title="bbox 1941 3399 3532 3475">
    <p class='ocr_par' dir='ltr' id='par_1_79' title="bbox 1941 3399 3532 3475">
     <span class='ocr_line' id='line_1_79' title="bbox 1941 3399 3532 3475; baseline -0.006 -9"><span class='ocrx_word' id='word_1_636' title='bbox 1941 3420 1996 3467; x_wconf 90' lang='lat' dir='ltr'><strong>et</strong></span> <span class='ocrx_word' id='word_1_637' title='bbox 2022 3410 2144 3464; x_wconf 90' lang='lat' dir='ltr'><strong>hinc</strong></span> <span class='ocrx_word' id='word_1_638' title='bbox 2167 3417 2242 3474; x_wconf 92' lang='lat' dir='ltr'><strong>tu,</strong></span> <span class='ocrx_word' id='word_1_639' title='bbox 2270 3406 2395 3462; x_wconf 90' lang='lat' dir='ltr'><strong>dum</strong></span> <span class='ocrx_word' id='word_1_640' title='bbox 2420 3417 2720 3475; x_wconf 89' lang='lat' dir='ltr'><strong>possumus,</strong></span> <span class='ocrx_word' id='word_1_641' title='bbox 2734 3409 2968 3456; x_wconf 90' lang='lat' dir='ltr'><strong>nostras.</strong></span> <span class='ocrx_word' id='word_1_642' title='bbox 2989 3399 3208 3470; x_wconf 85' lang='lat' dir='ltr'><strong>Suscepi</strong></span> <span class='ocrx_word' id='word_1_643' title='bbox 3229 3399 3532 3470; x_wconf 86' lang='lat' dir='ltr'><strong>gratissime</strong></span> 
     </span>
    </p>
   </div>
   <div class='ocr_carea' id='block_1_80' title="bbox 1943 3490 3532 3572">
    <p class='ocr_par' dir='ltr' id='par_1_80' title="bbox 1943 3490 3532 3572">
     <span class='ocr_line' id='line_1_80' title="bbox 1943 3490 3532 3572; baseline -0.007 -16"><span class='ocrx_word' id='word_1_644' title='bbox 1943 3518 2059 3572; x_wconf 79' lang='lat' dir='ltr'><strong>quae</strong></span> <span class='ocrx_word' id='word_1_645' title='bbox 2087 3499 2312 3563; x_wconf 91' lang='lat' dir='ltr'><strong>misisti;</strong></span> <span class='ocrx_word' id='word_1_646' title='bbox 2341 3496 2427 3552; x_wconf 90' lang='lat' dir='ltr'><strong>ubi</strong></span> <span class='ocrx_word' id='word_1_647' title='bbox 2457 3507 2511 3551; x_wconf 90' lang='lat' dir='ltr'><strong>et</strong></span> <span class='ocrx_word' id='word_1_648' title='bbox 2549 3495 2772 3550; x_wconf 89' lang='lat' dir='ltr'><strong>salutem</strong></span> <span class='ocrx_word' id='word_1_649' title='bbox 2813 3506 2985 3547; x_wconf 89' lang='lat' dir='ltr'><strong>meam</strong></span> <span class='ocrx_word' id='word_1_650' title='bbox 3013 3490 3253 3560; x_wconf 89' lang='lat' dir='ltr'><strong>quamvis</strong></span> <span class='ocrx_word' id='word_1_651' title='bbox 3277 3504 3532 3561; x_wconf 89' lang='lat' dir='ltr'><strong>corpora-</strong></span> 
     </span>
    </p>
   </div>
   <div class='ocr_carea' id='block_1_81' title="bbox 1944 3579 3532 3662">
    <p class='ocr_par' dir='ltr' id='par_1_81' title="bbox 1944 3579 3532 3662">
     <span class='ocr_line' id='line_1_81' title="bbox 1944 3579 3532 3662; baseline -0.006 -14"><span class='ocrx_word' id='word_1_652' title='bbox 1944 3593 2070 3658; x_wconf 87' lang='lat' dir='ltr'><strong>lem,</strong></span> <span class='ocrx_word' id='word_1_653' title='bbox 2097 3590 2346 3662; x_wconf 91' lang='lat' dir='ltr'><strong>quoniam</strong></span> <span class='ocrx_word' id='word_1_654' title='bbox 2373 3588 2454 3642; x_wconf 92' lang='lat' dir='ltr'><strong>vis</strong></span> <span class='ocrx_word' id='word_1_655' title='bbox 2492 3601 2576 3641; x_wconf 90' lang='lat' dir='ltr'><strong>me</strong></span> <span class='ocrx_word' id='word_1_656' title='bbox 2617 3585 2798 3654; x_wconf 90' lang='lat' dir='ltr'><strong>utique</strong></span> <span class='ocrx_word' id='word_1_657' title='bbox 2826 3583 2942 3637; x_wconf 89' lang='lat' dir='ltr'><strong>sine</strong></span> <span class='ocrx_word' id='word_1_658' title='bbox 2968 3579 3348 3651; x_wconf 87' lang='lat' dir='ltr'><strong>impedimento</strong></span> <span class='ocrx_word' id='word_1_659' title='bbox 3376 3582 3532 3639; x_wconf 73' lang='lat' dir='ltr'><strong>mala:</strong></span> 
     </span>
    </p>
   </div>
   <div class='ocr_carea' id='block_1_82' title="bbox 1943 3673 3534 3742">
    <p class='ocr_par' dir='ltr' id='par_1_82' title="bbox 1943 3673 3534 3742">
     <span class='ocr_line' id='line_1_82' title="bbox 1943 3673 3534 3742; baseline -0.007 -1"><span class='ocrx_word' id='word_1_660' title='bbox 1943 3684 2258 3741; x_wconf 87' lang='lat' dir='ltr'><strong>valetudinis</strong></span> <span class='ocrx_word' id='word_1_661' title='bbox 2298 3681 2408 3737; x_wconf 91' lang='lat' dir='ltr'><strong>Deo</strong></span> <span class='ocrx_word' id='word_1_662' title='bbox 2450 3693 2660 3742; x_wconf 84' lang='lat' dir='ltr'><strong>vacare,</strong></span> <span class='ocrx_word' id='word_1_663' title='bbox 2700 3686 2753 3732; x_wconf 90' lang='lat' dir='ltr'><strong>et</strong></span> <span class='ocrx_word' id='word_1_664' title='bbox 2777 3673 3154 3730; x_wconf 86' lang='lat' dir='ltr'><strong>bibliothecam</strong></span> <span class='ocrx_word' id='word_1_665' title='bbox 3180 3681 3440 3737; x_wconf 82' lang='lat' dir='ltr'><strong>nostram.</strong></span> <span class='ocrx_word' id='word_1_666' title='bbox 3473 3682 3534 3730; x_wconf 87' lang='lat' dir='ltr'><strong>ut</strong></span> 
     </span>
    </p>
   </div>
   <div class='ocr_carea' id='block_1_83' title="bbox 1945 3766 3531 3843">
    <p class='ocr_par' dir='ltr' id='par_1_83' title="bbox 1945 3766 3531 3843">
     <span class='ocr_line' id='line_1_83' title="bbox 1945 3766 3531 3843; baseline -0.006 -9"><span class='ocrx_word' id='word_1_667' title='bbox 1945 3780 2053 3834; x_wconf 92' lang='lat' dir='ltr'><strong>sint</strong></span> <span class='ocrx_word' id='word_1_668' title='bbox 2079 3777 2220 3834; x_wconf 91' lang='lat' dir='ltr'><strong>unde</strong></span> <span class='ocrx_word' id='word_1_669' title='bbox 2245 3776 2362 3831; x_wconf 90' lang='lat' dir='ltr'><strong>libri</strong></span> <span class='ocrx_word' id='word_1_670' title='bbox 2387 3773 2469 3829; x_wconf 83' lang='lat' dir='ltr'><strong>vel</strong></span> <span class='ocrx_word' id='word_1_671' title='bbox 2511 3779 2768 3843; x_wconf 90' lang='lat' dir='ltr'><strong>parentur</strong></span> <span class='ocrx_word' id='word_1_672' title='bbox 2792 3769 2874 3824; x_wconf 90' lang='lat' dir='ltr'><strong>vel</strong></span> <span class='ocrx_word' id='word_1_673' title='bbox 2915 3775 3247 3838; x_wconf 89' lang='lat' dir='ltr'><strong>reparentur,</strong></span> <span class='ocrx_word' id='word_1_674' title='bbox 3274 3766 3531 3836; x_wconf 88' lang='lat' dir='ltr'><strong>adiuvare</strong></span> 
     </span>
    </p>
   </div>
   <div class='ocr_carea' id='block_1_84' title="bbox 1946 3858 3536 3939">
    <p class='ocr_par' dir='ltr' id='par_1_84' title="bbox 1946 3858 3536 3939">
     <span class='ocr_line' id='line_1_84' title="bbox 1946 3858 3536 3939; baseline -0.004 -15"><span class='ocrx_word' id='word_1_675' title='bbox 1946 3869 2189 3939; x_wconf 87' lang='lat' dir='ltr'><strong>dignatus</strong></span> <span class='ocrx_word' id='word_1_676' title='bbox 2207 3883 2286 3922; x_wconf 88' lang='lat' dir='ltr'><strong>es.</strong></span> <span class='ocrx_word' id='word_1_677' title='bbox 2322 3863 2599 3933; x_wconf 81' lang='lat' dir='ltr'><strong>Rependat</strong></span> <span class='ocrx_word' id='word_1_678' title='bbox 2620 3861 2713 3916; x_wconf 86' lang='lat' dir='ltr'><strong>tibi</strong></span> <span class='ocrx_word' id='word_1_679' title='bbox 2743 3859 2995 3914; x_wconf 84' lang='lat' dir='ltr'><strong>Dominus</strong></span> <span class='ocrx_word' id='word_1_680' title='bbox 3015 3866 3069 3913; x_wconf 84' lang='lat' dir='ltr'><strong>et</strong></span> <span class='ocrx_word' id='word_1_681' title='bbox 3090 3858 3176 3914; x_wconf 89' lang='lat' dir='ltr'><strong>hic</strong></span> <span class='ocrx_word' id='word_1_682' title='bbox 3199 3866 3253 3915; x_wconf 88' lang='lat' dir='ltr'><strong>et</strong></span> <span class='ocrx_word' id='word_1_683' title='bbox 3278 3859 3331 3915; x_wconf 90' lang='lat' dir='ltr'><strong>in</strong></span> <span class='ocrx_word' id='word_1_684' title='bbox 3357 3859 3536 3918; x_wconf 85' lang='lat' dir='ltr'><strong>futuro</strong></span> 
     </span>
    </p>
   </div>
   <div class='ocr_carea' id='block_1_85' title="bbox 1947 3949 3536 4024">
    <p class='ocr_par' dir='ltr' id='par_1_85' title="bbox 1947 3949 3536 4024">
     <span class='ocr_line' id='line_1_85' title="bbox 1947 3949 3536 4024; baseline -0.003 -12"><span class='ocrx_word' id='word_1_685' title='bbox 1947 3957 2142 4012; x_wconf 66' lang='lat' dir='ltr'><strong>saeculo</strong></span> <span class='ocrx_word' id='word_1_686' title='bbox 2169 3956 2329 4018; x_wconf 89' lang='lat' dir='ltr'><strong>bona,</strong></span> <span class='ocrx_word' id='word_1_687' title='bbox 2357 3968 2478 4024; x_wconf 74' lang='lat' dir='ltr'><strong>quae</strong></span> <span class='ocrx_word' id='word_1_688' title='bbox 2503 3952 2690 4006; x_wconf 87' lang='lat' dir='ltr'><strong>talibus</strong></span> <span class='ocrx_word' id='word_1_689' title='bbox 2721 3949 2933 4019; x_wconf 90' lang='lat' dir='ltr'><strong>qualem</strong></span> <span class='ocrx_word' id='word_1_690' title='bbox 2959 3957 3013 4003; x_wconf 91' lang='lat' dir='ltr'><strong>te</strong></span> <span class='ocrx_word' id='word_1_691' title='bbox 3041 3964 3159 4004; x_wconf 88' lang='lat' dir='ltr'><strong>esse</strong></span> <span class='ocrx_word' id='word_1_692' title='bbox 3178 3950 3366 4019; x_wconf 90' lang='lat' dir='ltr'><strong>voluit,</strong></span> <span class='ocrx_word' id='word_1_693' title='bbox 3397 3967 3536 4023; x_wconf 72' lang='lat' dir='ltr'><strong>prae-</strong></span> 
     </span>
    </p>
   </div>
   <div class='ocr_carea' id='block_1_86' title="bbox 1949 4038 3533 4118">
    <p class='ocr_par' dir='ltr' id='par_1_86' title="bbox 1949 4038 3533 4118">
     <span class='ocr_line' id='line_1_86' title="bbox 1949 4038 3533 4118; baseline 0 -18"><span class='ocrx_word' id='word_1_694' title='bbox 1949 4047 2172 4118; x_wconf 88' lang='lat' dir='ltr'><strong>paravit.</strong></span> <span class='ocrx_word' id='word_1_695' title='bbox 2207 4045 2403 4115; x_wconf 90' lang='lat' dir='ltr'><strong>Pignus</strong></span> <span class='ocrx_word' id='word_1_696' title='bbox 2431 4041 2576 4112; x_wconf 89' lang='lat' dir='ltr'><strong>pacis</strong></span> <span class='ocrx_word' id='word_1_697' title='bbox 2597 4038 2737 4110; x_wconf 86' lang='lat' dir='ltr'><strong>apud</strong></span> <span class='ocrx_word' id='word_1_698' title='bbox 2763 4046 2816 4093; x_wconf 85' lang='lat' dir='ltr'><strong>te</strong></span> <span class='ocrx_word' id='word_1_699' title='bbox 2840 4038 3158 4108; x_wconf 87' lang='lat' dir='ltr'><strong>depositum,</strong></span> <span class='ocrx_word' id='word_1_700' title='bbox 3185 4049 3533 4113; x_wconf 82' lang='lat' dir='ltr'><strong>nostrumque</strong></span> 
     </span>
    </p>
   </div>
   <div class='ocr_carea' id='block_1_87' title="bbox 1948 4129 3531 4210">
    <p class='ocr_par' dir='ltr' id='par_1_87' title="bbox 1948 4129 3531 4210">
     <span class='ocr_line' id='line_1_87' title="bbox 1948 4129 3531 4210; baseline -0.001 -16"><span class='ocrx_word' id='word_1_701' title='bbox 1948 4139 2162 4210; x_wconf 87' lang='lat' dir='ltr'><strong>utrique</strong></span> <span class='ocrx_word' id='word_1_702' title='bbox 2174 4136 2563 4201; x_wconf 89' lang='lat' dir='ltr'><strong>dulcissimum,</strong></span> <span class='ocrx_word' id='word_1_703' title='bbox 2586 4132 2724 4190; x_wconf 88' lang='lat' dir='ltr'><strong>sicut</strong></span> <span class='ocrx_word' id='word_1_704' title='bbox 2737 4139 2860 4188; x_wconf 89' lang='lat' dir='ltr'><strong>ante</strong></span> <span class='ocrx_word' id='word_1_705' title='bbox 2880 4145 2912 4186; x_wconf 91' lang='lat' dir='ltr'><strong>a</strong></span> <span class='ocrx_word' id='word_1_706' title='bbox 2931 4143 3018 4186; x_wconf 88' lang='lat' dir='ltr'><strong>me</strong></span> <span class='ocrx_word' id='word_1_707' title='bbox 3031 4129 3270 4197; x_wconf 84' lang='lat' dir='ltr'><strong>salutari,</strong></span> <span class='ocrx_word' id='word_1_708' title='bbox 3295 4131 3367 4188; x_wconf 90' lang='lat' dir='ltr'><strong>ita</strong></span> <span class='ocrx_word' id='word_1_709' title='bbox 3386 4148 3531 4192; x_wconf 88' lang='lat' dir='ltr'><strong>nunc</strong></span> 
     </span>
    </p>
   </div>
   <div class='ocr_carea' id='block_1_88' title="bbox 1949 4229 2396 4300">
    <p class='ocr_par' dir='ltr' id='par_1_88' title="bbox 1949 4229 2396 4300">
     <span class='ocr_line' id='line_1_88' title="bbox 1949 4229 2396 4300; baseline -0.018 -12"><span class='ocrx_word' id='word_1_710' title='bbox 1949 4229 2227 4289; x_wconf 87' lang='lat' dir='ltr'><strong>resalutari</strong></span> <span class='ocrx_word' id='word_1_711' title='bbox 2254 4234 2396 4300; x_wconf 89' lang='lat' dir='ltr'><strong>peto.</strong></span> 
     </span>
    </p>
   </div>
   <div class='ocr_carea' id='block_1_89' title="bbox 1707 4513 1990 4525">
    <p class='ocr_par' dir='ltr' id='par_1_89' title="bbox 1707 4513 1990 4525">
     <span class='ocr_line' id='line_1_89' title="bbox 1707 4513 1990 4525; baseline -0.004 0"><span class='ocrx_word' id='word_1_712' title='bbox 1707 4513 1990 4525; x_wconf 54' lang='grc' dir='ltr'><strong>υ-οὴ</strong></span> 
     </span>
    </p>
   </div>
   <div class='ocr_carea' id='block_1_90' title="bbox 1200 4511 2582 4722">
    <p class='ocr_par' dir='ltr' id='par_1_90' title="bbox 1200 4511 2582 4722">
     <span class='ocr_line' id='line_1_90' title="bbox 1200 4511 2582 4722; baseline -0.021 1"><span class='ocrx_word' id='word_1_713' title='bbox 1200 4511 2582 4722; x_wconf 45' lang='lat' dir='ltr'><strong>memisse;</strong></span> 
     </span>
    </p>
   </div>
   <div class='ocr_carea' id='block_1_91' title="bbox 802 4793 2981 4870">
    <p class='ocr_par' dir='ltr' id='par_1_91' title="bbox 802 4793 2981 4870">
     <span class='ocr_line' id='line_1_91' title="bbox 802 4793 2981 4870; baseline -0.008 -14"><span class='ocrx_word' id='word_1_714' title='bbox 802 4802 1026 4870; x_wconf 67' lang='lat' dir='ltr'><strong>Epistolas</strong></span> <span class='ocrx_word' id='word_1_715' title='bbox 1047 4813 1077 4851; x_wconf 89' lang='lat' dir='ltr'><strong>a</strong></span> <span class='ocrx_word' id='word_1_716' title='bbox 1103 4807 1147 4851; x_wconf 92' lang='lat' dir='ltr'><strong>s.</strong></span> <span class='ocrx_word' id='word_1_717' title='bbox 1169 4798 1434 4862; x_wconf 76' lang='lat' dir='ltr'><strong>Augustino</strong></span> <span class='ocrx_word' id='word_1_718' title='bbox 1459 4798 1686 4861; x_wconf 73' lang='lat' dir='ltr'><strong>epiSOOpo</strong></span> <span class='ocrx_word' id='word_1_719' title='bbox 1706 4796 1916 4858; x_wconf 61' lang='lat' dir='ltr'><strong>scriptas,</strong></span> <span class='ocrx_word' id='word_1_720' title='bbox 1938 4805 2142 4858; x_wconf 88' lang='lat' dir='ltr'><strong>quarum</strong></span> <span class='ocrx_word' id='word_1_721' title='bbox 2165 4800 2358 4856; x_wconf 88' lang='lat' dir='ltr'><strong>tempus</strong></span> <span class='ocrx_word' id='word_1_722' title='bbox 2376 4793 2535 4842; x_wconf 90' lang='lat' dir='ltr'><strong>minus</strong></span> <span class='ocrx_word' id='word_1_723' title='bbox 2554 4797 2856 4855; x_wconf 85' lang='lat' dir='ltr'><strong>compertum</strong></span> <span class='ocrx_word' id='word_1_724' title='bbox 2889 4796 2981 4842; x_wconf 87' lang='lat' dir='ltr'><strong>est.</strong></span> 
     </span>
    </p>
   </div>
   <div class='ocr_carea' id='block_1_92' title="bbox 1611 4929 2189 4989">
    <p class='ocr_par' dir='ltr' id='par_1_92' title="bbox 1611 4929 2189 4989">
     <span class='ocr_line' id='line_1_92' title="bbox 1611 4929 2189 4989; baseline 0.003 -3"><span class='ocrx_word' id='word_1_725' title='bbox 1611 4929 2189 4989; x_wconf 52' lang='grc' dir='ltr'><strong>(αοθΝΟβιέ-αὲϐδ</strong></span> 
     </span>
    </p>
   </div>
   <div class='ocr_carea' id='block_1_93' title="bbox 637 5054 1455 5126">
    <p class='ocr_par' dir='ltr' id='par_1_93' title="bbox 637 5054 1455 5126">
     <span class='ocr_line' id='line_1_93' title="bbox 637 5054 1455 5126; baseline -0.018 -5"><span class='ocrx_word' id='word_1_726' title='bbox 637 5061 966 5121; x_wconf 74' lang='lat' dir='ltr'><strong>EPISTULA</strong></span> <span class='ocrx_word' id='word_1_727' title='bbox 1003 5054 1324 5115; x_wconf 68' lang='lat' dir='ltr'><strong>ccxxxw</strong></span> <span class='ocrx_word' id='word_1_728' title='bbox 1355 5054 1455 5126; x_wconf 87' lang='lat' dir='ltr'><strong>(a).</strong></span> 
     </span>
    </p>
   </div>
   <div class='ocr_carea' id='block_1_94' title="bbox 259 5146 1842 5217">
    <p class='ocr_par' dir='ltr' id='par_1_94' title="bbox 259 5146 1842 5217">
     <span class='ocr_line' id='line_1_94' title="bbox 259 5146 1842 5217; baseline -0.013 0"><span class='ocrx_word' id='word_1_729' title='bbox 259 5160 626 5217; x_wconf 63' lang='lat' dir='ltr'><strong>Madaurenses</strong></span> <span class='ocrx_word' id='word_1_730' title='bbox 660 5154 956 5211; x_wconf 85' lang='lat' dir='ltr'><strong>idololatras</strong></span> <span class='ocrx_word' id='word_1_731' title='bbox 987 5152 1054 5204; x_wconf 89' lang='lat' dir='ltr'><strong>ad</strong></span> <span class='ocrx_word' id='word_1_732' title='bbox 1073 5165 1241 5204; x_wconf 85' lang='lat' dir='ltr'><strong>veram</strong></span> <span class='ocrx_word' id='word_1_733' title='bbox 1274 5147 1566 5217; x_wconf 84' lang='lat' dir='ltr'><strong>religionem</strong></span> <span class='ocrx_word' id='word_1_734' title='bbox 1591 5146 1842 5208; x_wconf 79' lang='lat' dir='ltr'><strong>hortatur,</strong></span> 
     </span>
    </p>
   </div>
   <div class='ocr_carea' id='block_1_95' title="bbox 330 5236 1848 5310">
    <p class='ocr_par' dir='ltr' id='par_1_95' title="bbox 330 5236 1848 5310">
     <span class='ocr_line' id='line_1_95' title="bbox 330 5236 1848 5310; baseline -0.013 -2"><span class='ocrx_word' id='word_1_735' title='bbox 330 5264 570 5308; x_wconf 88' lang='lat' dir='ltr'><strong>terrorem</strong></span> <span class='ocrx_word' id='word_1_736' title='bbox 591 5249 837 5304; x_wconf 85' lang='lat' dir='ltr'><strong>incutiens</strong></span> <span class='ocrx_word' id='word_1_737' title='bbox 856 5242 1231 5298; x_wconf 81' lang='lat' dir='ltr'><strong>denuntiatione</strong></span> <span class='ocrx_word' id='word_1_738' title='bbox 1245 5238 1433 5310; x_wconf 84' lang='lat' dir='ltr'><strong>judicii</strong></span> <span class='ocrx_word' id='word_1_739' title='bbox 1455 5236 1681 5302; x_wconf 70' lang='lat' dir='ltr'><strong>extremi,</strong></span> <span class='ocrx_word' id='word_1_740' title='bbox 1710 5236 1848 5306; x_wconf 85' lang='lat' dir='ltr'><strong>quod</strong></span> 
     </span>
    </p>
   </div>
   <div class='ocr_carea' id='block_1_96' title="bbox 327 5327 1850 5408">
    <p class='ocr_par' dir='ltr' id='par_1_96' title="bbox 327 5327 1850 5408">
     <span class='ocr_line' id='line_1_96' title="bbox 327 5327 1850 5408; baseline -0.014 -8"><span class='ocrx_word' id='word_1_741' title='bbox 327 5354 596 5399; x_wconf 75' lang='lat' dir='ltr'><strong>venturum</strong></span> <span class='ocrx_word' id='word_1_742' title='bbox 620 5356 728 5396; x_wconf 85' lang='lat' dir='ltr'><strong>esse</strong></span> <span class='ocrx_word' id='word_1_743' title='bbox 757 5335 1059 5408; x_wconf 82' lang='lat' dir='ltr'><strong>persuadet;</strong></span> <span class='ocrx_word' id='word_1_744' title='bbox 1083 5334 1269 5404; x_wconf 85' lang='lat' dir='ltr'><strong>quippe</strong></span> <span class='ocrx_word' id='word_1_745' title='bbox 1292 5346 1407 5384; x_wconf 87' lang='lat' dir='ltr'><strong>cum</strong></span> <span class='ocrx_word' id='word_1_746' title='bbox 1432 5338 1611 5384; x_wconf 66' lang='lat' dir='ltr'><strong>caetera</strong></span> <span class='ocrx_word' id='word_1_747' title='bbox 1633 5327 1696 5380; x_wconf 87' lang='lat' dir='ltr'><strong>de</strong></span> <span class='ocrx_word' id='word_1_748' title='bbox 1714 5327 1850 5381; x_wconf 82' lang='lat' dir='ltr'><strong>chri-</strong></span> 
     </span>
    </p>
   </div>
   <div class='ocr_carea' id='block_1_97' title="bbox 331 5419 1851 5500">
    <p class='ocr_par' dir='ltr' id='par_1_97' title="bbox 331 5419 1851 5500">
     <span class='ocr_line' id='line_1_97' title="bbox 331 5419 1851 5500; baseline -0.011 -11"><span class='ocrx_word' id='word_1_749' title='bbox 331 5436 499 5489; x_wconf 85' lang='lat' dir='ltr'><strong>stiana</strong></span> <span class='ocrx_word' id='word_1_750' title='bbox 523 5432 763 5500; x_wconf 85' lang='lat' dir='ltr'><strong>religione</strong></span> <span class='ocrx_word' id='word_1_751' title='bbox 790 5429 845 5482; x_wconf 89' lang='lat' dir='ltr'><strong>in</strong></span> <span class='ocrx_word' id='word_1_752' title='bbox 871 5426 1151 5496; x_wconf 86' lang='lat' dir='ltr'><strong>Scripturis</strong></span> <span class='ocrx_word' id='word_1_753' title='bbox 1174 5423 1416 5494; x_wconf 66' lang='lat' dir='ltr'><strong>praedicta</strong></span> <span class='ocrx_word' id='word_1_754' title='bbox 1427 5422 1542 5493; x_wconf 88' lang='lat' dir='ltr'><strong>jam</strong></span> <span class='ocrx_word' id='word_1_755' title='bbox 1561 5419 1807 5475; x_wconf 81' lang='lat' dir='ltr'><strong>evenerint</strong></span> <span class='ocrx_word' id='word_1_756' title='bbox 1832 5434 1851 5473; x_wconf 90' lang='lat'><strong><em>:</em></strong></span> 
     </span>
    </p>
   </div>
   <div class='ocr_carea' id='block_1_98' title="bbox 331 5509 1854 5592">
    <p class='ocr_par' dir='ltr' id='par_1_98' title="bbox 331 5509 1854 5592">
     <span class='ocr_line' id='line_1_98' title="bbox 331 5509 1854 5592; baseline -0.012 -12"><span class='ocrx_word' id='word_1_757' title='bbox 331 5536 378 5580; x_wconf 83' lang='lat' dir='ltr'><strong>et</strong></span> <span class='ocrx_word' id='word_1_758' title='bbox 417 5526 620 5578; x_wconf 86' lang='lat' dir='ltr'><strong>demum</strong></span> <span class='ocrx_word' id='word_1_759' title='bbox 650 5518 938 5592; x_wconf 83' lang='lat' dir='ltr'><strong>perstringit</strong></span> <span class='ocrx_word' id='word_1_760' title='bbox 977 5515 1271 5586; x_wconf 83' lang='lat' dir='ltr'><strong>mysterium</strong></span> <span class='ocrx_word' id='word_1_761' title='bbox 1303 5512 1567 5567; x_wconf 81' lang='lat' dir='ltr'><strong>Trinitatis</strong></span> <span class='ocrx_word' id='word_1_762' title='bbox 1597 5520 1641 5565; x_wconf 89' lang='lat' dir='ltr'><strong>et</strong></span> <span class='ocrx_word' id='word_1_763' title='bbox 1670 5509 1854 5564; x_wconf 83' lang='lat' dir='ltr'><strong>Incar-</strong></span> 
     </span>
    </p>
   </div>
   <div class='ocr_carea' id='block_1_99' title="bbox 334 5615 575 5671">
    <p class='ocr_par' dir='ltr' id='par_1_99' title="bbox 334 5615 575 5671">
     <span class='ocr_line' id='line_1_99' title="bbox 334 5615 575 5671; baseline -0.008 0"><span class='ocrx_word' id='word_1_764' title='bbox 334 5615 575 5671; x_wconf 83' lang='lat' dir='ltr'><strong>nationis.</strong></span> 
     </span>
    </p>
   </div>
   <div class='ocr_carea' id='block_1_100' title="bbox 326 5715 1854 5789">
    <p class='ocr_par' dir='ltr' id='par_1_100' title="bbox 326 5715 1854 5789">
     <span class='ocr_line' id='line_1_100' title="bbox 326 5715 1854 5789; baseline -0.011 -11"><span class='ocrx_word' id='word_1_765' title='bbox 326 5729 343 5747; x_wconf 84' lang='lat'>&#39;</span> <span class='ocrx_word' id='word_1_766' title='bbox 381 5728 449 5777; x_wconf 80' lang='lat' dir='ltr'><strong>Ad</strong></span> <span class='ocrx_word' id='word_1_767' title='bbox 469 5739 517 5777; x_wconf 90' lang='lat' dir='ltr'><strong>a.</strong></span> <span class='ocrx_word' id='word_1_768' title='bbox 536 5727 621 5789; x_wconf 86' lang='lat' dir='ltr'><strong>bg.</strong></span> <span class='ocrx_word' id='word_1_769' title='bbox 645 5724 714 5789; x_wconf 81' lang='lat' dir='ltr'><strong>bl.</strong></span> <span class='ocrx_word' id='word_1_770' title='bbox 736 5724 820 5773; x_wconf 85' lang='lat' dir='ltr'><strong>bu.</strong></span> <span class='ocrx_word' id='word_1_771' title='bbox 842 5736 885 5773; x_wconf 92' lang='lat' dir='ltr'><strong>c.</strong></span> <span class='ocrx_word' id='word_1_772' title='bbox 917 5734 986 5771; x_wconf 87' lang='lat' dir='ltr'><strong>ec.</strong></span> <span class='ocrx_word' id='word_1_773' title='bbox 1013 5718 1063 5769; x_wconf 81' lang='lat' dir='ltr'><strong>ll‘.</strong></span> <span class='ocrx_word' id='word_1_774' title='bbox 1086 5733 1136 5789; x_wconf 88' lang='lat' dir='ltr'><strong>g_.</strong></span> <span class='ocrx_word' id='word_1_775' title='bbox 1153 5732 1235 5782; x_wconf 85' lang='lat' dir='ltr'><strong>gv.</strong></span> <span class='ocrx_word' id='word_1_776' title='bbox 1260 5730 1310 5765; x_wconf 83' lang='grc' dir='ltr'><strong>η.</strong></span> <span class='ocrx_word' id='word_1_777' title='bbox 1335 5730 1378 5765; x_wconf 90' lang='lat' dir='ltr'><strong>r.</strong></span> <span class='ocrx_word' id='word_1_778' title='bbox 1403 5728 1443 5765; x_wconf 89' lang='lat' dir='ltr'><strong>s.</strong></span> <span class='ocrx_word' id='word_1_779' title='bbox 1470 5715 1543 5764; x_wconf 90' lang='lat' dir='ltr'><strong>sb.</strong></span> <span class='ocrx_word' id='word_1_780' title='bbox 1580 5721 1615 5764; x_wconf 87' lang='lat' dir='ltr'><strong>t.</strong></span> <span class='ocrx_word' id='word_1_781' title='bbox 1641 5727 1713 5764; x_wconf 76' lang='lat' dir='ltr'><strong>vc.</strong></span> <span class='ocrx_word' id='word_1_782' title='bbox 1737 5725 1854 5777; x_wconf 84' lang='lat' dir='ltr'><strong>qua-</strong></span> 
     </span>
    </p>
   </div>
   <div class='ocr_carea' id='block_1_101' title="bbox 262 5787 1177 5841">
    <p class='ocr_par' dir='ltr' id='par_1_101' title="bbox 262 5787 1177 5841">
     <span class='ocr_line' id='line_1_101' title="bbox 262 5787 1177 5841; baseline -0.013 0"><span class='ocrx_word' id='word_1_783' title='bbox 262 5796 373 5841; x_wconf 81' lang='lat' dir='ltr'><strong>tuor</strong></span> <span class='ocrx_word' id='word_1_784' title='bbox 391 5803 439 5840; x_wconf 88' lang='lat' dir='ltr'><strong>v.</strong></span> <span class='ocrx_word' id='word_1_785' title='bbox 464 5787 692 5838; x_wconf 65' lang='lat' dir='ltr'><strong>sm.&#39;ltad.</strong></span> <span class='ocrx_word' id='word_1_786' title='bbox 721 5793 792 5835; x_wconf 80' lang='lat' dir='ltr'><strong>Er.</strong></span> <span class='ocrx_word' id='word_1_787' title='bbox 818 5792 929 5834; x_wconf 77' lang='grc' dir='ltr'><strong>ων.</strong></span> <span class='ocrx_word' id='word_1_788' title='bbox 944 5787 1177 5834; x_wconf 87' lang='lat' dir='ltr'><strong>correcta.</strong></span> 
     </span>
    </p>
   </div>
   <div class='ocr_carea' id='block_1_102' title="bbox 325 5839 1525 5916">
    <p class='ocr_par' dir='ltr' id='par_1_102' title="bbox 325 5839 1525 5916">
     <span class='ocr_line' id='line_1_102' title="bbox 325 5839 1525 5916; baseline -0.016 -9"><span class='ocrx_word' id='word_1_789' title='bbox 325 5839 402 5916; x_wconf 68' lang='lat' dir='ltr'><strong>(it)</strong></span> <span class='ocrx_word' id='word_1_790' title='bbox 428 5849 555 5903; x_wconf 72' lang='lat' dir='ltr'><strong>Alias</strong></span> <span class='ocrx_word' id='word_1_791' title='bbox 577 5849 666 5902; x_wconf 70' lang='lat'><strong>42;</strong></span> <span class='ocrx_word' id='word_1_792' title='bbox 687 5861 797 5914; x_wconf 72' lang='lat' dir='ltr'><strong>qua:</strong></span> <span class='ocrx_word' id='word_1_793' title='bbox 819 5853 983 5901; x_wconf 81' lang='lat' dir='ltr'><strong>autem</strong></span> <span class='ocrx_word' id='word_1_794' title='bbox 1006 5843 1098 5898; x_wconf 67' lang='lat' dir='ltr'><strong>sas</strong></span> <span class='ocrx_word' id='word_1_795' title='bbox 1117 5849 1240 5906; x_wconf 83' lang='lat' dir='ltr'><strong>erat,</strong></span> <span class='ocrx_word' id='word_1_796' title='bbox 1269 5854 1396 5895; x_wconf 80' lang='lat' dir='ltr'><strong>nunc</strong></span> 
     </span>
    </p>
   </div>
   <div class='ocr_carea' id='block_1_103' title="bbox 1955 5046 3548 5128">
    <p class='ocr_par' dir='ltr' id='par_1_103' title="bbox 1955 5046 3548 5128">
     <span class='ocr_line' id='line_1_103' title="bbox 1955 5046 3548 5128; baseline -0.004 -16"><span class='ocrx_word' id='word_1_797' title='bbox 1955 5058 2194 5113; x_wconf 89' lang='lat' dir='ltr'><strong>Dominis</strong></span> <span class='ocrx_word' id='word_1_798' title='bbox 2215 5054 2661 5128; x_wconf 71' lang='lat' dir='ltr'><strong>praedicabilibus,</strong></span> <span class='ocrx_word' id='word_1_799' title='bbox 2693 5061 2748 5108; x_wconf 90' lang='lat' dir='ltr'><strong>et</strong></span> <span class='ocrx_word' id='word_1_800' title='bbox 2771 5049 3130 5107; x_wconf 86' lang='lat' dir='ltr'><strong>dilectissimis</strong></span> <span class='ocrx_word' id='word_1_801' title='bbox 3157 5049 3409 5106; x_wconf 88' lang='lat' dir='ltr'><strong>fratribus</strong></span> <span class='ocrx_word' id='word_1_802' title='bbox 3429 5046 3548 5105; x_wconf 71' lang='lat' dir='ltr'><strong>Ms-</strong></span> 
     </span>
    </p>
   </div>
   <div class='ocr_carea' id='block_1_104' title="bbox 2029 5140 3548 5218">
    <p class='ocr_par' dir='ltr' id='par_1_104' title="bbox 2029 5140 3548 5218">
     <span class='ocr_line' id='line_1_104' title="bbox 2029 5140 3548 5218; baseline -0.009 -11"><span class='ocrx_word' id='word_1_803' title='bbox 2029 5164 2401 5213; x_wconf 66' lang='lat' dir='ltr'><strong>nsunsusmus,</strong></span> <span class='ocrx_word' id='word_1_804' title='bbox 2428 5161 2652 5218; x_wconf 90' lang='lat' dir='ltr'><strong>quorum</strong></span> <span class='ocrx_word' id='word_1_805' title='bbox 2673 5159 2769 5215; x_wconf 87' lang='lat' dir='ltr'><strong>per</strong></span> <span class='ocrx_word' id='word_1_806' title='bbox 2789 5143 3008 5199; x_wconf 80' lang='lat' dir='ltr'><strong>fratrem</strong></span> <span class='ocrx_word' id='word_1_807' title='bbox 3035 5141 3403 5198; x_wconf 87' lang='lat' dir='ltr'><strong>Florentinum</strong></span> <span class='ocrx_word' id='word_1_808' title='bbox 3432 5140 3548 5210; x_wconf 88' lang='lat' dir='ltr'><strong>epi-</strong></span> 
     </span>
    </p>
   </div>
   <div class='ocr_carea' id='block_1_105' title="bbox 2031 5241 2829 5310">
    <p class='ocr_par' dir='ltr' id='par_1_105' title="bbox 2031 5241 2829 5310">
     <span class='ocr_line' id='line_1_105' title="bbox 2031 5241 2829 5310; baseline -0.016 -9"><span class='ocrx_word' id='word_1_809' title='bbox 2031 5245 2223 5301; x_wconf 90' lang='lat' dir='ltr'><strong>stolam</strong></span> <span class='ocrx_word' id='word_1_810' title='bbox 2253 5241 2455 5310; x_wconf 86' lang='lat' dir='ltr'><strong>accepi,</strong></span> <span class='ocrx_word' id='word_1_811' title='bbox 2479 5241 2829 5294; x_wconf 78' lang='lat' dir='ltr'><strong>Aucusrmus.</strong></span> 
     </span>
    </p>
   </div>
   <div class='ocr_carea' id='block_1_106' title="bbox 2030 5343 3542 5421">
    <p class='ocr_par' dir='ltr' id='par_1_106' title="bbox 2030 5343 3542 5421">
     <span class='ocr_line' id='line_1_106' title="bbox 2030 5343 3542 5421; baseline -0.009 -9"><span class='ocrx_word' id='word_1_812' title='bbox 2030 5358 2082 5412; x_wconf 85' lang='lat' dir='ltr'><strong>l.</strong></span> <span class='ocrx_word' id='word_1_813' title='bbox 2122 5355 2178 5412; x_wconf 90' lang='lat' dir='ltr'><strong>Si</strong></span> <span class='ocrx_word' id='word_1_814' title='bbox 2219 5355 2358 5409; x_wconf 90' lang='lat' dir='ltr'><strong>forte</strong></span> <span class='ocrx_word' id='word_1_815' title='bbox 2406 5352 2481 5407; x_wconf 90' lang='lat' dir='ltr'><strong>illi</strong></span> <span class='ocrx_word' id='word_1_816' title='bbox 2521 5351 2610 5421; x_wconf 93' lang='lat' dir='ltr'><strong>qui</strong></span> <span class='ocrx_word' id='word_1_817' title='bbox 2655 5349 2794 5404; x_wconf 92' lang='lat' dir='ltr'><strong>inter</strong></span> <span class='ocrx_word' id='word_1_818' title='bbox 2835 5363 2930 5404; x_wconf 86' lang='lat' dir='ltr'><strong>vos</strong></span> <span class='ocrx_word' id='word_1_819' title='bbox 2976 5346 3221 5402; x_wconf 90' lang='lat' dir='ltr'><strong>catholici</strong></span> <span class='ocrx_word' id='word_1_820' title='bbox 3267 5343 3542 5400; x_wconf 86' lang='lat' dir='ltr'><strong>christiani</strong></span> 
     </span>
    </p>
   </div>
   <div class='ocr_carea' id='block_1_107' title="bbox 1960 5436 3544 5517">
    <p class='ocr_par' dir='ltr' id='par_1_107' title="bbox 1960 5436 3544 5517">
     <span class='ocr_line' id='line_1_107' title="bbox 1960 5436 3544 5517; baseline -0.009 -12"><span class='ocrx_word' id='word_1_821' title='bbox 1960 5459 2101 5517; x_wconf 86' lang='lat' dir='ltr'><strong>sunt,</strong></span> <span class='ocrx_word' id='word_1_822' title='bbox 2143 5448 2264 5502; x_wconf 89' lang='lat' dir='ltr'><strong>talia</strong></span> <span class='ocrx_word' id='word_1_823' title='bbox 2290 5445 2418 5502; x_wconf 90' lang='lat' dir='ltr'><strong>mihi</strong></span> <span class='ocrx_word' id='word_1_824' title='bbox 2450 5443 2646 5514; x_wconf 90' lang='lat' dir='ltr'><strong>scripta</strong></span> <span class='ocrx_word' id='word_1_825' title='bbox 2682 5442 2958 5505; x_wconf 89' lang='lat' dir='ltr'><strong>miserunt,</strong></span> <span class='ocrx_word' id='word_1_826' title='bbox 2990 5439 3092 5494; x_wconf 92' lang='lat' dir='ltr'><strong>hoc</strong></span> <span class='ocrx_word' id='word_1_827' title='bbox 3123 5447 3323 5493; x_wconf 86' lang='lat' dir='ltr'><strong>tantum</strong></span> <span class='ocrx_word' id='word_1_828' title='bbox 3354 5436 3544 5504; x_wconf 89' lang='lat' dir='ltr'><strong>miror,</strong></span> 
     </span>
    </p>
   </div>
   <div class='ocr_carea' id='block_1_108' title="bbox 1962 5525 3551 5614">
    <p class='ocr_par' dir='ltr' id='par_1_108' title="bbox 1962 5525 3551 5614">
     <span class='ocr_line' id='line_1_108' title="bbox 1962 5525 3551 5614; baseline -0.011 -16"><span class='ocrx_word' id='word_1_829' title='bbox 1962 5541 2103 5614; x_wconf 90' lang='lat' dir='ltr'><strong>quod</strong></span> <span class='ocrx_word' id='word_1_830' title='bbox 2135 5553 2239 5594; x_wconf 92' lang='lat' dir='ltr'><strong>non</strong></span> <span class='ocrx_word' id='word_1_831' title='bbox 2275 5551 2372 5592; x_wconf 92' lang='lat' dir='ltr'><strong>suo</strong></span> <span class='ocrx_word' id='word_1_832' title='bbox 2400 5535 2577 5607; x_wconf 90' lang='lat' dir='ltr'><strong>potius</strong></span> <span class='ocrx_word' id='word_1_833' title='bbox 2601 5548 2759 5605; x_wconf 89' lang='lat' dir='ltr'><strong>quam</strong></span> <span class='ocrx_word' id='word_1_834' title='bbox 2798 5530 2999 5587; x_wconf 90' lang='lat' dir='ltr'><strong>ordinis</strong></span> <span class='ocrx_word' id='word_1_835' title='bbox 3029 5527 3265 5585; x_wconf 91' lang='lat' dir='ltr'><strong>nomine.</strong></span> <span class='ocrx_word' id='word_1_836' title='bbox 3293 5525 3346 5582; x_wconf 91' lang='lat' dir='ltr'><strong>Si</strong></span> <span class='ocrx_word' id='word_1_837' title='bbox 3370 5536 3551 5580; x_wconf 82' lang='lat' dir='ltr'><strong>autem</strong></span> 
     </span>
    </p>
   </div>
   <div class='ocr_carea' id='block_1_109' title="bbox 1964 5615 3552 5699">
    <p class='ocr_par' dir='ltr' id='par_1_109' title="bbox 1964 5615 3552 5699">
     <span class='ocr_line' id='line_1_109' title="bbox 1964 5615 3552 5699; baseline -0.012 -8"><span class='ocrx_word' id='word_1_838' title='bbox 1964 5650 2149 5691; x_wconf 87' lang='lat' dir='ltr'><strong>revera</strong></span> <span class='ocrx_word' id='word_1_839' title='bbox 2179 5645 2366 5688; x_wconf 85' lang='lat' dir='ltr'><strong>omnes</strong></span> <span class='ocrx_word' id='word_1_840' title='bbox 2391 5637 2482 5684; x_wconf 91' lang='lat' dir='ltr'><strong>aut</strong></span> <span class='ocrx_word' id='word_1_841' title='bbox 2510 5643 2677 5699; x_wconf 87' lang='lat' dir='ltr'><strong>prope</strong></span> <span class='ocrx_word' id='word_1_842' title='bbox 2701 5639 2887 5682; x_wconf 89' lang='lat' dir='ltr'><strong>omnes</strong></span> <span class='ocrx_word' id='word_1_843' title='bbox 2906 5622 3108 5679; x_wconf 88' lang='lat' dir='ltr'><strong>ordinis</strong></span> <span class='ocrx_word' id='word_1_844' title='bbox 3133 5621 3232 5676; x_wconf 89' lang='lat' dir='ltr'><strong>viri</strong></span> <span class='ocrx_word' id='word_1_845' title='bbox 3261 5619 3324 5675; x_wconf 88' lang='lat' dir='ltr'><strong>ad</strong></span> <span class='ocrx_word' id='word_1_846' title='bbox 3355 5635 3439 5674; x_wconf 90' lang='lat' dir='ltr'><strong>me</strong></span> <span class='ocrx_word' id='word_1_847' title='bbox 3469 5615 3552 5673; x_wconf 77' lang='lat' dir='ltr'><strong>di-</strong></span> 
     </span>
    </p>
   </div>
   <div class='ocr_carea' id='block_1_110' title="bbox 1964 5707 3553 5798">
    <p class='ocr_par' dir='ltr' id='par_1_110' title="bbox 1964 5707 3553 5798">
     <span class='ocr_line' id='line_1_110' title="bbox 1964 5707 3553 5798; baseline -0.011 -16"><span class='ocrx_word' id='word_1_848' title='bbox 1964 5725 2108 5798; x_wconf 89' lang='lat' dir='ltr'><strong>gnati</strong></span> <span class='ocrx_word' id='word_1_849' title='bbox 2138 5723 2267 5781; x_wconf 89' lang='lat' dir='ltr'><strong>estis</strong></span> <span class='ocrx_word' id='word_1_850' title='bbox 2291 5723 2496 5778; x_wconf 88' lang='lat' dir='ltr'><strong>litteras</strong></span> <span class='ocrx_word' id='word_1_851' title='bbox 2521 5720 2667 5783; x_wconf 89' lang='lat' dir='ltr'><strong>dare,</strong></span> <span class='ocrx_word' id='word_1_852' title='bbox 2712 5717 2877 5773; x_wconf 90' lang='lat' dir='ltr'><strong>miror</strong></span> <span class='ocrx_word' id='word_1_853' title='bbox 2905 5713 3047 5786; x_wconf 89' lang='lat' dir='ltr'><strong>quod</strong></span> <span class='ocrx_word' id='word_1_854' title='bbox 3074 5711 3225 5784; x_wconf 83' lang='lat' dir='ltr'><strong>patri,</strong></span> <span class='ocrx_word' id='word_1_855' title='bbox 3265 5721 3319 5767; x_wconf 91' lang='lat' dir='ltr'><strong>et</strong></span> <span class='ocrx_word' id='word_1_856' title='bbox 3356 5711 3409 5764; x_wconf 85' lang='lat' dir='ltr'><strong>in</strong></span> <span class='ocrx_word' id='word_1_857' title='bbox 3449 5707 3553 5764; x_wconf 75' lang='lat' dir='ltr'><strong>&#39;Uo-</strong></span> 
     </span>
    </p>
   </div>
   <div class='ocr_carea' id='block_1_111' title="bbox 1966 5798 3554 5883">
    <p class='ocr_par' dir='ltr' id='par_1_111' title="bbox 1966 5798 3554 5883">
     <span class='ocr_line' id='line_1_111' title="bbox 1966 5798 3554 5883; baseline -0.011 -9"><span class='ocrx_word' id='word_1_858' title='bbox 1966 5819 2101 5875; x_wconf 88' lang='lat' dir='ltr'><strong>mino</strong></span> <span class='ocrx_word' id='word_1_859' title='bbox 2135 5817 2348 5876; x_wconf 83' lang='lat' dir='ltr'><strong>salutem</strong></span> <span class='ocrx_word' id='word_1_860' title='bbox 2378 5809 2695 5883; x_wconf 74' lang='lat' dir='ltr'><strong>scripsistis;</strong></span> <span class='ocrx_word' id='word_1_861' title='bbox 2728 5822 2949 5878; x_wconf 89' lang='lat' dir='ltr'><strong>quorum</strong></span> <span class='ocrx_word' id='word_1_862' title='bbox 2995 5803 3124 5868; x_wconf 86' lang='lat' dir='ltr'><strong>mihi</strong></span> <span class='ocrx_word' id='word_1_863' title='bbox 3154 5798 3554 5876; x_wconf 76' lang='lat' dir='ltr'><strong>superstitiosus</strong></span> 
     </span>
    </p>
   </div>
  </div>
