4024 6400
477 352 615 417 10θί

476 474 650 531 cuitu
673 467 955 532 idolorum,
984 469 1170 523 metra
1192 472 1314 537 qua
1340 455 1479 515 idola
1506 450 1711 511 facilius
1740 449 1935 521 templa
1964 463 2058 506 ve-

480 579 592 625 stra
638 579 796 636 quam
837 558 1000 621 corda
1044 554 1392 622 clauduntur,
1429 550 1514 607 vel
1551 548 1726 622 potius
1759 542 2062 636 quaeidola

481 674 590 716 non
615 635 785 727 magis
812 654 867 712 in
894 650 1101 723 templis
1129 661 1287 720 quam
1315 644 1371 702 in
1398 640 1592 700 vestris
1617 637 1869 697 cordibus
1896 635 2065 727 inclu-

484 726 849 817 duntur,7eum
877 756 1071 815 magno
1103 747 1187 798 est
1210 736 1395 797 dolore
1420 732 1731 793 notissimus
1759 749 1772 787 :
1804 728 1909 787 nisi
1925 726 2066 785 forte

474 843 589 915 jam
612 841 681 899 de
704 839 875 900 salute
902 837 1037 906 ipsa,
1068 847 1187 904 quas
1207 830 1261 889 in
1287 827 1515 886 Domino
1542 832 1646 893 est,
1674 839 1769 897 per
1791 836 1953 915 quem
1978 834 2068 879 me

484 914 720 995 salutare
772 928 1035 992 voluistis,
1094 924 1309 983 tandem
1349 920 1598 994 prudenti
1639 914 2067 976 consideratione

483 1025 741 1098 cogitatis.
771 1020 907 1079 Nam
934 1019 981 1077 si
1018 1032 1129 1074 non
1171 1016 1244 1071 ita
1282 1022 1383 1082 est,
1423 1024 1608 1084 quaeso
1632 1024 1749 1075 vos,
1777 1006 1903 1101 quid
1930 1004 2065 1071 lassi,

482 1120 611 1193 quid
639 1115 832 1175 oil‘endi
853 1109 1277 1171 benevolentiam
1294 1116 1547 1173 vestram,
1575 1114 1633 1162 ut
1658 1120 1746 1162 me
1777 1102 1929 1159 titulo
1950 1102 2067 1193 epi-

483 1192 636 1268 stola
675 1216 868 1265 vestrm
914 1202 1243 1262 irridendum
1285 1200 1461 1271 potius
1494 1210 1653 1268 quam
1695 1192 2067 1251 honorandum

483 1318 604 1362 esse
642 1298 921 1373 putaretis,
968 1294 1173 1355 domini
1216 1289 1604 1364 praedicabiles,
1646 1295 1700 1345 et
1736 1282 2070 1345 dilectissimi

481 1396 675 1453 fratres
689 1393 714 1447 ἲ

549 1488 605 1545 3.
646 1483 802 1554 Quod
826 1483 969 1540 enim
1004 1477 1310 1551 scripsistis,
1343 1474 1492 1531 Petri
1524 1471 1826 1545 Augustino,
1867 1468 1922 1525 is
1958 1466 2070 1522 Do-

482 1581 619 1635 mino
647 1587 889 1634 internum
916 1572 1150 1636 salutem,
1174 1580 1295 1625 eum
1316 1566 1569 1637 legerem,
1600 1570 1743 1619 tanta
1772 1575 1867 1630 spe
1894 1557 2072 1615 subito

484 1680 694 1729 erectus
719 1683 861 1735 sum,
883 1673 945 1721 ut
964 1663 1243 1721 crederem
1262 1671 1360 1717 vos
1383 1657 1452 1715 ad
1477 1659 1651 1727 ipsum
1678 1652 1981 1717 Dominum,
2014 1657 2072 1705 et

484 1763 555 1821 ad
578 1764 747 1834 ipsum
773 1767 1028 1816 mtemam
1069 1754 1295 1811 salutem
1320 1759 1415 1807 aut
1446 1750 1558 1821 jam
1598 1760 1718 1805 esse
1756 1757 2066 1834 conversos,

482 1863 575 1912 aut
592 1832 688 1925 per
710 1858 952 1909 nostrum
977 1845 1328 1904 ministerium
1347 1839 1653 1899 desiderare
1676 1834 1935 1894 converti.
1962 1832 2070 1890 Sed

484 1948 574 2004 ubi
601 1946 704 2017 legi
742 1953 956 2009 cratera,
999 1937 1243 2009 refriguit
1264 1935 1476 1990 animus
1512 1946 1663 1987 meus
1692 1945 1708 1984 :
1739 1925 1961 1999 quaesivi
1986 1934 2067 1982 ta-

486 2054 610 2095 men
656 2036 725 2091 ab
765 2032 1006 2104 epistolae
1051 2030 1317 2101 perlatore
1364 2034 1543 2082 utrum
1582 2023 1693 2095 jam
1744 2021 1830 2078 vel
1877 2019 2069 2078 essetis

482 2127 779 2195 christiani,
808 2124 893 2181 vel
912 2138 1034 2179 esse
1062 2120 1348 2191 cuperetis.
1367 2117 1531 2187 Cujus
1556 2113 2070 2187 responsienepost-

482 2235 703 2293 eaquam
745 2215 983 2289 comperi
1011 2220 1344 2286 nequaquam
1366 2225 1463 2266 vos
1483 2223 1605 2266 esse
1648 2215 1915 2271 mutatos,
1941 2218 2068 2275 gra—

480 2318 601 2373 vius
623 2314 772 2373 dolui
796 2310 939 2384 quod
962 2308 1163 2367 Christi
1190 2318 1408 2373 nomen,
1438 2304 1525 2361 eui
1544 2302 1656 2374 jam
1683 2309 1851 2359 totum
1881 2297 2067 2354 orbem

481 2408 777 2482 subjectum
804 2420 926 2463 esse
956 2401 1286 2474 conspicitis,
1316 2415 1425 2454 non
1453 2397 1627 2454 solum
1654 2409 1685 2450 a
1705 2392 1859 2450 vobis
1885 2389 2067 2482 repel-

480 2480 719 2566 lendum,
746 2497 842 2555 sed
868 2496 1030 2552 etiam
1055 2494 1109 2549 in
1138 2491 1290 2547 nobis
1323 2485 1652 2545 irridendum
1683 2499 1805 2540 esse
1832 2480 2066 2539 credidi-

483 2596 599 2653 stis.
653 2593 767 2649 Non
813 2589 957 2646 enim
1004 2586 1151 2657 potui
1197 2582 1433 2654 cogitare
1485 2579 1715 2636 alterum
1759 2576 2065 2641 Dominum,

480 2685 777 2747 secundum
796 2694 956 2754 quem
978 2685 1163 2750 posset
1180 2676 1464 2748 episcopus
1484 2680 1627 2743 pater
1641 2683 1672 2725 a
1693 2668 1845 2725 vobis
1862 2666 2063 2733 vocari,

481 2788 677 2854 printer
695 2774 979 2833 Dominum
999 2768 1269 2825 Christum
1294 2783 1310 2820 :
1342 2773 1398 2822 et
1418 2763 1466 2820 si
1489 2769 1634 2854 esset
1660 2760 1784 2854 hinc
1804 2758 1978 2854 aliqua
1998 2756 2068 2854 de

479 2849 920 2940 inmrp'ret‘atione
956 2870 1150 2918 vestrm
1186 2856 1465 2915 sententiae
1514 2852 1799 2920 dubitatio,
1835 2849 2069 2907 subscri-

480 2964 661 3035 ptione
680 2958 921 3031 epistola
942 2954 1242 3019 tolleretur,
1274 2950 1365 3007 ubi
1391 2955 1579 3019 aperte
1599 2944 1870 3017 posuistis,
1905 2941 2068 3012 Opta-

480 3069 593 3110 nssrs
618 3063 683 3118 te,
706 3050 929 3117 domine,
954 3048 1007 3101 in
1036 3045 1147 3101 Deo
1170 3053 1217 3100 et
1241 3042 1441 3099 Christo
1478 3041 1609 3111 ejus,
1638 3050 1729 3110 per
1762 3037 1949 3092 multos
1973 3052 2069 3089 an-

481 3161 575 3201 nos
591 3146 789 3213 semper
809 3142 863 3196 in
888 3139 1022 3194 eiero
1047 3145 1133 3192 tu
1158 3135 1399 3208 gaudere.
1436 3131 1641 3199 Quibus
1669 3128 1913 3186 omnibus
1939 3142 2066 3197 per—

483 3236 638 3294 lectis
686 3241 849 3306 atque
896 3231 1187 3298 discussis,
1238 3227 1366 3299 quid
1409 3225 1543 3283 mihi
1596 3223 1740 3281 aliud
1783 3235 2069 3279 occurrens

482 3328 674 3402 potuit,
693 3334 784 3382 aut
799 3323 1017 3381 cuilibet
1034 3321 1238 3377 homini
1262 3326 1459 3392 potest,
1479 3318 1585 3375 nisi
1601 3325 1695 3375 aut
1721 3315 1957 3373 veridice
1975 3320 2071 3369 aut

479 3424 653 3481 Pallae!
671 3418 1016 3479 scribendum
1032 3415 1217 3471 animo
1241 3413 1356 3470 huic
1377 3426 1502 3469 esse
1523 3409 1861 3481 conscripta?
1891 3408 1998 3465 Sed
2019 3407 2069 3464 si

478 3515 713 3574 veridico
734 3508 915 3568 animo
937 3510 1035 3565 ista
1061 3507 1313 3573 scribitis,
1342 3503 1464 3576 quis
1488 3503 1644 3560 vobis
1666 3500 1733 3559 ad
1757 3501 1896 3557 bane
1923 3500 2068 3557 veri-

480 3616 646 3664 tatem
679 3603 980 3661 interclusit
1005 3599 1181 3656 viam?
1220 3598 1342 3669 quis
1366 3610 1557 3667 aspera
1585 3593 1801 3651 dumeta
1829 3593 2071 3651 substra-

479 3701 591 3756 vit?
632 3699 752 3771 quis
790 3695 1001 3767 rupium
1042 3694 1310 3763 prmrnpta
1633 3685 1916 3757 opposuit?
1962 3698 2064 3756 po-

480 3800 679 3849 stremo
702 3788 822 3859 quis
844 3785 1079 3841 basilica
1095 3783 1315 3854 ianuam
1339 3779 1542 3852 ingredi
1562 3776 1897 3849 cupientibus
1920 3777 2068 3834 elau-

480 3884 569 3949 sit,
609 3880 670 3936 ut
707 3878 764 3935 in
806 3874 997 3934 eodem
1042 3874 1268 3931 Misso
1317 3876 1413 3945 per
1455 3886 1617 3944 quem
1656 3885 1757 3927 nos
1802 3869 2063 3936 salutatis,

480 3974 724 4033 eamdem
752 3971 981 4028 salutem
1002 3965 1285 4025 nobiseum
1314 3964 1515 4021 habere
1547 3962 1768 4020 nolitis?
1797 3962 1856 4019 Si
1883 3970 2069 4018 autem

478 4066 738 4123 iallaciter
756 4072 919 4136 atque
939 4060 1228 4118 irridenter
1250 4058 1369 4114 hoc
1389 4055 1646 4126 scribitis,
1674 4056 1820 4112 itane
1847 4054 2067 4111 tandem

480 4158 612 4214 mibi
870 4162 1049 4211 vestra
1071 4151 1309 4209 curanda
1325 4150 1621 4223 imponitis,
1646 4160 1709 4205 ut
1727 4160 1927 4206 nomn
1942 4148 2067 4219 ejus

478 4267 575 4321 per
601 4265 759 4322 quem
800 4247 1001 4319 aliquid
1038 4261 1275 4317 possum,
1306 4243 1545 4301 audeatis
1570 4257 1683 4299 non
1718 4242 2071 4298 veneratione

479 4344 655 4399 debita
683 4340 947 4405 attollere,
967 4337 1063 4394 sed
1089 4336 1429 4393 insultatione
1453 4334 1746 4390 adulatoria
1768 4332 2063 4389 ventilare?

549 4433 603 4491 5.
642 4430 833 4488 Sciatis
858 4444 965 4496 me,
992 4426 1311 4493 charissimi,
1337 4440 1458 4481 eum
1489 4424 1741 4480 ineii‘ubili
1782 4438 1877 4495 pro
1905 4422 2062 4478 vobis

481 4536 713 4581 tremore
738 4520 913 4577 cordis
939 4519 1054 4574 haec
1078 4516 1291 4573 dicere:
1318 4517 1440 4572 novi
1467 4516 1608 4573 enim
1634 4526 1831 4589 quanto
1853 4516 2063 4589 gravio-

1681 339 1740 394 s.
1780 291 2145 397 succensi
2184 331 2481 395 EPISCOPI

3616 349 3767 415 im.

2167 447 2479 506 mirabiliter
2494 457 2647 508 natus
2663 457 2767 521 est,
2783 450 3019 513 omnium
3035 451 3269 524 gentium
3286 451 3444 517 ﬁdem
3459 469 3745 530 occupasse

2168 550 2326 614 atque
2354 542 2626 601 tenuisse:
2651 543 2726 601 ita
2764 544 2879 602 haec
2911 544 3090 603 omnia
3120 546 3474 617 praenuntiata
3503 546 3745 621 legimus,

2170 646 2229 695 ut
2267 637 2524 695 videmus.
2557 637 2758 696 Videtis
2796 648 2942 697 certe
2980 640 3177 699 multos
3217 643 3472 715 prmcisos
3511 659 3546 702 a
3582 646 3751 711 radice

2170 728 2475 787 christiana:
2501 728 2792 798 societatis,
2822 747 2942 807 quae
2978 747 3074 806 per
3107 732 3275 793 Sedes
3298 733 3676 807 Apostolorum
3702 749 3752 798 et

2172 824 2538 882 successiones
2574 825 2947 899 episcoporum
2974 835 3123 885 certa
3148 842 3247 900 per
3273 828 3460 888 orbem
3500 845 3751 907 prapaga-

2174 917 2319 975 tione
2335 917 2662 986 diil‘unditur,
2685 918 2755 977 de
2773 920 2886 977 sola
2908 919 3075 991 ﬁgura
3092 921 3334 995 originis,
3354 921 3457 981 sub
3473 924 3755 987 christiano

2174 1008 2410 1079 nomine,
2441 1010 2592 1081 quasi
2618 1012 2912 1068 arescentia
2937 1022 3204 1069 sarmenta
3226 1014 3475 1085 gloriari,
3509 1032 3640 1088 quas
3660 1018 3754 1076 lue

2174 1114 2323 1156 reses
2366 1110 2421 1159 et
2457 1101 2743 1159 schismata
2780 1103 3159 1161 nominamus:
3191 1106 3436 1176 prmvisa,
3489 1109 3752 1181 prmdicta,

2176 1193 2371 1264 scripta
2399 1203 2524 1252 sunt
2549 1196 2747 1253 omnia.
2783 1196 2984 1255 Videtis
3009 1207 3155 1259 certe
3191 1200 3601 1258 simulacrorum
3632 1212 3754 1261 tem.

2178 1285 2266 1355 pia
2296 1286 2487 1358 partim
2532 1286 2650 1345 sine
2688 1289 3025 1360 reparatione
3062 1290 3317 1363 collapsa,
3347 1293 3543 1363 partim
3571 1293 3752 1364 diruta,

2140 1406 2145 1412 ο
2176 1364 2369 1448 partim
2397 1380 2601 1447 clausa,
2633 1381 2824 1452 partim
2846 1383 2900 1441 in
2929 1398 3057 1440 usus
3075 1383 3210 1440 alios
3236 1396 3600 1454 commutata;
3625 1389 3752 1459 ipsa-

2176 1486 2282 1542 que
2305 1472 2591 1530 simulacra
2624 1475 2710 1531 vel
2746 1474 3031 1548 confringi,
3059 1475 3142 1531 vel
3170 1477 3409 1547 incendi,
3439 1480 3524 1534 vel
3550 1480 3751 1551 includi,

2174 1564 2261 1621 vel
2279 1564 2482 1623 destrui
2514 1584 2526 1620 :
2558 1576 2718 1639 atque
2745 1567 2889 1639 ipsas
2915 1569 3075 1641 hujus
3097 1570 3279 1633 saecli
3307 1582 3620 1642 potestates,
3645 1591 3754 1646 qua

2177 1656 2461 1729 aliquando
2489 1674 2589 1729 pro
2632 1660 2934 1719 simulacris
2964 1663 3219 1734 populum
3256 1665 3609 1727 christianum
3641 1683 3753 1739 per-

2176 1748 2552 1821 sequebantur.
2585 1753 2753 1812 victas
2780 1764 2836 1812 et
2861 1755 3112 1823 domitae,
3136 1771 3244 1813 non
3268 1772 3299 1813 a
3324 1760 3754 1832 repugnantium,

2175 1840 2271 1898 sed
2299 1857 2330 1899 a
2358 1844 2710 1903 morientibus
2733 1845 3069 1913 Christianis,
3098 1856 3158 1905 et
3176 1858 3361 1907 contra
3387 1850 3580 1908 eadem
3608 1852 3755 1909 simu.

2176 1931 2318 1991 laera
2339 1950 2436 2004 pro
2461 1935 2654 2006 quibus
2676 1936 3009 1999 Christianos
3027 1940 3362 2006 occidebant,
3390 1942 3622 2012 impetus
3644 1958 3752 2002 suos

2176 2024 2427 2097 legesque
2454 2028 2701 2094 vertisse,
2742 2037 2798 2087 et
2822 2028 3034 2101 imperii
3064 2032 3383 2091 nobilissimi
3417 2034 3757 2091 eminentissi-

2174 2133 2323 2175 mum
2347 2119 2561 2177 culmen
2578 2121 2649 2178 ad
2674 2123 2982 2193 sepulcrum
3006 2124 3288 2195 piscatoris
3307 2125 3486 2194 Petri,
3512 2126 3758 2187 submisso

2174 2208 2493 2279 diademate,
2522 2213 2843 2284 supplicare.

2245 2300 2300 2356 ι.
2343 2302 2469 2359 limo
2510 2304 2688 2359 ominis
2730 2304 3019 2376 Scriptum
3056 2306 3274 2373 divinae,
3312 2323 3447 2380 quae
3488 2309 3545 2367 iu
3584 2322 3757 2370 manu

2175 2395 2414 2451 omnium
2438 2395 2550 2466 jam
2582 2407 2865 2467 venerunt,
2904 2408 3031 2458 ante
3069 2400 3379 2472 longissima
3422 2413 3655 2475 tempora
3680 2406 3753 2462 lu-

2175 2492 2294 2539 tura
2332 2500 2453 2542 esse
2487 2494 2691 2544 testatae
2728 2497 2871 2545 sunt.
2906 2490 3032 2547 Haec
3073 2493 3251 2547 omnia
3282 2502 3440 2550 tanto
3478 2495 3757 2554 robustiore

2175 2576 2280 2635 ﬁde
2304 2579 2547 2639 itetamur
2575 2579 2711 2648 ﬁeri,
2755 2590 2953 2652 quanto
2990 2584 3195 2655 majore
3230 2586 3561 2643 auctoritate
3586 2587 3753 2660 praedi-

2175 2679 2295 2728 cata
2319 2685 2441 2729 esse
2460 2672 2516 2728 in
2537 2673 2741 2731 sanctis
2760 2673 2978 2732 Litteris
2998 2675 3322 2735 invenimus.
3347 2677 3753 2751 Nmiuidnam,

2175 2764 2401 2821 obsecro
2425 2779 2543 2832 vos,
2574 2766 2957 2837 numquidnam
2993 2768 3165 2824 solum
3190 2769 3460 2840 judicium
3489 2772 3601 2836 Dei,
3628 2771 3755 2843 quod

2175 2856 2318 2913 inter
2347 2856 2535 2913 ﬁdeles
2569 2865 2733 2928 atque
2769 2858 3013 2915 inﬁdeles
3044 2859 3284 2916 futurum
3310 2876 3445 2919 esse
3484 2863 3540 2918 in
3572 2862 3753 2921 eisdem

2175 2947 2391 3005 Litteris
2421 2948 2667 3020 legimus,
2698 2964 2821 3005 cum
2848 2950 2940 3006 illa
2976 2952 3156 3007 omnia
3189 2953 3331 3009 sicut
3351 2954 3611 3023 pradicet
3647 2960 3757 3012 sunt

2174 3041 2454 3107 venerint;
2486 3041 2868 3112 numquidnam
2889 3043 3065 3099 solum
3083 3043 3345 3115 judicium
3366 3046 3475 3103 Dei
3496 3055 3754 3104 venturum

2174 3145 2285 3189 non
2305 3146 2428 3189 esse
2449 3132 2784 3203 putabimus?
2805 3131 2923 3192 imo
2938 3149 3069 3191 vero
3082 3135 3283 3202 Veniet,
3312 3137 3466 3194 sicut
3489 3138 3577 3193 illa
3596 3138 3755 3197 omnia

2174 3231 2460 3281 venerunt.
2485 3222 2598 3281 Nec
2620 3224 2900 3296 quisquam
2937 3225 3044 3283 erit
3082 3225 3247 3282 homo
3286 3236 3601 3285 nostrorum
3628 3238 3746 3285 tem-

2175 3330 2389 3388 porum,
2428 3318 2521 3390 qui
2546 3332 2606 3375 se
2633 3318 2688 3374 in
2712 3319 2805 3375 illo
2826 3319 3028 3390 judicio
3046 3319 3116 3376 de
3137 3335 3235 3377 sua
3258 3323 3437 3392 possit
3462 3324 3753 3379 inﬁdelitate

2176 3407 2499 3475 deiendere;
2524 3424 2647 3465 eum
2672 3408 2940 3466 Christum
2965 3419 3147 3468 cantet
3169 3418 3227 3468 et
3242 3412 3432 3482 justus
3455 3413 3522 3469 ad
3552 3413 3749 3483 aequila-

2178 3512 2309 3571 tem,
2340 3510 2396 3559 et
2416 3505 2664 3575 perjurus
2698 3503 2764 3559 ad
2792 3504 3050 3569 fraudem,
3082 3511 3141 3561 et
3160 3520 3255 3562 res
3278 3507 3345 3562 ad
3379 3508 3678 3580 ἰιιιραὶιιιι,
3702 3515 3753 3565 et

2174 3596 2333 3653 nites
2375 3595 2443 3651 ad
2487 3611 2736 3669 pugnam,
2789 3607 2846 3653 et
2891 3598 3112 3654 maritus
3153 3609 3369 3670 propter
3419 3601 3669 3673 regimen,
3701 3605 3751 3656 et

2176 3704 2314 3745 uxor
2330 3697 2550 3761 propter
2567 3689 2904 3761 obsequium,
2934 3700 2989 3745 et
3009 3698 3160 3761 pater
3180 3702 3403 3762 propter
3426 3702 3745 3764 ρηθωμιιιιι,

2173 3790 2233 3837 et
2259 3781 2399 3837 ﬁlius
2424 3790 2641 3853 propter
2666 3782 3045 3846 obedientiam,
3076 3792 3131 3839 et
3157 3783 3414 3840 dominus
3438 3796 3645 3857 propter
3662 3783 3750 3839 do-

2174 3874 2546 3942 minationem,
2573 3882 2632 3930 et
2652 3888 2840 3930 servas
2863 3884 3086 3947 propter
3110 3874 3457 3946 famulatum,
3483 3886 3541 3936 et
3556 3876 3749 3933 humilis

2172 3967 2243 4022 ad
2272 3967 2544 4038 pietatem,
2570 3975 2628 4024 et
2650 3968 2909 4038 superbus
2928 3968 2997 4024 ad
3015 3969 3440 4039 mulationem,
3469 3976 3528 4027 et
3544 3970 3679 4026 dives
3695 3974 3746 4023 ut

2176 4059 2437 4131 porrigat,
2462 4064 2516 4115 et
2541 4073 2744 4131 pauper
2767 4070 2827 4115 ut
2846 4069 3042 4127 sumat,
3067 4067 3124 4117 et
3141 4060 3384 4118 ebriusus
3412 4062 3484 4119 ad
3510 4062 3738 4134 phialam,

2130 4186 2131 4189 η
2171 4162 2233 4210 et
2256 4153 2532 4210 mendicus
2560 4153 2627 4209 ad
2647 4155 2885 4225 januam,
2927 4163 2984 4209 et
3009 4153 3183 4210 bonus
3208 4163 3268 4210 ut
3292 4164 3539 4226 prauos,
3567 4163 3613 4213 el
3640 4168 3739 4209 mae

2174 4246 2263 4302 ius
2281 4252 2339 4301 ut
2356 4244 2532 4311 fallat;
2559 4254 2615 4301 et
2632 4245 2954 4302 christianos
2976 4254 3277 4315 venerator,
3299 4254 3354 4303 et
3376 4259 3615 4321 papam
3628 4246 3743 4302 adu-

2174 4336 2331 4406 lator,
2387 4350 2577 4393 ornnes
2614 4336 2887 4393 Christum
2933 4345 3168 4407 cautam,
3226 4348 3283 4395 et
3329 4353 3443 4411 qua
3493 4340 3741 4397 voluntate

2134 4434 2135 4437 ‘
2172 4436 2333 4500 atque
2361 4442 2455 4484 ore
2476 4436 2713 4497 cantent,
2741 4428 2913 4486 eidem
2944 4429 3043 4502 ipsi
3071 4444 3229 4502 quem
3253 4439 3476 4488 cantant
3502 4432 3735 4501 rationem

2169 4522 2292 4578 sine
2317 4518 2478 4577 dubio
2507 4518 2765 4579 reddituri
2794 4530 2935 4578 sunt.

481 4634 597 4675 rem
639 4624 694 4673 et
733 4611 1169 4686 perniciosiorem
1211 4623 1424 4665 causam
1476 4608 1598 4667 sitis
1645 4607 1879 4668 δειδιῠί
1921 4609 2071 4681 apud
2120 4606 2153 4683 δὴ
2247 4613 2303 4670 5.
2340 4607 2441 4671 Est
2464 4609 2715 4685 quiddam
2743 4612 3027 4681 invisibile,
3056 4628 3121 4671 ex
3149 4628 3255 4685 quo
3277 4613 3533 4672 Creatore
3558 4612 3733 4686 princi-

479 4711 665 4777 Deum,
701 4708 745 4764 si
771 4707 964 4763 frustra
997 4704 1146 4761 vobis
1174 4703 1290 4758 haec
1316 4702 1521 4759 dixero.
1553 4700 1741 4759 Omnia
1766 4720 1885 4775 qua:
1918 4719 2061 4775 prte~

478 4804 650 4861 teritis
667 4797 993 4871 temporibus
1009 4811 1137 4867 erga
1155 4795 1446 4853 humanum
1462 4810 1632 4866 genus
1645 4795 1874 4866 majores
1891 4796 2069 4853 nostri

474 4906 623 4968 gesta
648 4908 767 4951 esse
793 4891 1169 4957 meminerunt,
1199 4886 1463 4959 nobisque
1492 4889 1853 4956 tradiderunt;
1879 4891 2063 4945 omnia

478 4988 637 5042 etiam
656 5000 774 5056 quae
802 4999 898 5041 nos
919 4982 1180 5049 videmus,
1211 4989 1265 5037 et
1294 4980 1517 5051 posteris
1543 4980 1821 5049 tradimus,
1843 4993 1963 5052 qua:
1982 4990 2062 5037 ta-

478 5094 602 5138 men
629 5078 895 5150 pertinent
917 5076 984 5132 ad
1010 5086 1195 5131 veram
1212 5073 1523 5145 religionem
1539 5073 1881 5144 quaerendam
1900 5069 1958 5130 et‘
1980 5085 2067 5132 te-

478 5169 731 5238 nendum,
766 5167 948 5224 divina
966 5164 1238 5239 Scriptura
1256 5179 1364 5223 non
1393 5165 1589 5233 tacuit;
1617 5165 1712 5221 sed
1740 5165 1813 5222 ha
1840 5168 2062 5226 mmo

478 5273 668 5322 cuncta
712 5270 1003 5329 transeunt,
1035 5272 1096 5316 ut
1133 5258 1421 5316 transitus
1462 5268 1588 5314 esse.
1619 5257 1875 5330 praedicta
1910 5270 2058 5317 sunt.

481 5357 683 5417 Videtis
716 5362 864 5413 certe
886 5353 1141 5427 populum
1161 5352 1471 5410 iudicarunt
1503 5350 1749 5408 avuisusn
1782 5366 1815 5407 a
1842 5352 2061 5409 sedibus

477 5454 609 5520 suis,
634 5466 732 5523 per
752 5464 941 5508 eum
968 5448 1081 5505 lese
1101 5455 1274 5504 terras
1295 5446 1701 5504 disseminatum
1723 5452 1889 5516 atque
1902 5444 2063 5503 diii’tt-

476 5558 597 5600 sum
629 5562 643 5600 :
671 5551 727 5600 et
744 5543 896 5615 origo
920 5540 1161 5612 ejusdem
1184 5540 1387 5612 populi,
1410 5550 1471 5598 et
1492 5542 1843 5610 incrementa,
1878 5551 1934 5599 et
1969 5558 2063 5600 re—

478 5638 565 5708 gui
590 5637 826 5703 amissio,
869 5645 924 5693 et
955 5646 1050 5707 per
1073 5644 1264 5693 aucto
1292 5634 1573 5705 dispersio,
1609 5636 1748 5694 sieta
1785 5638 2064 5710 pedicis;

479 5732 549 5801 ita
578 5729 717 5786 [aeta
756 5736 905 5789 sunt.
931 5726 1134 5785 Vilesis
1171 5735 1319 5785 certe
1354 5744 1421 5785 ex
1456 5727 1578 5799 ipso
1613 5730 1814 5801 populo
1838 5730 2065 5789 verbm

2173 4702 2264 4776 pio
2285 4712 2407 4761 sunt
2430 4704 2607 4760 omnia
2628 4719 2750 4776 quae
2772 4704 3033 4771 videmus,
3056 4720 3343 4775 summum,
3374 4716 3644 4774 aeternum,
3666 4706 3734 4760 in-

2168 4798 2554 4865 eanmuiabﬂe
2593 4806 2652 4855 et
2689 4797 2823 4855 nulli
2863 4797 3077 4857 debile
3114 4798 3223 4857 nisi
3261 4807 3466 4855 tantum
3508 4799 3622 4856 sibi.
3656 4797 3735 4852 Est

2171 4875 2446 4964 quiddam,
2475 4906 2580 4963 quo
2608 4907 2669 4948 se
2712 4892 2826 4962 ipsa
2860 4892 3137 4948 summitas
3162 4892 3455 4963 majestatis
3494 4901 3664 4948 narrat
3686 4898 3732 4946 et

2174 4983 2449 5057 praedicat,
2472 4999 2577 5040 non
2600 4988 2772 5055 impar
2794 4983 3033 5055 gignenti
3052 4993 3215 5056 atque
3240 4985 3477 5041 narranti
3500 4983 3729 5043 Verbum.

2170 5093 2280 5149 quo
2308 5078 2394 5132 ille
2423 5076 2512 5147 qui
2540 5074 2777 5132 Verbum
2799 5072 2989 5147 gignit,
3027 5073 3345 5132 ostenditur.
3382 5074 3477 5131 Est
3514 5075 3733 5147 quaedam

2172 5167 2448 5237 sanctitas,
2462 5167 2699 5224 omnium
2710 5178 2834 5240 quae
2843 5176 3027 5224 sancta
3038 5168 3173 5223 ﬁunt
3185 5169 3575 5235 sanctiﬁcatrix,
3588 5169 3739 5240 lpslm

2174 5260 2625 5322 incomnmtabiiis
2652 5259 2817 5318 Verbi
2840 5276 2943 5332 per
2969 5262 3113 5333 quod
3133 5272 3380 5321 narratur
3398 5262 3529 5321 illud
3552 5262 3730 5337 μῆκὶ-

2176 5358 2345 5430 pium,
2377 5365 2431 5414 et
2464 5357 2631 5428 ipsius
2656 5355 2900 5426 principii
2927 5351 3072 5426 quod
3112 5356 3226 5427 pari
3269 5368 3333 5414 se
3354 5358 3527 5414 Verbo
3549 5364 3729 5421 narrat,

2173 5450 2543 5523 inseparabilis
2580 5454 2636 5505 et
2677 5447 2901 5504 indivisa
2929 5449 3253 5505 contmnam.
3284 5451 3416 5521 Quis
3448 5457 3619 5507 autem
3644 5448 3732 5503 hoc

2177 5546 2368 5610 totum;
2393 5538 2534 5614 quod
2558 5554 2668 5597 non
2696 5538 2924 5596 dicende
2946 5539 3131 5597 dicere
3170 5550 3394 5600 cenatos
3418 5550 3552 5609 sum,
3589 5552 3641 5598 et
3661 5538 3730 5596 di—

2124 5650 2127 5655 '
2172 5634 2349 5693 cendo
2371 5649 2476 5690 non
2500 5632 2711 5695 dicere;
2744 5632 2864 5702 Quis
2891 5629 2992 5687 hoc
3013 5632 3180 5703 possit
3198 5635 3529 5691 serenissima
3553 5638 3606 5689 et
3631 5632 3731 5687 sin-

2116 5764 2139 5793 ἴί

2118 5816 2126 5825 ο

2130 5708 2139 5796 ζ
2174 5729 2450 5787 cerissilta
2487 5732 2666 5784 mente
2700 5724 2961 5789 me.
3011 5739 3185 5796 eoque
3208 5729 3443 5785 mm...
3470 5724 3730 5783 mai.

481 5805 575 5879 135i
597 5820 881 5901 lem
914 5818 1267 5888 Mente.
1292 5834 1388 5890 per
1413 5819 1707 5893 sum,
1735 5822 1831 5893 Qui
1854 5838 1923 5885 ex
2174 5841 2301 5883 nem
2330 5825 2550 5895 ducere,
2582 5829 2737 5893 atque
2762 5820 2815 5876 in
2840 5808 2897 5876 id
2917 5812 3060 5891 quod
3082 5816 3317 5879 intuetur
3342 5819 3583 5881 dediticiis
3605 5832 3725 5891 qui»
