4024 6382
190 381 322 442 1099

190 491 462 553 dammodo
500 505 560 545 se
595 488 863 554 oblivisci,
896 494 950 541 et
976 497 1195 556 pergere
1228 482 1283 537 in
1310 480 1437 536 illud
1462 480 1612 549 cujus
1638 476 1771 530 visio

191 586 332 644 nobis
354 580 637 638 invisibilis
660 580 803 645 est‘,
833 576 973 648 quod
1004 585 1086 631 est
1107 573 1502 629 immortalitate
1531 568 1695 632 indui,
1720 574 1773 620 et

191 679 421 736 oblinere
441 683 706 730 mternam
736 672 980 735 salutem,
1010 684 1105 739 per
1143 682 1301 739 quam
1326 672 1410 719 me
1440 662 1670 718 salutare
1694 654 1777 714 di-

192 766 448 843 gnamini?
492 764 628 832 Quis
669 762 771 817 hoc
800 761 1001 833 possit,"
1024 759 1125 815 nisi
1166 759 1255 830 qui
1291 766 1476 812 omnes
1510 750 1776 824 superbia:

192 880 292 921 sine
320 870 465 915 toros
498 858 712 923 inanes,
739 862 952 926 peccata
984 867 1076 907 sua
1104 850 1384 913 confitens,
1407 846 1777 916 complanave-

191 959 269 1021 rit,
300 968 460 1024 seque
484 950 842 1005 substraverit
868 947 1046 1001 mitem
1077 952 1235 1015 atque
1258 940 1513 997 humilem
1540 937 1607 993 ad
1631 935 1777 992 exci-

192 1042 430 1119 piendum
461 1042 635 1096 Deum
662 1038 975 1095 doctorem?

255 1134 304 1191 6.
346 1132 616 1201 Quoniam
645 1145 774 1201 ergo
801 1144 829 1182 a
865 1128 1095 1182 vanitate
1121 1123 1384 1195 superbia:
1415 1122 1559 1193 prius
1581 1117 1649 1175 ad
1682 1116 1781 1173 hue

193 1227 457 1285 militatem
498 1220 809 1292 deponendi
840 1234 1043 1282 sumus,
1082 1228 1141 1271 ut
1178 1212 1301 1271 inde
1336 1218 1613 1284 surgentes
1654 1206 1780 1265 soli-

192 1320 303 1377 dam
338 1315 719 1374 celsitudinem
762 1321 1067 1376 teneamus;
1123 1326 1227 1363 non
1272 1308 1439 1379 potuit
1482 1306 1583 1361 hoc
1626 1301 1781 1359 nobis

193 1424 327 1472 tanto
376 1408 830 1484 magnificentius,
876 1415 1074 1477 quanto
1122 1403 1365 1459 blandius
1410 1398 1681 1470 inspirari,
1724 1404 1783 1451 ut

192 1513 362 1563 nostra
402 1501 665 1559 ferocitas
706 1514 814 1555 non
855 1499 929 1565 vi,
972 1495 1064 1552 sed
1104 1492 1444 1566 persuasione
1484 1488 1779 1552 sedaretur,

192 1598 285 1655 nisi
308 1597 530 1651 verbum
572 1586 727 1659 illud,
753 1602 851 1662 per
876 1587 1017 1660 quod
1062 1601 1119 1642 se
1159 1583 1375 1655 Angelis
1418 1582 1613 1637 indicat
1642 1578 1784 1634 Deus

190 1690 359 1757 Pater,
400 1685 547 1758 quod
575 1684 761 1741 Virtus
799 1690 853 1739 et
880 1678 1148 1751 Sapientia
1179 1678 1296 1747 ejus
1322 1683 1424 1744 est,
1457 1673 1595 1745 quod
1622 1670 1785 1727 corde

192 1782 417 1838 humano
440 1778 739 1834 visibilium
762 1790 937 1831 rerum
958 1770 1248 1844 cupiditate
1268 1776 1463 1825 eiucato
1489 1764 1653 1822 videri
1676 1776 1783 1820 non

193 1882 413 1946 poterat,
440 1884 732 1943 personam
754 1884 901 1924 suam
925 1868 975 1921 in
1000 1864 1217 1921 homine
1242 1877 1398 1935 agere
1429 1870 1584 1931 atque
1607 1864 1788 1915 ostenm

194 1944 313 2023 dere
348 1964 690 2036 dignaretur,
725 1970 782 2015 ut
812 1959 979 2030 magis
1010 1958 1169 2011 homo
1202 1956 1411 2010 timeret
1441 1951 1621 2007 extolli
1650 1944 1787 2004 fastu

193 2058 437 2123 hominis,
482 2071 649 2128 quam
695 2050 962 2107 humiliari
1013 2048 1257 2118 exemplo
1302 2045 1417 2100 Dei.
1461 2043 1641 2112 itaque
1681 2053 1785 2095 non

193 2151 429 2208 Christus
460 2163 635 2219 regno
658 2153 870 2201 terreno
898 2142 1202 2201 decoratus,
1233 2153 1333 2193 nec
1352 2136 1596 2191 Christus
1620 2140 1789 2188 terre-

195 2243 272 2299 nis
313 2242 509 2312 opibus
549 2240 723 2305 dives,
765 2251 863 2291 nec
901 2233 1143 2289 Christus
1180 2228 1267 2286 illa
1299 2238 1504 2285 terrena
1537 2226 1789 2282 felicitate

195 2332 553 2406 prtefulgens;
603 2330 699 2385 sed
727 2327 972 2384 Christus
1011 2323 1315 2388 crucifixus,
1362 2334 1453 2393 per
1483 2326 1650 2375 totum
1682 2326 1786 2373 tcr-

190 2440 360 2481 rarum
387 2424 589 2479 orbem
620 2418 957 2492 praedicatur.
990 2414 1141 2483 Quod
1178 2416 1410 2470 riserunt
1435 2414 1581 2483 prius
1606 2409 1788 2480 papuli

192 2517 537 2589 superborum
562 2558 575 2583 ,
617 2522 669 2568 ct
707 2512 879 2566 adhuc
923 2509 1098 2565 rident
1145 2507 1379 2577 reliquiae
1410 2522 1423 2559 :
1451 2500 1791 2559 crediderunt

194 2618 364 2665 autem
390 2609 551 2680 prius
579 2606 750 2677 pauci,
787 2619 928 2658 nunc
954 2601 1171 2673 populi;
1202 2601 1321 2671 quia
1360 2608 1484 2654 tunc
1521 2598 1586 2652 ad
1630 2594 1788 2652 fidem

193 2717 505 2775 paucorum,
527 2706 784 2755 etcontra
808 2698 1108 2753 irrisionem
1132 2695 1469 2765 populorum,
1495 2708 1616 2748 cum
1636 2691 1793 2747 Chri-

197 2800 303 2848 stus
333 2793 633 2848 erucifixus
655 2790 1055 2861 praedicaretur,
1080 2784 1251 2841 claudi
1274 2784 1635 2849 ambulabant,
1661 2783 1790 2838 muti

198 2885 571 2957 loquebantur,
607 2882 753 2937 surdi
792 2880 1099 2947 audiebant,
1137 2879 1262 2934 Caeci
1291 2877 1557 2943 videbant,
1596 2875 1791 2931 mortui

200 2977 572 3049 resurgebant.
601 2972 692 3030 Sic
717 2972 927 3028 tandem
959 2970 1328 3025 animadvertit
1363 2978 1571 3025 terrena
1608 2982 1795 3037 supcr-

200 3070 302 3137 bia,
343 3069 480 3124 nihil
515 3069 571 3122 in
603 3068 731 3138 ipsis
768 3065 997 3120 terrenis
1035 3076 1154 3118 esse
1190 3062 1456 3133 potentius
1496 3060 1794 3115 humilitate

201 3160 375 3216 divina
400 3157 444 3230 (Ι
468 3160 588 3215 Cor.
621 3173 668 3225 ι,
698 3154 909 3227 23-25),
934 3165 992 3211 ut
1016 3156 1175 3211 etiam
1203 3154 1553 3209 saluberrima
1582 3152 1795 3208 humili-

204 3256 279 3307 tas
302 3251 558 3315 humana,
583 3255 768 3306 contra
797 3248 1138 3304 insultantem
1179 3246 1278 3301 sibi
1306 3246 1628 3317 superbiam,
1657 3243 1794 3301 divi-

202 3350 282 3398 nas
310 3343 624 3398 imitationis
653 3339 952 3413 patrocinio
984 3346 1240 3393 tueretur.

274 3436 325 3489 7.
369 3434 817 3508 Expergiscimini
844 3431 1149 3503 aliquando,
1172 3431 1363 3486 fratres
1384 3430 1510 3496 mei,
1535 3439 1589 3487 ct
1611 3440 1796 3500 paren-

204 3532 282 3582 tes
307 3529 416 3582 mei
448 3526 523 3601 (a)
553 3526 955 3592 Madaurenses;
1006 3525 1141 3579 hanc
1170 3522 1505 3579 occasionem
1534 3523 1798 3578 scribendi

203 3618 353 3675 vobis
395 3620 539 3676 Deus
583 3620 713 3674 mihi
749 3618 959 3675 obtulit.
996 3617 1261 3684 Quantum
1304 3615 1450 3686 potui
1489 3615 1701 3687 quidem
1747 3614 1799 3669 in

196 3712 417 3783 negotio
453 3711 631 3768 fratris
658 3711 974 3777 Florentini,
1001 3726 1097 3778 per
1135 3724 1296 3781 quem
1329 3710 1529 3763 litteras
1556 3707 1795 3773 misistis,

191 3803 335 3858 sicut
361 3802 514 3855 Deus
539 3800 725 3866 voluit,
768 3798 909 3855 adfui
940 3811 994 3854 et
1019 3801 1229 3869 adiuvi;
1270 3800 1365 3855 sed
1394 3800 1498 3854 tale
1526 3799 1801 3870 negotium

195 3899 335 3958 erat,
365 3890 520 3961 quod
543 3894 701 3947 etiam
733 3893 847 3948 sine
869 3907 1029 3961 Opera
1057 3908 1176 3947 mea
1206 3892 1359 3947 facile
1387 3891 1566 3962 peragi
1591 3898 1801 3961 posset:

199 3999 373 4057 prope
421 3999 611 4040 omnes
648 3984 792 4040 cnim
819 3983 1007 4039 domus
1043 3982 1208 4053 ipsius
1240 3982 1502 4048 homines,
1537 3982 1624 4052 qui
1667 3981 1805 4051 apud

204 4076 511 4148 Hipponem
553 4081 696 4143 sunt,
753 4084 1012 4131 noverunt
1053 4074 1442 4141 Floren’tinum,
1486 4083 1539 4130 et
1584 4074 1805 4127 nmltum

210 4168 326 4239 ejus
347 4168 631 4225 orbitatem
659 4166 859 4223 dolent.
882 4165 991 4223 Sed
1018 4166 1239 4237 epistola
1262 4165 1390 4220 mihi
1414 4180 1444 4219 a
1470 4164 1619 4221 vobis
1645 4166 1806 4221 missa

217 4268 319 4329 est,
353 4268 413 4315 ut
439 4274 544 4316 non
575 4261 855 4331 impudens
890 4266 1033 4315 esset
1060 4257 1283 4328 epistola
1313 4271 1452 4323 mea,
1482 4270 1626 4324 cum,
1649 4268 1808 4313 occa-

217 4354 367 4409 sione
392 4370 423 4409 a
450 4352 597 4409 vobis
623 4361 861 4423 accepta,
896 4350 1154 4406 idolorum
1186 4349 1479 4406 cultoribus
1504 4350 1571 4406 de
1598 4346 1809 4407 Christo

220 4442 417 4517 aliquid
442 4442 770 4516 loqueretur.
800 4442 908 4497 Sed
930 4441 1157 4497 obsecro
1187 4456 1301 4508 vos,
1335 4442 1380 4497 si
1408 4456 1529 4499 cum
1561 4457 1665 4497 non
1694 4441 1809 4497 ina-

221 4536 357 4592 niter
380 4538 435 4591 in
477 4550 537 4591 ea
569 4536 793 4608 epistola
823 4533 1152 4601 nominastis,
1191 4544 1249 4589 ut
1272 4550 1376 4589 non
1408 4535 1635 4589 inaniter
1660 4532 1812 4589 vobis

222 4624 317 4681 ista
345 4624 673 4696 scripserim.
704 4624 757 4681 Si
785 4634 961 4681 autem
991 4640 1076 4681 me
1102 4624 1323 4682 irridere
1344 4627 1604 4694 voluistis,
1630 4625 1814 4684 timete

223 4716 371 4773 illum
412 4730 571 4788 quem
618 4714 764 4788 prius
808 4716 1102 4787 indicatum
1148 4717 1309 4773 irrisit
1360 4719 1625 4789 superbus
1668 4720 1812 4778 orbis

226 4816 511 4878 terrarum,
553 4817 607 4866 et
634 4824 776 4865 nunc
798 4809 1030 4881 iudicem
1066 4808 1337 4879 subjectus
1370 4820 1641 4883 exspectat
1669 4830 1680 4866 :
1713 4814 1814 4869 erit

224 4904 361 4959 enim
418 4901 568 4958 testis
618 4899 839 4959 affectus
881 4902 932 4957 in
979 4917 1074 4957 vos
1119 4903 1295 4958 cordis
1346 4906 1471 4972 mei,
1520 4918 1613 4976 per
1652 4905 1810 4976 hanc,

227 5007 478 5067 quantum
503 4994 649 5066 potui
680 4997 920 5066 paginam
947 5010 1261 5066 expressus;
1293 4997 1391 5053 erit
1414 5000 1564 5053 testis
1584 4999 1733 5056 vobis
1761 5001 1816 5056 in

223 5087 423 5159 judicio
466 5088 580 5159 ejus
608 5090 696 5160 qui
727 5089 1007 5146 credentes
1036 5090 1138 5146 sibi
1180 5091 1589 5150 confirmaturus
1625 5105 1726 5163 est,
1761 5104 1815 5152 ct

228 5180 529 5237 incredulos
567 5179 903 5237 confusurus.
956 5182 1096 5237 Deus
1135 5198 1273 5238 unus
1315 5192 1367 5239 ct
1412 5202 1567 5242 verus
1605 5204 1699 5242 vos
1745 5188 1814 5243 ab

230 5277 372 5331 omni
403 5276 560 5348 hujus
586 5276 767 5333 szeeuli
799 5280 1028 5334 vanitate
1054 5280 1306 5335 liberatos
1341 5286 1614 5338 convertat
1639 5281 1705 5339 ad
1731 5300 1811 5355 se,

231 5367 430 5426 domini
461 5369 848 5441 praedicabiles,
876 5379 930 5428 et
958 5362 1287 5428 dilectissimi
1319 5374 1527 5431 fratres.

587 5595 919 5709 uarat;
932 5595 1106 5649 υίείοηε
1483 5606 1819 5681 ωηιξη-θ

169 5755 191 5769 ν·
258 5738 365 5813 “(a)
522 5736 842 5813 litteraturam
862 5741 1187 5813 et_0t:atoriam
1210 5738 1365 5793 artem
1388 5742 1515 5813 apud
1546 5747 1675 5813 ipsos
1694 5747 1818 5803 didi-

233 5802 313 5869 cit,-
336 5816 399 5853 ex
420 5802 509 5853 lib.
531 5801 565 5852 3
581 5801 819 5865 Coum,
841 5816 886 5854 c.
907 5803 1295 5864 amatorum
1314 5801 1453 5858 vocis
1471 5801 1709 5873 μὴν.

1323 353 1801 423 EPISTOLARUM
1837 354 2106 415 CLASSIS
2141 350 2229 414 IV.

2261 468 2593 528 EPISTOLA
2627 466 2966 527 CCXXXIII'
2991 470 3089 544 (a).
3330 356 3472 422 mo

1882 590 2189 661 Augustinus
2228 584 2543 659 Longiniano
2592 602 2789 657 pagano
2827 584 3145 656 philosopho,
3189 600 3465 655 provocans

1954 681 2102 735 illum
2123 679 2192 737 ad
2227 679 2543 737 scribendum
2571 694 2791 748 quonam
2816 676 2966 732 modo
3009 677 3175 736 Deum
3203 680 3473 741 colendum

1957 776 2149 843 credat,
2182 774 2359 845 quidue
2388 773 2450 830 de
2476 771 2677 829 Christo
2705 774 2905 827 sentiat.

2305 886 2628 942 Louersuno
2666 885 3023 940 Aucusrmus.

1957 997 2143 1055 Soiere
2179 995 2329 1053 aiunt
2356 995 2639 1067 quemdam
2666 1002 2904 1051 veterum
2929 994 3126 1062 dicere,
3157 993 3351 1066 quibus
3387 1011 3475 1053 sa-

1890 1090 1957 1145 tis
1985 1100 2297 1159 persuasum
2329 1094 2471 1146 esset
2492 1094 2548 1143 ut
2575 1087 2704 1142 nihil
2731 1088 2949 1143 mallent
2976 1101 3034 1143 se
3060 1101 3180 1143 esse
3208 1102 3364 1159 quam
3389 1088 3474 1145 vi-

1888 1192 1979 1236 ros
2006 1182 2191 1245 bonos,
2219 1180 2302 1235 his
2322 1181 2577 1250 reliquam
2606 1177 2813 1235 facilem
2836 1192 2955 1234 esse
2980 1178 3297 1234 doctrinam.
3325 1177 3475 1237 Hanc

1890 1275 2215 1331 sententiam
2245 1272 2411 1347 (nam,
2444 1273 2487 1327 si
2518 1274 2617 1327 rite
2655 1272 2854 1337 recolo,
2884 1270 3151 1327 Socratica
3176 1271 3279 1343 est)
3320 1272 3479 1344 longe

1889 1366 2155 1436 antiquior
2177 1364 2483 1435 prephe'tica
2505 1364 2614 1433 jam
2643 1366 3009 1434 praecesserat,
3040 1363 3352 1434 prweipiens
3378 1364 3481 1420 hoc

1889 1457 2021 1512 mini
2056 1454 2289 1512 breviter
2315 1464 2369 1512 et
2401 1456 2580 1523 simul,
2614 1471 2718 1509 non
2758 1461 2963 1510 tantum
3005 1459 3061 1510 ut
3089 1466 3146 1510 se
3173 1455 3304 1511 nihil
3332 1456 3482 1514 malit

1891 1560 2013 1603 esse
2030 1560 2187 1618 quam
2216 1547 2430 1612 bonum,
2458 1561 2641 1601 verum
2666 1548 2829 1602 etiam
2860 1546 2999 1601 unde
3026 1547 3116 1600 fiat
3138 1547 3308 1603 bunus
3336 1564 3350 1601 :
3381 1547 3482 1603 Di-

1892 1632 2035 1702 liges,
2070 1632 2260 1702 inquit,
2285 1628 2560 1687 Dominum
2590 1629 2757 1683 Deum
2782 1640 2926 1683 tuum
2959 1644 3023 1686 eat
3055 1639 3158 1684 toto
3186 1632 3342 1686 cordo
3372 1642 3479 1701 tuo,

1891 1732 1937 1777 et
1965 1738 2029 1778 ex
2055 1732 2161 1778 tota
2182 1724 2355 1778 animo
2383 1733 2487 1789 tua,
2514 1724 2564 1777 dt
2584 1738 2647 1777 ea:
2672 1731 2777 1776 tota
2804 1731 2969 1776 mente
2991 1732 3079 1776 tua
3102 1723 3276 1794 (Deut.
3299 1734 3371 1792 Vt,
3393 1726 3483 1799 5);

1824 1840 1831 1849 ·
1891 1824 1965 1883 et,
1997 1814 2191 1887 Diliges
2219 1818 2505 1886 proximum
2528 1824 2674 1870 tuum
2698 1825 2939 1886 tanquam
2958 1817 3173 1887 teipsum
3195 1815 3336 1887 (Leo.
3366 1830 3480 1889 XIX,

1896 1904 2009 1977 18).
2041 1906 2154 1962 Hoc
2188 1906 2276 1961 cui
2302 1920 2611 1976 persuasum
2648 1914 2810 1972 esset,
2843 1922 2947 1960 non
2987 1908 3035 1962 ei
3067 1908 3324 1979 reliquam
3354 1910 3488 1966 faei-

1894 2001 2022 2066 lem,
2063 2000 2157 2055 sed
2185 2015 2305 2055 eam
2340 2008 2504 2055 totum
2540 2012 2660 2056 esse
2693 1996 2990 2056 doctrinam
3016 1998 3270 2057 duntaxat
3301 2004 3488 2060 utilem

1895 2107 1956 2148 ac
1980 2092 2265 2148 salubrem.
2290 2092 2469 2147 Multa:
2493 2092 2638 2147 enim
2654 2092 2919 2161 doctrinae,
2930 2100 3076 2157 sunt,
3102 2093 3147 2147 si
3178 2102 3355 2149 tamen
3385 2094 3491 2151 do-

1893 2186 2083 2241 ctrina:
2101 2186 2343 2241 dicendae
2363 2193 2506 2253 sunt,
2539 2186 2621 2240 vel
2647 2185 2952 2257 supernum,
2981 2187 3064 2243 vel
3093 2188 3285 2243 noxize.
3328 2188 3487 2247 Vete-

1894 2292 2015 2333 rum
2046 2276 2220 2335 Libris
2246 2277 2488 2334 Christus
2521 2284 2776 2335 atteSlans
2802 2298 2816 2334 :
2846 2277 2911 2333 In
2938 2280 3037 2345 his,
3070 2279 3259 2352 inquit,
3293 2281 3489 2339 duobus

1899 2374 2161 2445 praceptis
2182 2378 2287 2427 tota
2312 2373 2393 2427 les
2414 2372 2593 2444 pendet
2619 2380 2666 2428 et
2688 2373 2960 2445 Propheta
2980 2371 3194 2444 (Matth.
3218 2386 3352 2440 xxtt,
3371 2375 3486 2447 40).

1897 2463 2145 2528 Proinde,
2175 2464 2298 2535 quia
2325 2463 2454 2519 mihi
2481 2464 2663 2520 videor
2688 2464 2984 2535 inspexisse
3013 2472 3260 2535 tanquam
3288 2467 3340 2521 in
3369 2481 3494 2538 spe-

1897 2556 2021 2610 culo
2048 2556 2509 2611 sermocinationis
2536 2571 2740 2612 mecum
2772 2566 2891 2621 ture,
2929 2556 3061 2610 nihil
3101 2565 3154 2611 te
3180 2570 3299 2613 esse
3334 2557 3495 2613 malle

1898 2658 2059 2715 quam
2085 2646 2258 2699 virum
2287 2647 2514 2711 bonum;
2554 2648 2741 2713 Deum,
2768 2660 2877 2717 quo
2902 2646 3034 2700 nihil
3068 2656 3151 2702 est
3180 2647 3391 2713 melius,
3437 2655 3494 2703 et

1900 2735 2040 2790 unde
2068 2735 2333 2791 humanus
2374 2736 2584 2791 animus
2615 2737 2791 2791 haurit
2831 2744 2887 2791 ut
2923 2737 3096 2792 bonus
3136 2737 3223 2803 sit,
3256 2742 3488 2809 quonam

1899 2825 2063 2881 modo
2080 2825 2365 2882 colendum
2387 2828 2596 2896 credas,
2620 2828 2790 2883 audeo
2815 2830 3115 2898 percontari
3144 2846 3158 2882 :
3188 2840 3310 2883 nam
3341 2829 3491 2901 quod

1898 2932 2022 2972 eum
2054 2918 2337 2973 colendum
2364 2919 2571 2983 credas,
2599 2919 2706 2989 jam
2736 2926 2909 2975 teneo.
2953 2919 3147 2988 Quaero
3170 2922 3334 2975 etiam
3361 2921 3493 2993 quid

1900 3008 1968 3063 de
1994 3008 2209 3065 Christo
2238 3012 2455 3066 sentias.
2485 3010 2637 3079 Quod
2664 3010 2808 3066 enim
2834 3024 2956 3066 eum
2987 3025 3093 3065 non
3122 3012 3490 3082 parvipendas,

1901 3103 2105 3159 adverti
2138 3121 2153 3157 :
2182 3104 2277 3160 sed
2299 3112 2475 3159 utrum
2502 3119 2564 3159 ea
2593 3114 2645 3159 et
2665 3105 2779 3160 sola
2810 3105 2887 3159 via
2909 3121 3029 3175 qua:
3054 3106 3124 3161 ab
3150 3106 3242 3161 illo
3267 3106 3493 3164 demon-

1903 3207 2069 3256 strata
2096 3206 2197 3266 est,
2224 3199 2292 3254 ad
2316 3200 2478 3253 vitam
2500 3199 2705 3254 beatam
2730 3199 2990 3268 perveniri
3014 3213 3170 3269 posse
3198 3200 3493 3268 existimes,

1902 3299 1958 3347 et
1982 3290 2161 3362 aliqua
2186 3306 2249 3346 ex
2278 3304 2436 3345 causa
2459 3304 2567 3345 non
2590 3300 2707 3347 eam
2736 3289 2968 3361 negligas
2997 3289 3092 3355 ire,
3128 3282 3221 3346 sed
3249 3284 3494 3359 differas;

1906 3399 1973 3437 an
2002 3393 2057 3439 et
2082 3383 2357 3439 aliam-vel
2384 3383 2517 3437 alias
2544 3382 2611 3437 ad
2640 3393 2746 3436 tam
2777 3383 3010 3452 opimam
3032 3386 3085 3438 et
3115 3396 3223 3453 prae
3249 3385 3501 3442 omnibus

1905 3475 2259 3547 appetendam
2299 3474 2690 3544 possessionem
2720 3475 2831 3529 vias
2853 3486 2973 3532 esse
2992 3475 3289 3542 arbitreris,
3323 3485 3376 3532 et
3400 3477 3501 3534 ali-

1906 3584 2064 3641 quam
2090 3582 2275 3625 earum
2301 3569 2410 3638 jam
2444 3576 2496 3624 te
2533 3568 2738 3639 ingredi
2781 3563 2989 3631 credas,
3032 3580 3191 3623 nosse
3228 3570 3404 3641 cupio,
3439 3574 3501 3627 ut

1908 3663 2116 3733 opinor,
2159 3674 2267 3718 non
2307 3659 2658 3731 impudenter.
2703 3660 2875 3731 Diligo
2916 3660 3059 3715 enim
3099 3668 3150 3717 te
3190 3666 3405 3732 propter
3448 3661 3503 3718 id

1909 3756 2051 3826 quod
2079 3766 2238 3826 supra
2268 3754 2396 3820 dixi,
2435 3764 2628 3824 tneque
2650 3748 2746 3807 abs
2777 3752 2829 3807 te
2854 3744 3002 3823 diligi
3031 3767 3135 3807 non
3163 3760 3367 3809 temere
3390 3753 3507 3808 exi.

1910 3850 2100 3914 stimo;
2137 3858 2236 3904 nec
2263 3849 2372 3903 ulla
2398 3848 2466 3903 de
2501 3860 2561 3903 re
2588 3848 2687 3901 alia
2730 3846 2869 3902 inter
2904 3856 2997 3901 eos
3031 3848 3125 3917 qui
3155 3860 3212 3902 se
3248 3846 3507 3905 benevolo

1914 3948 2196 4006 noverunt,
2216 3954 2395 3995 sermo
2417 3938 2756 4002 fructuosior,
2780 3940 2863 3994 vel
2885 3940 3228 4009 impenditur,
3247 3942 3329 3996 vel
3348 3957 3505 4011 repo-

1913 4036 2096 4098 seitur,
2130 4034 2215 4089 vei
2254 4033 2531 4104 accipitur,
2580 4032 2661 4088 vel
2692 4030 2965 4101 recipitur,
3008 4044 3166 4102 quam
3211 4033 3352 4088 unde
3378 4032 3507 4091 boni

1914 4126 2163 4197 beatique
2190 4138 2393 4180 sumus.

2298 4231 2626 4293 EPISTULA
2653 4222 2957 4290 CCXXXIV
2982 4236 2998 4258 ‘
3028 4231 3126 4308 (ὁ).

1917 4352 2264 4429 Longinianus
2289 4349 2595 4423 Augustino,
2625 4348 2693 4403 ad
2720 4347 2773 4403 id
2799 4344 3106 4420 respondens
3126 4346 3279 4418 juxta
3306 4345 3505 4403 Trime-

1988 4445 2175 4518 gistum
2210 4452 2255 4500 et
2284 4442 2609 4509 Platonicos,
2641 4457 2730 4512 per
2758 4440 2975 4496 minores
3008 4438 3129 4495 deos
3156 4440 3402 4510 perveniri
3440 4440 3509 4497 ad

1989 4555 2241 4596 summum
2268 4538 2433 4595 Deum
2450 4579 2467 4606 ,
2492 4534 2581 4593 sed
2600 4552 2703 4591 non
2732 4535 2839 4593 sine
2866 4535 3026 4591 sacris
3057 4532 3437 4605 puriﬁcatoriis.

1920 4654 2151 4713 Domino
2191 4651 2519 4717 venerando,
2559 4657 2615 4707 et
2667 4666 2793 4707 vero
2835 4664 2901 4706 ac
2950 4649 3142 4705 merito
3188 4647 3514 4719 percolendo

2171 4755 2359 4803 sancto
2380 4744 2518 4815 patri
2546 4744 2868 4809 Aoeusrnto,
2890 4740 3261 4799 Lonemauus.

1996 4882 2047 4937 Ι.
2078 4878 2266 4935 Beatus
2283 4895 2417 4944 sum,
2453 4884 2502 4933 et
2528 4876 2795 4933 relucentis
2821 4894 2948 4948 puro
2976 4875 3172 4933 uirtutis
3199 4885 3299 4933 tute
3324 4874 3515 4939 lumine

1924 4973 2198 5032 admodum
2222 4971 2527 5038 illustratus,
2548 4972 2635 5043 qui
2653 4970 2862 5044 dignum
2881 4988 2961 5025 me
2985 4969 3141 5027 divini
3162 4970 3235 5025 tui
3254 4956 3513 5040 a/Taminis

1923 5070 2115 5123 honore
2145 5056 2507 5119 cumulandum
2532 5079 2638 5118 esse
2672 5061 2879 5117 duxisti.
2915 5060 3024 5117 Sed
3050 5080 3199 5135 grave
3227 5062 3354 5118 mihi
3388 5066 3515 5120 onus

1924 5168 1971 5213 et
1994 5156 2341 5229 diﬁcillimam
2367 5153 2705 5225 respondendi
2733 5153 3041 5225 provinciam
3063 5196 3077 5220 ,
3120 5156 3319 5211 domine
3362 5173 3515 5213 vene-

1923 5244 2102 5317 rande,
2132 5248 2255 5305 satis
2277 5247 2511 5320 imponis,
2544 5248 2796 5320 precipue
2824 5248 2923 5303 tuis
2950 5248 3435 5319 percontationibus,
3466 5255 3518 5307 et

1924 5336 2016 5399 sub
2036 5340 2131 5398 hoc
2155 5346 2377 5414 ternpore
2403 5340 2456 5394 in
2483 5334 2667 5393 talibus
2691 5340 3024 5411 explicandis,
3055 5357 3144 5411 per
3169 5355 3294 5395 mete
3315 5338 3516 5412 Opinio-

1926 5436 2009 5492 nis
2031 5432 2348 5502 sementium,
2378 5432 2434 5487 id
2465 5439 2570 5500 est,
2613 5448 2647 5486 a
2674 5449 2873 5503 pagano
2900 5432 3118 5488 homine.
3147 5430 3517 5498 Quaestionibus

1990 5594 2008 5612 '
2033 5593 2199 5656 Epistt.
2239 5595 2475 5656 mgxxm
2500 5592 2809 5656 et‘ogxxm
2828 5589 3224 5656 recepde
3243 5589 3308 5640 ad
3344 5598 3391 5640 α.
3424 5589 3511 5655 bg.

1924 5650 2101 5769 3.3;.
2132 5667 2177 5705 c.
2202 5666 2274 5705 oc.
2300 5651 2351 5703 ff.
2376 5666 2427 5718 g.
2448 5666 2529 5717 gv.
2545 5651 2584 5713 j.
2609 5652 2643 5701 l.
2670 5666 2779 5702 n.r.
2798 5666 2839 5703 s.
2869 5657 2904 5701 t.
2923 5650 3044 5701 duos
3060 5664 3105 5701 a.
3130 5652 3251 5705 duos
3265 5665 3338 5704 vc.
3357 5650 3517 5707 sex'v.

1990 5792 3174 5923 iiiﬁﬁﬁiiﬁﬁgii’iﬁﬁi
