4024 6438
514 456 648 522 1031

513 556 759 629 siquidem
783 551 1000 609 abundet
1024 546 1160 625 quod
1186 563 1248 604 ex
1275 553 1415 619 parte
1437 544 1513 599 vel
1530 544 1839 616 jamdudum
1864 545 1995 599 inter
2014 560 2105 598 nos

516 648 799 707 conuenerit
818 688 835 716 ,
877 647 955 701 uel
982 661 1114 700 nunc
1144 640 1413 696 identidem
1442 638 1619 692 litteris
1647 639 1807 709 magis
1847 637 2105 708 magisque

516 743 780 801 conveniat
805 738 1088 813 praceptis,
1122 752 1221 790 non
1245 734 1411 787 dicam
1452 742 1645 786 tantum
1672 731 1949 786 Socraticis
1967 772 1982 797 ,
2014 746 2103 783 nec

514 838 637 904 tuis,
668 835 1015 891 Romanorum
1038 830 1112 884 vir
1136 842 1248 882 vere
1275 826 1480 897 optime,
1512 823 1837 896 propheticis,
1864 831 1951 875 aut
1971 837 2104 891 pau-

516 934 589 991 cis
611 928 1063 1002 Jerosolgmiticis;
1099 926 1187 980 sed
1211 924 1362 979 etiam
1393 923 1657 994 Orpheicis
1683 932 1833 992 atque
1856 921 2100 993 Ageticis,

514 1038 563 1085 et
591 1022 952 1096 Trimegisticis
972 1062 987 1088 ,
1017 1020 1165 1091 longe
1202 1029 1315 1073 ante
1350 1017 1454 1072 illis
1480 1015 1875 1084 antiquioribus,
1906 1024 1953 1069 et
1981 1031 2106 1084 pene

514 1119 725 1174 rudibus
752 1116 919 1170 adhuc
943 1112 1141 1169 swculis
1167 1111 1266 1166 diis
1291 1109 1578 1164 auctoribus
1602 1108 1782 1173 enatis,
1812 1117 1859 1161 et
1879 1107 1973 1160 toti
1998 1104 2105 1159 orbi

515 1221 664 1269 terra:
681 1210 829 1264 certis
853 1206 1095 1263 limitibus
1122 1204 1323 1269 partita:
1343 1202 1593 1275 trifariam
1613 1200 1851 1254 divinitus
1876 1198 2103 1262 ostensis,

514 1306 810 1379 priusquam
836 1317 1016 1357 nomen
1037 1309 1125 1354 aut
1163 1297 1375 1367 Europa
1394 1302 1614 1367 caperet,
1640 1301 1727 1347 aut
1758 1292 1881 1346 Asia
1906 1291 2104 1361 accipe-

511 1410 617 1467 ret,
656 1407 741 1453 aut
767 1396 929 1467 Libya
967 1392 1243 1465 possideret
1272 1390 1435 1444 virum
1460 1389 1672 1451 bonum,
1704 1394 1758 1439 ut
1785 1394 1837 1438 tu
1857 1424 1874 1451 ,
1915 1383 2107 1437 medius

514 1493 668 1564 ﬁdius
686 1533 701 1560 ,
731 1500 778 1545 et
809 1488 907 1543 eris
936 1495 983 1543 et
1007 1485 1167 1559 fuisti.
1210 1480 1475 1552 Siquidem
1500 1478 1667 1533 adhuc
1697 1484 1808 1549 post
1847 1474 2107 1529 hominum

424 1592 430 1601 ’
514 1563 811 1640 memoriam
834 1580 932 1635 nisi
955 1575 1311 1646 XenOpltontis
1330 1572 1581 1644 ﬁgmentis
1611 1569 1902 1639 composita:
1923 1563 2108 1637 fabula:

513 1677 718 1733 schema
742 1670 1007 1736 concedas,
1035 1668 1203 1723 adhuc
1232 1664 1499 1730 audierim,
1530 1660 1756 1733 legerim,
1789 1656 1998 1713 viderim
2022 1671 2109 1709 ne-

516 1768 725 1832 minem,
749 1772 839 1818 aut
858 1771 990 1816 certe
1014 1766 1126 1830 post
1147 1772 1337 1819 unum,
1369 1752 1566 1807 nullum
1584 1791 1599 1817 ,
1634 1749 1798 1821 quod,
1830 1746 1937 1802 Deo
1967 1754 2105 1810 teste,

518 1862 649 1915 bono
678 1854 900 1928 periculo
920 1859 1147 1919 certoque
1172 1847 1406 1913 dixerim,
1437 1846 1536 1899 nisi
1563 1853 1631 1911 te,
1664 1842 1829 1898 Deum
1858 1849 1903 1896 et
1922 1840 2109 1895 conniti

517 1965 715 2021 semper
742 1958 1042 2018 agnoscere,
1070 1949 1117 1995 et
1143 1954 1290 2010 posse
1323 1936 1540 2006 puritate
1567 1934 1745 2000 animi,
1790 1933 2109 2002 corporisque

519 2044 747 2112 profecta
775 2034 1043 2109 grauedine
1060 2030 1240 2086 sectari
1268 2028 1531 2101 facillime,
1557 2035 1603 2081 et
1622 2042 1712 2096 spe
1733 2025 1966 2094 perfecta:
1984 2040 2107 2077 con-

515 2131 759 2196 scientiat,
788 2144 891 2182 non
918 2125 1073 2180 dubia
1099 2122 1395 2178 credulitate
1423 2129 1609 2175 tenere.

587 2225 644 2279 2.
688 2221 868 2276 Verum
895 2234 996 2290 qua
1022 2216 1106 2270 via
1138 2214 1264 2287 effici
1293 2213 1447 2285 possit
1478 2253 1493 2280 ,
1533 2211 1693 2281 magis
1730 2218 1803 2264 est
1842 2218 1896 2262 ut
1926 2217 1979 2262 tu
2007 2224 2107 2262 non

524 2316 737 2380 nescias,
765 2323 813 2369 et
837 2311 962 2367 mihi
990 2326 1091 2365 non
1117 2308 1374 2363 insinuata
1402 2305 1711 2360 extrinsecus
1736 2304 1907 2374 aliquo
1932 2302 2109 2357 disser-

518 2420 614 2478 tes,
638 2422 790 2480 quam
810 2413 865 2460 ut
884 2421 917 2458 a
938 2419 1036 2469 me,
1062 2401 1264 2455 domine
1290 2395 1607 2469 percolende,
1628 2394 1778 2450 scias.
1812 2393 1943 2460 Quia
1968 2404 2105 2460 tunc,

518 2502 703 2574 fateor,
740 2497 893 2569 hujus
930 2492 1048 2548 boni
1085 2492 1140 2546 in
1180 2490 1347 2546 sedem
1389 2491 1705 2560 profecturus
1740 2485 2022 2556 sufficiens,
2054 2492 2111 2537 ut

517 2608 631 2648 mea
658 2595 894 2661 expetunt
926 2582 1229 2650 sacerdotia,
1251 2580 1457 2634 minime
1499 2578 1745 2644 necdum,
1780 2585 1825 2630 et
1866 2578 1908 2631 si
1944 2585 2110 2630 tamen

522 2690 751 2754 potuero,
783 2678 1019 2733 uiaticum
1056 2672 1261 2745 colligo.
1298 2671 1486 2727 Verum
1513 2669 1634 2741 quid
1664 2669 1906 2723 traditum
1941 2677 2113 2722 sancte

519 2783 669 2846 atque
708 2769 985 2841 antiquitus
1023 2776 1219 2822 teneam
1262 2774 1413 2835 atque
1449 2762 1764 2829 custodiam,
1804 2771 1860 2815 ut
1904 2770 2111 2831 potuero

520 2865 695 2941 paucis
718 2863 933 2919 edicam.
972 2858 1070 2914 Via
1094 2868 1166 2913 est
1197 2860 1253 2911 in
1272 2854 1441 2910 Deum
1469 2854 1667 2917 melior,
1699 2870 1799 2924 qua
1824 2853 1898 2907 uir
1924 2854 2108 2919 bonus,

520 2959 642 3033 piis,
670 2955 834 3032 puris,
855 2952 1035 3026 justis,
1064 2950 1235 3016 castis,
1262 2948 1389 3003 veris
1409 2946 1556 3001 dictis
1577 2946 1842 3018 factisque,
1868 2944 1976 2998 sine
2003 2944 2113 2997 ulla

521 3059 804 3122 temporum
833 3048 851 3079 ¹
880 3054 1186 3101 mutatorum
1217 3047 1421 3113 captata
1453 3037 1733 3110 jactatione
1761 3034 1999 3107 probatus
2019 3075 2033 3099 ,
2064 3043 2113 3088 et

501 3144 735 3199 deorum
761 3139 1000 3195 comitatu
1019 3135 1258 3201 vallatus,
1282 3130 1377 3187 Dei
1397 3130 1568 3201 utique
1587 3128 1915 3200 potestatibus
1936 3126 2115 3180 emeri-

524 3246 643 3300 tus;
666 3233 721 3287 id
744 3242 839 3299 est,
862 3232 972 3302 ejus
990 3228 1163 3295 unius,
1186 3236 1232 3281 et
1249 3225 1486 3289 uniuersi,
1511 3231 1557 3278 et
1575 3219 2111 3292 incomprehensibilis,

523 3333 575 3382 et
598 3319 900 3391 ineff'abilis,
930 3317 1357 3391 infatigabilisque
1382 3314 1635 3371 Creatoris
1657 3312 1890 3382 impletus
1916 3312 2114 3365 virtuti-

526 3417 655 3487 bus,
684 3432 831 3487 quos,
863 3423 915 3468 ut
943 3428 1110 3466 verum
1142 3418 1235 3477 est,
1265 3407 1484 3480 Angelos
1510 3406 1707 3468 dicitis,
1736 3404 1814 3460 vel
1837 3404 1959 3471 quid
1987 3403 2114 3457 alte-

524 3529 642 3569 rum
668 3517 781 3582 post
824 3506 989 3563 Deum
1012 3504 1092 3560 vel
1118 3520 1232 3558 cum
1265 3500 1394 3567 Deo,
1425 3508 1512 3554 aut
1537 3517 1570 3553 a
1598 3498 1728 3564 Deo,
1764 3506 1850 3551 aut
1873 3497 1926 3551 in
1953 3495 2117 3551 Deum

526 3604 805 3661 intentione
826 3599 981 3656 animi
1002 3596 1279 3668 mutisque
1301 3594 1377 3648 ire
1395 3592 1620 3665 festinat.
1659 3589 1754 3644 Via
1774 3598 1865 3655 est,
1888 3589 2114 3659 inquam,

527 3715 628 3773 qua
655 3695 855 3771 purgati
885 3693 1207 3765 antiquorum
1235 3703 1499 3744 sacrorum
1528 3686 1625 3757 piis
1652 3684 1916 3755 praeceptis
1944 3683 2119 3753 expia-

529 3790 845 3859 tionibusque
869 3784 1151 3860 purissimis
1169 3825 1183 3851 ,
1216 3790 1262 3837 et
1296 3779 1548 3835 abstemiis
1578 3774 2000 3832 observationibus
2025 3774 2117 3829 de-

531 3884 679 3949 cocti,
709 3882 883 3936 anima
910 3888 957 3933 et
981 3891 1193 3947 corpore
1218 3881 1501 3928 constantes
1524 3870 1879 3942 deproperant.

603 3976 657 4034 3.
688 3974 769 4030 De
806 3972 1003 4029 Christo
1036 3977 1203 4025 autem
1241 3977 1341 4022 tua
1368 3966 1485 4038 jam
1508 3962 1820 4019 credulitatis
1854 3962 2049 4017 carnali
2071 3970 2120 4017 et

531 4067 714 4143 spiritu
743 4064 851 4121 Deo
876 4066 919 4130 ³,
949 4078 1038 4136 per
1060 4076 1208 4134 quem
1231 4059 1287 4114 in
1309 4057 1455 4113 illum
1478 4072 1750 4122 summum,
1779 4054 2005 4120 beatum,
2033 4070 2118 4108 oe-

531 4178 666 4226 rum,
690 4168 736 4215 et
758 4166 951 4230 patrem
970 4154 1194 4211 omnium
1211 4152 1285 4207 ire
1305 4166 1511 4207 securus
1527 4165 1599 4217 es,
1623 4148 1825 4202 domine
1842 4156 1988 4219 pater
2008 4162 2122 4218 per-

530 4252 771 4318 colende,
798 4266 900 4303 non
924 4246 1086 4301 audeo
1114 4261 1204 4300 nec
1228 4244 1370 4298 valeo
1407 4240 1530 4313 quid
1557 4240 1769 4296 sentiam
1805 4239 2120 4308 exprimere;

533 4346 653 4417 quia
674 4342 807 4413 quod
834 4340 1017 4404 nescio,
1051 4336 1402 4409 difﬁcillimum
1426 4332 1575 4387 credo
1596 4331 1824 4402 deﬁnire.
1862 4329 1929 4386 Ut
1954 4340 2121 4384 autem

533 4452 615 4493 me
629 4435 867 4488 cultorem
883 4440 1084 4485 tuarum
1103 4429 1339 4483 uirtutum
1359 4426 1594 4497 dignatus
1614 4440 1664 4479 es
1675 4424 1789 4495 jam
1808 4422 1928 4477 olim
1947 4421 2122 4476 scienti

533 4525 797 4583 insinuare
830 4521 965 4595 quod
993 4519 1206 4591 diligas,
1232 4518 1357 4573 satis
1390 4515 1457 4570 ad
1481 4516 1624 4571 bona:
1650 4515 1763 4569 vitae
1786 4513 2121 4569 testimonium

533 4618 712 4685 habeo,
735 4612 871 4687 quod
890 4628 1002 4667 cum
1020 4627 1082 4666 ne
1103 4609 1189 4664 tibi
1210 4607 1526 4679 displiceam,
1547 4606 1633 4677 qui
1655 4604 1759 4659 Deo
1809 4613 1855 4660 te
1874 4604 2122 4658 animam-

532 4727 631 4785 que
664 4718 803 4763 tuam
839 4704 1061 4775 quotidie
1085 4702 1343 4768 insinuas,
1374 4697 1601 4753 custodio
1627 4713 1645 4752 :
1671 4696 1908 4768 intelligis
1945 4696 2122 4768 procul

536 4800 689 4857 dubio
714 4796 848 4870 quod
881 4806 927 4852 et
953 4809 1042 4867 ego
1071 4802 1118 4847 te
1144 4788 1504 4847 delectabiliter
1534 4788 1775 4860 diligam,
1805 4804 1919 4841 cum
1944 4786 2017 4841 tui
2032 4788 2123 4859 ju-

535 4891 657 4948 dicii
676 4892 738 4945 de
763 4905 843 4943 me
868 4887 1023 4942 habiti
1048 4900 1278 4940 normam
1319 4880 1597 4951 lineamque
1620 4880 1871 4952 accipiens
1904 4889 2117 4935 teneam.

538 4982 649 5041 Sed
671 4964 1005 5047 ante‘omnia,
1032 4993 1206 5048 quasso
1229 4986 1295 5045 te,
1322 4984 1377 5029 ut
1396 4974 1731 5044 exiguissima:
1756 4973 1983 5043 opinioni
2003 4989 2125 5029 mea:

536 5072 733 5131 ueniam
754 5069 1026 5135 concedas,
1062 5076 1110 5124 et
1145 5065 1365 5123 sermoni
1402 5081 1512 5120 meo
1535 5064 1603 5118 ad
1635 5074 1710 5131 te,
1738 5064 1857 5136 quia
1880 5064 2119 5136 coegisti,

540 5166 752 5225 remisso
774 5165 922 5235 forte,
951 5165 1230 5235 incongruo
1255 5162 1405 5233 facile
1425 5159 1710 5229 indulgeas,
1739 5168 1786 5213 et
1808 5175 1888 5213 me
1917 5158 2040 5229 quid
2063 5159 2126 5213 de

541 5262 620 5322 his
649 5260 923 5325 existimes,
947 5257 1023 5312 vel
1049 5267 1103 5311 tu
1122 5256 1244 5329 quid
1266 5256 1472 5323 sentias,
1500 5253 1685 5310 sanctis
1705 5252 1904 5323 scriptis
1924 5251 2043 5319 tuis,
2071 5260 2126 5305 ut

537 5357 625 5414 ille
654 5355 760 5421 ait,
790 5356 904 5426 jam
932 5368 1033 5407 non
1058 5352 1234 5416 melle,
1261 5350 1349 5406 sed
1374 5358 1570 5405 nectare
1594 5347 1903 5403 dulcioribus
1937 5344 2120 5421 (Ovid.

534 5446 697 5506 Trist.
726 5446 778 5508 5,
807 5443 956 5516 Eleg.
992 5444 1080 5515 5),
1116 5443 1161 5497 si
1198 5458 1418 5509 mereor,
1461 5442 1735 5512 informare
1757 5438 1997 5512 digneris.
2027 5437 2125 5494 Dei

536 5540 723 5614 pietate
750 5535 1051 5609 perfruaris,
1083 5534 1285 5589 domine
1315 5542 1476 5604 pater,
1504 5550 1563 5587 ac
1589 5542 1831 5606 perpetua
1866 5532 2127 5586 sanctitate

540 5632 651 5692 Deo
680 5630 899 5703 placeas,
926 5626 1062 5699 quod
1089 5641 1283 5682 necesse
1305 5634 1395 5681 est.

605 5812 623 5879 ξ
648 5817 701 5879 tn
715 5815 821 5879 φερε
838 5807 1042 5879 aliquot:
1065 5811 1330 5879 tempore"
1938 5818 2032 5863 etc-

540 5870 871 6008 ‘pzmpzdhteud,
893 5868 940 5921 ei
1274 5877 1406 5935 nam,
1425 5876 1474 5924 et
1487 5868 1684 5935 spiritus
1706 5871 1845 5927 dario.
1864 5868 2062 5937 eiusa,
2081 5880 2132 5927 et

1679 447 1736 507 S.
1776 443 2143 507 AUGUSTINI
2178 443 2485 504 EPISCOPI

2619 531 2949 592 EPISTOLA
2987 531 3269 591 ccxxxv
3298 532 3392 607 (a).
3667 441 3802 508 um

2210 653 2518 725 Augustinus
2546 650 2888 722 Longiniano,
2939 648 3206 720 explanari
3242 665 3468 719 querens
3507 668 3601 706 cur
3632 658 3799 723 putari

2282 763 2408 817 opus
2437 745 2701 814 sacriﬁciis
2730 744 3092 813 puriﬁcatoriis
3121 743 3165 797 ei
3190 742 3277 812 qui
3290 743 3403 813 jam
3434 744 3624 799 divinis
3644 747 3798 801 virtu-

2282 837 2411 892 tibus
2440 838 2505 891 sit
2531 834 2961 890 circumvallatus.

2636 928 2959 985 Louemuno
2996 928 3353 983 Aucusrmus.

2282 1024 2336 1078 ‘l.
2378 1022 2507 1094 Cepi
2551 1022 2782 1078 fructum
2827 1022 3009 1091 scripti
3054 1021 3195 1085 mei,
3242 1020 3561 1090 rescriptum
3606 1021 3801 1080 scilicet

2210 1117 2602 1174 Benevolentiaa
2632 1126 2753 1172 tuae.
2785 1114 2936 1170 Unde
2961 1114 3072 1184 jam
3105 1112 3263 1168 video
3287 1120 3537 1167 exortum
3568 1123 3625 1169 et
3648 1130 3801 1170 exor-

2211 1226 2329 1266 sum
2360 1210 2499 1265 inter
2535 1224 2633 1264 nos
2661 1224 2868 1279 niagnae
2902 1206 3001 1261 hac
3029 1206 3099 1261 de
3127 1221 3186 1261 re
3212 1220 3399 1276 magna
3427 1205 3803 1276 disputationis

2211 1305 2360 1374 quasi
2388 1312 2681 1359 sementem
2709 1320 2721 1354 :
2756 1301 2859 1357 hoc
2884 1309 2966 1355 est
2990 1299 3128 1370 quod
3153 1298 3395 1353 volebam
3421 1299 3594 1369 prius,
3622 1298 3803 1355 deinde
3835 1322 3846 1369 ᾗ,

2211 1396 2351 1466 quod
2377 1395 2554 1450 adhuc
2576 1395 2718 1463 volo,
2743 1394 2881 1449 Deus
2900 1392 3196 1463 adiuvabit.
3220 1391 3274 1446 ld
3296 1401 3477 1447 autem
3502 1400 3608 1459 est,
3637 1400 3693 1447 ut
3712 1391 3803 1447 hoc

2211 1497 2443 1557 coeptum
2476 1487 2658 1542 debito
2700 1502 2764 1542 ac
2813 1486 3014 1541 salubri
3059 1485 3167 1539 line
3194 1483 3499 1539 claudatur.
3548 1484 3800 1552 Proinde,

2212 1579 2352 1651 quod
2382 1580 2448 1635 de
2474 1578 2689 1634 Christo
2715 1578 2849 1633 nihil
2876 1588 3079 1634 temere
3102 1576 3194 1631 tibi
3224 1574 3531 1647 negandum
3557 1575 3642 1629 vel
3669 1573 3801 1631 afﬁr-

2218 1672 2472 1728 mandum
2498 1672 2725 1742 putasti,
2759 1671 2862 1726 hoc
2890 1670 2942 1726 in
2973 1667 3165 1741 pagani
3194 1668 3373 1723 animo
3415 1678 3801 1737 temperamen-

2213 1774 2326 1820 tum
2352 1780 2461 1820 non
2487 1765 2683 1819 invitus
2707 1764 3026 1835 acceperim.
3057 1762 3208 1832 Quod
3238 1776 3364 1817 vero
3408 1760 3575 1815 etiam
3606 1760 3801 1829 scriptis

2213 1857 2349 1914 meis
2378 1857 2557 1912 doceri
2588 1865 2639 1911 te
2665 1857 2815 1926 cupis
2840 1857 2907 1911 de
2934 1857 3031 1910 hac
3060 1870 3151 1922 re,
3181 1868 3526 1924 nequaquam
3553 1853 3797 1918 abnuam,

2213 1963 2387 2017 neque
2414 1947 2667 2002 desistam
2711 1946 2833 2001 huic
2863 1955 2970 2001 tam
3014 1946 3171 2002 bona:
3203 1946 3445 2015 mihique
3484 1942 3799 1998 charissima:

2213 2038 2415 2093 servire
2444 2039 2700 2092 voluntati
2750 2046 2871 2091 tum.
2919 2036 3024 2092 Sed
3070 2037 3216 2106 prius
3260 2051 3396 2106 opus
3448 2046 3534 2091 est
3581 2036 3801 2104 eliquare

2213 2130 2642 2201 quodammodo,
2717 2131 3155 2201 perspicuamque
3225 2144 3443 2185 sumere
3503 2129 3799 2184 sententiam

2214 2232 2361 2279 tuam
2391 2223 2458 2278 de
2489 2224 2723 2293 antiquis
2747 2224 2932 2279 sacris.
2953 2221 3087 2278 Cum
3114 2223 3254 2278 enim
3277 2221 3517 2276 dixisses
3543 2236 3657 2276 eam
3677 2219 3800 2274 viam

2214 2316 2268 2371 in
2292 2317 2455 2370 Deum
2478 2331 2599 2370 esse
2624 2316 2924 2380 meliorem,
2947 2331 3045 2385 qua
3064 2314 3143 2368 vir
3164 2315 3342 2379 bonus,
3371 2313 3501 2384 piis,
3519 2312 3687 2384 justis,
3718 2326 3795 2380 pu-

2213 2409 2305 2475 ris,
2332 2410 2503 2476 castis,
2538 2409 2663 2463 veris
2689 2408 2835 2462 dictis
2872 2408 3115 2479 factisque
3140 2407 3248 2461 sine
3274 2406 3379 2459 ulla
3403 2414 3682 2476 temporum
3701 2419 3799 2457 mu-

2216 2512 2432 2556 tatorum
2460 2512 2665 2573 captata
2682 2501 2967 2573 jactatione
2987 2501 3247 2570 probatus,
3270 2507 3316 2552 et
3342 2498 3563 2552 deorum
3588 2496 3799 2550 comitatu

2214 2596 2462 2662 vallatus,
2511 2595 2603 2649 Dei
2631 2596 2802 2663 utique
2838 2592 3162 2665 potestatibus
3202 2592 3473 2655 emeritus;
3504 2590 3557 2643 id
3584 2597 3676 2654 est,
3704 2589 3799 2657 ejus

2213 2689 2386 2753 unius,
2417 2696 2463 2740 et
2485 2686 2722 2751 universi,
2752 2694 2799 2739 et
2818 2682 3362 2753 incomprehensibilis,
3390 2692 3443 2735 et
3470 2679 3797 2751 infatigabilis,

2214 2779 2580 2849 ine/fabilisque
2607 2777 2858 2834 Creatoris
2893 2777 3202 2847 adimpletus
3231 2775 3507 2829 uirtutibus
3531 2814 3546 2839 ,
3585 2789 3700 2845 quos
3717 2813 3731 2839 ,
3755 2779 3800 2825 ut

2216 2885 2386 2924 verum
2412 2880 2504 2935 est,
2539 2870 2757 2941 Angelos
2782 2869 2970 2934 dicitis,
2997 2866 3077 2921 vel
3098 2867 3222 2931 quid
3242 2866 3468 2921 alterum
3494 2874 3604 2937 post
3632 2862 3793 2931 Deum,

2215 2961 2293 3014 uel
2320 2978 2351 3014 a
2383 2959 2512 3026 Deo,
2544 2960 2621 3014 vel
2660 2977 2775 3013 cum
2808 2958 2935 3025 Deo,
2962 2968 3052 3012 aut
3076 2958 3132 3011 in
3162 2956 3325 3011 Deum
3364 2958 3643 3011 intentione
3664 2952 3799 3009 animi

2216 3054 2497 3123 mentisque
2518 3054 2591 3106 ire
2621 3052 2825 3124 festinat
2850 3053 2991 3123 (quae
3017 3050 3180 3105 verba
3207 3066 3275 3106 ex
3295 3050 3528 3119 epistola
3559 3060 3643 3105 tua
3670 3062 3801 3103 reco-

2215 3144 2483 3215 gnoscis);
2520 3159 2641 3199 cum
2691 3142 2976 3207 addidisti,
3017 3151 3072 3197 et
3109 3142 3229 3195 aisti
3262 3159 3274 3195 :
3320 3139 3416 3195 Via
3449 3150 3560 3206 est,
3588 3141 3795 3210 inquam,

2217 3254 2318 3307 qua
2339 3237 2542 3308 purgati
2566 3220 2888 3305 antiquorum
2914 3250 3175 3289 sacrorum
3202 3233 3300 3304 piis
3324 3233 3616 3303 praeceptis,
3642 3231 3796 3301 expia-

2219 3328 2532 3399 tionibusque
2577 3327 2857 3397 purissimis
2881 3368 2896 3393 ,
2928 3336 2977 3380 et
3001 3325 3254 3379 abstemiis
3280 3323 3703 3380 observationibus
3722 3322 3795 3375 de-

2220 3419 2371 3484 cocti,
2405 3419 2577 3471 anima
2604 3427 2650 3472 et
2673 3433 2881 3487 corpore
2900 3424 3185 3471 constantes
3208 3415 3574 3486 deproperant.

2289 3511 2348 3566 2.
2381 3510 2435 3565 1η
2468 3510 2550 3565 his
2595 3510 2772 3565 verbis
2817 3509 3024 3575 sentio,
3068 3510 3123 3562 ni
3166 3507 3341 3575 fallor,
3380 3507 3559 3564 videri
3594 3506 3679 3561 tibi
3704 3520 3795 3561 non

2220 3602 2470 3659 sufﬁcere
2515 3602 2583 3657 ad
2622 3602 2760 3657 viam
2792 3618 2895 3673 qua
2934 3603 3038 3657 itur
3066 3601 3131 3655 ad
3162 3602 3329 3657 Deum
3352 3644 3367 3668 ,
3400 3603 3486 3656 uti
3515 3602 3595 3656 vir
3617 3598 3792 3664 bonus,

2220 3695 2323 3766 piis
2344 3737 2359 3762 ,
2386 3694 2545 3765 justis
2564 3737 2578 3761 ,
2608 3695 2757 3765 puris
2777 3736 2791 3760 ,
2823 3694 2984 3749 castis
3004 3736 3019 3763 ,
3058 3694 3197 3748 veris
3224 3693 3379 3748 dictis
3406 3693 3662 3762 factisque
3686 3703 3794 3760 pro-

2221 3796 2492 3841 mereatur
2536 3785 2701 3851 deos,
2746 3800 2970 3856 quorum
3009 3784 3263 3838 comitatu
3307 3783 3539 3839 vallatus
3578 3783 3626 3837 in
3666 3781 3795 3835 illum

2220 3894 2487 3935 summum
2519 3878 2686 3933 Deum
2729 3878 2966 3933 omnium
3005 3886 3302 3932 creatorem
3337 3876 3418 3931 ire
3451 3875 3682 3939 festinet,
3707 3869 3795 3925 nisi

2223 3972 2383 4026 etiam
2409 3985 2685 4026 sacrorum
2725 3970 3065 4039 antiquorum
3099 3968 3198 4038 piis
3239 3968 3530 4040 praeceptis
3562 3963 3792 4035 expiatio-

2224 4063 2487 4135 nibusque
2526 4072 2803 4135 purgetur.
2832 4062 3186 4129 Quamobrem
3223 4060 3380 4115 velim
3411 4062 3556 4116 scire
3580 4054 3695 4129 quid
3714 4069 3791 4108 ar-

2222 4156 2442 4213 bitreris
2461 4172 2581 4213 esse
2605 4172 2698 4228 per
2719 4171 2868 4213 sacra
2896 4154 3228 4227 purgandum
3246 4154 3301 4208 in
3326 4169 3391 4209 eo
3410 4154 3508 4225 qui
3533 4154 3631 4225 pie,
3648 4150 3788 4220 juste.

2224 4266 2379 4322 pure,
2412 4250 2780 4321 veraciterque
2808 4248 3036 4304 vivendo
3066 4255 3399 4317 promeretur
3426 4246 3593 4312 deos,
3636 4251 3684 4298 et
3710 4254 3791 4311 per

2225 4358 2319 4399 eos
2345 4358 2507 4398 unum
2532 4342 2682 4399 illum
2723 4341 2943 4397 deorum
2973 4340 3159 4394 Deum.
3187 4337 3242 4394 Si
3267 4337 3410 4394 enim
3452 4336 3622 4392 adhuc
3646 4330 3788 4387 sacris

2225 4434 2530 4508 purgandus
2555 4442 2659 4501 est,
2686 4433 2870 4505 utique
2896 4431 3129 4489 mundus
3151 4446 3257 4486 non
3282 4438 3367 4484 est
3394 4446 3405 4482 :
3440 4439 3498 4485 et
3521 4429 3564 4484 si
3591 4422 3787 4481 mundus

2226 4542 2331 4583 non
2358 4536 2463 4596 est,
2492 4527 2609 4599 pie,
2644 4526 2816 4597 iuste,
2846 4539 2979 4596 pure
3007 4533 3253 4594 casteque
3279 4536 3383 4576 non
3412 4520 3563 4576 vivit.
3590 4518 3643 4574 Si
3664 4514 3786 4571 enim

2221 4622 2331 4694 jam
2362 4623 2434 4677 ita
2458 4621 2609 4689 vivit,
2649 4619 2761 4691 jam
2803 4617 3033 4674 mundus
3068 4624 3186 4672 est:
3221 4628 3379 4688 porro
3416 4614 3531 4685 jam
3559 4607 3784 4667 mundum

2229 4723 2391 4785 atque
2420 4727 2633 4784 purum,
2665 4710 2791 4784 quid
2820 4727 2952 4782 opus
2980 4718 3064 4765 est
3091 4708 3258 4764 sacris
3283 4706 3547 4779 expianda
3572 4697 3785 4775 purgari?

2226 4804 2409 4879 Itaque
2430 4805 2519 4862 hic
2542 4804 2713 4861 nodus
2742 4812 2826 4859 est
2851 4802 3227 4874 disputationis
3249 4809 3448 4857 nostra:
3464 4841 3479 4867 ,
3510 4811 3611 4869 quo
3634 4793 3783 4851 soluto

2227 4898 2611 4970 consequentia
2638 4897 2936 4953 videbimus
2962 4914 2974 4949 :
3008 4894 3221 4949 vivatne
3257 4893 3419 4949 homo
3448 4893 3607 4955 bene,
3638 4894 3689 4941 ut
3708 4898 3781 4939 sa-

2227 4992 2335 5047 cris
2363 4999 2643 5061 purgetur;
2675 5004 2740 5043 an
2771 4988 2939 5045 sacris
2970 4995 3243 5057 purgetur,
3282 4995 3340 5041 ut
3371 4985 3506 5040 bene
3531 4981 3661 5036 vivat
3684 4994 3695 5031 :
3721 4989 3777 5029 an

2228 5084 2343 5154 ipse
2378 5090 2837 5152 quantuscumque
2878 5079 3016 5134 bene
3051 5076 3264 5133 vivendi
3298 5076 3352 5131 in
3382 5074 3591 5131 homine
3616 5066 3780 5126 modus

2229 5172 2465 5229 nondum
2509 5172 2579 5228 sit
2618 5170 2839 5226 idoneus
2874 5168 2940 5224 ad
2984 5169 3192 5225 beatam
3216 5169 3413 5235 vitam,
3454 5179 3569 5238 qua:
3600 5176 3658 5217 ex
3686 5158 3777 5213 Deo

2231 5265 2460 5336 capitur,
2493 5263 2593 5319 nisi
2634 5261 2888 5319 accedant
2916 5260 3222 5331 adjumenta
3248 5273 3549 5322 sacrorum;
3578 5269 3639 5309 an
3662 5250 3777 5306 bene

2230 5355 2443 5413 vivendi
2469 5353 2713 5427 qusedam
2750 5353 2898 5410 velut
2924 5353 3097 5424 portio
3136 5353 3207 5408 sit
3243 5352 3404 5408 etiam
3446 5363 3592 5406 sacra
3630 5338 3776 5415 percl-

2230 5464 2387 5521 pcre,
2431 5447 2638 5505 scilicet
2666 5455 2723 5502 ut
2746 5462 2852 5502 non
2879 5444 3023 5501 aliud
3053 5445 3125 5501 sit
3156 5444 3296 5501 bene
3318 5444 3522 5509 vivere,
3551 5435 3679 5495 aliud
3697 5448 3772 5488 sa-

2230 5548 2379 5596 crate
2406 5540 2608 5607 vivere,
2636 5537 2733 5595 sed
2762 5536 2898 5594 bene
2921 5536 3135 5594 vivendi
3166 5536 3405 5593 terminis
3426 5533 3575 5590 etiam
3594 5531 3767 5585 saerata

2231 5633 2339 5689 vita
2362 5633 2658 5689 claudatur.
2690 5631 2891 5688 Horum
2934 5640 3165 5703 quatuor
3198 5647 3318 5702 quae
3362 5622 3631 5702 proposui,
3656 5614 3776 5690 quod

2232 5727 2571 5799 potissimum
2596 5724 2809 5797 probes,
2840 5738 3021 5795 quaeso
3047 5731 3102 5779 te
3138 5723 3330 5779 litteris
3356 5718 3562 5795 aperire
3586 5727 3680 5769 non

2231 5796 2372 5894 geat.
2404 5796 2693 5877 Plurimum
2721 5820 2916 5891 quippe
2954 5819 3178 5875 interest
3216 5818 3285 5874 ad
3329 5816 3382 5872 id
3417 5810 3560 5891 quod
3579 5796 3779 5873 suscepi-

2296 5936 2370 6004 (a)
2391 5934 2519 5989 Alias
2544 5933 2633 5987 22:
2655 5946 2768 5999 quae
2791 5940 2955 5987 autem
2976 5932 3070 5985 235
3093 5938 3215 5996 erat,
3239 5944 3369 5985 nunc
3396 5931 3487 5983 64-
