4024 6378
225 338 355 399 ξοδδ
1389 326 1871 391 EPISTOLARUM
1906 333 2179 396 CLASSIS
2216 339 2302 396 tv.

226 473 336 516 mus
366 455 500 510 inter
537 467 638 509 nos
676 450 1030 523 colloquendo
1060 448 1344 522 peragere,
1388 468 1457 508 ne
1486 468 1607 508 cum
1637 453 1804 507 multa

225 564 323 606 non
354 546 683 611 necessaria,
733 553 985 614 tanquam
1023 558 1086 599 ea
1118 546 1316 599 sentias
1360 559 1480 614 quae
1523 545 1660 599 forte
1699 559 1806 601 non

228 642 416 706 sentis,
449 636 696 695 refellere
723 636 945 703 molior,
993 644 1201 706 tempus
1230 636 1589 691 necessarium
1626 635 1680 691 in
1710 651 1803 691 suo

227 730 432 805 perduis
456 730 778 785 insumatur.
807 728 1043 785 Onerare
1081 736 1131 783 te
1160 728 1338 797 itaque
1374 727 1597 797 epistola
1627 728 1802 794 nolui,

229 832 284 881 ut
309 834 358 880 te
384 824 487 879 cito
516 821 851 879 rescribente
874 828 1062 875 caetera
1087 830 1451 875 contexamus.

584 934 917 992 EPISTOLA
955 933 1263 991 CCXXXVI
1294 937 1309 957 ”
1338 933 1437 1005 (a).

228 1030 524 1103 Augustinus
548 1028 791 1084 Dcuterio
818 1028 1053 1098 episcopo
1072 1069 1086 1091 ,
1118 1026 1371 1098 signiﬁcat
1408 1042 1460 1081 se
1498 1024 1809 1079 Victorinum

293 1124 697 1196 hypodiaconum
720 1121 805 1191 qui
833 1120 966 1175 ctam
990 1121 1225 1174 docuerat
1241 1119 1472 1172 Itwresim
1497 1117 1811 1171 Manichaeo-

294 1232 432 1283 rum,
468 1214 835 1283 deprehensum
862 1228 890 1267 e
930 1210 1229 1265 clericorum
1258 1211 1433 1265 ordine
1473 1210 1806 1274 submovisse;

294 1309 568 1363 admonens
614 1322 678 1360 ne
720 1305 828 1360 illic
873 1304 1143 1375 recipiatur
1184 1302 1252 1356 ad
1295 1301 1666 1373 paenitentiam,
1710 1301 1808 1355 nisi

295 1400 471 1471 prodat
507 1406 751 1469 quotquot
784 1397 920 1451 novit
952 1396 1126 1450 eodem
1164 1394 1374 1465 infectos
1415 1409 1601 1448 errore.
1648 1392 1809 1447 Docet

292 1504 456 1549 autem
498 1493 584 1562 qui
635 1489 775 1562 apud
822 1488 1132 1545 Manichwos
1165 1487 1350 1557 fuerint
1390 1485 1678 1551 auditores,
1723 1483 1808 1552 qui

291 1585 444 1642 electi.

228 1699 443 1756 Domino
468 1696 803 1761 beatissimo,
842 1703 896 1749 et
925 1690 1299 1749 venerabiliter
1321 1688 1637 1746 charissimo
1660 1686 1807 1741 fratri

290 1800 342 1845 et
379 1789 702 1859 coepiscopo
748 1786 1056 1851 Daca-nmo,
1090 1784 1460 1847 Aucusruvus,
1492 1780 1545 1834 in
1583 1779 1807 1833 Domino

292 1884 534 1939 salutem.

289 2000 341 2055 1.
385 1997 529 2053 Nihil
560 1994 756 2052 melius
800 2009 885 2051 me
925 1993 1101 2049 facere
1131 2006 1289 2063 posse
1326 1990 1610 2046 arbitratus
1651 2004 1803 2056 sum,

224 2105 371 2163 quam
402 2098 459 2145 ut
489 2100 597 2143 tuae
623 2086 901 2143 Sanctitali
928 2084 1262 2155 potissimum
1287 2082 1599 2147 scriberem,
1624 2096 1693 2136 ne
1714 2094 1808 2150 per

225 2181 594 2252 negligentiam
623 2179 677 2234 in
708 2186 883 2234 vestra
907 2178 923 2208 ¹
956 2177 1227 2247 provincia
1250 2175 1461 2229 Domini
1491 2173 1658 2229 nostri
1682 2173 1809 2227 Jesu

223 2274 411 2331 Christi
438 2274 579 2329 ovile
601 2282 773 2327 vastet
796 2271 1061 2335 inimicus,
1094 2269 1181 2340 qni
1204 2284 1309 2323 non
1330 2267 1526 2323 desinit
1546 2265 1804 2333 insidiari,

220 2378 271 2421 ut
295 2366 478 2436 perdat
503 2366 713 2419 animas
740 2374 845 2419 tam
876 2376 1068 2433 magno
1098 2361 1268 2431 pretio
1291 2368 1644 2430 comparatas.
1676 2358 1806 2414 Mal-

215 2458 497 2514 liancnsem
527 2456 821 2528 quemdam
843 2454 1226 2511 subdiaconum
1248 2453 1579 2509 Victorinum
1599 2455 1641 2519 ',
1667 2452 1808 2522 apud

218 2567 309 2607 nos
345 2552 599 2608 constitit
638 2564 757 2606 esse
786 2547 1167 2615 Manichzeum,
1200 2555 1252 2601 et
1298 2546 1353 2601 in
1396 2555 1503 2601 tam
1550 2545 1808 2615 sacrilego

219 2660 392 2702 errore
433 2645 543 2701 sub
573 2643 789 2699 nomine
832 2641 1011 2697 clerici
1052 2640 1328 2696 latitabat:
1362 2655 1483 2694 nam
1533 2647 1616 2693 est
1648 2638 1807 2693 etiam

221 2746 367 2793 aetate
387 2737 496 2808 jam
529 2751 716 2792 senex.
748 2732 824 2789 Ita
850 2744 931 2789 est
951 2740 1126 2787 autem
1154 2730 1544 2795 manifestatus,
1567 2736 1626 2784 ut
1648 2729 1807 2785 etiam

221 2831 329 2903 ipse
354 2847 384 2888 a
413 2848 501 2888 me
537 2831 912 2901 interrogatus,
944 2837 1225 2897 antequam
1252 2841 1283 2880 a
1318 2824 1538 2881 testibus
1564 2838 1810 2894 coargue

222 2933 383 2992 retur,
413 2938 614 2997 negare
644 2937 750 2978 non
782 2930 980 2993 posset.
1006 2919 1107 2974 Tot
1136 2919 1277 2973 enim
1309 2925 1366 2973 et
1394 2918 1527 2972 tales
1552 2930 1672 2972 esse
1697 2914 1809 2985 jam

223 3016 452 3081 sciebat,
480 3014 678 3086 quibus
705 3028 764 3068 se
790 3012 1033 3068 incautus
1058 3009 1317 3066 effuderat
1335 3050 1351 3076 ,
1384 3015 1443 3063 ut
1480 3005 1611 3061 nihil
1640 3005 1805 3071 aliud,

222 3109 265 3162 si
293 3124 487 3180 negare
510 3116 771 3173 tentaret,
797 3119 979 3175 quam,
1011 3118 1118 3157 non
1143 3100 1263 3156 dico
1291 3097 1806 3168 impudentissimus,

224 3198 312 3254 sed
356 3198 729 3255 insanissimus
774 3202 1071 3264 appareret.
1118 3191 1429 3247 Auditorem
1472 3205 1601 3245 sane
1644 3188 1811 3243 Mani-

223 3291 514 3358 chaeorum,
547 3305 653 3346 non
680 3290 907 3345 electum
933 3300 992 3342 se
1019 3299 1139 3340 esse
1163 3282 1442 3339 confessus
1469 3289 1569 3337 est.

290 3384 345 3437 ἓ.
379 3382 667 3438 Auditores
696 3388 875 3436 autem
904 3377 993 3448 qui
1037 3375 1369 3447 appellantur
1411 3372 1549 3443 apud
1589 3386 1719 3438 eos,
1756 3381 1811 3428 et

223 3475 470 3531 carnibus
497 3481 803 3539 vescuntur,
836 3480 890 3527 et
912 3484 1068 3541 agros
1096 3467 1307 3533 colunt,
1340 3474 1422 3533 et,
1452 3466 1496 3519 si
1521 3463 1805 3533 voluerint,

222 3583 416 3624 uxores
458 3568 685 3631 habent;
732 3579 955 3637 quorum
1002 3561 1131 3616 nihil
1177 3560 1377 3615 faciunt
1414 3559 1503 3630 qui
1553 3566 1810 3615 vocantur

222 3660 397 3714 electi.
432 3660 538 3715 Sed
563 3660 661 3730 ipsi
687 3659 958 3712 auditores
977 3664 1101 3711 ante
1128 3654 1326 3708 electos
1352 3666 1521 3723 genua
1545 3652 1728 3723 figunt,
1754 3658 1811 3705 ut

220 3750 299 3805 eis
339 3765 529 3804 manus
558 3750 883 3818 supplicibus
912 3746 1252 3815 imponantur
1277 3744 1298 3776 ³
1324 3759 1431 3798 non
1459 3759 1491 3798 a
1516 3743 1644 3798 solis
1682 3757 1808 3812 pre-

217 3838 484 3909 sbyteris,
516 3839 598 3892 vel
625 3838 920 3906 episcopis,
952 3846 1043 3889 aut
1065 3835 1376 3890 diaconibus
1401 3849 1586 3889 eorum
1606 3876 1622 3900 ,
1658 3833 1752 3888 sed
1778 3848 1807 3887 a

217 3926 547 3998 quibuslibet
566 3926 767 3981 electis.
798 3924 977 3979 Solem
1007 3925 1165 3976 etiam
1189 3931 1242 3976 et
1272 3923 1447 3975 lunam
1478 3937 1599 3976 cum
1620 3923 1697 3977 eis
1718 3921 1810 3975 ad-

216 4028 374 4075 orant
405 4029 463 4077 et
485 4028 639 4074 orant
665 4017 706 4072 ".
737 4016 831 4072 Die
857 4031 1069 4087 quoque
1096 4013 1364 4069 dominico
1393 4028 1513 4066 cum
1540 4012 1645 4067 illis
1669 4012 1809 4081 jeju-

221 4120 370 4175 nant,
398 4118 457 4167 et
479 4126 665 4168 omnes
686 4107 1045 4177 blaspltemias
1073 4122 1195 4162 cum
1220 4104 1323 4161 illis
1352 4104 1596 4170 credunt,
1620 4104 1811 4174 quibus

224 4203 637 4259 Manichaeorum
675 4200 897 4255 haeresis
939 4196 1249 4254 detestanda
1275 4204 1390 4262 est;
1422 4205 1676 4266 negantes
1703 4194 1808 4250 sci-

226 4296 347 4353 licet
371 4294 642 4352 Christum
665 4301 846 4350 natum
872 4306 990 4348 esse
1011 4290 1077 4346 de
1097 4288 1318 4360 virgine,
1345 4303 1443 4343 nec
1463 4288 1576 4358 ejus
1595 4304 1811 4344 carnem

229 4405 412 4446 veram
440 4389 755 4445 conﬁtentes
772 4370 952 4451 fuisse,
972 4383 1064 4440 sed
1085 4382 1268 4439 falsam
1295 4400 1307 4436 :
1330 4397 1393 4437 ac
1409 4397 1504 4453 per
1526 4382 1629 4437 hoc
1644 4391 1700 4438 et
1718 4382 1813 4436 ial-

230 4497 339 4538 sam
372 4483 489 4551 ejus
516 4480 837 4551 passionem,
865 4485 919 4534 et
947 4476 1143 4532 nullam
1174 4475 1621 4531 resurrectionem
1650 4473 1813 4531 fuisse

230 4574 578 4631 contendunt.
607 4570 943 4628 Patriarchas
984 4568 1385 4641 PrOphelasque
1418 4568 1808 4639 blasphemant.

230 4668 422 4742 Legem
451 4683 549 4739 per
589 4666 840 4722 famulum
872 4665 965 4719 Dei
992 4663 1209 4734 Moysen
1249 4661 1426 4718 datam
1449 4704 1465 4728 ,
1496 4678 1600 4717 non
1626 4678 1657 4717 a
1685 4676 1813 4717 vero

171 4795 195 4841 ε
228 4760 335 4817 Deo
364 4760 552 4816 dicunt
571 4801 585 4820 .
614 4757 707 4813 sed
750 4771 778 4810 a
810 4755 1047 4826 principe
1072 4754 1428 4810 tenebrarum.
1460 4754 1679 4810 Animas
1705 4769 1812 4809 non

229 4852 403 4908 solum
444 4850 746 4915 hominum,
781 4847 876 4902 sed
914 4847 1073 4902 etiam
1114 4860 1402 4915 pecorum,
1447 4845 1515 4900 de
1562 4845 1654 4923 Dei
1694 4859 1815 4900 esse

230 4946 558 5011 substantia,
605 4952 660 4999 et
700 4941 919 4997 omnino
958 4947 1136 5010 partes
1174 4938 1266 4995 Dei
1304 4952 1423 4994 esse
1468 4937 1808 4993 arbitrantur.

235 5038 399 5097 Deum
431 5037 659 5108 denique
686 5036 883 5091 bonum
910 5042 964 5089 et
984 5047 1168 5087 verum
1208 5030 1391 5087 dicunt
1412 5046 1531 5085 cum
1564 5029 1812 5085 tenebra-

234 5148 346 5189 rum
394 5140 551 5204 gente
592 5142 890 5200 pugnasse,
936 5136 991 5182 et
1032 5134 1238 5197 partem
1285 5139 1434 5179 suam
1478 5123 1815 5179 tenebrarum

234 5223 559 5295 principibus
599 5219 906 5287 miscuisse,
935 5233 1157 5288 eamque
1186 5226 1297 5272 toto
1331 5216 1529 5272 mundo
1570 5215 1813 5285 inquina-

290 5342 307 5371 ι
336 5336 445 5388 Bad.
466 5343 567 5385 Am.
590 5340 684 5393 Fax,
706 5337 885 5383 nostra.

290 5404 312 5433 ³
336 5408 443 5450 Mss.
462 5406 684 5463 quatuor,
712 5393 1045 5463 Victorinmmn

293 5464 315 5495 ³
334 5464 442 5512 Bad.
464 5452 563 5508 im.
584 5452 681 5517 En,
708 5462 760 5505 et
780 5454 1005 5517 plerique
1024 5462 1150 5515 Mss,
1168 5452 1452 5517 imponatur.

297 5525 317 5556 δ
344 5524 473 5587 Apud
506 5528 615 5573 Lov.
650 5513 901 5587 omittitur,
924 5513 969 5567 et
990 5513 1147 5577 orant,
1182 5513 1310 5579 quod
1331 5516 1380 5563 in
1402 5514 1508 5565 aliis
1531 5513 1820 5564 editionibus

241 5595 289 5638 et
304 5589 355 5636 in
369 5583 477 5635 διεδ.
502 5583 763 5646 reperitur.

299 5672 316 5687 ‘
340 5667 787 5781 {ta‘gcﬁtagreximus
808 5661 866 5711 ad
884 5660 951 5711 bl.
972 5662 1047 5711 cb.
1068 5660 1117 5710 ﬂ‘.
1141 5674 1224 5724 gg.
1242 5672 1283 5708 r.
1300 5660 1374 5709 sb.
1403 5673 1475 5710 vc.
1503 5658 1626 5710 duos
1648 5666 1683 5708 t.
1716 5666 1821 5711 tres

312 5745 341 5781 e
562 5762 577 5778 .

239 5745 283 5784 ν.
312 5745 363 5782 Cl
383 5745 442 5781 an
463 5745 577 5778 ωα.

300 5814 373 5878 (a)
399 5813 522 5863 Alias
541 5810 604 5861 74
622 5825 635 5859 :
655 5821 765 5874 qua:
781 5814 949 5860 autem
968 5805 1062 5857 %6
1084 5813 1209 5867 erat,
1230 5818 1360 5857 nunc

560 5893 784 5957 δας-ι’.
816 5890 1092 5954 Auansr.
1129 5890 1207 5952 Π.

226 5964 261 5981 ‘\

3357 358 3493 417 1054

1915 458 2024 508 tam
2054 462 2108 509 et
2132 455 2342 524 ligatam
2370 469 2465 526 per
2492 456 2639 513 cibos
2682 457 2972 517 electorum
3010 477 3263 538 suorum,
3293 486 3357 526 ac
3397 490 3492 544 per

1912 546 2079 601 solem
2108 556 2161 603 et
2184 548 2359 603 lunam
2386 552 2600 622 purgari
2639 564 2947 610 asseverant
2974 574 2989 611 :
3020 566 3075 613 et
3099 561 3239 630 quod
3276 566 3491 635 purgari

1913 639 1981 695 de
2008 641 2117 711 ipsa
2144 652 2292 711 parte
2320 644 2416 699 Dei
2443 660 2546 700 non
2579 648 2835 716 potuerit,
2869 648 2924 703 in
2946 650 3052 707 fine
3086 653 3269 707 stecnli
3290 667 3493 713 :eterno

1913 744 1977 785 ac
2004 732 2198 800 poenali
2226 734 2438 789 vinculo
2474 736 2744 807 colligari;
2796 746 2853 793 ut
2896 754 2999 794 non
3031 742 3204 797 solum
3232 744 3495 804 violabilis

1914 832 1968 877 ct
1996 826 2352 895 corruptibilis
2370 836 2425 883 et
2442 829 2864 886 contaminabilis
2884 834 3131 888 credatur
3152 835 3311 901 Deus,
3343 839 3495 909 cujus

1914 930 2038 985 pars
2084 919 2254 986 potuit
2299 919 2365 975 ad
2412 922 2549 976 mala
2594 932 2735 977 tanta
2772 923 3026 993 perduci,
3058 926 3151 981 sed
3178 943 3284 983 non
3330 930 3497 999 possit

1914 1007 2102 1063 saltem
2132 1018 2272 1065 totus
2307 1027 2339 1066 a
2365 1019 2506 1067 tanta
2531 1014 2959 1084 coinquinatione
2988 1025 3041 1071 et
3080 1018 3411 1075 immunditia
3442 1029 3497 1076 et

1914 1099 2128 1155 miseria
2154 1102 2235 1156 vel
2264 1102 2315 1156 in
2338 1102 2440 1157 fine
2465 1104 2643 1158 saeculi
2670 1105 2905 1176 purgari.

1986 1192 2039 1246 5.
2074 1192 2179 1247 llas
2208 1208 2329 1248 cum
2360 1194 2463 1250 illis
2493 1194 2857 1253 intolerabiles
2880 1197 3253 1269 blasphemias,
3285 1203 3497 1260 subdia-

1914 1297 2081 1338 conus
2110 1284 2211 1339 iste
2236 1286 2385 1355 quasi
2411 1285 2723 1351 catholicus,
2751 1303 2857 1343 non
2885 1289 3057 1344 solum
3084 1291 3372 1359 credebat,
3402 1296 3497 1350 sed

1914 1374 2104 1444 quibus
2131 1375 2330 1431 viribus
2373 1386 2615 1447 poterat,
2645 1378 2919 1434 edocebat.
2950 1380 3082 1436 Nam
3120 1381 3320 1439 docens
3344 1395 3496 1455 pate—

1911 1466 2083 1523 factus
2108 1476 2208 1533 est,
2242 1483 2364 1524 cum
2390 1485 2448 1524 se
2476 1470 2628 1539 quasi
2657 1471 2983 1528 discentibus
3008 1476 3252 1532 credidit.
3277 1477 3498 1548 Rogavit

1912 1572 2002 1612 me
2026 1558 2263 1629 quidem,
2296 1570 2637 1631 posteaquam
2670 1577 2730 1618 se
2758 1562 3169 1622 Manichaeorum
3199 1568 3501 1626 auditorem

1916 1664 2037 1707 esse
2061 1650 2340 1707 confessus
2378 1661 2478 1720 est,
2509 1662 2566 1708 ut
2588 1668 2708 1708 eum
2737 1655 2789 1709 in
2812 1655 2949 1710 viam
2979 1658 3215 1714 veritatis
3244 1660 3497 1727 doctrina;

1915 1742 2191 1799 catholica:
2212 1760 2557 1800 revocarem:
2592 1746 2708 1814 sed,
2742 1746 2930 1815 fateor,
2957 1749 3073 1819 ejus
3100 1751 3363 1807 fictionem
3400 1754 3499 1808 sub

1914 1834 2092 1890 clerici
2132 1837 2307 1905 specie
2336 1836 2679 1892 vehementer
2704 1838 2984 1905 exhorrui,
3026 1856 3255 1913 eumque
3292 1845 3499 1899 coerci-

1915 1933 2027 1980 tum
2051 1925 2352 1995 pellendum
2375 1926 2443 1982 de
2463 1927 2673 1982 civitate
2701 1930 2901 1983 curavi.
2934 1930 3043 1985 Nec
3073 1931 3202 1987 mihi
3234 1933 3334 1988 hoc
3374 1936 3501 1991 satis

1913 2016 2047 2084 fuit,
2079 2018 2179 2072 nisi
2209 2026 2263 2073 et
2291 2026 2395 2073 tua:
2420 2018 2691 2074 Sanctitati
2722 2036 2843 2075 cum
2876 2022 3008 2076 meis
3055 2023 3245 2079 litteris
3284 2026 3498 2081 intima-

1913 2126 2049 2175 rem,
2080 2120 2137 2166 ut
2164 2126 2194 2165 a
2223 2112 2539 2167 clericorum
2574 2112 2737 2181 gradu
2768 2128 2999 2185 congrue
3026 2117 3382 2173 ecclesiastica
3410 2136 3499 2176 se-

1914 2202 2141 2258 veritate
2168 2202 2408 2273 dejectus
2427 2244 2443 2270 ,
2491 2203 2755 2259 cavendus
2781 2206 3028 2261 omnibus
3055 2207 3371 2265 innotescat.
3401 2210 3501 2265 Pe-

1914 2295 2047 2350 tenti
2075 2304 2253 2350 autem
2282 2294 2607 2365 paenitentiae
2652 2295 2826 2351 locum
2848 2340 2863 2364 ,
2906 2306 3032 2353 tunc
3072 2300 3338 2369 credatur,
3372 2304 3417 2358 si
3447 2314 3504 2360 et

1915 2387 2050 2443 alios
2075 2402 2210 2457 quos
2236 2388 2342 2442 illic
2374 2388 2524 2442 novit
2552 2402 2702 2455 esse,
2740 2388 3156 2445 manifestaverit
3184 2393 3333 2449 vobis
3351 2436 3366 2461 ,
3394 2410 3501 2449 non

1913 2478 2087 2534 solum
2141 2479 2194 2533 in
2233 2478 2509 2541 Malliana,
2552 2478 2646 2534 sed
2691 2480 2745 2534 in
2793 2480 2906 2550 ipsa
2959 2490 3065 2537 tota
3110 2484 3327 2540 omnino
3378 2501 3503 2556 pro-

1913 2584 2103 2625 VlnCla.

2260 2638 2588 2696 EPISTOLA
2627 2640 2959 2697 ccxxxvn
2984 2647 3001 2666 ·
3033 2642 3131 2715 (α).

1914 2734 2224 2805 Augustinus
2272 2733 2498 2801 Ceretio,
2556 2735 2620 2789 de
2667 2736 3173 2791 Priscillianistarum
3221 2741 3399 2810 fraude
3448 2744 3504 2797 in

1989 2824 2269 2895 Scripturis
2288 2868 2301 2891 ,
2335 2844 2448 2881 cum
2472 2828 2664 2893 sacris,
2697 2837 2803 2881 tum
2838 2830 3141 2901 apocryphis
3163 2838 3503 2903 exponendis;

1986 2917 2145 2988 deque
2184 2918 2371 2989 hymno
2412 2936 2558 2989 quem
2594 2936 2625 2973 a
2670 2919 2870 2975 Christo
2899 2921 3086 2976 dictant
3130 2941 3235 2979 esse
3260 2926 3503 2997 ﬁngentes

1988 3011 2320 3081 prwferebant
2346 3012 2604 3067 canonicis
2632 3010 2855 3067 Litteris.

1915 3103 2144 3159 Domino
2193 3104 2541 3173 beatissimo,
2595 3116 2650 3162 et
2693 3107 2887 3162 merito
2923 3111 3213 3167 venerabili
3256 3112 3405 3168 fratri
3449 3123 3505 3170 ct

1988 3197 2306 3269 coepiscopo
2348 3198 2623 3266 CERETIO,
2652 3200 3014 3270 AUGUSTINUS,
3062 3203 3115 3258 in
3162 3205 3386 3261 Domino
3412 3222 3503 3263 sa-

1989 3288 2173 3343 lutem.

1988 3400 2039 3453 1.
2072 3397 2252 3455 Lectis
2281 3400 2363 3456 his
2392 3416 2519 3471 quae
2540 3403 2686 3458 misit
2711 3402 2976 3461 Sanctitas
3002 3414 3111 3473 tua,
3139 3407 3347 3463 videtur
3372 3410 3503 3465 mihi

1914 3490 2159 3562 Argirius
2193 3492 2245 3547 in
2284 3492 2714 3550 Priscillianistas
2741 3505 2831 3550 aut
2858 3497 3100 3552 nesciens
3136 3499 3390 3567 irruisse,
3430 3502 3503 3555 ita

1916 3592 1974 3638 ut
1999 3585 2218 3639 omnino
2241 3593 2416 3639 utrum
2445 3586 2544 3657 ipsi
2566 3597 2746 3643 essent
2765 3588 3179 3646 Priscillianistze
3210 3592 3498 3662 ignoraret,

1915 3685 2009 3731 aut
2051 3675 2162 3746 jam
2209 3676 2447 3747 ejusdem
2487 3678 2706 3734 haeresis
2750 3680 2953 3735 retibus
2996 3681 3313 3751 implicatus.
3364 3684 3503 3741 Nam

1916 3769 2207 3840 scripturas
2248 3770 2363 3826 illas
2406 3770 2927 3829 Priscillianistarum
2975 3790 3094 3831 esse
3138 3792 3244 3833 non
3296 3777 3500 3835 dubito.

1917 3860 2018 3916 Vix
2047 3871 2223 3917 autem
2255 3863 2382 3917 mihi
2410 3879 2600 3920 vacare
2646 3876 2931 3936 utcumque
2958 3868 3159 3937 potuit,
3190 3869 3309 3923 aliis
3345 3879 3506 3942 atque

1916 3951 2037 4005 aliis
2074 3952 2193 4006 sine
2230 3952 2623 4009 intermissione
2650 3959 3055 4013 necessitatibus
3094 3963 3501 4029 superantibus,

1917 4049 1977 4096 ut
2000 4057 2139 4097 unus
2161 4041 2291 4096 mihi
2327 4042 2515 4098 saltem
2559 4052 2698 4098 totus
2733 4060 2797 4099 ex
2827 4045 3035 4101 duobus
3079 4049 3207 4117 ipsis
3232 4052 3506 4109 codicibus

1919 4133 2204 4204 legeretur.
2245 4133 2435 4189 Nescio
2464 4149 2569 4205 quo
2595 4134 2737 4190 enim
2765 4136 2925 4191 modo
2964 4138 3097 4193 alius
3123 4140 3420 4211 aberravit,
3448 4155 3505 4200 et

1919 4225 2320 4296 diligentissime
2348 4225 2489 4280 inter
2512 4234 2722 4281 nostros
2742 4228 3028 4298 requisitus
3052 4231 3201 4286 nullo
3230 4233 3390 4290 modo
3415 4251 3506 4306 po-

1920 4318 2022 4372 tuit
2060 4318 2320 4386 inveniri,
2366 4318 2581 4375 domine
2602 4318 2940 4387 beatissime,
2975 4331 3029 4379 et
3057 4324 3248 4382 merito
3276 4342 3502 4385 venera-

1918 4407 2040 4464 bilis
2066 4417 2233 4479 pater.

1989 4503 2044 4557 2.
2091 4502 2330 4574 Hymnus
2369 4517 2499 4558 sane
2527 4517 2683 4573 quem
2722 4503 2905 4560 dicunt
2932 4521 3052 4562 esse
3094 4508 3304 4565 Domini
3333 4515 3502 4568 nostri

1919 4594 2048 4651 Jesu
2091 4594 2322 4663 Christi,
2371 4596 2460 4665 qui
2506 4597 2737 4653 maxime
2788 4602 3048 4669 permovit
3095 4600 3500 4662 Venerationem

1919 4695 2094 4751 tuam,
2146 4688 2198 4741 in
2245 4688 2518 4757 scripturis
2561 4689 2698 4745 solet
2732 4691 3048 4762 apocryphis
3078 4693 3320 4750 inveniri.
3372 4698 3506 4766 Qua:

1920 4796 2026 4835 non
2056 4780 2285 4850 propriae
2325 4780 2841 4837 Priscillianistarum
2868 4793 3024 4852 sunt,
3056 4785 3152 4841 sed
3176 4788 3264 4842 alii
3294 4804 3506 4861 quoque

1922 4870 2154 4927 hmrctici
2178 4872 2254 4928 eis
2276 4873 2647 4929 nonnullarum
2675 4883 2938 4930 sectarum
2963 4876 3233 4947 impietate
3258 4882 3508 4939 vanitatis

1921 4974 2169 5031 utuntur;
2214 4966 2351 5021 inter
2378 4980 2437 5021 se
2478 4966 2691 5036 quidem
2733 4966 2941 5021 diversa
2991 4970 3311 5041 sentientes,
3362 4975 3507 5032 unde

1921 5075 2045 5116 suas
2068 5060 2292 5130 quisque
2318 5061 2491 5115 varias
2513 5060 2746 5115 haereses
2772 5068 2897 5115 sunt
2921 5064 3110 5131 secuti,
3149 5066 3242 5121 sed
3270 5068 3501 5136 scriptu-

1921 5167 2010 5209 ras
2037 5154 2165 5207 istas
2196 5153 2390 5209 habent
2410 5154 2462 5207 in
2487 5168 2580 5208 sua
2609 5152 2915 5209 diversitate
2943 5170 3283 5227 communes,
3308 5176 3505 5231 easque

1922 5244 1998 5298 illi
2026 5244 2292 5315 praecipue
2318 5242 2656 5314 frequentare
2690 5244 2955 5310 assolent,
2997 5248 3085 5317 qui
3125 5248 3320 5318 Legem
3358 5260 3504 5305 vero-

1922 5351 2035 5392 rem
2082 5345 2136 5392 et
2188 5335 2481 5406 Prophetas
2508 5335 2793 5391 canonicos
2829 5352 2933 5392 non
2974 5340 3259 5410 accipiunt.
3300 5340 3504 5413 Negant

1924 5427 2065 5484 enim
2108 5426 2221 5482 haec
2243 5426 2310 5482 ad
2342 5427 2508 5481 Deum
2538 5425 2764 5493 bonum,
2807 5436 2861 5482 et
2888 5420 2963 5483 ad
2980 5429 3247 5485 Christum
3274 5431 3387 5501 ejus
3418 5432 3505 5487 Fi-
3562 5474 3568 5482 .

1924 5519 2054 5576 lium
2085 5520 2384 5591 pertinere;
2430 5521 2565 5571 sicut
2592 5516 2896 5585 Manichmi,
2942 5520 3076 5573 sicut
3120 5521 3499 5590 Marcionistzc,
3586 5588 3587 5591 η

1927 5620 1982 5669 et
2006 5612 2184 5667 caeteri
2209 5610 2399 5681 quibus
2429 5608 2547 5664 lucc
2576 5608 2900 5678 blasphemia
2932 5610 3247 5666 damnabilis
3287 5614 3501 5682 piacuit.

1990 5726 2010 5745 ‘
2028 5732 2266 5774 Incassum
2281 5722 2483 5786 quaesita
2498 5721 2548 5769 in
2563 5719 2722 5770 Gallic.
2741 5727 2847 5770 Mss.
2867 5722 2930 5769 At]
2947 5724 3089 5771 Vatic.
3115 5730 3349 5773 correcta.

1995 5808 2067 5870 (a)
2091 5805 2215 5857 Alias
2234 5805 2343 5867 253,
2364 5806 2515 5867 prima
2535 5816 2671 5868 :quae
2694 5810 2859 5854 autem
2876 5803 2967 5853 257
2989 5812 3111 5865 erat,
3130 5816 3257 5854 nunc
3275 5805 3353 5855 86.

2745 5899 2770 5967 (
2784 5888 3262 5963 Trente—trois.)

3652 46 3755 69 κπξ
