4024 6380
566 351 706 411 i035

561 467 665 536 Qui
702 463 859 521 etiam
896 462 951 516 in
984 459 1271 530 Scripturis
1305 456 1571 513 canonicis
1612 456 1935 513 Testamenti
1978 459 2137 528 Novi,

561 561 667 615 hoc
701 565 783 612 est
822 556 879 609 in
906 553 1045 608 veris
1088 550 1403 621 evangelicis
1444 556 1499 604 et
1543 549 1850 619 apostolicis
1889 549 2137 619 Litteris,

557 666 671 707 non
698 646 966 719 accipiunt
992 644 1189 709 omnia,
1228 641 1321 696 sed
1358 640 1501 710 quod
1530 642 1741 707 volunt,
1780 650 1834 697 et
1859 642 2022 698 libros
2047 644 2142 698 eli-

559 751 693 814 gunt
715 754 850 812 quos
872 737 1161 807 accipiant,
1192 734 1310 788 aliis
1338 733 1666 803 improbatis.
1716 734 1822 789 Sed
1858 743 1911 789 et
1950 737 2001 790 in
2026 736 2138 790 sin-

558 837 694 909 gulis
736 833 1028 904 quibusque
1064 828 1211 883 libris
1254 827 1369 881 loca
1413 826 1745 897 distinguunt
1793 844 1910 897 quae
1957 836 2141 898 putant

558 929 673 984 suis
695 924 964 981 erroribus
987 920 1269 976 convenire
1296 938 1308 973 :
1338 928 1528 974 cratera
1556 920 1605 973 in
1636 920 1712 974 eis
1740 936 1838 991 pro
1872 922 2012 976 falsis
2042 922 2138 976 ha-

555 1020 701 1074 bent.
730 1015 860 1070 Nam
882 1012 1093 1083 quidam
1121 1009 1395 1066 Manichari
1414 1012 1727 1065 canonicum
1753 1012 1965 1078 librum,
1990 1013 2137 1083 cujus

557 1109 740 1165 titulus
803 1114 885 1160 est
934 1104 1086 1159 Actus
1140 1103 1525 1173 Apostolorum,
1573 1103 1869 1173 repudiarit.
1927 1105 2137 1160 Timent

554 1201 696 1257 enim
726 1196 1174 1253 evidentissimam
1216 1187 1525 1260 veritatem’,
1566 1196 1651 1249 ubi
1682 1206 1899 1266 apparet
1924 1208 2136 1254 sanctus

552 1291 783 1363 Spiritus
824 1292 1049 1354 missus,
1095 1288 1184 1358 qui
1224 1297 1307 1343 est
1349 1302 1377 1342 a
1419 1289 1641 1342 Domino
1675 1288 1796 1343 Jesu
1828 1290 2039 1345 Christo
2083 1292 2135 1346 in

551 1383 852 1454 evangelica
883 1381 1107 1436 veritate
1145 1380 1437 1449 promissus
1464 1379 1607 1451 (Act.
1638 1397 1696 1445 ιι,
1719 1380 1852 1453 ἓ-Ιι).
1884 1381 1993 1437 Sub
2021 1382 2135 1453 ejus

547 1477 745 1547 quippe
771 1473 999 1546 Spiritus
1026 1471 1259 1537 nomine,
1285 1487 1313 1524 a
1338 1486 1444 1541 quo
1468 1473 1673 1541 penitus
1702 1472 1858 1527 alieni
1884 1483 2024 1536 sunt,
2057 1475 2136 1529 in-

547 1568 705 1624 docta
739 1565 1013 1622 hominum
1038 1563 1199 1620 corda
1225 1562 1513 1632 decipiunt,
1546 1564 1676 1617 mira
1712 1566 1948 1620 caecitate
1988 1580 2135 1620 asse-

548 1666 729 1715 rentes
755 1656 996 1712 eamdem
1036 1655 1243 1709 Domini
1287 1654 1692 1723 promissionem
1738 1656 1788 1709 in
1833 1672 1929 1710 suo
1961 1657 2132 1712 haere-

548 1753 756 1809 siarcha
784 1748 1079 1804 Manicha'o
1105 1762 1221 1803 esse
1245 1748 1582 1817 completam.
1612 1748 1761 1813 Quod
1783 1758 1835 1801 et
1866 1749 1935 1802 illi
1963 1750 2134 1805 haere-

548 1846 639 1900 tici
663 1844 855 1899 faciunt
876 1882 890 1908 ,
922 1842 1017 1912 qui
1038 1846 1293 1895 vocantur
1319 1838 1707 1909 Cataphryges,
1733 1840 1971 1895 dicentes
1991 1883 2005 1906 ,
2035 1858 2132 1912 per

547 1938 731 1992 nescio
760 1949 892 2005 quos
922 1933 1156 1997 insanos,
1182 1930 1485 1984 Montanum
1507 1931 1709 1984 scilicet
1732 1942 1785 1984 et
1814 1931 2126 1999 Priscillam,

546 2040 689 2097 quos
710 2035 763 2081 et
790 2024 1031 2095 proprios
1052 2036 1177 2077 suos
1208 2020 1495 2091 prophetas
1526 2022 1739 2088 habent,
1770 2022 1977 2078 venisse
2007 2026 2097 2093 Spi
2128 2060 2129 2063 η

545 2119 707 2173 ritum
750 2125 1023 2180 sanctum,
1072 2128 1230 2185 quem
1275 2115 1529 2169 Dominus
1575 2114 1858 2169 missurum
1904 2129 1962 2171 se
2010 2129 2128 2172 esse

539 2209 807 2281 promisit.
1392 2298 1401 2309 .
1447 2298 1459 2311 .
1710 2299 1722 2311 ο
1840 2306 1849 2311 Δ
2048 2299 2060 2311 υ

616 2302 669 2356 5.
702 2300 1118 2355 Priscillianistae
1145 2312 1274 2354 vero
1294 2298 1559 2368 accipiunt
1581 2299 1777 2365 omnia,
1803 2306 1854 2352 et
1874 2299 2126 2354 canonica

542 2402 599 2451 et
623 2392 926 2464 apocrypha
954 2392 1131 2447 simul.
1161 2391 1267 2447 Sed
1299 2406 1646 2463 qnzecumque
1676 2408 1793 2465 qum
1824 2402 2004 2448 contra
2033 2410 2125 2449 eos

542 2495 687 2554 sunt,
716 2486 768 2540 in
796 2499 905 2539 suae
928 2485 1295 2555 perversitatis
1330 2499 1518 2539 sensus
1544 2485 1827 2556 aliquando
1854 2486 2044 2541 callida
2073 2492 2126 2541 et

544 2585 741 2643 astuta,
775 2575 1056 2647 aliquando
1097 2576 1315 2641 ridicula
1341 2585 1395 2631 et
1424 2575 1601 2632 hebeti
1640 2578 1969 2648 expositione
2001 2595 2121 2648 per-

536 2677 775 2725 vertunt.
807 2668 915 2722 Nec
939 2667 1126 2722 saltem
1158 2667 1228 2720 ita
1256 2676 1309 2720 ut
1341 2682 1402 2722 ea
1434 2668 1542 2737 ipsa
1562 2709 1575 2734 ,
1617 2680 1735 2738 qua:
1764 2679 2034 2738 exponunt
2058 2670 2123 2725 ab

538 2777 649 2818 suae
681 2767 841 2816 secta:
861 2758 1163 2815 hominibus
1185 2758 1390 2825 alienis,
1424 2774 1545 2813 vera
1577 2773 1695 2813 esse
1716 2760 1965 2825 credant;
1994 2761 2123 2814 alio-

537 2855 663 2927 quin
692 2862 781 2910 aut
803 2852 1050 2909 catholici
1094 2858 1292 2915 essent,
1321 2860 1411 2905 aut
1440 2866 1547 2905 non
1590 2851 1811 2905 multum
1840 2866 1869 2904 a
1900 2854 2121 2907 veritate

541 2947 721 3010 alieni.
752 2947 843 3017 qui
871 2954 923 3001 et
951 2944 1002 2998 in
1025 2944 1154 3015 ipsis
1175 2942 1450 3012 scripturis
1482 2941 1800 3011 apocryphis
1829 2958 2015 2998 sensus
2035 2959 2122 2998 ca-

535 3041 765 3096 tholicos
794 3038 1111 3103 invenirent,
1136 3044 1225 3090 aut
1246 3035 1483 3089 invenire
1504 3035 1636 3089 velle
1658 3034 1997 3090 viderentur:
2026 3037 2119 3092 sed

535 3147 658 3186 cum
698 3129 800 3199 ipsi
830 3129 929 3183 alia
961 3143 1082 3183 eum
1107 3127 1217 3182 suis
1244 3128 1491 3191 sentiant,
1526 3136 1683 3196 atque
1712 3126 1849 3182 inter
1878 3143 2001 3182 suos
2027 3128 2120 3185 do-

536 3229 711 3288 ceant,
746 3219 861 3273 sive
902 3218 1142 3285 discant,
1173 3233 1291 3287 quae
1320 3232 1428 3271 non
1459 3217 1655 3271 audent
1682 3217 1937 3288 prodere,
1985 3236 2119 3289 quo-

533 3312 676 3366 niam
707 3324 907 3365 revera
928 3308 1127 3362 nefaria
1156 3315 1277 3362 sunt
1303 3317 1356 3361 et
1382 3307 1689 3361 detestanda
1713 3324 1725 3371 ;
1758 3317 1935 3363 tamen
1962 3309 2117 3364 fidem

533 3402 847 3459 catholicam
876 3400 953 3456 eis
980 3412 1115 3470 quos
1145 3399 1349 3463 timent,
1379 3397 1685 3466 prtedlcant,
1717 3414 1821 3452 non
1851 3414 2007 3469 quam
2038 3409 2116 3455 tc-

530 3506 715 3563 neant,
747 3494 844 3551 sed
868 3494 970 3549 sub
997 3508 1099 3564 qua
1137 3493 1351 3546 lateant.
1384 3490 1615 3546 Possunt
1638 3492 1781 3546 enim
1812 3492 1974 3563 aliqui
2003 3493 2116 3549 lim-

529 3591 683 3645 retici
706 3588 934 3659 reperiri
965 3586 1191 3641 fortasse
1221 3583 1634 3649 immundiorcs,
1677 3584 1770 3639 sed
1799 3586 1974 3639 nullus
2001 3587 2115 3641 istis

528 3681 735 3736 fallacia
760 3684 1121 3748 "comparatur.
1170 3677 1268 3731 Alii
1310 3677 1538 3746 quippe,
1583 3684 1640 3730 ut
1676 3685 1798 3731 sunt
1839 3678 2113 3734 hominum

528 3771 677 3837 vitia,
702 3770 768 3824 de
791 3770 945 3838 hujus
963 3770 1086 3822 vita:
1112 3766 1498 3822 consuetudine
1522 3767 1605 3821 vel
1632 3766 1935 3823 inﬁrmitate
1962 3785 2114 3825 men-

526 3862 767 3923 tiuntur:
807 3859 895 3914 isti
934 3866 1111 3914 autem
1146 3857 1200 3913 in
1240 3858 1353 3927 ipsa
1380 3857 1583 3912 nefaria
1612 3857 1852 3913 doctrina
1893 3860 2111 3917 haeresis

528 3966 640 4007 sum
664 3960 989 4023 praiceptum
1030 3948 1235 4004 habere
1272 3949 1635 4019 perhibentur,
1665 3958 1721 4005 ut
1764 3952 2111 4007 occultando»

523 4059 646 4101 rum
667 4042 970 4114 dogmatum
999 4055 1213 4097 suorum
1238 4054 1394 4096 causa
1416 4083 1429 4106 ,
1459 4042 1618 4096 etiam
1649 4058 1768 4097 cum
1799 4042 1926 4099 falsa
1962 4045 2111 4115 jura-

526 4138 675 4192 tione
715 4135 1056 4192 mentiantur.
1108 4133 1174 4188 lii
1216 4135 1306 4204 qui
1347 4148 1441 4189 eos
1481 4136 1686 4204 experti
1731 4145 1884 4205 sunt,
1931 4146 1985 4192 et
2024 4138 2107 4207 ip-

523 4242 706 4285 sorum
734 4228 962 4293 fuerant,
995 4236 1154 4296 atque
1182 4225 1249 4283 ab
1275 4226 1354 4280 eis
1389 4225 1481 4280 Dei
1509 4226 1867 4283 misericordia
1897 4227 2105 4285 liberati

525 4328 671 4387 sunt,
692 4321 853 4375 etiam
884 4316 1046 4373 verba
1086 4319 1197 4387 ipsa
1231 4317 1480 4387 praecepti
1525 4316 1680 4387 hujus
1716 4317 1820 4373 ista
1867 4334 2103 4376 comme-

523 4418 736 4467 merant
758 4428 770 4463 ε

766 4508 895 4563 sua,
918 4501 1130 4564 periura,
1144 4505 1388 4550 secretum
1406 4499 1617 4563 prodere
1634 4500 1751 4550 noli.

591 4611 645 4665 ι.
686 4607 915 4663 Proinde
954 4614 1012 4662 ut
1036 4606 1151 4661 sine
1188 4605 1294 4660 ulla
1325 4604 1633 4660 difficultate
1662 4605 1902 4661 videatur
1941 4624 2099 4679 quam

520 4713 633 4757 non
655 4699 767 4754 hoc-
783 4698 1018 4754 sentiunt
1061 4696 1128 4751 de
1176 4696 1455 4765 scripturis
1489 4696 1832 4765 apocryphis,
1864 4698 2003 4767 quod
2042 4715 2100 4757 se

520 4807 789 4865 exponere
810 4792 1081 4857 simulant,
1114 4789 1251 4845 ratio
1277 4788 1660 4845 consideranda
1682 4800 1768 4846 est
1796 4807 1953 4861 quam
1979 4792 2100 4849 red-

519 4885 938 4950 dere‘videntur,
980 4893 1038 4938 ut
1065 4882 1268 4938 eisdem
1312 4880 1587 4950 scripturis
1632 4891 1877 4952 tanquam
1921 4884 2096 4942 divina

517 4977 781 5033 tribuatur
805 4977 1110 5043 auctoritas,
1145 4984 1202 5029 ut
1225 4958 1365 5044 quod
1396 4973 1671 5029 scelestius
1699 4983 1800 5042 est,
1829 4978 1986 5032 etiam
2009 4996 2097 5035 cas

515 5069 725 5126 nonicis
758 5068 1060 5137 praeferant.
1093 5067 1267 5121 Habes
1294 5066 1458 5121 verba
1488 5080 1673 5120 eorum
1703 5067 1755 5120 in
1796 5068 1885 5123 illo
1910 5070 2094 5127 codice

514 5163 588 5217 ita
620 5160 791 5231 posita
818 5176 830 5211 :
866 5158 1099 5229 Hymnus
1122 5156 1359 5222 Domini,
1392 5173 1538 5225 quem
1558 5158 1684 5211 diwit
1710 5170 1893 5214 secrete
1908 5164 2095 5218 sanctis

514 5251 768 5323 Apostotis
790 5248 1051 5321 discipulis
1074 5249 1198 5313 suis,
1220 5249 1338 5318 quia
1362 5249 1605 5319 scriptum
1628 5251 1769 5303 estin
1798 5250 2085 5323 Evangelia,

522 5364 540 5397 ε
572 5345 778 5415 Hymno
813 5343 981 5411 dicto,
1025 5342 1246 5395 ascendit
1272 5342 1323 5395 in
1365 5352 1585 5397 montem
1610 5362 1627 5396 ι
1665 5342 1895 5415 (Matth.
1922 5362 2088 5415 xxvr,

513 5438 634 5504 80);
676 5444 723 5490 et
764 5435 850 5506 qui
891 5436 946 5489 in
986 5449 1178 5488 canone
1210 5449 1307 5488 non
1358 5442 1429 5488 est
1481 5437 1703 5506 positus,
1759 5449 1967 5507 propter
2007 5457 2092 5496 eos

510 5529 596 5599 qui
624 5528 900 5583 secundum
933 5543 986 5581 se
1026 5527 1272 5591 sentiunt,
1316 5534 1360 5579 et
1397 5543 1499 5581 non
1540 5529 1812 5583 secundum
1858 5531 2090 5600 spiritum

510 5629 557 5673 et
587 5621 838 5674 veritatem
871 5618 965 5673 Dei
983 5661 998 5687 ,
1025 5635 1081 5675 eo
1103 5618 1237 5691 quod
1260 5619 1498 5691 scriptum
1525 5629 1616 5688 est,
1654 5639 1673 5673 ‹
1704 5621 2086 5679 Sacramentum

509 5710 641 5777 regis
676 5711 858 5764 bonum
891 5721 962 5765 est
984 5710 1324 5776 abscondere;
1352 5726 1508 5782 Opera
1545 5721 1711 5767 autem
1744 5713 1836 5769 Dei
1870 5718 2087 5771 reuelare

514 5802 843 5869 honoriﬁcum
876 5813 948 5858 est
976 5800 1126 5874 (Tob.
1156 5819 1247 5871 χιι,
1273 5806 1349 5875 7).
1382 5825 1401 5858 ι
1436 5805 1539 5859 Ista
1577 5817 1661 5861 est
1688 5824 1872 5880 magna
1896 5827 2080 5868 eorum

1761 344 1817 399 s.
1858 316 2227 404 aucusrtra
2264 348 2563 409 EPlSCOPl

3679 370 3802 439 {056

2254 462 2388 518 ratio
2413 480 2509 519 cur
2537 465 2638 521 iste
2675 466 2903 540 hymnus
2941 487 3046 528 non
3088 473 3157 530 sit
3184 476 3235 532 in
3263 492 3494 549 canone,
3528 486 3648 557 quia
3673 493 3802 551 velut

2250 566 2639 613 sacramentum
2661 561 2800 632 regis
2825 562 3252 623 abscondendum
3280 568 3380 649 fuit
3403 571 3481 629 his
3514 577 3603 649 qui
3631 596 3801 641 secun-

2248 644 2373 701 dum
2399 663 2615 705 carnem
2653 654 2915 722 sentiunt,
2956 666 3010 713 et
3038 674 3141 715 non
3172 648 3463 731 secundum
3501 672 3729 749 spiritum
3755 688 3801 733 et

2250 741 2528 798 veritatem
2551 743 2663 799 Dci.
2682 746 2821 818 Ergo
2836 740 3119 822 Scriptura:
3143 759 3414 814 canonicze
3435 740 3543 816 non,
3560 746 3796 837 pertinent

2246 831 2314 885 ad
2340 845 2729 893 sacramentum
2768 841 2940 911 regis,
2971 843 3111 913 quod
3138 845 3253 903 istis
3290 836 3797 915 abscondendumvi-

2246 920 2433 991 detur;
2462 936 2515 982 et
2544 928 2622 983 eis
2649 933 2964 1003 conscripta:
2987 945 3147 1006 sunt,
3178 940 3269 1009 qui
3295 945 3581 1001 secundum
3608 964 3797 1010 carnem

2244 1016 2500 1086 sentiunt,
2523 1028 2577 1074 et
2604 1036 2710 1077 non
2738 1025 3027 1081 secundum
3057 1029 3302 1099 spiritum
3327 1041 3382 1089 et
3405 1037 3671 1095 veritatem
3690 1030 3795 1099 Dei.

2244 1105 2395 1173 Quod
2423 1111 2548 1181 quid
2576 1122 2658 1168 est
2683 1115 2824 1171 aliud
2844 1156 2861 1184 ,
2890 1132 3046 1188 quam
3086 1120 3267 1179 dicere
3292 1124 3591 1197 Scripturas
3614 1126 3797 1189 sanctas

2244 1204 2525 1261 canonicas
2569 1222 2666 1263 nec
2704 1210 2992 1267 secundum
3033 1215 3274 1285 spiritum
3322 1218 3418 1275 Dei
3462 1234 3678 1292 sapere,
3712 1241 3797 1283 nec

2241 1295 2508 1361 pertinere
2546 1299 2613 1355 ad
2658 1305 2933 1360 veritatem
2976 1305 3110 1361 Dei?
3152 1308 3279 1377 Quis
3322 1310 3425 1368 hoc
3464 1315 3669 1371 audiat?
3696 1322 3796 1389 quis

2240 1386 2417 1443 valeat
2456 1393 2717 1449 sustinere
2763 1404 2923 1452 tanta:
2964 1398 3249 1470 impietatis
3288 1401 3598 1487 horrorem?
3639 1386 3735 1466 Aut
3758 1414 3794 1468 si

2240 1476 2527 1549 Scriptura:
2553 1487 2821 1542 canonica:
2849 1488 3197 1559 spiritualiter
3222 1508 3253 1547 a
3282 1476 3669 1566 spiritualibus,
3697 1515 3796 1557 car-

2243 1573 2432 1627 naliter
2457 1591 2485 1629 a
2528 1580 2827 1635 carnalibus
2871 1584 3203 1651 sentiuntur;
3245 1601 3341 1642 cur
3381 1605 3490 1645 non
3530 1601 3612 1647 est
3636 1602 3685 1649 et
3711 1596 3795 1652 iste

2239 1661 2467 1731 hymnus
2495 1668 2547 1721 in
2572 1684 2777 1727 canone
2796 1712 2812 1737 ,
2844 1670 2890 1726 si
2914 1681 2970 1727 et
3001 1673 3171 1743 ipsum
3205 1676 3511 1748 spirituales
3535 1683 3793 1753 spirituali-

2240 1763 2340 1819 ter,
2369 1757 2613 1817 carnales
2640 1762 2923 1817 carnaliter
2952 1765 3223 1827 sentiunt?

2309 1848 2359 1901 5.
2391 1848 2589 1905 Deinde
2615 1853 2738 1920 quid
2768 1869 2940 1910 causae
2978 1866 3060 1911 est
3089 1866 3148 1913 ut
3173 1861 3420 1918 eumdem
3449 1864 3703 1937 hymnum
3720 1871 3792 1927 isti

2238 1939 2526 1994 secundum
2564 1943 2865 2021 scripturas
2902 1950 3195 2031 canonicas
3222 1964 3487 2039 conentur
3520 1964 3791 2031 exponere?

2236 2025 2288 2082 Si
2334 2031 2473 2084 enim
2506 2043 2783 2103 propterea
2824 2052 2933 2105 non
2974 2050 3059 2096 est
3100 2041 3153 2097 in
3184 2025 3477 2117 Scripturis
3516 2054 3788 2129 canonicis,

2235 2119 2354 2188 quia
2384 2121 2483 2174 illa)
2521 2121 2808 2195 Scriptura:
2847 2130 3181 2213 carnalibus,
3222 2134 3459 2219 hymnus
3708 2119 3793 2203 istc

2236 2210 2597 2281 spiritualihus
2642 2219 2867 2287 scriptus
2896 2200 3012 2297 est;
3045 2200 3311 2293 quomodo
3347 2200 3417 2285 de
3444 2204 3793 2313 Scripturisad

2234 2305 2477 2359 carnales
2518 2305 2758 2373 homines
2802 2313 3185 2383 pertinentibus
3220 2321 3511 2401 exponitur
3558 2305 3790 2407 hymnus,

2233 2394 2319 2464 qui
2352 2412 2453 2451 non
2484 2398 2713 2477 pertinet
2743 2402 2807 2473 ad
2839 2406 3079 2462 carnales
3094 2408 3123 2475 ?T
3143 2407 3198 2464 Si
3237 2412 3377 2467 enim
3397 2455 3414 2481 ,
3445 2394 3790 2491 verbi‘gratia,

2232 2498 2509 2559 propterea
2541 2493 2555 2523 ί
2581 2492 2631 2549 in
2662 2494 2761 2547 isto
2792 2495 2989 2568 hymno
3018 2509 3257 2565 cantatur
3282 2506 3580 2583 etudicitur,
3610 2510 3790 2589 Solam

2231 2581 2362 2645 volo,
2394 2590 2438 2635 et
2467 2582 2592 2637 solvi
2616 2584 2745 2649 volo,
2774 2589 2916 2659 quia,
2940 2593 3076 2657 sicut
3094 2593 3179 2648 isti
3204 2596 3313 2654 hare
3335 2600 3504 2663 verba
3526 2581 3790 2674 eiponunt,

2230 2672 2387 2747 solvit
2412 2689 2511 2733 nos
2543 2676 2795 2747 Dominus
2836 2679 3078 2745 Christus
3107 2702 3138 2747 a
3166 2672 3788 2765 conversatione—seculi,

2230 2774 2286 2818 ut
2313 2780 2417 2820 non
2451 2767 2641 2824 iterum
2670 2769 2892 2840 ligemur
2916 2776 2967 2829 in
2995 2792 3090 2845 eo;
3122 2778 3235 2837 hare
3262 2768 3316 2837 in
3340 2768 3632 2858 Scripluris
3654 2805 3791 2847 cano-

2228 2855 2359 2910 nicis
2405 2857 2585 2928 utique
2613 2859 2925 2932 didicimus,
2958 2866 3098 2943 quod
3143 2868 3314 2925 solvat
3348 2855 3737 2943 nosVDominus
3763 2894 3789 2938 a

2228 2954 2630 3010 conversatione
2655 2955 2857 3026 saeculi,
2890 2969 2943 3021 et
2965 2962 3083 3031 quia
3115 2963 3259 3043 ineo
3285 2983 3399 3029 non
3425 2968 3787 3043 debetnusitc-

2226 3059 2342 3111 rum
2371 3044 2626 3116 colligari.
2656 3045 2785 3103 Nam
2812 3050 2939 3122 quid
2979 3062 3061 3109 est
3098 3040 3274 3131 aliud,
3320 3057 3581 3134 Dii-upiin
3617 3040 3789 3121 vincula

2226 3152 2334 3189 mea
2377 3134 2549 3209 (Psat.
2584 3154 2707 3207 cxv,
2752 3140 2877 3212 16)?
2912 3143 3037 3213 quid
3077 3154 3156 3207 est
3183 3148 3359 3218 aliud,
3390 3148 3642 3211 Dominus
3666 3159 3788 3217 solvit

2225 3229 2529 3298 compeditos
2559 3229 2727 3303 (Psat.
2760 3249 2915 3303 θην,
2951 3233 3007 3309 7)
3026 3236 3067 3295 ?.
3096 3232 3212 3301 iam
3230 3242 3639 3317 solutosautem
3669 3252 3786 3321 Apo-

2224 3320 2392 3375 stolus
2418 3320 2671 3377 admonet
2700 3322 2905 3391 dicens,
2935 3326 3080 3384 State
3111 3347 3250 3403 ergo,
3278 3344 3322 3389 et
3358 3354 3427 3401 ne,
3450 3324 3632 3394 iterum
3652 3320 3785 3395 servi-

2224 3413 2343 3465 tutis
2354 3415 2484 3486 jugo
2508 3415 2829 3475 detineamini
2850 3417 3043 3490 (Gatat.
3067 3438 3119 3490 v,
3138 3423 3187 3497 1)
3212 3442 3224 3477 :
3250 3435 3301 3482 et
3322 3433 3600 3498 apostolus
3621 3432 3784 3490 Petrus

2222 3500 2369 3573 dicit,
2409 3503 2468 3558 Si
2496 3506 2629 3583 enim
2657 3507 2961 3579 refugientes
2996 3511 3428 3585 coinquinationes
3453 3523 3622 3593 mundi
3641 3524 3687 3576 in
3708 3541 3780 3577 r0-

2220 3594 2444 3664 gnitione
2478 3594 2689 3651 Domini
2729 3588 2887 3655 nostri
2923 3611 2969 3657 et
2999 3600 3281 3663 Saluatoris
3318 3610 3452 3666 Jesu
3483 3588 3679 3672 Christi.
3713 3617 3781 3671 his

2220 3701 2392 3738 rursus
2426 3686 2658 3759 impliciti
2694 3703 3025 3763 superantur;
3068 3703 3206 3771 facta
3238 3711 3353 3756 sunt
3408 3706 3487 3761 eis
3530 3709 3780 3779 posteriora

2220 3776 2467 3831 deteriora
2488 3780 2739 3851 prioribus
2762 3783 2827 3855 (ll
2851 3784 2993 3842 Petr.
3022 3805 3077 3855 ιι,
3100 3788 3221 3863 20);
3249 3795 3325 3851 sic
3346 3776 3650 3871 ostendens,
3676 3817 3781 3857 cum

2219 3868 2377 3926 soluti
2410 3870 2668 3929 fuerimus
2688 3918 2703 3943 ,
2751 3878 2954 3949 alligari
2985 3898 3083 3938 nos
3119 3887 3325 3949 mundo,
3355 3868 3551 3957 iterum
3579 3911 3678 3950 non
3701 3896 3779 3950 de—

2216 3959 2362 4016 bere.
2396 3960 2531 4033 Cuin,
2556 3964 2728 4037 itaque
2758 3968 2855 4043 ista
2886 3971 2939 4027 in
2964 3989 3186 4041 canone,
3214 3979 3325 4043 sive
3349 3997 3419 4055 ex
3453 3984 3535 4047 his
3562 3988 3777 4044 testimo-

2216 4051 2317 4107 niis
2346 4066 2465 4123 qure
2500 4061 2939 4131 commemoravi,
2977 4064 3088 4127 sive
3126 4085 3191 4124 ex
3214 4071 3339 4139 aliis,
3361 4074 3606 4155 plurimis
3632 4079 3778 4134 mani-

2214 4141 2348 4199 festa
2376 4147 2509 4216 sint,
2542 4158 2595 4204 ct
2628 4150 2729 4221 legi
2760 4160 2814 4215 et
2843 4155 3122 4227 praedicari
3146 4176 3259 4223 non
3284 4141 3688 4242 cesseutrquid
3704 4182 3779 4227 est

2212 4235 2353 4304 quod
2383 4237 2467 4291 isti
2492 4237 2632 4295 hunc
2671 4239 2958 4313 hymnum,
2994 4247 3117 4319 ubi,
3146 4260 3201 4308 ut
3235 4235 3533 4329 secundum
3558 4235 3777 4332 ipsoslo-

2210 4342 2359 4396 quar,
2395 4330 2553 4385 verba
2594 4332 2972 4403 obscurissime
3014 4350 3136 4397 sunt
3160 4347 3360 4416 posita,
3400 4330 3679 4427 propterea
3701 4353 3769 4408 di-

2211 4430 2337 4475 cunt
2360 4422 2412 4476 in
2458 4439 2660 4481 canone
2704 4444 2809 4483 non
2851 4446 2999 4502 esse,
3030 4450 3097 4492 ne
3126 4422 3432 4500 velarentur
3458 4422 3771 4505 carnalibus?

2209 4527 2329 4568 cum
2358 4518 2530 4586 potius
2568 4535 2629 4574 ea
2660 4520 2933 4593 videamus
2960 4526 3014 4587 in
3040 4543 3248 4591 canone
3268 4524 3559 4606 revelata,
3600 4540 3653 4596 in
3684 4542 3769 4596 hoc

2208 4615 2381 4662 autem
2408 4609 2605 4689 hymno
2625 4614 2849 4695 omnino
2862 4619 3055 4689 velata,
3079 4623 3216 4680 sicut
3238 4627 3337 4698 ipsi
3364 4642 3638 4701 asserunt;
3662 4648 3766 4688 nam

2208 4699 2343 4755 sicut
2362 4703 2528 4774 magis
2549 4705 2873 4766 credendum
2895 4722 2997 4781 est,
3020 4730 3241 4787 prorsus
3261 4736 3366 4777 non
3387 4735 3516 4801 sunt
3536 4726 3665 4801 ipsa,
3684 4724 3766 4780 sed

2206 4792 2386 4846 nescio
2413 4808 2532 4864 qure
2561 4790 2688 4865 alia,
2719 4816 2835 4870 quae
2864 4803 2952 4859 tali
2983 4810 3318 4877 expositione
3360 4790 3533 4893 multo

2204 4883 2416 4952 velant,
2449 4895 2504 4942 et
2532 4890 2774 4947 revelare
2800 4892 3103 4953 formidant.

2275 4973 2325 5028 6.
2366 4973 2495 5031 Nam
2525 4980 2703 5052 utique
2723 4983 2765 5037 si
2793 4982 2895 5041 hoc
2919 4986 3025 5044 illis
3062 4992 3249 5067 verbis,
3269 4996 3611 5079 significatur,
3635 5002 3764 5079 (pud

2203 5080 2301 5122 nos
2327 5069 2482 5125 solvit
2509 5070 2765 5129 Dominus
2790 5092 2821 5131 a
2849 5084 3252 5143 conversatione
3280 5069 3477 5159 saeculi,
3511 5069 3765 5165 etrutrnon

2203 5157 2393 5214 iterum
2424 5160 2646 5231 ligemur
2674 5167 2728 5220 in
2758 5183 2859 5235 eo;
2890 5186 2992 5225 non
3019 5172 3305 5248 diceretur,
3331 5172 3541 5249 Solvere,
3560 5174 3701 5252 uoto,
3721 5192 3764 5238 et

2203 5251 2327 5304 solvi
2356 5252 2488 5320 volo,
2514 5254 2639 5320 sed,
2673 5255 2889 5316 Solvere
2920 5263 3057 5332 volo,
3090 5260 3144 5322 et
3172 5284 3264 5326 eos
3291 5256 3421 5345 quos
3446 5272 3673 5353 solvero,
3688 5251 3761 5328 ili-

2201 5343 2311 5411 gari
2336 5345 2478 5399 nolo.
2508 5347 2611 5401 Aut
2635 5349 2678 5402 si
2706 5352 2942 5408 membra
2971 5370 3098 5428 sua,
3136 5358 3193 5417 id
3225 5343 3328 5433 est,
3344 5363 3525 5439 fideles
3710 5366 3757 5420 in

2200 5449 2259 5488 se
2277 5437 2631 5507 transfigurat,
2650 5444 3095 5512 quemadmodum
3123 5453 3217 5521 ait,
3238 5454 3436 5512 Esurivi
3455 5500 3470 5527 ,
3491 5468 3541 5514 et
3562 5460 3755 5513 dedistis

2199 5529 2324 5582 mihi
2348 5531 2649 5588 manducare
2668 5535 2877 5607 (Matth.
2908 5556 3039 5611 xxv,
3058 5543 3179 5617 55);
3200 5546 3398 5621 diceret
3410 5552 3607 5624 potius,
3618 5548 3753 5611 Solvi

2198 5621 2337 5688 volo,
2372 5633 2426 5677 et
2458 5623 2611 5694 ligari
2649 5629 2789 5683 nolo.
2827 5632 2934 5699 Aut
2973 5636 3018 5690 si
3052 5649 3329 5709 propterea
3502 5646 3681 5713 solvit.
3706 5654 3755 5701 et

2196 5713 2310 5783 ipse
2339 5716 2578 5785 solvitur,
2618 5723 2740 5790 quia
2783 5725 2937 5781 solvit
2976 5740 3162 5801 caput,
3192 5713 3430 5796 membra
3472 5739 3748 5808 solvantur,

2258 5828 2274 5856 ι
2300 5825 2440 5888 Alias,
2463 5840 2625 5893 prope.
