4024 6378
222 480 330 573 quae
375 490 788 568 persequebatur
829 484 911 540 cui
962 479 1207 536 clamavit
1265 477 1332 531 de
1374 475 1546 541 coalo,
1592 472 1780 537 Saule,

222 561 391 665 scale;
426 561 655 657 quid‘mc
685 573 991 653 persequeris
1023 568 1154 645 (Act.
1186 584 1238 624 Ix
1259 610 1273 635 ,
1300 564 1394 639 4)?
1432 565 1532 619 hoc
1576 561 1786 633 quidem

222 650 493 745 verborum
540 650 765 728 istorum
821 665 1089 737 expositor
1142 661 1243 715 iste
1306 674 1411 713 non
1463 655 1641 718 dixit;
1695 650 1789 706 sed

221 743 417 829 etiamsi
461 766 718 828 dixisset,
764 759 817 815 id
868 758 919 814 ei
964 751 1405 825 responderemus
1451 745 1591 818 quod
1632 743 1789 815 paulo

221 864 333 919 ante
373 856 746 937 respondimus
777 849 1063 924 :quoniam
1091 847 1206 900 haec
1232 844 1284 898 in
1310 838 1596 909 Scripturis
1627 850 1789 890 cano-

220 956 342 1019 nicis
370 926 614 1024 legimus,
643 946 717 1004 ibi
768 932 1133 1021 intelligimus,
1174 935 1296 991 inde
1340 933 1640 995 ﬁrmamus,
1671 926 1793 982 inde

220 1018 447 1127 quotidie
488 1024 861 1115 praedicamus.
890 1020 1024 1102 Quid
1053 1039 1134 1086 est
1164 1028 1320 1099 igitur
1360 1022 1502 1094 quod
1548 1022 1647 1075 iste
1690 1018 1790 1090 hy-

219 1120 363 1196 mnus
390 1136 585 1192 dicitur
610 1126 911 1193 carnalibus
933 1123 1097 1179 fuisse
1126 1120 1446 1180 subtractus,
1479 1121 1535 1167 ut
1562 1126 1666 1167 non
1696 1126 1792 1180 po-

220 1240 426 1291 neretur
456 1229 509 1282 in
538 1239 784 1291 canone,
812 1234 930 1274 cum
961 1212 1101 1286 quod
1129 1214 1183 1267 in
1210 1211 1300 1266 illo
1330 1216 1571 1278 opertum
1604 1210 1712 1268 est,
1741 1202 1793 1256 in

222 1336 421 1380 canone
463 1324 707 1388 apertum
734 1312 835 1367 sit?
859 1309 941 1365 An
971 1320 1139 1375 usque
1186 1302 1322 1356 adeo
1360 1296 1655 1366 desipiunt,
1688 1294 1796 1348 imo

219 1385 600 1479 insaniunt,ut
636 1404 866 1469 audeant
906 1397 1084 1457 dicere
1124 1397 1509 1453 sacramentum
1555 1386 1695 1455 regis
1742 1385 1797 1439 in

218 1506 313 1575 hoc
337 1503 536 1575 hymno
563 1494 934 1561 absconditum
964 1504 1083 1546 esse
1108 1482 1485 1557 Spiritualibus,
1514 1480 1566 1534 in
1593 1491 1797 1533 canone

217 1603 384 1667 autem
408 1589 761 1665 ’manifeStum
789 1600 907 1641 esse
933 1576 1268 1635 carnalibus?

234 1674 237 1677 Α
281 1662 335 1741 7.
370 1660 484 1740 Hoc
509 1682 578 1738 de
605 1675 972 1752 superioribus
1003 1668 1242 1740 ejusdem
1279 1663 1465 1739 hymni
1492 1656 1664 1718 verbis
1692 1658 1798 1715 dici

218 1788 405 1854 potest,
438 1778 528 1833 ubi
556 1775 673 1830 ait:
703 1770 915 1828 Salvere
939 1767 1070 1833 volo,
1101 1772 1146 1818 et
1172 1761 1356 1817 salvari
1387 1760 1518 1813 volo.
1547 1756 1601 1814 Si
1632 1755 1794 1821 enim,

218 1845 342 1929 sicut
367 1845 467 1945 ipsi
496 1873 811 1939 exponunt,
836 1863 939 1916 hoc
974 1859 1073 1919 ista
1108 1854 1269 1911 verba
1307 1850 1631 1921 signiﬁcant,
1659 1845 1799 1918 quod

216 1935 471 2020 s‘alvaniur
506 1976 537 2014 a
567 1935 797 2013 Domino
824 1968 931 2026 per
951 1948 1275 2027 Baptismum
1296 1986 1308 2010 ,
1343 1951 1395 1997 et
1430 1942 1715 2003 salvamus,
1748 1935 1798 1990 id

216 2065 291 2129 est
333 2032 667 2123 custodimus
715 2048 767 2103 in
813 2045 971 2123 nobis
1006 2040 1260 2113 Spiritum
1290 2037 1470 2091 datinn
1517 2031 1665 2087 nobis
1703 2042 1801 2101 per

218 2124 570 2218 Baptismum;
603 2154 783 2198 nonne
810 2118 971 2192 istum
1001 2146 1214 2201 sensum
1248 2119 1800 2197 Scriptura‘canonica

217 2216 402 2295 clamat
421 2280 434 2304 ,
463 2235 553 2303 ubi
582 2232 842 2309 legimus,
868 2224 1049 2283 Salvos
1078 2238 1166 2279 nos
1194 2220 1306 2291 fecit
1336 2232 1423 2287 per
1443 2216 1698 2268 lavacrum
1725 2226 1802 2265 re-

216 2318 542 2421 giam-alienis
573 2300 701 2393 (Tit.
728 2336 783 2377 tu
801 2362 813 2385 ,
839 2316 922 2389 5)?
942 2324 995 2369 et
1022 2313 1109 2368 ubi
1139 2310 1293 2368 nobis
1317 2306 1526 2370 dicitur,
1556 2300 1805 2371 Spiritum

442 2400 447 2405 ’
500 2398 523 2421 4
738 2410 773 2421 ι·
809 2409 874 2421 -ι
1100 2404 1221 2421 ..μοι
1251 2398 1520 2421 numeris“
1556 2410 1674 2421 “mm
1705 2394 1804 2421 τμη,

218 2394 361 2475 iiolite
382 2400 706 2495 exstinguere
731 2410 777 2483 (l
808 2409 989 2465 Thess.
1019 2423 1073 2469 v,
1096 2404 1221 2485 19)?
1249 2398 1524 2477 Quomodo
1553 2410 1677 2466 ergo
1705 2394 1806 2447 iste

217 2486 437 2587 hymnus
456 2488 516 2591 in
549 2486 763 2584 canone
790 2502 910 2559 ideo
948 2515 1055 2554 non
1084 2505 1198 2562 est,
1230 2508 1297 2551 ne
1322 2487 1624 2555 carnalibus
1650 2486 1805 2565 inno-

222 2580 421 2669 tescat,
443 2580 572 2673 cum
608 2598 660 2673 id
702 2592 845 2669 quod
872 2594 925 2646 in
951 2590 1039 2646 illo
1064 2588 1347 2646 obscurum
1382 2589 1495 2647 cst,
1526 2580 1576 2633 in
1606 2589 1808 2649 canone

219 2674 412 2758 luceat;
448 2672 553 2751 nisi
593 2671 716 2762 quia
759 2686 859 2742 sub
898 2684 999 2751 hac
1044 2680 1414 2755 qualicumque
1452 2671 1806 2743 expositione,

221 2805 372 2861 quam
402 2783 732 2861 quibuslibet
756 2781 876 2837 aliis
906 2775 1235 2859 obtendunt,
1264 2769 1396 2831 illud
1426 2767 1565 2840 quod
1601 2766 1686 2829 hic
1711 2764 1809 2861 ipsi

222 2854 460 2953 sapiunt,
500 2876 769 2935 occultare
799 2856 1099 2931 conantur?
1131 2865 1220 2937 qui
1253 2870 1430 2917 tamen
1462 2875 1629 2930 usque
1672 2854 1808 2912 adeo

222 2975 343 3030 caeci
387 2981 549 3041 sunt,
592 2977 656 3043 ut
696 2968 855 3045 etiam
886 2965 1125 3034 quaedam
1157 2957 1319 3017 verba
1361 2953 1426 3009 de
1465 2954 1580 3023 ipso
1607 2963 1813 3004 canone

222 3067 507 3123 adhibeant
538 3062 604 3119 ad
626 3058 998 3132 exponendum
1031 3055 1308 3126 hymnum,
1335 3062 1495 3121 quem
1533 3052 1812 3116 prOpterea

223 3162 403 3220 dicunt
447 3162 503 3215 in
552 3170 755 3213 canone
802 3168 909 3209 non
957 3164 1111 3212 esse.
1144 3161 1211 3199 ne
1239 3148 1630 3197 sacramentum
1674 3136 1813 3206 regis

225 3253 526 3327 carnalibus
554 3247 887 3321 proderetur.
920 3238 1055 3311 Quid
1095 3251 1219 3306 ergo
1267 3231 1465 3287 faciunt
1512 3230 1562 3282 in
1611 3240 1815 3282 canone

225 3324 417 3403 clarius
450 3316 621 3415 posita
643 3381 656 3406 ,
685 3353 780 3410 per
806 3349 924 3407 quae
950 3331 1003 3386 in
1031 3330 1134 3385 isto
1163 3327 1363 3397 hymno
1390 3320 1693 3392 aperiantur
1718 3316 1815 3371 ob-

226 3451 379 3492 scura
392 3436 416 3489 ?

293 3530 346 3586 8.
378 3520 526 3583 Nam
552 3524 597 3579 si
626 3524 747 3587 hoc,
777 3524 841 3575 ut‘
866 3517 1067 3581 dicunt,
1096 3505 1497 3580 intelligendum
1523 3512 1603 3559 est
1629 3502 1682 3557 in
1716 3500 1816 3557 isto

225 3620 446 3696 hymno,
478 3616 567 3695 ubi
596 3616 699 3681 ait,
727 3610 969 3669 Generari
1000 3606 1134 3673 volo,
1160 3601 1301 3673 quod
1330 3601 1381 3654 in
1408 3595 1662 3653 canoitiea
1690 3591 1818 3662 Epi-

222 3685 357 3776 siula
384 3685 536 3767 Pauli
558 3704 781 3781 apostoli
804 3705 1059 3772 scriptum
1082 3706 1163 3754 est
1180 3739 1193 3763 ,
1219 3696 1355 3761 Quos
1382 3692 1564 3745 iterum
1594 3685 1818 3760 par-tario

223 3807 383 3877 donec
411 3777 649 3857 Christus,
668 3801 910 3869 formetur
934 3794 987 3847 in
1008 3791 1143 3843 vobis
1164 3786 1364 3858 (Galat.
1396 3800 1467 3849 ιν,
1500 3781 1588 3850 l9)
1617 3798 1629 3832 :
1653 3778 1697 3832 si
1721 3777 1821 3831 hoc

225 3870 633 3963 intelligendum
665 3894 746 3944 est
771 3889 823 3938 in
850 3885 952 3936 isto
978 3882 1177 3950 hymno
1208 3877 1294 3929 ubi
1318 3875 1419 3937 ait,
1447 3873 1660 3925 Cantnre
1686 3869 1819 3933 volo,

226 3974 372 4063 quod
402 3955 697 4041 inPsalmo
742 3972 1001 4030 canonico
1037 3971 1290 4037 scriptum
1336 3972 1447 4029 est,
1483 3960 1691 4014 Cuntate
1715 3955 1824 4010 Do-

230 4046 369 4145 mino
396 4074 651 4131 canticum
689 4082 875 4125 novum
901 4060 1083 4134 (Psal.
1133 4071 1259 4122 xcv,
1292 4053 1342 4127 l)
1374 4071 1385 4106 :
1412 4052 1454 4106 si
1496 4052 1598 4106 hoc
1631 4046 1826 4103 intelli-

234 4142 467 4243 gendum
514 4173 595 4221 est
641 4164 695 4221 in
742 4160 844 4214 isto
888 4156 1087 4227 hymno
1108 4193 1121 4216 ,
1155 4149 1243 4203 ubi
1271 4146 1376 4211 ait,
1402 4144 1599 4199 Saltate
1626 4139 1820 4202 cuncti,

238 4230 380 4334 quod
404 4259 659 4327 scriptum
697 4260 779 4308 est
812 4251 865 4304 in
905 4244 1111 4301 cantico
1150 4237 1474 4308 evangelico,
1507 4230 1828 4286 Cantavimus

241 4320 396 4417 uobis,
427 4359 471 4404 et
501 4320 600 4412 non
629 4341 852 4399 saltastis
871 4356 890 4395 :
916 4337 959 4392 si
984 4336 1086 4389 hoc
1115 4325 1517 4399 intelligendum
1545 4322 1698 4399 estin
1726 4320 1828 4375 isto

244 4424 464 4519 hymno,
497 4442 745 4511 Plangere
780 4434 923 4499 volo,
949 4414 1143 4483 tundite
1182 4439 1269 4479 vos
1298 4435 1497 4503 omnes,
1529 4413 1669 4487 quod
1699 4408 1831 4468 scri-

246 4508 393 4612 pium
436 4508 516 4593 est
560 4536 610 4589 in
633 4508 867 4587 icantico
895 4521 1225 4593 evangelico,
1256 4514 1558 4569 Planximus
1585 4508 1721 4564 vobis
1741 4547 1755 4574 ,
1784 4514 1835 4560 et

252 4598 346 4689 non
369 4628 569 4686 luxistis
592 4623 801 4698 (Matth.
832 4635 905 4683 ιι,
937 4615 1024 4691 Π)
1053 4630 1066 4666 :
1098 4612 1177 4677 si,
1214 4609 1409 4663 Urnare
1434 4605 1567 4670 volo,
1590 4611 1637 4656 et
1661 4598 1837 4654 ornari

251 4726 379 4791 volo,
410 4725 509 4777 hoc
541 4696 801 4790 signiﬁcat
834 4712 889 4767 in
924 4711 1026 4763 isto
1055 4706 1275 4775 hymno,
1303 4697 1445 4772 quod
1474 4696 1730 4791 scriptum
1755 4699 1838 4747 est

252 4816 302 4870 in
327 4781 554 4876 canone,
589 4781 829 4865 habitare
851 4798 1105 4853 Christum
1136 4809 1224 4863 per
1240 4790 1392 4860 [idem
1416 4789 1469 4841 in
1500 4781 1733 4859 cordibus
1756 4798 1839 4836 υε-

253 4894 363 4961 stris
398 4873 658 4979 (Epit-.111,
687 4897 805 4964 l7};
835 4900 915 4955 et,
958 4886 1054 4943 Vos
1076 4886 1192 4939 estis
1213 4881 1452 4952 templum
1475 4876 1602 4941 Dei,
1636 4885 1681 4928 et
1718 4873 1841 4944 Spi-

256 5000 377 5054 ritus
404 4964 505 5048 ὐέί
547 4991 735 5046 habitat
764 4988 817 5039 in
839 4982 973 5037 vobis
1013 4979 1064 5051 (ι
1095 4974 1212 5031 Cor.
1247 4988 1339 5036 ιιι,
1372 4970 1460 5041 ιθ)
1486 4986 1501 5022 -.
1524 4969 1567 5021 si
1595 4965 1736 5037 quod
1767 4964 1849 5018 ait

257 5078 310 5146 in
332 5092 438 5145 isto
468 5086 686 5159 hymno,
715 5078 943 5130 Lucerna
967 5086 1078 5125 sum
1100 5066 1216 5131 tibi,
1242 5063 1328 5117 ille
1352 5062 1436 5133 qui
1462 5076 1540 5113 me
1559 5055 1842 5139 vides.hoc

261 5144 542 5255 signiﬁcai,
570 5169 713 5243 quod
738 5166 993 5235 scriptum
1022 5167 1103 5215 est
1133 5158 1185 5211 in
1214 5150 1427 5210 Pssimo
1456 5149 1745 5213 canonico,
1776 5144 1842 5199 In

262 5237 450 5333 uimine
476 5237 560 5323 tuo
587 5237 861 5320 videbimus
890 5255 1058 5310 lumen
1087 5244 1259 5323 (Psal.
1290 5260 1451 5311 xxxv,
1486 5241 1573 5312 10)
1601 5241 1682 5297 :si
1703 5237 1844 5333 quod

232 5366 242 5428 ἒ
264 5331 332 5426 ait
358 5368 413 5421 in
440 5366 541 5423 isto
563 5360 784 5429 hymno,
806 5349 978 5405 Ianua
996 5361 1107 5401 sum
1128 5342 1213 5397 tibi
1235 5342 1529 5412 quicumque
1549 5351 1626 5389 me
1649 5331 1841 5405 pulsas,

396 5422 656 5529 signiﬁcat
680 5444 822 5519 quod
864 5442 917 5497 in
952 5437 1168 5495 Psalmo
1195 5422 1848 5529 canonicolegitur,‘Ape-

402 5515 523 5606 mihi
566 5515 737 5617 portas
769 5534 1015 5608 justitiaa;
1048 5530 1303 5600 ingressus
1343 5524 1395 5577 in
1431 5521 1534 5601 eis,
1577 5515 1851 5588 conﬁtebor

274 5607 677 5715 idminoﬂ’isal.
706 5607 865 5693 cxvu,
902 5624 1026 5696 19);
1064 5629 1117 5676 et
1159 5620 1210 5673 in
1254 5617 1360 5672 alio
1404 5613 1638 5699 psalmo,
1667 5607 1852 5663 Tollite

467 5703 711 5807 principes
757 5723 922 5787 vestri,
948 5726 990 5774 ct
1017 5712 1280 5771 elevamini
1310 5720 1467 5780 ponte
1489 5703 1777 5768 (eternales,
1803 5710 1852 5755 et

273 5799 492 5895 introibit
516 5844 606 5884 rex
630 5799 805 5897 alariis
831 5814 1002 5893 (Paul.
1032 5826 1181 5879 χχιιι,
1208 5804 1265 5881 ’7)
1290 5823 1303 5860 :
1331 5805 1376 5861 si
1401 5802 1541 5874 quod
1569 5801 1641 5857 ait
1667 5800 1717 5857 in
1746 5799 1848 5854 isto

1400 314 1872 418 EPISTOLABUM
1910 351 2180 411 CLASSIS
2214 349 2301 407 IV.

3342 350 3479 407 1038

1893 468 2111 541 hymno,
2137 466 2240 532 Qui
2259 464 2394 519 vides
2410 462 2543 535 quod
2565 478 2682 535 ago,
2705 470 2813 517 tace
2838 478 2989 534 opera
3010 477 3139 530 mea,
3159 464 3259 521 hoc
3278 466 3479 538 signiti-

1894 567 1979 614 cat
2006 558 2145 628 quod
2167 557 2418 627 scriptum
2446 564 2529 611 est
2543 554 2596 609 in
2612 553 2750 609 libro
2763 553 2966 621 Tobiae,
2987 553 3369 612 Sacramentth
3394 576 3475 614 re-

1894 650 1970 720 gis
1987 648 2168 703 bonum
2193 656 2262 702 est
2288 646 2588 713 abscondere
2607 640 2753 717 (Tob.
2779 660 2876 713 xu,
2895 642 2953 717 ‘7)
2973 663 2986 699 :
3006 661 3101 702 cur
3124 650 3224 702 iste
3244 648 3474 720 hymnus

1895 746 2000 793 non
2031 753 2149 793 esse
2171 738 2222 791 in
2242 752 2445 793 canone
2471 747 2749 806 propterea
2778 734 2989 803 dicitur,
3012 746 3070 791 ut
3090 746 3476 795 sacramentum

1896 830 2037 899 regis
2077 827 2430 884 abscondatur
2456 827 2786 893 carnalibus;
2833 840 2953 881 cum
2999 822 3061 883 ea
3109 838 3227 898 quia
3275 828 3329 884 in
3377 829 3481 887 isto

1897 918 2097 991 hymno
2125 927 2485 989 exponuntur,
2509 917 2669 974 etiam
2698 917 2751 973 in
2775 930 2982 974 canone
3020 918 3281 989 legantur,
3310 930 3362 976 et
3401 923 3481 978 Sic

1898 1012 1969 1097 ibi
1999 1012 2328 1083 reperiantur
2352 1010 2650 1077 manifesta,
2677 1020 2733 1065 ut
2760 1026 2855 1081 per
2879 1010 2993 1065 htcc
3024 1009 3113 1064 illa
3142 1023 3478 1081 exponantur

1898 1104 2121 1159 obscura
2148 1121 2159 1158 :
2187 1102 2285 1157 nisi
2308 1103 2429 1173 quia
2453 1102 2579 1157 istas
2602 1100 2958 1171 expositiones
2985 1100 3182 1157 habent
3206 1102 3260 1157 in
3286 1102 3479 1174 quibus

1901 1195 2124 1262 lateant;
2156 1196 2209 1250 in
2240 1194 2418 1250 verbis
2446 1210 2570 1249 vero
2599 1193 2738 1249 illius
2766 1193 2979 1266 hymni,
3010 1208 3166 1264 quem
3206 1208 3477 1266 exponere

1901 1301 1959 1342 se
1984 1286 2268 1356 simulant,
2298 1285 2400 1344 hoc
2436 1287 2646 1358 sapiunt
2685 1286 2826 1357 quod
2871 1287 3056 1353 alienis
3099 1300 3365 1357 exponere
3406 1288 3479 1344 ti-

1901 1380 2113 1436 meant?

1971 1471 2026 1526 9.
2065 1470 2305 1540 Longum
2345 1478 2427 1526 est
2464 1478 2652 1525 cuncta
2682 1467 2999 1540 diSpntando
3025 1477 3341 1527 monstrare.
3370 1452 3508 1527 Ve-l

1903 1577 2022 1617 rum
2047 1577 2111 1617 ex
2143 1562 2223 1617 his
2252 1578 2370 1633 quae
2394 1561 2628 1617 diximus
2648 1602 2663 1627 ,
2693 1569 2886 1617 caetera
2911 1561 3249 1618 considerare
3290 1561 3482 1619 facilli-

1904 1667 2047 1707 mum
2074 1662 2177 1718 est,
2196 1661 2250 1706 et
2270 1652 2447 1707 videre
2474 1667 2534 1707 ea
2555 1668 2671 1722 qua:
2694 1651 2746 1705 in
2770 1652 3101 1722 expositione
3123 1642 3282 1721 hujus
3302 1648 3487 1725 hymni

1903 1744 2040 1798 bona
2066 1752 2120 1798 et
2160 1743 2380 1799 honesta
2426 1743 2645 1810 dicunt,
2686 1742 2848 1798 etiam
2897 1742 2951 1797 in
2994 1757 3199 1799 canone
3240 1743 3485 1814 reperiri.

1906 1828 2058 1888 Unde
2082 1830 2172 1887 illa
2194 1848 2376 1887 eorum
2404 1848 2509 1888 non
2532 1833 2685 1897 ratio,
2720 1832 2814 1887 sed
2842 1832 3205 1903 tergiversatio
3234 1840 3344 1900 est,
3367 1830 3490 1888 ideo

1907 1925 2052 1980 illum
2084 1942 2251 1981 essea
2273 1940 2477 1980 canone
2516 1934 2847 1997 separatum,
2882 1926 3003 1994 quia
3042 1924 3347 1981 carnalibus
3386 1925 3489 1982 ho-

1906 2019 2139 2073 minibus
2189 2017 2622 2072 abscondendum
2668 2017 2808 2086 regis
2852 2014 3023 2071 fuerat
3072 2025 3487 2072 sacramentum.

1909 2104 2061 2193 Unde
2105 2128 2210 2166 non
2260 2110 2524 2165 immerito
2577 2110 2870 2164 creduntur
2908 2108 3024 2163 istis
3067 2108 3491 2177 expositionibus

1908 2190 2013 2285 non
2060 2204 2267 2273 aperire
2306 2202 2445 2258 velle
2484 2190 2624 2272 quod
2666 2202 2875 2271 legunt,
2924 2198 3018 2256 sed
3064 2201 3239 2271 potius
3283 2201 3495 2269 operire

1910 2295 2051 2367 quod
2077 2295 2331 2350 sentiunt.
2362 2292 2475 2349 Nec
2504 2294 2719 2358 mirum,
2738 2291 3171 2364 quandoquidem
3196 2291 3367 2362 ipsum
3394 2292 3496 2347 Do-

1911 2387 2112 2441 minum
2138 2384 2317 2441 Jcsnm
2346 2385 2650 2454 loquentem
2668 2424 2683 2450 ,
2715 2398 2821 2437 non
2847 2398 2942 2452 per
2961 2395 3056 2436 ora
3082 2370 3493 2453 Prophetarum,

1911 2480 1993 2535 vel
2035 2479 2414 2557 Apostolorum
2437 2519 2452 2543 ,
2481 2477 2565 2531 vel
2595 2472 2957 2546 Angelorum,
3002 2472 3095 2529 sed
3133 2486 3226 2545 per
3271 2490 3331 2529 os
3371 2488 3496 2543 pro-

1914 2562 2085 2642 prium
2113 2613 2127 2638 ,
2178 2569 2453 2623 illusorem
2500 2568 2675 2637 potius
2718 2581 2876 2636 quam
2934 2564 3173 2619 veritatis
3226 2562 3500 2619 doctorem

1914 2652 2077 2717 fuisse
2103 2659 2461 2715 crediderunt.
2489 2657 2622 2711 lluic
2661 2658 2842 2727 utique
2880 2656 3081 2727 hymno
3125 2654 3356 2709 divinam
3400 2654 3500 2708 tri-

1915 2754 2136 2809 buentes
2176 2751 2577 2817 auctoritatem,
2621 2747 2708 2803 ubi
2753 2763 2873 2802 eum
2921 2745 3119 2801 dixisse
3162 2744 3342 2799 nescio
3385 2746 3503 2815 quis

1916 2844 2151 2915 ejusdem
2183 2842 2367 2914 hymni
2398 2840 2641 2896 conditor
2668 2838 2839 2906 finxit,
2882 2837 3041 2892 Verbo
3068 2837 3205 2892 illusi
3232 2848 3431 2905 cuncta,
3456 2846 3505 2892 et

1918 2953 2018 2989 non
2057 2952 2167 2989 sum
2210 2932 2389 2987 illusus
2429 2933 2481 2987 in
2527 2941 2719 2997 totum;
2760 2929 3141 3001 respondeant,
3176 2929 3221 2984 si
3248 2940 3503 3000 possunt,

1872 3064 1875 3067 .
1919 3027 2111 3099 egregii
2140 3025 2460 3096 spirituales,
2494 3038 2601 3095 quo
2627 3037 2841 3087 eamus,
2877 3022 2960 3077 cui
2989 3037 3145 3077 aures
3180 3023 3503 3094 aperiamus,

1920 3120 2001 3175 cui
2028 3119 2262 3189 loquenti
2286 3126 2571 3187 utcumque
2592 3115 2895 3181 credamus,
2914 3116 2965 3170 in
2987 3116 3135 3185 cujus
3156 3117 3510 3186 promissione

1920 3225 2068 3281 spem
2112 3198 2479 3280 ponamus,‘si
2513 3207 2678 3262 verbo
2719 3216 2908 3261 cuncta
2951 3206 3191 3261 Christus
3237 3207 3430 3271 illusit,
3462 3204 3510 3262 si

1922 3301 2084 3357 verbo
2129 3310 2318 3356 cuncta
2361 3297 2698 3369 omnipotens
2743 3297 2996 3367 magister
3039 3296 3230 3362 illusit,
3262 3298 3304 3351 si
3329 3297 3509 3357 rverbo

1922 3405 2111 3451 cuncta
2142 3394 2226 3449 ille
2250 3394 2340 3464 qui
2369 3400 2451 3448 est
2476 3391 2788 3461 Unigenitus
2808 3390 3041 3445 Verbum
3073 3391 3162 3445 Dei
3188 3390 3364 3444 Patris
3386 3392 3509 3445 illu-

1924 3488 2009 3542 sit.
2061 3486 2198 3553 Quid
2241 3484 2464 3539 nlterius
2506 3483 2693 3553 loquar
2732 3481 2799 3537 de
2844 3481 3063 3551 perditis
3106 3481 3428 3551 vaniloquis.
3456 3490 3514 3537 et

1925 3579 2117 3634 mentis
2138 3575 2527 3641 scductorihns,
2553 3577 2777 3645 primum
2806 3589 2936 3639 suae,
2955 3573 3145 3629 deinde
3170 3582 3511 3643 caeterorum,

1925 3662 2067 3745 quos
2086 3672 2186 3728 sibi
2221 3669 2288 3725 ad
2323 3669 2595 3727 interitum
2638 3667 3044 3740 praedestinatos
3081 3658 3336 3722 aeternum
3381 3680 3514 3722 con-

1927 3764 2130 3820 sociare
2180 3761 2503 3833 potuerunt?
2559 3758 2831 3831 Rescripsi
2882 3756 3234 3814 Venerationi
3266 3766 3369 3813 tuae
3397 3799 3412 3825 ,
3460 3765 3517 3814 et

1930 3858 2095 3912 multo
2134 3856 2302 3910 serius
2342 3869 2498 3924 quam
2526 3853 2797 3908 volueram
2820 3893 2833 3918 ,
2867 3860 2920 3906 et
2958 3851 3105 3925 plura
3137 3865 3295 3921 quam
3337 3846 3520 3922 dispo-

1931 3960 2164 4002 sueram.
2193 3945 2403 4014 Optime
2450 3943 2622 3997 facitis
2659 3944 2939 4012 vigilanter
2975 3943 3127 4010 lupos
3170 3957 3384 4007 cavere;
3423 3941 3521 3996 sed

1932 4041 2089 4095 etiam
2125 4053 2219 4108 pro
2245 4036 2493 4091 sanandis
2523 4035 2739 4099 ovibus,
2774 4035 2816 4087 si
2844 4048 2974 4102 quas
3003 4032 3138 4087 forte
3169 4032 3517 4098 violaverint,

1933 4136 2044 4189 sive
2072 4132 2183 4202 jam
2210 4126 2633 4195 vulneraverint,
2666 4125 2917 4198 pastorali
2948 4122 3249 4195 diligentia,
3281 4124 3396 4193 ipso
3425 4123 3521 4177 ad-

1931 4225 2145 4295 juvante
2170 4234 2438 4293 pastorum
2473 4218 2717 4281 Domino,
2749 4215 3007 4270 laborate.
3292 4224 3298 4228 ‘

2274 4330 2605 4389 EPISTULA
2645 4324 2997 4387 ccxxxvm
3034 4329 3053 4350 ·
3094 4322 3189 4399 (α),

1940 4428 2246 4511 Augustinus
2267 4423 2567 4511 ‘Pas'c'enlio,
2598 4422 2803 4511 domusJ
2818 4420 2981 4511 regiw'
3005 4418 3172 4502 comiti
3210 4419 3405 4486 ariano,
3437 4421 3525 4491 qui

2010 4490 2172 4569 ipsum
2212 4497 2277 4549 ad
2298 4492 2624 4569 colloquium
2667 4490 2803 4569 apud
2842 4490 3194 4569 L'artliaginem
3220 4490 3526 4569 provocarat

1955 4592 1959 4596 ι
2009 4559 2097 4642 (ea:
2118 4568 2376 4642 Possidio,
2402 4559 2561 4642 0.1.7)
2582 4605 2595 4628 ,
2629 4559 2750 4642 etin
2782 4559 3089 4642 professione
3113 4559 3231 4627 ﬁdei
3267 4559 3521 4641 eluserat,

1956 4654 1961 4659 '
2011 4631 2071 4694 ac
2098 4650 2207 4711 post
2227 4640 2447 4711 jactarat
2475 4631 2812 4711 Augustinum
2841 4631 3037 4711 ebrioso
3056 4639 3377 4711 superatum;
3402 4631 3527 4710 scri-

2014 4700 2110 4783 pto'
2139 4700 2715 4783 r_cd}lit‘rationcni_-fit_lei
2738 4717 2878 4783 sum,
2909 4701 2972 4756 de
3010 4701 3166 4755 tribus
3212 4700 3437 4771 personis
3478 4708 3527 4754 ct

1962 4856 1968 4861 .
2012 4775 2113 4836 uno
2140 4779 2267 4845 Deo,
2293 4778 2450 4849 deque
2472 4775 2616 4829 verbo
2638 4779 2874 4842 amoma

2013 4892 2241 4951 CAPUT.
2267 4887 2637 4949 PRIAlUM.——
2658 4886 2711 4943 1.
2739 4866 3027 4941 Volueram
3051 4880 3286 4953 quidem,
3313 4890 3528 4953 petente

1948 4998 1999 5045 te
2049 4995 2207 5057 atque
2243 4985 2504 5052 instante,
2543 4990 2601 5037 ut
2640 4977 2949 5055 meminisse
2996 4976 3387 5053 dignaris,imo
3431 4990 3528 5045 pro

1948 5079 2136 5143 merito
2180 5076 2351 5132 aeutis
2391 5090 2454 5130 ae
2492 5072 2761 5144 dignitatis
2808 5080 2911 5124 tuac
2946 5068 3264 5143 jubeutete,
3312 5068 3379 5125 de
3422 5058 3530 5122 lide

1948 5170 2233 5251 christiana
2258 5170 2414 5223 etiam
2442 5178 2679 5237 praesens
2713 5177 2837 5216 cum
2872 5169 3134 5241 praesente
3152 5201 3167 5225 ,
3196 5160 3250 5225 in
3275 5168 3531 5230 quantum

1951 5264 2079 5321 mihi
2106 5262 2410 5317 facultatem
2438 5256 2692 5313 Dominus
2722 5251 3290 5329 largiretur,,conl‘erre
3318 5264 3528 5306 sermo-

1951 5374 2094 5425 nem.
2120 5356 2226 5414 Sed
2250 5355 2372 5433 quia
2390 5354 2480 5409 tibi
2500 5349 2915 5431 postprandium
2932 5346 3197 5418 displicuit
3223 5344 3363 5419 quod
3393 5344 3533 5401 inter

1954 5468 2053 5517 nos
2080 5464 2235 5531 mane
2254 5448 2543 5522 placuerat,
2564 5452 2622 5501 ut
2642 5460 2683 5515 ~ae
2705 5442 2924 5523 notariis
2940 5440 3100 5497 verba
3118 5445 3299 5495 nostra
3314 5436 3531 5506 excipe-

1956 5554 2166 5617 rentur;
2184 5556 2256 5615 ne
2269 5538 2491 5609 ulterius
2503 5534 2822 5611 dicas,,quod
2842 5542 2891 5589 te
2908 5530 3067 5611 audio
3083 5530 3188 5585 non
3210 5536 3407 5595 tacere,
3424 5542 3533 5583 non

2019 5657 2035 5674 ‘
2056 5656 2509 5719 Epistt._r.(:xxxvut
2533 5656 2584 5698 et
2604 5651 2840 5719 (:cxxxtx
2862 5646 3103 5719 umectat
3118 5638 3334 5719 Asu'ujt‘ad
3367 5653 3414 5689 a.
3444 5638 3529 5704 b3.

1954 5702 2256 5776 hibisci“.
2274 5728 2424 5779 θεν.
2451 5725 2502 5764 n.
2522 5725 2563 5760 r.
2582 5724 2624 5761 θ.
2648 5710 2723 5763 διδ.
2749 5715 2785 5755 t.
2826 5718 2897 5756 ve.
2934 5719 2979 5757 γ.
3008 5710 3058 5752 et
3082 5702 3147 5753 ad
3170 5702 3284 5753 add.

2020 5802 2090 5865 (α)
2118 5800 2237 5853 Alias
2254 5796 2343 5849 166
2363 5812 2375 5846 ;
2394 5806 2503 5859 qua:
2526 5798 2688 5844 autem
2710 5788 2799 5840 258
2821 5794 2941 5849 erat,
2968 5798 3093 5837 nunc
3114 5784 3193 5835 69.
3282 5801 3286 5805 ι
