4024 6386
543 318 680 379 1039

539 454 628 494 me
657 434 818 492 fuisse
846 446 1034 490 ausum
1063 430 1159 488 tibi
1192 429 1370 486 dicere
1398 426 1557 484 ﬁdem
1581 440 1794 496 meam,
1818 426 1901 482 bis
1931 427 2122 482 litteris

537 530 718 599 accipe
731 526 873 599 quod
888 535 942 582 et
959 528 1187 597 tulegas,
1201 533 1255 579 et
1269 522 1353 579 cui
1373 521 1604 578 volueris
1615 519 1897 593 legendum
1916 519 2115 582 tradas,

537 630 593 677 et
628 620 771 690 quod
800 619 1031 675 volueris
1059 617 1290 672 vicissim
1316 614 1600 671 scribendo
1629 614 1743 685 ipse
1772 611 2117 684 respondeas.

538 712 780 783 Iniquum
812 720 894 766 est
926 711 1068 766 enim
1097 717 1155 765 ut
1185 708 1412 779 quisque
1437 706 1505 764 de
1534 706 1637 763 alio
1671 704 1911 777 judicare
1956 704 2118 770 velit,

535 812 590 859 et
614 802 838 873 iudicari
860 802 928 858 de
953 817 1011 857 se
1034 800 1185 856 nolit.

606 892 661 946 2.
707 893 775 947 Et
816 892 882 947 de
926 891 1196 962 praeterito
1236 890 1451 960 quidem
1496 889 1692 960 placito
1739 896 1950 954 nostro,
1977 886 2121 958 quod

536 983 781 1039 condicto
809 981 1101 1037 meridiano
1127 982 1349 1051 implere
1378 981 1613 1046 noluisti,
1642 980 1799 1036 facile
1822 978 2120 1036 existimari

537 1083 711 1140 potest
737 1075 855 1144 quis
884 1082 1128 1129 nostrum
1150 1073 1276 1129 ﬁdei
1305 1090 1414 1128 sua:
1436 1073 1682 1129 fiduciam
1706 1089 1811 1129 non
1834 1071 2080 1127 habuerit
2104 1088 2117 1124 :

533 1175 710 1221 utrum
741 1166 831 1237 qui
862 1166 1079 1221 volebat
1106 1174 1165 1220 ut
1188 1165 1474 1229 diceretur,
1503 1174 1557 1220 et
1593 1165 1813 1220 timebat
1856 1179 1925 1219 nc
1966 1171 2119 1219 tene-

530 1266 708 1323 retur;
737 1272 805 1312 an
834 1258 925 1328 qui
952 1273 1119 1328 usque
1138 1242 1288 1312 adeo
1317 1257 1533 1312 nolebat
1565 1272 1681 1312 eam
1710 1256 2122 1326 disceptantium

523 1349 726 1419 judicio
767 1350 1030 1417 subtrahi,
1054 1360 1111 1405 ut
1138 1348 1384 1404 mandata
1414 1348 1605 1404 litteris
1645 1348 1807 1404 vellet
1845 1348 2005 1403 etiam
2044 1347 2122 1402 le-

527 1441 765 1510 gentium
790 1441 1061 1496 memoria:
1083 1440 1466 1506 commendari,
1495 1455 1561 1495 ne
1583 1440 1862 1511 quisquam
1880 1439 1961 1493 vel
1983 1437 2121 1493 obli—

526 1534 687 1590 vioue
727 1535 971 1605 opinatus
992 1576 1008 1601 ,
1035 1534 1118 1589 vel
1157 1534 1489 1589 dissensione
1532 1533 1800 1599 irritatus,
1827 1532 2028 1588 diceret
2055 1533 2123 1588 ab

527 1625 707 1696 aliquo
734 1634 972 1681 nostrum
996 1634 1085 1681 aut
1115 1642 1218 1680 non
1246 1640 1365 1681 esse
1386 1625 1584 1680 dictum
1603 1624 1744 1695 quod
1766 1624 1963 1679 dictum
1985 1631 2118 1691 erat,

526 1727 621 1772 aut
645 1718 842 1773 dictum
872 1733 991 1772 esse
1020 1716 1161 1787 quod
1188 1716 1387 1772 dictum
1431 1732 1536 1771 non
1577 1725 1710 1771 erat.
1754 1715 1811 1769 In
1857 1716 1939 1771 his
1981 1716 2122 1770 enim

527 1809 705 1864 solent
730 1807 964 1863 latebras
1001 1822 1111 1861 suae
1151 1807 1305 1860 malze
1353 1805 1677 1861 defensionis
1718 1804 2005 1876 inquirere,
2033 1806 2123 1876 qui

525 1899 883 1957 contentionis
911 1906 1035 1953 sunt
1061 1898 1363 1967 cupidiores
1386 1912 1544 1967 quam
1570 1897 1829 1953 veritatis.
1874 1897 1986 1952 Hoc
2021 1912 2123 1952 au-

526 2000 635 2046 tem
666 2004 765 2045 nec
788 2004 817 2042 a
846 1998 897 2043 te
925 2002 1024 2042 nec
1052 2004 1081 2041 a
1109 2002 1214 2051 me,
1244 2002 1342 2042 nec
1363 1986 1430 2042 de
1459 1994 1511 2042 te
1539 2002 1638 2043 nec
1663 1986 1730 2042 de
1757 2001 1843 2042 me
1868 1986 1972 2042 dici
1999 2002 2123 2058 pos-

524 2092 626 2146 set,
651 2083 694 2137 si
721 2082 774 2136 in
806 2081 911 2136 ﬁde
934 2080 1163 2136 condicti
1206 2094 1582 2149 permaneres,
1628 2088 1697 2141 ut
1733 2078 1894 2135 verba
1937 2088 2122 2136 nostra

522 2175 901 2243 exciperentur
925 2180 980 2227 et
999 2171 1389 2236 scriberentur;
1417 2170 1715 2241 praesertim
1745 2168 1868 2241 quia
1908 2179 1962 2225 tu
2004 2170 2120 2241 ipse

527 2267 584 2321 in
612 2266 677 2321 iis
700 2264 884 2321 verbis
913 2263 1108 2335 quibus
1135 2262 1294 2318 ﬁdem
1323 2271 1468 2318 tuam
1500 2263 1886 2333 pronuntiasti,
1912 2263 2121 2334 quoties

521 2373 586 2413 ea
615 2340 877 2428 repetisti,
910 2355 1068 2410 toties
1092 2354 1336 2421 variasti,
1370 2354 1513 2425 quod
1543 2354 1687 2409 nulla
1724 2353 1888 2410 credo
1911 2354 2116 2423 fraude,

521 2449 618 2506 sed
642 2449 912 2506 oblivione
938 2448 1132 2503 factum
1160 2463 1300 2503 esse.

592 2541 647 2597 3.
687 2538 820 2595 Nam
853 2538 1024 2610 primo
1053 2539 1233 2595 dixisti
1264 2538 1485 2595 credere
1524 2548 1576 2595 te
1613 2539 1665 2593 in
1706 2538 1871 2594 Deum
1911 2538 2121 2595 Patrem

521 2633 913 2701 omnipotentem
930 2672 945 2699 ,
972 2631 1271 2687 inuisibilem
1290 2674 1306 2698 ,
1337 2632 1613 2704 ingenitum
1634 2674 1648 2699 ,
1676 2632 2009 2704 incapabilem
2029 2650 2049 2689 :
2070 2643 2119 2690 et

516 2728 573 2780 in
611 2725 790 2781 Jesum
820 2724 1077 2780 Christum
1124 2723 1317 2777 Filium
1338 2724 1467 2793 ejus,
1502 2723 1669 2777 Deum
1696 2724 1713 2755 ¹
1739 2765 1755 2791 ,
1788 2733 1961 2778 natum
2002 2734 2120 2781 ante

516 2817 727 2883 sarcula,
755 2834 845 2887 per
869 2832 1015 2888 quem
1045 2818 1180 2886 facta
1204 2824 1321 2871 sunt
1343 2814 1551 2880 omnia;
1580 2825 1625 2869 et
1650 2815 1703 2868 in
1725 2814 1976 2883 Spiritum
1994 2833 2119 2872 san-

515 2919 670 2964 ctum.
703 2909 903 2976 Quibus
927 2924 1027 2981 ego
1052 2909 1247 2963 auditis
1264 2950 1277 2973 ,
1305 2923 1427 2963 cum
1454 2907 1848 2977 respondissem
1880 2910 2116 2965 nondum

516 3016 549 3055 a
598 3009 653 3057 te
686 3000 972 3072 quidquam
1000 2999 1198 3055 dictum
1231 2999 1373 3070 quod
1412 3013 1546 3054 meae
1591 2998 1714 3054 tidei
1758 3009 2115 3070 repugnaret,

515 3101 572 3149 et
596 3092 738 3160 ideo,
766 3092 810 3147 si
840 3106 904 3147 ea
932 3091 1259 3161 scripsisses,
1287 3105 1374 3145 me
1401 3089 1484 3144 his
1509 3090 1670 3145 etiam
1700 3105 1859 3161 posse
1882 3092 2120 3147 subscri-

513 3184 680 3247 bere;
716 3183 783 3237 ad
818 3181 919 3239 hoc
960 3184 1142 3238 nescio
1182 3180 1449 3253 quomodo
1480 3197 1567 3237 res
1615 3182 1867 3253 perducta
1899 3191 2014 3251 est,
2056 3191 2119 3239 ut

513 3283 735 3347 accepta
764 3274 969 3339 charta,
1000 3290 1060 3330 ea
1084 3276 1193 3345 ipsa
1223 3291 1342 3345 qua:
1363 3274 1577 3330 dixeras
1596 3315 1612 3339 ,
1643 3275 1808 3329 velles
1832 3275 1991 3331 etiam
2020 3275 2111 3330 lit-

512 3369 645 3425 teris
673 3377 757 3424 tua
786 3382 945 3423 manu
983 3366 1301 3435 exprimere.
1335 3365 1487 3433 Quod
1516 3381 1637 3420 cum
1663 3366 1792 3420 mihi
1827 3365 1897 3420 ad
1931 3366 2113 3437 legen-

511 3459 640 3515 dum
665 3458 942 3525 dedisses,
970 3456 1318 3512 animadverti
1362 3456 1540 3510 minus
1584 3464 1634 3509 te
1677 3454 1974 3526 scripsisse.
2004 3455 2113 3510 Pa—

511 3560 639 3605 trem
656 3591 673 3618 ,
700 3565 823 3605 cum
867 3548 1173 3618 scripsisses
1191 3589 1206 3613 ,
1240 3545 1406 3601 Deum
1433 3546 1854 3616 omnipotentem,
1882 3547 2113 3601 invisibi-

514 3642 633 3708 lem,
659 3642 955 3713 ingenitum,
979 3641 1230 3695 innatum.
1252 3639 1403 3707 Quod
1429 3638 1519 3693 tibi
1547 3640 1980 3703 commemoravi,
2004 3656 2110 3696 non

511 3741 635 3803 post
659 3732 876 3786 nmltam
903 3730 1276 3800 allegationem
1299 3728 1547 3783 addidisti
1572 3769 1587 3795 ,
1623 3727 1868 3783 Patrem:
1890 3740 1945 3784 et
1970 3730 2112 3785 inca-

513 3825 729 3897 pabitem
746 3824 958 3894 quidem
976 3865 991 3890 ,
1020 3824 1161 3895 quod
1192 3823 1367 3878 verbis
1393 3823 1635 3890 dixeras,
1662 3825 1859 3894 scripto
1885 3836 2108 3896 printer-

511 3914 877 3981 miseras;sed
896 3914 1035 3969 nulla
1064 3914 1191 3968 hinc
1213 3929 1242 3968 a
1261 3930 1345 3969 me
1373 3913 1508 3969 facta
1534 3918 1970 3972 commemoratio
2002 3928 2105 3976 est.

581 4008 634 4063 4.
665 4006 865 4063 Deinde
891 4022 1009 4062 cum
1043 4005 1296 4061 dixissem
1328 4021 1412 4060 me
1446 4014 1684 4076 paratum
1717 4022 1839 4063 esse
1874 4009 2110 4065 subscri-

508 4097 639 4154 bere
670 4096 844 4153 adhuc
888 4096 977 4152 illa
1014 4096 1174 4151 verba
1213 4097 1371 4151 etiam
1413 4111 1531 4152 mea
1572 4112 1693 4152 esse
1728 4113 1912 4167 posse,
1961 4101 2108 4169 prius

508 4190 766 4261 quaesivi,
813 4204 882 4244 ne
923 4188 1065 4259 quod
1122 4189 1176 4243 in
1235 4198 1470 4243 mentem
1517 4198 1768 4257 venerat,
1815 4190 2102 4260 laberetur,

505 4290 687 4337 utrum
747 4280 943 4335 alicubi
998 4279 1389 4349 Scripturarum
1453 4280 1752 4335 divinarqu
1820 4280 2102 4352 legeretur,

510 4372 672 4428 Pater
696 4372 961 4443 ingenitus.
994 4372 1105 4426 Hoc
1130 4381 1303 4426 autem
1342 4370 1479 4435 feci,
1507 4372 1628 4441 quia
1660 4371 1710 4425 iu
1739 4372 1959 4427 exordio
1984 4388 2102 4429 ser-

508 4465 685 4520 monis
732 4462 897 4519 nostri
928 4478 1049 4518 cum
1090 4463 1248 4518 Arius
1276 4471 1331 4518 et
1369 4463 1660 4517 Eunomius
1699 4466 2103 4521 commemorati

506 4566 721 4623 essent,
762 4570 869 4611 non
898 4571 928 4610 a
965 4569 1053 4611 me
1074 4596 1089 4616 ,
1129 4554 1223 4609 sed
1251 4570 1279 4608 a
1309 4555 1471 4610 fratre
1504 4571 1624 4611 meo
1664 4557 1855 4629 Alypio
1874 4600 1890 4625 ,
1917 4561 2100 4628 ταιῃί-

506 4659 664 4707 rente
690 4664 975 4721 quemnam
1019 4662 1204 4703 eorum
1246 4656 1459 4703 secutus
1487 4655 1630 4703 esset
1654 4648 1979 4717 Auxentius,
2011 4651 2101 4722 qui

505 4742 606 4799 abs
632 4753 683 4800 te
709 4743 1001 4800 fueratnon
1032 4757 1191 4813 parva
1212 4739 1587 4811 praedicatione
1611 4740 1887 4809 laudatus;
1920 4743 2101 4799 excla-

505 4836 705 4893 mando
728 4835 1191 4893 anathematizaSti
1213 4845 1268 4891 et
1289 4834 1474 4889 Arium
1503 4844 1557 4890 et
1582 4835 1901 4892 Eunomium
1940 4856 1954 4892 :
1987 4847 2098 4894 tum

505 4930 762 4985 continuo
796 4927 1043 4999 ﬂagitasti
1068 4937 1127 4982 ut
1150 4935 1205 4982 et
1222 4941 1323 4983 nos
1354 4926 1924 4984 anathematizaremus
1956 4934 2102 4998 ὁμοῦ-

506 5045 635 5089 σιον,
679 5021 829 5091 quasi
872 5020 1149 5092 quisquam
1179 5018 1341 5074 homo
1369 5027 1530 5081 esset,
1553 5020 1642 5089 qui
1672 5019 1775 5074 hoc
1793 5030 2095 5089 vocaretur,

505 5110 648 5166 sicut
673 5111 833 5189 Arius
860 5122 914 5167 et
942 5112 1251 5167 Eunomius.
1295 5110 1494 5166 Deinde
1532 5109 1879 5167 vehementer
1919 5113 2098 5184 exige-

504 5202 688 5260 bas'ut
717 5203 819 5259 hoc
846 5203 1069 5257 verbum
1116 5203 1208 5258 tibi
1248 5202 1301 5257 in
1344 5202 1633 5273 Scripturis
1660 5202 2091 5273 ostenderemus,

503 5307 560 5354 et
597 5298 774 5353 statim
806 5295 958 5351 nobis
1000 5296 1441 5351 communicares.
1477 5295 1915 5366 Respondebatur
1943 5313 1973 5353 a
1999 5313 2096 5353 no-

501 5390 589 5447 bis
609 5432 623 5457 ,
651 5390 775 5461 quia
804 5404 903 5444 nos
934 5387 1095 5442 latine
1123 5387 1482 5458 loqueremur,
1513 5396 1569 5443 et
1592 5386 1719 5443 illud
1748 5403 1976 5459 graecum
2003 5406 2093 5446 es-

501 5490 620 5549 set,
657 5482 800 5552 prius
842 5479 1187 5552 quaerendum
1220 5494 1341 5535 esse
1365 5479 1491 5550 quid
1517 5480 1585 5534 sit
1612 5485 1826 5549 ὸμοὺσιον
1844 5522 1859 5549 ,
1886 5490 1941 5537 et
1969 5489 2094 5539 tunc

505 5571 823 5643 exigendum
850 5580 908 5627 ut
938 5571 989 5626 in
1010 5570 1185 5627 Libris
1215 5569 1411 5627 sanctis
1435 5569 1826 5627 ostenderetur.
1854 5570 1934 5628 Tu
1958 5588 2089 5629 con-

501 5728 1041 5851 m':lil‘£:'.éxbgtngm.
1084 5738 1157 5784 At.
1183 5732 1294 5784 Bad.
1319 5739 1420 5784 Am.
1439 5738 1514 5784 Er.
1542 5739 1595 5784 et
1630 5746 1719 5786 sex
1757 5740 1889 5798 “85.,
1915 5742 2089 5800 Dettm,

1781 312 1840 367 S.
1880 308 2240 369 AUGUSTINI
2281 304 2583 368 EPISCOPI

3675 318 3801 385 {010

2231 435 2311 482 tra
2331 468 2346 495 ,
2374 427 2592 483 verbum
2616 426 2788 498 ipsum
2812 424 3001 484 crebro
3018 435 3269 500 repetens
3283 469 3302 498 ,
3329 440 3379 490 et
3396 433 3663 495 invidiose
3680 456 3802 500 ven.

2229 520 2385 576 tilans
2406 562 2421 586 ,
2450 528 2607 592 atque
2635 520 2687 575 in
2713 521 2954 578 conciliis
2974 522 3233 595 majorum
3254 538 3552 585 nostrorum
3576 537 3803 592 conscri-

2228 620 2374 682 ptum
2404 628 2864 681 commemorans,
2895 615 3248 674 vehementer
3265 621 3490 692 urgebas
3533 631 3593 680 ut
3637 624 3801 698 ipsum

2229 706 2445 761 omnino
2472 706 2691 762 verbum
2717 707 2855 779 quod
2898 716 2979 764 est
3017 713 3263 778 amomi,
3306 712 3358 768 in
3401 715 3605 773 sanctis
3641 716 3800 778 Libris

2228 799 2666 865 ostenderemus;
2690 799 2846 855 nobis
2866 801 3025 856 etiam
3050 810 3211 873 atque
3230 804 3385 860 etiam
3409 811 3798 880 revocantibus,

2229 890 2351 961 quia
2396 891 2569 962 lingua
2601 900 2781 947 nostra
2810 907 2982 964 graeca
3016 907 3118 949 non
3162 902 3336 961 esset,
3377 897 3530 968 prius
3558 898 3801 973 interpre-

2228 983 2447 1038 tandum
2493 992 2548 1039 et
2596 983 2968 1056 exponendum
3009 1000 3131 1041 esse
3166 986 3293 1058 quid
3322 987 3391 1043 sit
3418 994 3669 1060 ὁμαὺσιρν,
3699 1003 3800 1054 tum

2228 1072 2442 1129 demum
2488 1074 2540 1128 in
2579 1074 2773 1130 divinis
2818 1075 3031 1132 Litteris
3073 1077 3449 1148 requirendum
3497 1097 3513 1135 :
3554 1083 3675 1153 quia
3710 1095 3799 1143 etst

2228 1163 2453 1220 fortasse
2479 1180 2671 1221 nomen
2693 1166 2863 1236 ipsum
2887 1182 2992 1223 non
3017 1167 3363 1237 inveniretur,
3390 1187 3481 1228 res
3504 1182 3675 1232 tamen
3700 1177 3798 1249 ipsa

2229 1256 2574 1313 inveniretur.
2604 1257 2741 1326 Quid
2772 1267 2856 1314 est
2882 1260 3025 1316 enim
3063 1262 3483 1331 contentiosius,
3518 1281 3695 1336 quam,
3719 1270 3799 1327 ubi

2227 1347 2295 1403 de
2315 1364 2375 1404 re
2399 1357 2639 1417 constat,
2669 1360 2876 1406 certare
2895 1349 2963 1407 de
2992 1352 3241 1407 nomine?

2300 1439 2354 1494 5.
2386 1439 2511 1495 Haec
2529 1456 2655 1512 ergo
2680 1443 2801 1513 quia
2825 1442 2961 1498 inter
2984 1458 3080 1497 nos
3096 1442 3208 1513 jam
3233 1443 3488 1502 collocuti
3518 1447 3797 1521 fueramus,

2229 1540 2573 1602 posteaquam
2604 1532 2670 1588 ad
2699 1532 2750 1589 id
2777 1542 2989 1591 ventum
3029 1544 3112 1591 est
3152 1544 3211 1591 ut
3247 1536 3404 1593 fidem
3451 1546 3596 1596 tuam
3619 1583 3635 1609 ,
3678 1544 3799 1604 sicut

2229 1623 2681 1689 commemoravi,
2707 1624 2972 1681 scriberes
2990 1666 3007 1693 ,
3030 1641 3332 1697 quanquam
3358 1627 3495 1685 nihil
3518 1631 3571 1686 in
3596 1634 3672 1690 eis
3689 1651 3797 1692 ver-

2228 1712 2311 1770 bis
2338 1713 2573 1772 viderem
2600 1726 2796 1772 nostma
2822 1717 2943 1774 fidei
2971 1733 3091 1776 esse
3115 1722 3469 1788 contrarium,
3494 1734 3549 1780 et
3572 1738 3795 1800 propter-

2228 1820 2291 1860 ea
2318 1821 2405 1862 me
2445 1806 2678 1864 dicerem
2712 1822 2951 1880 paratum
2990 1827 3111 1869 esse
3147 1815 3523 1882 subscribere;
3563 1822 3792 1893 quasiri,

2227 1905 2286 1952 ut
2311 1897 2451 1965 dixi,
2486 1906 2660 1955 utrum
2680 1900 2950 1972 Scriptura
2978 1903 3074 1960 Dei
3102 1905 3405 1964 contineret
3431 1908 3538 1966 hoc
3559 1912 3788 1983 verbum,

2226 1988 2367 2059 quod
2395 1987 2557 2045 Pater
2597 2002 2725 2047 esset
2746 1993 2999 2065 ingenitus
3022 2011 3042 2050 :
3066 2006 3122 2054 et
3143 2013 3265 2053 eum
3292 2002 3557 2071 scriptum
3582 2017 3695 2060 esse
3718 2020 3792 2061 re-

2225 2079 2534 2150 spondisses
2551 2123 2566 2148 ,
2590 2082 2871 2140 instantius
2897 2086 3201 2157 quaerebam
3227 2097 3291 2147 ut
3310 2094 3644 2150 ostenderes.
3661 2094 3790 2154 Tune

2226 2188 2363 2230 unus
2391 2191 2458 2231 ex
2502 2175 2567 2231 iis
2605 2177 2695 2248 qui
2731 2178 2985 2249 aderant,
3012 2192 3267 2254 quantum
3293 2183 3523 2258 intelligi
3546 2186 3708 2253 datur,
3738 2190 3789 2243 li-

2224 2264 2311 2320 dei
2336 2274 2438 2320 tuae
2463 2267 2640 2323 socius
2657 2308 2674 2334 ,
2701 2269 2777 2325 ait
2800 2270 2930 2325 mihi
2958 2289 2973 2325 :
3022 2270 3161 2338 Quid
3187 2290 3305 2346 ergo
3327 2275 3354 2329 ?
3383 2286 3440 2330 tu
3464 2286 3649 2348 patrem
3669 2280 3791 2352 geni-

2226 2363 2332 2408 tum
2348 2354 2511 2411 dicis?
2532 2356 2837 2428 Respondi:
2860 2360 2974 2416 Non
2998 2360 3139 2417 dico.
3161 2363 3229 2418 Et
3253 2364 3377 2421 ille:
3400 2365 3465 2421 Si
3487 2384 3602 2439 ergo
3618 2370 3789 2437 genitus

2223 2463 2324 2502 non
2363 2457 2471 2515 est,
2504 2450 2696 2521 inquit,
2718 2452 2891 2524 utique
2927 2453 3179 2525 ingenitus
3214 2464 3306 2510 est.
3327 2455 3430 2513 Cui
3456 2473 3591 2531 ego:
3619 2459 3787 2530 Vides,

2224 2538 2437 2610 inquam
2458 2583 2473 2609 ,
2503 2556 2660 2611 posse
2688 2542 2804 2599 ﬁeri
2834 2551 2893 2599 ut
2917 2546 3075 2601 etiam
3113 2546 3182 2603 de
3214 2548 3384 2605 verbo
3408 2551 3551 2624 quod
3578 2554 3628 2610 in
3660 2553 3785 2609 Scri-

2223 2642 2379 2703 ptura
2405 2634 2502 2689 Dei
2536 2650 2643 2691 non
2687 2645 2802 2703 est,
2839 2636 3093 2694 reddatur
3120 2649 3296 2697 tamen
3322 2644 3467 2699 ratio
3494 2643 3626 2701 unde
3662 2654 3786 2704 recte

2221 2725 2329 2783 dici
2357 2727 2687 2783 ostendatur.
2733 2728 2824 2785 Sic
2850 2744 2977 2802 ergo
3005 2738 3062 2788 et
3087 2737 3303 2801 ὁμοῠσιον
3328 2735 3478 2805 quod
3505 2736 3557 2794 in
3582 2739 3784 2795 auctori-

2221 2826 2332 2875 tate
2393 2818 2695 2876 divinorum
2762 2820 3042 2879 Librorum
3110 2826 3444 2897 cngebamur
3505 2829 3787 2897 ostendere,

2220 2911 2429 2968 etiamsi
2472 2914 2786 2969 vocabulum
2830 2916 3003 2986 ipsum
3032 2916 3105 2974 ibi
3136 2933 3241 2974 non
3285 2918 3654 2990 inveniamus,
3692 2923 3787 2981 fieri

2220 3019 2379 3074 posse
2405 3015 2465 3060 ut
2502 3005 2629 3061 illud
2670 3006 3000 3065 inveniamus
3037 3010 3122 3066 cui
3166 3010 3270 3068 hoc
3310 3015 3633 3071 vocabulum
3669 3023 3787 3073 reue

2220 3096 2513 3152 adhibitum
2530 3097 2815 3168 judieetur.

2291 3187 2346 3243 6.
2398 3187 2601 3256 Quibus
2642 3190 2799 3247 dictis
2818 3234 2833 3259 ,
2864 3193 2991 3263 quid
3034 3194 3157 3251 hinc
3187 3194 3281 3253 tibi
3311 3196 3397 3253 vid
3412 3209 3594 3256 eretur
3615 3199 3783 3257 attendi

2219 3289 2277 3335 ut
2302 3280 2578 3349 audirem,
2608 3292 2663 3340 et
2700 3284 2856 3352 aisti,
2898 3284 3052 3341 Recte
3085 3291 3277 3359 factum
3321 3306 3443 3345 esse
3478 3300 3531 3347 ut
3568 3290 3782 3365 ingenitus

2219 3371 2378 3429 Pater
2394 3374 2447 3429 in
2471 3375 2750 3446 Scripturis
2776 3378 2963 3433 sanctis
2988 3395 3088 3435 non
3128 3381 3395 3449 diceretur,
3442 3401 3504 3440 ne
3524 3384 3599 3440 illi
3619 3385 3686 3440 uel
3709 3384 3781 3439 tali

2217 3465 2364 3520 verba
2393 3468 2532 3535 ﬁeret
2559 3468 2769 3538 injuria.
2798 3469 2958 3541 Ergo,
2977 3470 3214 3543 inquam,
3252 3472 3428 3530 modo
3456 3475 3584 3532 facta
3614 3487 3687 3533 eat
3709 3475 3777 3531 in-

2212 3554 2350 3626 juria
2383 3557 2527 3623 Deo,
2555 3567 2610 3614 et
2634 3558 2736 3615 hoc
2770 3575 2930 3615 manu
2974 3568 3085 3617 tua.
3128 3564 3246 3630 Quo
3281 3564 3509 3635 audito,
3533 3567 3668 3623 fateri
3683 3566 3775 3637 jam

2215 3648 2423 3719 caspiin
2451 3650 2468 3681 ί
2488 3665 2586 3706 nec
2612 3659 2663 3706 te
2688 3652 2786 3707 hoc
2811 3652 2990 3709 dicere
3013 3653 3281 3712 debuisse.
3317 3656 3439 3715 Sed
3481 3674 3596 3717 cum
3618 3659 3775 3715 admo-

2215 3754 2398 3795 nerem
2427 3750 2514 3806 ut,
2542 3742 2586 3796 si
2615 3741 2709 3797 tibi
2737 3743 2842 3798 tale
2864 3744 3132 3801 videretur
3156 3746 3259 3803 hoc
3284 3750 3515 3807 verbum
3543 3761 3596 3807 ut
3611 3750 3669 3806 ad
3692 3750 3769 3806 Dei

2212 3833 2503 3904 pertineret
2522 3834 2767 3905 iniuriam
2783 3879 2800 3904 ,
2831 3836 3039 3895 deleres
3061 3839 3191 3896 illud
3214 3840 3341 3899 inde
3368 3845 3457 3900 ubi
3482 3846 3765 3916 scripseras;

2212 3925 2595 3993 considerasti,
2622 3926 2783 3983 credo
2800 3968 2816 3995 ,
2846 3944 3003 3999 posse
3025 3929 3075 3985 id
3099 3940 3244 3988 recte
3269 3933 3380 3990 dici
3401 3978 3418 4001 ,
3450 3946 3505 3993 et
3530 3949 3671 4009 posse
3689 3934 3769 3992 de-

2211 4016 2386 4083 fendi;
2416 4026 2472 4073 et
2500 4034 2683 4076 rursus
2708 4020 2829 4076 nisti
2856 4040 2868 4075 :
2901 4021 3126 4079 Prorsus
3144 4041 3237 4097 ego
3263 4026 3360 4082 hoc
3389 4030 3521 4085 diro.
3544 4029 3663 4085 Tum
3683 4042 3765 4100 ego

2210 4109 2342 4164 illud
2366 4112 2507 4181 quod
2540 4110 2651 4181 jam
2691 4112 2930 4169 dixeram
2980 4118 3238 4188 repetivi,
3287 4120 3361 4175 ita
3394 4122 3506 4178 ﬁeri
3544 4136 3683 4195 posse
3715 4127 3764 4175 ut

2209 4203 2371 4259 etiam
2417 4212 2633 4273 έμοὺσιον
2678 4221 2850 4276 neque
2876 4208 3132 4280 scriptum
3160 4210 3214 4265 in
3240 4214 3445 4270 sanctis
3488 4213 3674 4286 paginis
3694 4210 3761 4266 in-

2210 4296 2471 4363 veniatur,
2501 4306 2555 4353 et
2579 4305 2756 4354 tamen
2785 4298 2983 4355 dictum
3004 4300 3057 4356 in
3083 4303 3383 4361 assertione
3403 4305 3525 4361 fidei
3546 4302 3758 4361 defenda-

2209 4401 2327 4457 tur;
2358 4392 2496 4448 sicut
2519 4390 2730 4448 Patrem
2771 4393 2824 4448 in
2868 4394 2972 4449 illis
3013 4394 3186 4452 Libris
3230 4414 3492 4469 nusquam
3519 4398 3757 4471 ingenitum

2206 4481 2462 4552 legimus,
2489 4492 2545 4538 et
2570 4493 2746 4540 tamen
2772 4483 3054 4541 dicendum
3079 4500 3200 4542 esse
3228 4486 3548 4546 defenditur.
3579 4488 3709 4545 Tunc
3730 4500 3756 4539 a

2205 4589 2294 4630 me
2339 4574 2610 4637 chartam,
2641 4590 2803 4646 quam
2844 4576 3099 4645 dederas,
3130 4578 3397 4637 abstulisti
3437 4591 3490 4637 et
3527 4576 3757 4638 conscidi-

2205 4668 2294 4722 sti.
2323 4668 2387 4723 Et
2415 4668 2817 4736 constituimus,
2848 4678 2970 4741 post
3002 4670 3353 4729 meridianum
3380 4683 3579 4746 tempus
3606 4682 3656 4728 ut
3676 4669 3753 4725 ad-

2204 4770 2385 4818 essent
2430 4762 2623 4818 notarii
2662 4762 2731 4818 ad
2771 4762 3079 4835 excipienda
3106 4765 3270 4822 verba
3296 4779 3497 4835 nostra,
3513 4773 3657 4838 atque
3678 4762 3751 4819 in.

2203 4860 2286 4908 ter
2334 4868 2435 4909 nos
2484 4852 2613 4920 ista,
2662 4862 2915 4926 quantum
2958 4868 3270 4925 possemus,
3318 4856 3612 4929 diligentius
3659 4863 3751 4909 tra-

2201 4955 2487 5001 ctaremus.

2273 5038 2327 5091 7.
2354 5036 2637 5105 Venimus,
2663 5044 2722 5093 ut
2745 5038 2917 5105 nosti,
2943 5037 3012 5094 ad
3050 5038 3238 5095 horam
3276 5038 3587 5103 condictam,
3618 5044 3749 5093 nota-

2201 5130 2312 5186 rios
2358 5129 2702 5198 adduximus;
2751 5140 2810 5187 ut
2852 5142 2910 5188 et
2959 5134 3032 5188 tui
3082 5133 3364 5204 adessent,
3420 5132 3743 5193 consedimus.

2201 5221 2391 5276 Dixisti
2407 5236 2603 5277 rursus
2639 5221 2794 5277 tidem
2823 5230 2990 5287 tuam,
3020 5234 3180 5296 atque
3224 5226 3276 5280 in
3318 5226 3494 5283 verbis
3535 5224 3629 5279 tuis
3654 5230 3742 5274 non

2199 5311 2376 5367 audivi
2402 5312 2679 5383 ingenitum
2698 5311 2927 5369 Patrem.
2948 5313 3124 5371 Credo
3145 5316 3286 5388 quod
3314 5314 3614 5389 cogitaveris
3633 5304 3740 5383 quid

2196 5404 2324 5460 inde
2373 5420 2531 5459 mane
2578 5404 2777 5459 dictum
2831 5404 3023 5474 fuerit,
3074 5416 3129 5463 et
3175 5423 3469 5479 praecavere
3520 5399 3738 5461 volueris.

2197 5494 2400 5552 Deinde
2423 5495 2709 5566 poposcisti
2735 5492 2796 5550 ut
2818 5511 2917 5568 ego
2941 5497 3101 5554 etiam
3129 5497 3360 5557 dicerem
3390 5497 3544 5554 ﬁdem
3568 5504 3736 5550 meam-

2203 5588 2299 5646 Ubi
2346 5604 2468 5645 cum
2512 5589 2895 5658 postulassem,
2945 5605 3369 5651 commemorans
3401 5582 3740 5647 antemeridia-

2196 5695 2325 5737 num
2352 5680 2604 5750 placitum
2644 5688 2917 5748 nostrum,
2965 5690 3025 5739 ut
3062 5698 3126 5739 ea
3163 5700 3283 5757 qua:
3307 5684 3533 5751 dixeras,
3558 5678 3737 5735 dictare

2262 5797 2278 5828 ι
2302 5793 2411 5844 ead.
2439 5799 2537 5844 Am.
2562 5798 2639 5845 Er.
2664 5798 2719 5845 et
2730 5790 2954 5859 plerique
2971 5800 3099 5861 MSS-p
3122 5797 3281 5861 δωρεί-
3466 5861 3494 5873 ..
3696 5778 3767 5902 te;
