4024 6376
220 479 349 539 {Ml

219 599 390 672 potius
412 594 749 669 dignareris;
779 602 907 649 tunc
933 587 1244 650 exclamasti
1275 579 1592 642 calumniam
1622 591 1813 649 parare

219 706 316 748 nos
344 689 460 756 tibi,
511 696 569 744 et
610 685 734 743 ideo
758 683 921 742 verba
948 689 1040 739 tua
1066 679 1366 749 conscripta
1396 674 1532 731 velle
1555 672 1809 729 retinere.

220 785 292 841 lbi
325 780 452 855 quid
502 776 877 851 responderim
906 772 1176 832 recordari
1220 785 1325 826 non
1352 768 1502 834 libet,
1531 773 1688 835 atque
1712 762 1815 817 uti-

218 894 340 945 nam
369 890 472 933 nec
495 883 556 931 tu
582 869 915 929 memineris.
939 863 1159 925 Servavi
1187 875 1363 919 tamen
1388 860 1621 917 debitam
1646 856 1817 912 hono-

221 968 534 1028 rificentiam
586 963 782 1019 honori
834 969 959 1025 tuo,
1005 971 1106 1012 nec
1147 954 1486 1011 maledictum
1531 948 1812 1022 deputavi,

220 1060 359 1134 quod
384 1074 494 1115 non
524 1072 555 1111 a
582 1056 809 1113 veritate
829 1094 844 1117 ,
873 1050 967 1107 sed
1008 1064 1041 1106 a
1080 1055 1340 1120 potestate
1377 1043 1563 1100 audire
1589 1042 1817 1099 meruis-

221 1172 351 1215 sem.
380 1154 588 1210 Tamen
620 1150 744 1221 quia
770 1146 855 1203 vel
892 1145 1007 1216 ipsa
1031 1142 1192 1198 verba
1238 1138 1481 1210 repetivi,
1532 1146 1590 1192 ut
1632 1150 1817 1208 pressa

221 1263 347 1304 voce
379 1246 622 1301 dicerem
640 1283 657 1309 ,
686 1240 833 1297 Itane
859 1234 1179 1295 calumniam
1209 1245 1458 1305 paramus
1482 1243 1582 1285 nos
1609 1227 1735 1284 tibi?
1760 1236 1818 1281 ut

219 1340 460 1411 ignoscas
488 1344 639 1407 peto.

286 1430 340 1487 8.
371 1428 479 1487 Sed
508 1438 586 1490 tu,
622 1424 705 1481 his
728 1422 926 1478 auditis
948 1460 964 1486 ,
991 1433 1178 1476 rursus
1199 1416 1357 1473 fidem
1385 1423 1529 1471 tuam
1548 1428 1681 1470 sono
1708 1413 1817 1468 cla—

221 1526 359 1583 riore
406 1519 710 1593 repettisti,
770 1524 930 1588 atque
974 1515 1027 1570 in
1071 1511 1248 1568 verbis
1291 1509 1397 1564 tuis
1444 1523 1550 1563 non
1596 1505 1813 1571 audivi,

221 1617 381 1673 Deam
411 1613 638 1679 Filium;
661 1609 806 1683 quod
832 1621 1122 1678 nunquam,
1137 1602 1346 1676 quoties
1367 1616 1485 1658 eam
1510 1598 1713 1665 dixisti,
1742 1606 1820 1653 ta-

221 1725 426 1769 cueras.
459 1706 562 1763 Hic
588 1720 692 1777 ego
726 1713 833 1759 tam
858 1699 1101 1757 modeste
1129 1704 1188 1752 ut
1224 1709 1485 1765 nusquam
1515 1692 1777 1762 pulsarem
1798 1730 1813 1757 ,

223 1815 278 1862 ut
318 1803 385 1860 de
420 1796 771 1871 excipiendis
800 1793 978 1851 verbis
1004 1791 1201 1846 nostris
1229 1785 1371 1860 quod
1402 1786 1541 1840 inter
1566 1798 1662 1838 nos
1709 1782 1819 1851 pla—

221 1906 400 1956 cuerat
427 1893 769 1966 impleretur,
796 1889 956 1945 etiam
981 1886 1150 1957 ipsam
1172 1882 1454 1938 utilitatem
1473 1878 1541 1934 de
1572 1877 1819 1949 pra-senti

222 1989 593 2063 experimento
622 1982 897 2055 suggessi,
936 1979 1121 2035 dicens
1158 1976 1387 2047 teipsum
1433 1988 1538 2026 non
1584 1970 1821 2041 potuisse

222 2085 275 2141 in
326 2080 596 2138 memoria
653 2076 816 2133 verba
871 2086 958 2129 tua
1020 2071 1116 2128 tibi
1158 2068 1498 2125 usitatissima
1548 2065 1815 2130 retinere,

222 2175 431 2250 quando
480 2185 757 2243 nunquam
801 2184 864 2225 ea
906 2174 1152 2237 repetere
1199 2160 1429 2217 valuisse
1469 2157 1814 2220 videbamus,

223 2285 341 2326 cum
413 2282 524 2324 non
590 2260 792 2335 aliquid
864 2257 1097 2315 maxime
1148 2252 1507 2310 necessarium
1567 2263 1815 2320 parares;

223 2369 420 2434 quanto
448 2358 635 2415 minus
675 2368 836 2427 posse
879 2350 998 2407 illos
1041 2347 1131 2420 qui
1174 2360 1274 2401 nos
1300 2342 1575 2434 audirent,
1610 2340 1682 2396 ita
1723 2355 1823 2434 no-

224 2432 454 2514 strorum
485 2449 799 2508 meminisse
823 2445 1106 2501 verborum
1126 2483 1142 2508 ,
1174 2449 1234 2495 ut
1261 2438 1307 2494 si
1340 2434 1467 2508 quid
1493 2433 1631 2488 forte
1657 2432 1741 2487 vel
1767 2440 1823 2487 tu

220 2546 287 2603 de
311 2546 449 2602 meis
471 2586 487 2609 ,
522 2542 611 2599 vel
635 2556 735 2611 ego
758 2538 826 2595 de
855 2537 960 2593 tuis
986 2533 1163 2590 verbis
1187 2531 1377 2587 vellem
1417 2535 1709 2584 retractare
1734 2532 1821 2579 at-

216 2654 319 2709 que
344 2638 664 2701 discutere,
711 2632 950 2687 valerent
994 2642 1088 2684 seu
1125 2625 1326 2681 dictum
1351 2638 1447 2678 seu
1474 2636 1582 2676 non
1623 2620 1819 2675 dictum

220 2727 418 2801 liquido
442 2724 760 2788 recordari;
792 2722 845 2777 in
871 2735 975 2792 qua
1009 2717 1161 2773 nobis
1200 2713 1511 2770 difﬁcultate
1539 2710 1691 2766 facile
1721 2724 1821 2764 no~

222 2822 480 2877 tariorum
512 2816 765 2873 recitatio
787 2811 1115 2868 subveniret.
1148 2807 1299 2863 Tunc
1324 2804 1664 2876 indignanter
1687 2801 1823 2856 dixi-

225 2913 293 2970 sti
320 2913 506 2967 melius
559 2908 715 2980 fuisse
754 2914 811 2959 ut
844 2918 1006 2958 meam
1049 2906 1240 2973 famam
1285 2913 1482 2969 semper
1515 2896 1738 2962 audires,
1765 2910 1822 2948 eo

226 3006 361 3078 quod
407 3006 563 3076 longe
598 2999 888 3071 inferiorem
930 3011 1009 3050 me
1049 3002 1284 3065 expertus
1328 3008 1494 3057 esses,
1545 3004 1695 3059 quant
1737 2986 1826 3040 tibi

228 3098 320 3152 illa
363 3097 634 3169 jactasset.
665 3089 815 3145 Tunc
842 3102 941 3158 ego
981 3082 1435 3146 commemoravi,
1471 3095 1590 3134 cum
1620 3089 1672 3134 te
1700 3089 1826 3134 ante

230 3188 516 3263 prandium
557 3186 941 3250 salutat-emus,
969 3188 1023 3236 et
1047 3194 1166 3235 eam
1214 3178 1407 3234 famam
1445 3174 1601 3230 nobis
1630 3171 1823 3243 pracdi-

231 3294 445 3347 casses,
475 3281 578 3335 hoc
598 3292 685 3333 me
710 3276 910 3331 dixisse
928 3313 943 3339 ,
979 3269 1121 3342 quod
1146 3269 1213 3325 de
1241 3283 1327 3323 me
1358 3267 1442 3321 illa
1469 3267 1689 3322 mentita
1714 3264 1821 3320 sit:

232 3371 321 3429 hic
348 3386 482 3428 sane
505 3370 625 3426 aisti
670 3382 855 3424 verum
904 3378 989 3419 me
1018 3361 1234 3418 dixisse.
1281 3356 1507 3415 Proinde
1553 3371 1676 3411 cum
1719 3355 1827 3412 duo

231 3468 327 3524 tibi
370 3467 442 3523 de
480 3482 566 3523 me
590 3465 800 3521 diversa
830 3462 988 3518 locuti
1031 3460 1171 3524 sint,
1210 3456 1352 3513 aliud
1400 3456 1539 3511 fama
1585 3470 1726 3522 mea,
1770 3462 1829 3511 et

230 3558 376 3615 aliud
420 3572 557 3626 ego;
607 3557 777 3626 magis
805 3553 986 3624 utique
1020 3551 1253 3622 gaudere
1292 3548 1495 3611 debeo,
1537 3563 1623 3603 me
1649 3546 1827 3617 potius

231 3665 392 3722 quam
425 3649 573 3705 illam
600 3657 875 3721 repertum
903 3660 1022 3701 esse
1054 3657 1317 3699 veracem.
1368 3640 1473 3697 Sed
1517 3640 1639 3710 quia
1692 3639 1828 3695 scri-

227 3753 382 3811 ptum
436 3749 525 3796 est
551 3780 568 3805 ,
617 3738 773 3795 Solus
816 3737 954 3791 Deus
997 3751 1148 3790 verax
1177 3775 1194 3800 ,
1254 3734 1418 3789 omnis
1461 3742 1631 3788 autem
1677 3732 1827 3787 homo

228 3830 456 3885 mendax
484 3830 662 3899 (Rom.
692 3844 746 3882 nt
765 3868 782 3893 ,
810 3830 898 3895 4);
943 3841 1131 3880 vereor
1161 3840 1228 3879 ne
1257 3824 1358 3878 hoc
1383 3838 1594 3894 quoque
1631 3822 1699 3877 de
1741 3836 1829 3877 me

230 3934 442 3980 temere
471 3920 698 3976 dixerim
728 3937 741 3971 :
773 3931 944 3987 neque
968 3916 1109 3972 enim
1138 3916 1190 3970 in
1221 3914 1374 3970 nobis
1404 3915 1559 3982 ipsis,
1606 3913 1690 3968 vel
1736 3927 1834 3981 per

232 4029 335 4073 nos
362 4014 512 4085 ipsos
540 4026 756 4069 veraces
783 4023 1002 4077 sumus,
1038 4023 1159 4062 cum
1204 4020 1421 4071 sumus;
1452 4005 1547 4060 sed
1582 4019 1705 4059 cum
1746 4005 1835 4063 ille

235 4112 293 4170 in
317 4110 495 4167 servis
524 4110 636 4165 suis
659 4108 912 4180 loquitur,
940 4107 1029 4177 qui
1052 4106 1202 4161 solus
1227 4113 1311 4160 est
1329 4118 1510 4159 verax.

310 4205 367 4260 9.
414 4202 543 4260 Haec
571 4203 651 4269 si,
686 4213 743 4257 ut
786 4199 1030 4266 narravi,
1061 4207 1210 4270 gesta
1253 4212 1374 4253 esse
1416 4197 1635 4264 recolis,
1686 4197 1837 4254 vides

245 4311 407 4369 quam
436 4311 545 4351 non
569 4294 766 4350 debeas
789 4292 991 4363 jactare
1014 4290 1155 4362 apud
1180 4290 1423 4347 homines
1447 4289 1590 4360 quod
1615 4305 1722 4345 non
1750 4306 1838 4345 au-

246 4404 339 4446 sus
364 4389 466 4444 sim
494 4388 588 4443 tibi
619 4401 861 4443 asserere
887 4384 1046 4440 fidem
1088 4399 1296 4449 meam;
1325 4382 1751 4454 quandoquidem
1782 4383 1837 4439 in

248 4468 353 4538 fide
378 4480 547 4537 nostri
574 4479 749 4549 placiti
787 4487 930 4533 stare
952 4476 1202 4542 noluisti;
1233 4484 1288 4530 et
1310 4476 1392 4531 vir
1418 4484 1595 4530 tantus
1618 4476 1708 4545 qui
1738 4491 1836 4547 pro

252 4572 355 4630 (ide
404 4587 564 4643 quam
610 4569 916 4641 reipublicae
956 4568 1159 4635 debes,
1206 4583 1312 4623 non
1357 4569 1512 4624 times
1558 4568 1839 4625 maledicta

249 4664 652 4735 provincialium
674 4702 690 4729 ,
737 4676 836 4731 pro
878 4660 983 4715 ﬁde
1009 4675 1167 4731 quam
1195 4659 1410 4715 Christo
1435 4660 1601 4716 debes
1618 4701 1635 4726 ,
1684 4663 1840 4717 times

247 4756 547 4812 calumnias
575 4754 967 4825 episcoporum.
1000 4750 1199 4807 Deinde
1223 4765 1344 4805 cum
1374 4750 1716 4822 disputationi
1746 4768 1843 4807 no-

247 4859 371 4907 stra:
407 4851 567 4906 etiam
606 4848 893 4904 honoratos
921 4846 1063 4902 viros
1102 4845 1361 4900 interesse
1393 4844 1661 4914 cupiveris
1684 4886 1699 4911 ,
1740 4846 1843 4900 mi-

250 4957 337 4997 ror
363 4940 637 5013 quomodo
661 4940 715 4996 in
754 4940 867 5009 ipsa
896 4936 1219 4995 devitatione
1259 4935 1540 4991 calumniae
1567 4935 1726 4991 verba
1754 4944 1839 4990 tua

253 5035 415 5092 times
439 5050 471 5089 a
496 5033 716 5089 notariis
742 5029 1043 5094 conscribi,
1072 5038 1127 5084 et
1153 5043 1217 5083 ex
1242 5042 1338 5083 ore
1363 5037 1453 5082 tuo
1476 5042 1507 5082 a
1532 5027 1845 5083 clarissimis

254 5128 483 5184 testibus
526 5139 629 5180 non
677 5123 832 5178 times
868 5120 1057 5176 audiri.
1083 5119 1273 5176 Nonne
1296 5118 1604 5175 consideras
1632 5117 1846 5173 difﬁcile

256 5231 373 5274 esse
414 5224 471 5271 ut
510 5213 754 5270 homines
779 5212 1116 5282 suspicentur
1145 5221 1198 5266 te
1224 5225 1256 5265 a
1280 5210 1436 5266 nobis
1464 5211 1627 5265 ullam
1656 5209 1845 5265 formi-

255 5311 416 5368 dasse
457 5308 812 5374 calumniam,
858 5314 916 5361 ut
943 5306 1104 5362 verba
1148 5314 1234 5360 tua
1282 5305 1455 5376 excipi
1503 5304 1703 5370 nolles;
1752 5304 1848 5360 sed

257 5417 379 5460 cum
401 5401 691 5474 ciuitasses
719 5406 982 5455 retentum
1010 5407 1061 5452 te
1085 5396 1251 5453 fuisse
1281 5397 1335 5451 in
1356 5397 1518 5453 verbo
1545 5406 1669 5454 ante
1699 5414 1851 5470 pran-

260 5496 405 5554 dium
450 5511 608 5551 manu
653 5502 743 5548 tua
786 5491 1088 5560 conscripto
1112 5530 1131 5558 ,
1179 5490 1339 5545 simul
1381 5492 1543 5546 etiam
1585 5491 1849 5561 cogitasse

261 5602 366 5645 non
399 5597 507 5643 tam
535 5584 692 5642 facile
720 5592 774 5640 te
802 5581 1127 5638 notariorum
1155 5581 1359 5637 tabulas
1382 5582 1561 5637 delere
1588 5582 1846 5652 potuisse,

261 5696 423 5754 quam
448 5679 603 5737 facile
626 5680 771 5736 illam
797 5675 1091 5733 chartulam
1117 5674 1458 5732 conscidisti?
1480 5675 1536 5732 Si
1561 5684 1739 5731 autem
1759 5676 1847 5731 di-

266 5776 343 5833 cis
378 5790 484 5832 non
516 5775 600 5830 illa
646 5775 717 5829 ita
745 5780 894 5844 gesta
922 5785 1042 5826 esse
1070 5777 1130 5824 ut
1166 5784 1197 5823 a
1235 5784 1322 5826 me
1348 5778 1558 5824 narrata
1584 5779 1736 5833 sunt,
1762 5778 1855 5826 aut

269 5877 324 5928 tu
350 5868 620 5927 oblivione
640 5866 859 5933 falleris,
888 5881 996 5921 non
1013 5863 1157 5920 enim
1186 5861 1354 5918 audeo
1376 5862 1554 5918 dicere
1575 5863 1852 5932 mentiris;

1442 457 1924 520 EPISTOLARUM
1959 455 2235 513 CLASSIS
2272 455 2359 512 IV.

3373 455 3515 512 £042

1920 590 2077 647 quam
2102 583 2247 631 recte
2262 574 2435 629 dicam
2460 588 2522 630 ea
2543 589 2661 645 quae
2685 574 2753 630 de
2775 574 2859 630 his
2875 575 3106 630 maxime
3131 574 3289 631 rebus
3315 590 3515 645 gerun-

1920 676 2027 737 tur,
2048 669 2398 740 excipiatque
2426 669 2694 726 conscribi
2723 680 2989 740 oportere,
3008 678 3063 725 et
3084 685 3242 741 quam
3270 669 3361 723 tibi
3376 684 3516 739 quo-

1920 776 2028 833 que
2074 762 2176 817 hoc
2222 762 2392 833 ipsum
2422 771 2568 819 recte
2593 763 2882 833 placuerat,
2916 763 3018 817 nisi
3070 762 3516 833 postmeridianus

1918 856 2082 911 timor
2104 856 2578 913 antemeridianum
2604 858 2852 927 placitum
2880 857 3161 928 frangeret.

1992 947 2218 1005 CAPUT
2238 947 2302 1003 ll.
2330 977 2404 989 —
2424 948 2511 1004 10.
2534 948 2671 1004 Audi
2699 965 2825 1019 ergo
2844 950 2953 1019 jam
2987 948 3145 1003 fidem
3172 964 3344 1004 meam
3377 968 3391 1005 :
3422 965 3521 1021 po.

1922 1050 2039 1095 tens
2064 1050 2146 1095 est
2176 1041 2537 1096 misericordia
2587 1041 2798 1095 Domini
2842 1040 2937 1095 Dei
2982 1040 3182 1106 nostri,
3220 1056 3338 1110 qua:
3382 1056 3522 1111 pra:-

1921 1140 2028 1189 stet
2053 1148 2139 1188 me
2163 1132 2302 1203 quod
2329 1132 2528 1188 credidi
2568 1132 2645 1188 sic
2679 1132 2854 1203 loqui,
2884 1139 2941 1185 ut
2966 1147 3065 1188 nec
3090 1132 3208 1200 ejus
3250 1132 3519 1188 offendam

1924 1226 2200 1281 veritatem
2221 1267 2236 1293 ,
2265 1240 2366 1281 nec
2404 1225 2788 1279 humanitatem
2818 1234 2983 1279 tuam.
3012 1223 3068 1279 In
3097 1224 3521 1295 omnipotentem

1925 1316 2092 1372 Deum
2115 1316 2326 1371 Patrem
2353 1331 2439 1371 me
2465 1316 2686 1371 credere
2713 1314 2983 1386 profiteor,
3006 1330 3235 1386 eumque
3260 1324 3523 1371 :eternum

1923 1421 1987 1463 ea
2012 1408 2329 1473 aeternitate,
2344 1407 2447 1462 hoc
2475 1418 2578 1475 εει,
2607 1407 3036 1473 immortalitate,
3065 1406 3185 1462 dico
3204 1449 3221 1475 ,
3253 1422 3411 1478 quam
3437 1422 3521 1461 so-

1924 1498 2009 1554 lus
2036 1500 2175 1555 Deus
2205 1499 2397 1564 habet;
2444 1498 2543 1553 hoc
2572 1506 2625 1554 et
2653 1497 2720 1553 de
2747 1497 2882 1553 Filio
2919 1498 3033 1568 ejus
3056 1498 3327 1569 unigenito
3354 1496 3522 1553 credo

1925 1592 1980 1648 in
2006 1592 2175 1647 forma
2206 1593 2333 1656 Dei;
2368 1591 2470 1648 hoc
2495 1600 2551 1645 et
2589 1591 2657 1646 de
2697 1590 2897 1661 Spiritu
2925 1599 3109 1647 sancto
3128 1634 3143 1660 ,
3175 1591 3267 1662 qui
3294 1590 3524 1661 Spiritus

1925 1696 2007 1741 est
2039 1686 2129 1740 Dei
2164 1685 2337 1740 Patris
2383 1695 2438 1741 et
2480 1685 2598 1740 Filii
2640 1686 2755 1755 ejus
2780 1685 3056 1755 unigeniti.
3104 1684 3210 1740 Sed
3258 1685 3378 1755 quia
3409 1684 3524 1754 ipse

1926 1777 2021 1832 Dei
2052 1777 2228 1832 Patris
2250 1778 2554 1847 unigenitus
2582 1776 2747 1831 Filius
2767 1816 2782 1841 ,
2818 1775 3073 1830 Dominus
3099 1783 3153 1830 et
3171 1775 3313 1830 Deus
3342 1782 3526 1829 noster

1925 1868 2082 1925 Jesus
2106 1865 2378 1932 Christus,
2408 1878 2753 1939 posteaquam
2774 1868 2921 1922 venit
2947 1866 3223 1936 plenitudo
3246 1866 3521 1936 temporis,

1926 1970 2259 2031 opportunus
2289 1962 2305 1992 ‘
2336 1960 2403 2014 ad
2452 1960 2594 2015 diem
2640 1959 2828 2015 salutis
2877 1970 3073 2015 nostra
3116 1959 3339 2015 formam
3384 1960 3528 2015 servi

1928 2053 2138 2122 accepit
2167 2050 2359 2125 (Gaiat.
2391 2068 2462 2116 tv,
2491 2051 2546 2123 4)
2568 2092 2583 2117 ,
2612 2051 2779 2106 multa
2808 2051 2875 2106 de
2904 2052 2991 2105 illo
3022 2052 3073 2105 in
3102 2050 3389 2121 Scriptnris
3432 2066 3524 2107 se-

1926 2144 2157 2199 cundum
2204 2145 2425 2197 formam
2457 2142 2553 2197 Dei
2582 2142 2849 2209 dicuntur,
2881 2144 3045 2197 multa
3072 2141 3365 2198 secundum
3418 2141 3527 2197 for-

1927 2251 2071 2292 mam
2118 2235 2276 2291 servi.
2307 2234 2582 2302 Quorum,
2613 2234 2842 2304 exempli
2887 2235 3089 2304 gratia,
3134 2232 3239 2287 duo
3277 2232 3523 2303 quaedam

1928 2344 2324 2395 commemoro,
2373 2336 2430 2384 ut
2472 2329 2680 2399 singula
2720 2328 2787 2382 ad
2835 2328 3039 2398 singula
3076 2325 3396 2382 referantur.
3429 2326 3528 2382 Se-

1927 2422 2159 2478 cundum
2203 2420 2427 2476 formam
2471 2421 2562 2475 Dei
2603 2419 2671 2475 de
2701 2421 2901 2490 seipse
2928 2420 3098 2485 dixit,
3134 2418 3244 2491 Ego
3284 2428 3331 2473 et
3370 2417 3529 2473 Pater

1927 2530 2085 2569 unum
2107 2530 2279 2569 sumus
2308 2511 2486 2586 (Joan.
2513 2529 2579 2579 x,
2612 2511 2705 2583 50)
2731 2531 2743 2565 :
2776 2510 3079 2567 Secundum
3111 2510 3334 2566 formam
3361 2510 3524 2578 servi,

1932 2605 2183 2673 Quoniam
2210 2604 2367 2659 Pater
2386 2607 2551 2674 major
2578 2620 2657 2659 me
2682 2612 2753 2659 est
2783 2602 2892 2675 (Id.
2918 2620 3026 2671 xiv,
3048 2603 3164 2675 28).

2002 2701 2089 2754 ll.
2117 2697 2270 2765 Quod
2298 2706 2475 2753 autem
2500 2697 2567 2751 de
2594 2697 2703 2752 Deo
2726 2697 2983 2767 scriptum
3005 2703 3089 2750 est
3109 2737 3125 2760 ,
3151 2693 3250 2761 Qui
3271 2694 3410 2748 solus
3435 2694 3530 2748 Ita-

1933 2793 2010 2847 bet
2048 2791 2474 2845 immortalitatem
2520 2788 2575 2861 (l
2618 2787 2751 2842 Tim.
2800 2804 2873 2855 v1,
2927 2787 3058 2857 l6);
3111 2796 3197 2853 et,
3240 2785 3523 2852 Invisibili,

1932 2883 2030 2937 soli
2065 2880 2167 2935 Deo
2198 2881 2360 2935 honor
2384 2889 2430 2935 et
2458 2880 2620 2950 gloria
2650 2878 2759 2950 (Id.
2790 2894 2843 2945 ι,
2874 2880 2963 2948 «17)
2988 2894 3002 2943 ;
3046 2886 3101 2933 et
3126 2886 3317 2933 eastern
3345 2877 3531 2948 hujus-

1934 2972 2113 3039 modi,
2151 2988 2255 3027 non
2281 2972 2349 3026 de
2379 2972 2536 3025 Patre
2568 2979 2769 3024 tantum
2800 2969 3121 3039 accipimus,
3148 2968 3242 3023 sed
3271 2970 3432 3023 etiam
3462 2968 3532 3024 de

1936 3063 2073 3119 Filio
2091 3105 2106 3129 ,
2136 3062 2278 3133 quod
2303 3062 2367 3115 ad
2396 3062 2617 3116 formam
2652 3062 2743 3117 Dei
2768 3060 2973 3125 attinet,
2999 3070 3054 3115 et
3081 3059 3150 3115 de
3180 3060 3380 3130 Spiritu
3407 3076 3532 3116 san-

1935 3164 2044 3211 cto.
2091 3154 2247 3209 Pater
2292 3154 2432 3209 enim
2478 3160 2532 3208 et
2569 3151 2735 3208 Filius
2775 3161 2830 3208 et
2875 3151 3105 3223 Spiritus
3141 3161 3356 3209 sanctus
3396 3168 3534 3208 unus

1939 3248 2081 3304 Deus
2121 3254 2232 3313 est,
2264 3256 2317 3301 et
2344 3245 2491 3302 solus
2519 3260 2677 3300 verus
2719 3245 2890 3311 Deus,
2936 3255 2991 3299 et
3031 3245 3179 3300 solus
3217 3245 3534 3301 immortalis

1940 3338 2229 3395 secundum
2263 3336 2751 3393 incommutabilem
2796 3337 3014 3392 omnino
3059 3336 3428 3393 substantiam.
3474 3334 3533 3392 Si

1941 3430 2086 3486 enim
2111 3428 2178 3485 de
2217 3443 2379 3483 carne
2406 3428 2603 3483 diversi
2629 3442 2789 3482 sexus
2813 3427 3012 3482 dictum
3039 3436 3147 3493 est,
3181 3426 3281 3491 Qui
3307 3427 3531 3482 adhaeret

1940 3520 2223 3585 meretrici,
2270 3535 2427 3572 unum
2470 3535 2650 3588 corpus
2690 3527 2796 3582 est;
2842 3527 2897 3572 et
2936 3517 3006 3571 de
3046 3517 3236 3586 spiritu
3265 3515 3531 3585 heminis,

1940 3612 2032 3684 qui
2065 3626 2173 3666 non
2213 3620 2297 3666 est
2331 3609 2473 3681 quod
2520 3610 2806 3676 Dominus,
2847 3616 3238 3679 consequenter
3276 3608 3535 3679 scriptum

1940 3714 2054 3772 est,
2088 3703 2187 3771 Qui
2225 3713 2391 3758 autem
2430 3702 2653 3757 adhazret
2699 3700 2949 3767 Domino,
2989 3718 3123 3756 unus
3161 3701 3367 3771 spiritus
3394 3711 3464 3755 est
3489 3700 3535 3773 (l

1943 3795 2061 3851 Cor.
2095 3813 2181 3862 v1,
2216 3796 2317 3860 16,
2350 3794 2472 3865 l7);
2506 3804 2703 3865 quanto
2724 3794 2893 3864 magis
2920 3795 3057 3849 Deus
3094 3794 3252 3849 Pater
3279 3794 3330 3848 in
3361 3792 3533 3860 Filio,

1942 3896 1998 3941 et
2043 3886 2183 3941 Deus
2228 3885 2395 3939 Filius
2442 3886 2495 3939 in
2535 3886 2719 3951 Patre,
2759 3894 2816 3940 et
2862 3886 3001 3940 Deus
3027 3885 3256 3954 Spiritus
3283 3886 3453 3940 Patris
3482 3895 3538 3941 et

1942 3978 2063 4034 Filii
2088 3992 2224 4033 unus
2249 3978 2390 4032 Deus
2414 3985 2516 4042 est,
2549 3978 2636 4031 ubi
2660 3978 2801 4030 nulla
2829 3987 2911 4031 est
2936 3977 3145 4031 diversa
3169 3985 3384 4041 natura;
3412 3992 3538 4033 cum

1940 4085 2040 4143 pro
2064 4068 2290 4125 diversis
2314 4068 2475 4123 modo
2516 4067 2747 4138 quodam
2787 4067 2889 4121 sibi
2915 4067 3306 4122 cohterentibus
3329 4068 3539 4123 dicatur

1942 4161 2027 4217 vel
2052 4160 2270 4231 spiritus
2295 4175 2433 4215 unus
2457 4158 2547 4214 vel
2571 4173 2765 4229 corpus
2793 4158 2994 4212 unum?

2012 4253 2102 4308 12.
2141 4253 2349 4307 Etcum
2370 4266 2466 4321 pro
2481 4251 2655 4305 anima
2679 4261 2733 4306 et
2759 4264 2985 4321 corpore
3010 4249 3110 4305 sibi
3133 4249 3535 4305 coherentibus

1944 4344 2152 4401 dicatur
2189 4357 2328 4398 unus
2362 4343 2550 4408 homo;
2583 4356 2679 4397 cur
2726 4356 2829 4398 non
2880 4342 3047 4397 multo
3086 4342 3255 4414 magis
3282 4340 3351 4397 de
3378 4342 3539 4397 Patre

1946 4445 2001 4492 et
2040 4435 2174 4491 Filio
2213 4436 2314 4490 sibi
2343 4434 2737 4491 cohaerentibus
2776 4434 2988 4491 dicatur
3024 4451 3163 4492 unus
3205 4436 3380 4504 Deus,
3411 4451 3539 4490 cum

1948 4528 2163 4583 sibimet
2184 4526 2609 4597 inseparabiliter
2637 4526 2943 4582 cohaereant
2967 4527 3236 4597 quomodo
3265 4541 3373 4582 non
3411 4542 3538 4581 cor-

1946 4634 2048 4690 pus
2076 4628 2130 4675 et
2150 4619 2365 4674 anima?
2392 4619 2597 4675 Etcum
2620 4634 2814 4689 corpus
2839 4628 2893 4675 et
2911 4619 3086 4673 anima
3106 4619 3178 4674 sit
3199 4634 3336 4674 unus
3351 4619 3537 4687 homo,

1947 4714 2188 4784 quamvis
2215 4727 2407 4780 corpus
2442 4721 2496 4766 et
2521 4712 2697 4767 anima
2738 4726 2841 4768 non
2888 4713 2996 4766 sint
3040 4727 3236 4776 unum;
3283 4727 3379 4767 cur
3428 4727 3541 4770 non

1950 4806 2120 4860 multo
2146 4804 2312 4874 magis
2338 4804 2407 4857 sit
2432 4804 2588 4858 Pater
2615 4813 2668 4857 et
2697 4803 2863 4859 Filius
2887 4819 3024 4858 unus
3052 4805 3211 4869 Deus,
3234 4819 3353 4859 cum
3380 4804 3543 4860 Pater

1952 4906 2008 4952 et
2033 4896 2202 4951 Filius
2224 4910 2385 4949 unum
2412 4894 2539 4960 sint,
2568 4896 2861 4951 secundum
2888 4895 3033 4950 illam
3054 4894 3306 4951 Veritatis
3326 4911 3535 4964 vocem,

1952 4987 2066 5060 Ego
2098 4996 2145 5041 et
2178 4986 2336 5041 Pater
2362 5004 2520 5041 unum
2554 4990 2767 5042 sumus?
2794 4986 2922 5042 Item
2969 5002 3089 5042 cum
3131 4988 3291 5043 homo
3318 4989 3540 5044 interior

1955 5090 2010 5135 et
2040 5079 2199 5133 homo
2223 5078 2455 5135 exterior
2483 5093 2590 5133 non
2626 5079 2733 5134 sint
2766 5094 2953 5159 unum,
2993 5094 3168 5150 neque
3210 5081 3351 5135 enim
3392 5081 3540 5151 ejus-

1958 5169 2082 5226 dem
2108 5179 2309 5225 naturae
2336 5178 2420 5225 est
2445 5171 2678 5225 exterior
2696 5169 2849 5238 cujus
2876 5171 3097 5227 interior
3114 5214 3129 5238 ,
3158 5172 3279 5241 quia
3306 5172 3544 5226 exterior

1957 5278 2077 5318 cum
2108 5271 2409 5333 nuncupato
2435 5276 2662 5332 corpore
2683 5261 2876 5315 dicitur
2903 5261 3083 5329 homo,
3116 5264 3336 5317 interior
3360 5274 3540 5319 autem

1956 5355 2011 5411 in
2034 5355 2147 5411 sola
2170 5354 2415 5410 rationali
2441 5354 2620 5409 anima
2664 5354 3008 5424 intelligitur;
3040 5364 3321 5425 utrumque
3362 5365 3540 5411 tamen

1958 5447 2114 5502 simul
2154 5461 2258 5501 non
2308 5446 2550 5501 homines
2576 5446 2700 5510 duo,
2753 5446 2847 5501 sed
2898 5461 3035 5501 unus
3081 5448 3272 5501 dicitur
3304 5465 3314 5499 :
3343 5457 3544 5517 quanto

1958 5538 2127 5609 magis
2152 5537 2310 5592 Pater
2331 5548 2384 5591 et
2409 5536 2572 5592 Filius
2594 5553 2731 5593 unus
2753 5539 2895 5594 Deus
2914 5546 3012 5601 est,
3039 5554 3159 5592 cum
3191 5540 3347 5593 Pater
3369 5548 3420 5594 et
3447 5538 3543 5594 Fi-

1960 5629 2062 5685 lius
2093 5643 2255 5683 unum
2285 5628 2423 5694 sint;
2462 5629 2584 5699 quia
2609 5629 2848 5698 ejusdem
2883 5639 3085 5683 naturte
3109 5631 3192 5683 vel
3230 5630 3544 5687 substantiae

1962 5736 2106 5788 sunt,
2128 5723 2212 5779 vel
2241 5723 2288 5778 si
2315 5737 2421 5793 quo
2440 5724 2542 5778 alio
2570 5722 2831 5778 vocabulo
2864 5726 3240 5795 congruentius
3268 5726 3462 5781 dicitur
3488 5724 3543 5781 id

1963 5814 2106 5887 quod
2132 5814 2275 5872 Deus
2312 5823 2411 5883 est,
2449 5813 2588 5871 unde
2620 5814 2818 5871 dictum
2862 5826 2964 5885 est,
2990 5815 3100 5889 Ego
3129 5826 3174 5871 et
3199 5816 3357 5872 Pater
3383 5836 3543 5875 unum

268 5972 356 6019 aut
386 5976 485 6036 ego
532 5959 618 6018 vel
663 5959 905 6017 similiter
945 5956 1117 6028 fallor,
1149 5956 1233 6013 vel
1264 5955 1508 6013 mentior.
1540 5954 1699 6018 Vides
1727 5967 1990 6041 ergo};
2016 5972 2046 6040 ,ι
2068 5969 2174 6024 ead.
2200 5977 2301 6028 Am.
2321 5970 2770 6037 ctEr.,opporttmi.
2789 5980 2918 6027 Unus
2944 5980 3092 6029 eVat.
3116 5981 3243 6039 Mss,
3266 5980 3548 6040 opportune.
