4024 6382
564 434 701 489 1043

558 564 731 602 sumus
752 548 772 581 9
797 544 973 615 Itaque
998 557 1130 601 unus
1156 545 1380 616 Spiritus
1404 546 1634 614 Domini,
1668 556 1720 601 et
1761 565 1896 605 unus
1921 551 2135 621 spiritus

522 698 523 701 η
550 637 807 704 hominis,
839 647 1019 695 etnon
1051 647 1174 693 sunt
1198 653 1395 705 unum;
1423 645 1476 694 et
1496 647 1672 695 tamen
1696 640 1784 695 ille
1814 658 1935 696 eum
1961 645 2137 699 colue-

550 742 635 788 ret
656 732 898 798 Domino,
931 746 1037 786 non
1066 739 1192 786 sunt
1215 729 1342 797 duo,
1371 731 1467 788 sed
1496 747 1631 788 unus
1657 734 1876 803 spiritus
1895 754 1907 788 :
1926 746 1979 791 et
2001 754 2134 793 unus

550 825 713 880 homo
743 825 984 892 interior,
1021 833 1075 881 et
1103 840 1239 882 unus
1278 825 1439 881 homo
1468 827 1719 901 exterior,
1760 836 1814 883 et
1863 844 1970 884 non
2012 844 2136 886 sunt

520 933 755 983 unum;
786 926 843 973 et
881 925 1062 973 tamen
1095 917 1209 990 ejus
1250 918 1581 975 connexione
1631 920 1826 976 vinculi
1878 923 2132 980 naturalis

547 1009 708 1065 simul
739 1018 1019 1079 utrumque
1045 1026 1153 1066 non
1180 1010 1285 1067 duo
1310 1053 1323 1079 ,
1349 1011 1448 1067 sed
1478 1030 1611 1068 unus
1641 1023 1719 1069 est
1757 1014 1939 1070 homo.
1970 1016 2131 1072 Multo

546 1102 716 1173 magis
749 1102 905 1173 igitur
924 1119 1045 1159 cum
1066 1104 1238 1181 Filius
1264 1105 1359 1161 Dei
1379 1106 1541 1171 dicat,
1573 1106 1685 1181 Ego
1705 1117 1754 1163 et
1796 1107 1952 1165 Pater
1974 1127 2130 1165 unum

545 1211 739 1263 sumus,
768 1211 900 1250 unus
930 1207 1010 1252 cst
1033 1195 1173 1253 Deus
1202 1197 1377 1265 Pater,
1407 1207 1461 1255 et
1483 1215 1618 1255 unus
1651 1210 1731 1257 est
1765 1201 1905 1257 Deus
1932 1202 2126 1270 Filius;

545 1293 601 1340 et
628 1294 800 1342 tamen
828 1286 984 1340 simul
1013 1294 1294 1359 utrumque
1322 1303 1427 1344 non
1454 1289 1578 1358 duo,
1603 1292 1694 1347 sed
1728 1308 1864 1349 unus
1893 1293 2054 1349 Deus.

618 1381 706 1435 15.
746 1376 897 1450 Quod
923 1381 1061 1437 enim
1091 1383 1216 1437 fecit
1238 1383 1288 1437 in
1306 1384 1487 1439 multis
1501 1385 1696 1442 sanctis
1720 1386 1771 1441 in
1788 1386 2126 1457 adoptionem

544 1474 773 1529 ﬁliorum
802 1476 1001 1531 vocatis
1022 1475 1391 1530 coliteredibus
1417 1462 1612 1532 Christi
1640 1495 1743 1535 una
1774 1479 1907 1537 ﬁdes
1932 1491 1985 1537 et
2024 1497 2126 1537 una

543 1581 667 1638 spes
693 1574 745 1621 et
772 1581 873 1621 una
908 1565 1161 1634 cbaritas,
1193 1572 1250 1620 ut
1276 1574 1416 1621 esset
1441 1568 1518 1622 eis
1558 1584 1662 1623 una
1704 1571 1878 1625 anima
1929 1579 1983 1627 et
2033 1586 2127 1627 cor

542 1677 707 1716 unum
732 1662 782 1716 in
806 1656 1004 1729 Deum;
1037 1658 1141 1714 hoc
1178 1661 1444 1730 praecipue
1478 1662 1620 1734 cogit
1651 1664 1872 1735 intelligi
1906 1680 2008 1720 una
2035 1680 2122 1721 ea-

541 1753 773 1824 demque
809 1751 979 1807 Patris
1026 1759 1080 1806 et
1112 1750 1230 1806 Filii
1262 1761 1449 1825 natura
1472 1794 1487 1820 ,
1517 1752 1563 1807 si
1601 1753 1673 1808 ita
1701 1754 1984 1811 dicendum
2006 1767 2119 1823 est,

541 1844 777 1908 deitatis,
806 1853 865 1899 ut
888 1844 1044 1900 Pater
1069 1852 1125 1899 et
1143 1844 1310 1900 Filius
1332 1844 1423 1915 qui
1452 1860 1613 1900 unum
1638 1857 1797 1911 sunt,
1827 1858 1881 1903 et
1908 1848 2119 1918 insepa-

540 1937 785 1992 rabiliter
822 1953 982 1992 unum
1021 1946 1163 2005 sunt,
1203 1946 1257 1993 et
1283 1940 1607 2008 sempiterno
1635 1956 1799 1995 unum
1830 1949 1971 2004 sunt,
2014 1956 2120 1999 non

538 2031 649 2085 sint
676 2030 782 2085 duo
806 2029 901 2097 dii,
941 2029 1036 2085 sed
1079 2044 1214 2085 unus
1252 2030 1412 2086 Deus.
1455 2030 1533 2086 Illi
1574 2032 1715 2086 enim
1752 2031 1995 2089 homines
2027 2048 2122 2102 per

535 2120 861 2177 consortium
896 2129 950 2176 et
980 2122 1406 2177 communionem
1448 2122 1602 2177 unius
1630 2122 1974 2193 ejusdemque
2020 2140 2118 2178 na-

536 2221 697 2279 torte,
725 2228 828 2283 qua
869 2227 1055 2267 omnes
1080 2211 1327 2269 homines
1367 2222 1540 2280 erant,
1569 2228 1733 2268 unum
1762 2222 1915 2269 erant
1946 2232 1958 2266 :
1984 2223 2044 2270 et
2072 2215 2118 2271 si

535 2303 819 2374 aliquando
861 2304 1152 2359 secundum
1191 2304 1524 2359 diversitates
1564 2305 1891 2360 voluntatum
1920 2315 1973 2361 et
1997 2320 2119 2361 sen-

537 2395 842 2463 tentiarum,
870 2396 1178 2465 opinionum
1200 2410 1513 2466 morumque
1531 2396 1987 2453 dissimilitudines
2010 2414 2115 2454 non

536 2496 688 2544 erant
730 2505 930 2554 unum;
969 2500 1126 2545 erunt
1168 2498 1344 2543 autem
1385 2489 1540 2559 plene
1570 2488 1907 2561 perfectoque
1930 2506 2115 2560 unum,

534 2596 658 2635 cum
703 2591 1013 2651 perventum
1046 2581 1201 2635 fuerit
1252 2581 1317 2637 ad
1372 2596 1497 2637 eum
1542 2581 1722 2647 ﬁnem,
1751 2591 1806 2636 ut
1858 2583 1926 2637 sit
1976 2582 2117 2639 Deus

537 2674 715 2743 omnia
750 2673 802 2727 in
835 2673 1099 2728 omnibus.
1133 2673 1273 2728 Deus
1307 2680 1484 2728 autem
1520 2672 1677 2728 Pater
1705 2681 1758 2729 et
1784 2672 1946 2728 Filius
1977 2673 2112 2743 ejus,

533 2742 768 2819 Verbum
800 2764 913 2833 ejus
943 2765 1081 2820 Deus
1104 2764 1243 2834 apud
1270 2764 1436 2820 Deum
1456 2805 1473 2830 ,
1513 2779 1729 2835 semper
1752 2773 1907 2835 atque
1936 2742 2117 2820 ineffa-

534 2853 715 2913 bilitcr
743 2871 905 2911 unum
931 2864 1085 2924 sunt;
1116 2855 1254 2912 unde
1281 2855 1448 2928 magis
1473 2870 1579 2911 non
1605 2854 1711 2912 duo
1735 2855 1829 2924 dii,
1862 2854 1957 2912 sed
1980 2872 2117 2912 unus

532 2947 694 3005 Deus.

604 3042 694 3097 14.
738 3042 993 3099 Homines
1013 3053 1190 3098 autem
1218 3043 1393 3098 minus
1420 3042 1806 3113 intelligentes,
1833 3043 1958 3113 quid
1990 3059 2114 3114 pro-

534 3142 655 3205 pter
674 3134 800 3205 quid
827 3135 1052 3203 dicatur,
1080 3143 1325 3206 patentes
1349 3134 1535 3190 volunt
1558 3134 1754 3190 habere
1783 3136 2073 3191 sententias
2098 3154 2111 3193 :

533 3238 588 3283 et
615 3228 902 3296 Scripturis
942 3243 1051 3283 non
1081 3227 1365 3299 diligenter
1389 3228 1659 3295 scrutatis,
1700 3244 1818 3283 cum
1858 3229 2117 3299 arripiunt

532 3319 897 3375 defensionem
938 3320 1192 3389 cujusque
1226 3319 1510 3387 OpiniOuis,
1558 3328 1614 3375 et
1655 3320 1722 3373 ali
1750 3336 1811 3374 ea
1853 3320 1935 3375 vel
1976 3337 2114 3375 nun.

531 3427 692 3484 quam
730 3411 813 3468 vel
840 3410 1055 3467 difﬁcile
1083 3410 1455 3476 deﬂectuntur,
1492 3412 1618 3467 dum
1658 3411 1799 3468 docti
1832 3422 1991 3484 atque
2032 3429 2114 3471 sa,-

531 3505 740 3574 pientes
762 3504 927 3575 magis
948 3504 1120 3576 putari
1150 3519 1310 3574 quam
1330 3519 1450 3560 esse
1473 3505 1853 3574 concupiscunt
1876 3523 1890 3572 ;
1914 3522 1976 3563 ea
1996 3524 2114 3578 quae

533 3606 752 3666 prepter
779 3595 1007 3652 formam
1032 3597 1172 3653 servi
1217 3597 1360 3653 dicta
1409 3608 1552 3663 sunt,
1607 3598 1789 3653 volunt
1827 3599 2114 3657 transferre

531 3689 598 3743 ad
629 3687 848 3743 formam
874 3688 968 3743 Dei
993 3706 1009 3754 ;
1034 3697 1089 3745 et
1112 3703 1299 3744 rursus
1326 3704 1443 3758 qua:
1463 3689 1601 3744 dicta
1624 3697 1745 3744 sunt
1770 3698 1826 3745 ut
1849 3690 1912 3745 ad
1944 3706 1999 3744 se
2030 3690 2113 3745 in-

532 3780 703 3834 vicem
735 3794 976 3848 personae
993 3779 1310 3844 referantur,
1328 3780 1515 3834 volunt
1539 3782 1749 3835 nomina
1769 3796 1886 3836 esse
1913 3791 2112 3838 natura

531 3879 691 3940 atque
720 3870 1049 3925 substantia.
1072 3869 1231 3925 Fides
1263 3878 1440 3926 autem
1466 3880 1644 3927 nostra
1677 3882 1788 3938 est,
1822 3873 2028 3927 Patrem
2059 3882 2115 3929 et

530 3963 727 4019 Filium
771 3973 825 4019 et
860 3962 1114 4033 Spiritum
1157 3971 1399 4019 sanetum
1429 3978 1592 4019 unum
1623 3964 1787 4019 Deum
1813 3965 2031 4021 credere
2060 3975 2113 4025 et

530 4054 812 4121 conﬁteri;
851 4068 952 4110 nec
991 4063 1168 4112 tamen
1198 4070 1320 4110 eum
1346 4055 1437 4124 qui
1460 4054 1625 4111 Filius
1649 4066 1729 4113 est
1748 4098 1762 4122 ,
1792 4057 2001 4117 Patrem
2026 4059 2110 4135 di-

528 4163 688 4212 cere;
722 4161 818 4201 nec
847 4161 969 4201 eum
999 4148 1088 4217 qui
1129 4146 1287 4203 Pater
1312 4154 1415 4214 est,
1436 4198 1437 4201 η
1462 4146 1688 4215 Filium;
1728 4164 1827 4204 nec
1862 4164 1984 4204 eum
2022 4151 2111 4220 qui

524 4240 763 4308 Spiritus
786 4238 960 4293 Patris
998 4246 1052 4294 et
1089 4238 1210 4299 Filii
1258 4248 1362 4307 est,
1410 4249 1504 4295 aut
1550 4241 1760 4297 Patrem
1795 4252 1887 4297 aut
1920 4243 2109 4298 Filium

525 4346 856 4403 nuncupare.
886 4333 978 4387 His
1004 4335 1148 4391 enim
1183 4334 1627 4405 appellationibus
1657 4335 1758 4391 hoc
1782 4337 2112 4407 signiﬁcatur

518 4439 634 4494 quo
671 4423 738 4478 ad
766 4437 825 4479 se
854 4424 1081 4483 invicem
1124 4426 1449 4492 referuntur,
1496 4442 1602 4481 non
1653 4428 1764 4497 ipsa
1816 4430 2109 4487 substantia

528 4533 631 4587 qua
661 4531 825 4572 unum
851 4524 997 4572 sunt.
1036 4514 1170 4571 Nam
1212 4524 1267 4571 et
1296 4525 1447 4586 pater
1472 4532 1591 4573 cum
1628 4518 1856 4589 dicitur,
1896 4524 2109 4577 nonnisi

525 4608 750 4679 alicujus
779 4608 875 4664 ﬁlii
916 4608 1146 4675 dicitur;
1177 4618 1232 4667 et
1263 4609 1405 4665 ﬁlius
1435 4610 1642 4667 nonnisi
1682 4612 1903 4683 alicujus
1948 4616 2108 4682 patris

526 4701 874 4770 intelligitur;
912 4709 967 4756 et
994 4700 1212 4771 spiritus
1235 4701 1528 4757 secundum
1558 4701 1611 4758 id
1639 4703 1781 4773 quod
1809 4704 1875 4760 ad
1910 4706 2105 4777 aliquid

523 4792 782 4859 refertur,
811 4794 1061 4863 spirantis
1086 4792 1309 4863 alicujus
1333 4802 1442 4859 est,
1485 4804 1539 4852 et
1561 4796 1770 4866 spirans
1796 4799 1974 4870 utique
1999 4801 2108 4870 spi-

524 4886 687 4941 ritum
719 4885 928 4955 spirans
956 4895 1041 4942 est
1068 4887 1109 4940 ⁸.

599 4977 687 5031 ιδ.
729 4976 844 5032 Non
892 4985 1074 5035 autem
1115 4977 1217 5033 ista
1259 4980 1606 5049 corporaliter
1651 4985 1964 5051 sentiuntur,
2009 5003 2107 5043 nec

525 5069 723 5125 usitato
748 5084 898 5125 more
922 5070 1282 5141 intelliguntur
1306 5071 1362 5128 in
1387 5072 1500 5129 Deo
1520 5111 1537 5141 ,
1568 5074 1668 5141 Qui
1711 5087 1885 5147 potens
1921 5088 1994 5133 est
2027 5086 2105 5151 fa-

523 5176 659 5228 cere,
690 5160 828 5215 sicut
854 5160 983 5217 dicit
1015 5162 1321 5232 Apostolus,
1349 5182 1506 5235 supra
1541 5182 1690 5238 quam
1718 5172 1929 5240 petimus
1952 5183 2002 5226 et
2021 5175 2102 5227 in-

521 5252 797 5324 telligimus
841 5252 1002 5326 (Eph.
1045 5268 1129 5321 ιιι,
1183 5255 1388 5327 20):si
1442 5268 1618 5316 autem
1666 5261 1859 5331 facere,
1908 5278 2104 5335 quanto

528 5344 696 5416 magis
722 5345 879 5401 esse?
916 5344 1050 5405 Nam
1089 5344 1192 5403 hoe
1218 5360 1414 5404 nomen
1450 5351 1592 5421 quod
1633 5355 1842 5424 spiritus
1875 5357 2098 5429 dicitur,

523 5448 628 5492 non
656 5435 949 5491 secundum
977 5434 1033 5492 id
1060 5436 1199 5508 quod
1220 5436 1449 5496 refertur
1474 5442 1539 5497 ad
1562 5442 1779 5515 aliquid,
1805 5448 1897 5502 sed
1914 5465 2104 5507 securio-

523 5523 651 5579 dum
674 5523 727 5578 id
748 5524 891 5595 quod
918 5525 1095 5598 aliqua
1122 5536 1308 5585 natura
1337 5530 1681 5602 signiﬁcatur,
1708 5539 1886 5594 omnis
1924 5542 2100 5598 incor-

519 5630 684 5685 porea
722 5625 910 5673 natura
949 5618 1166 5689 spiritus
1193 5620 1245 5677 in
1276 5619 1563 5694 Scripturis
1596 5630 1919 5701 appellatur;
1962 5633 2101 5695 unde

522 5723 631 5762 non
660 5715 863 5765 tantum
890 5709 1035 5767 Patri
1056 5720 1112 5768 et
1140 5710 1273 5771 Filio
1299 5723 1355 5771 et
1371 5715 1589 5787 Spiritui
1612 5731 1817 5793 sancto,
1839 5726 1931 5782 sed
1956 5731 2097 5785 omni

522 5798 770 5854 rationali
797 5812 1053 5861 creatura
1078 5813 1134 5861 et.
1156 5806 1347 5864 animai
1364 5808 1467 5866 hoc
1489 5814 1806 5874 Vocabulum
1835 5825 2093 5895 congruit.

632 5910 704 5961 sic
731 5920 835 5963 Mss.
867 5921 922 5964 At
951 5917 1061 5969 Edd.
1087 5919 1291 5983 habent,
1313 5922 1486 5987 spiritu
1506 5927 1697 5993 spirans
1714 5940 1799 5985 est.

1794 434 1847 489 S.
1881 433 2255 491 .AUGUSTINI
2298 435 2596 493 EPISCON

2194 5888 2206 5919 μ·
2281 5883 2427 5954 gnati.
2455 5895 2551 5937 Am.
2575 5894 2650 5939 Er.
2677 5894 2730 5954 et
2750 5897 2857 5943 Mss.
2882 5904 2991 5954 sex,
3024 5909 3119 5954 qua

3698 454 3818 531 *Μ*

2248 548 2398 606 Unde
2428 551 2680 611 Dominus
2710 553 2882 631 'dicit,
2917 556 3141 626 Spiritus
3182 569 3253 637 est
3293 558 3453 637 Deus;
3496 570 3541 617 et
3591 562 3699 619 ideo
3737 570 3813 637 qui

2245 644 2459 699 adorant
2510 644 2693 715 Deum,
2744 649 2795 703 in
2824 647 3002 718 spiritu
3043 636 3093 704 et
3132 636 3341 719 peritiae
3384 636 3575 725 oportet
3613 636 3811 714 adorare

2245 732 2421 806 (Joan.
2454 751 2528 803 tv,
2556 734 2647 807 24)
2683 756 2693 790 :
2729 739 2979 807 scriptum
3010 750 3091 795 est
3118 744 3313 809 etiam,
3347 742 3443 809 Qui
3466 746 3589 815 facit
3611 746 3808 821 Angelos

2242 839 2357 878 suos
2377 826 2582 895 spiritus
2610 826 2779 899 (I’sal.
2814 845 2926 897 cm,
2950 831 3006 900 4)
3034 848 3044 883 :
3073 831 3271 889 dictum
3312 843 3395 888 est
3430 834 3494 889 de
3524 828 3805 900 hominibus

2241 915 2582 983 quibusdam,
2628 918 2878 983 Quoniam
2922 937 3040 977 caro
3073 914 3209 989 sunt,
3242 933 3289 977 et
3309 925 3512 994 spiritus
3535 929 3803 993 ambulans,

2241 1012 2286 1057 et
2312 1022 2411 1060 non
2442 1016 2690 1061 revertens
2717 1008 2886 1081 (Psal.
2918 1027 3119 1077 LXXVII,
3150 1013 3238 1085 59)
3281 1030 3295 1067 :
3334 1023 3387 1069 ct
3413 1017 3692 1087 Apostolus
3720 1023 3801 1090 ait,

2242 1094 2407 1151 Nemo
2432 1099 2523 1153 scit
2547 1100 2667 1167 quid
2689 1110 2870 1171 agatur
2897 1103 2949 1156 in
2980 1103 3196 1170 nomine,
3226 1105 3324 1161 nisi
3348 1107 3556 1178 spiritus
3587 1108 3802 1179 hominis,

2237 1188 2323 1256 qui
2344 1189 2395 1242 in
2422 1190 2531 1258 ipso
2557 1202 2629 1246 est
2658 1190 2701 1266 (l
2731 1191 2847 1249 Car.
2880 1210 2936 1260 tt,
2964 1194 3050 1269 li)
3075 1214 3086 1248 :
3112 1194 3237 1251 item
3262 1197 3517 1268 scriptum
3541 1210 3620 1256 est
3647 1220 3658 1254 :
3690 1200 3805 1272 Qui:

2236 1279 2330 1332 scit
2355 1280 2561 1350 spiritus
2590 1283 2811 1351 ﬁliorum
2838 1283 3053 1339 hominis
3073 1288 3114 1340 si
3142 1288 3378 1342 ascendat
3403 1289 3510 1359 ipse
3530 1308 3736 1361 sursum,
3765 1308 3803 1351 et

2237 1370 2446 1439 spiritus
2467 1375 2679 1443 pecoris,
2706 1360 2981 1429 descendat
2998 1378 3105 1447 ipse
3118 1378 3350 1451 deorsum
3363 1382 3415 1435 in
3430 1390 3613 1438 terram
3628 1376 3797 1459 (Eccle.

2234 1475 2311 1528 ιιι,
2337 1459 2463 1535 21)?
2500 1462 2699 1518 Dicitur
2724 1467 2883 1521 etiam
2919 1467 3133 1538 spiritus
3158 1470 3207 1524 in
3228 1462 3515 1541 Scripturis
3536 1474 3800 1534 secundum

2233 1553 2514 1621 quamdam
2563 1554 2955 1614 distinctionem
2996 1561 3048 1614 in
3088 1562 3202 1632 ipsa
3240 1578 3343 1618 una
3389 1564 3548 1622 unius
3594 1562 3799 1629 hominis

2231 1646 2405 1698 anima
2440 1664 2452 1700 :
2478 1647 2615 1702 unde
2636 1646 2919 1719 Apostolus
2949 1648 3094 1720 dicit,
3123 1644 3183 1706 Et
3207 1654 3400 1726 integer
3417 1658 3625 1729 spiritus
3640 1672 3795 1728 vester,

2232 1748 2277 1792 et
2304 1739 2494 1804 anima,
2523 1750 2569 1793 et
2599 1758 2779 1813 corpus
2813 1744 2864 1796 in
2901 1744 3030 1798 diem
3062 1742 3267 1801 Domini
3296 1749 3455 1804 nostri
3479 1747 3607 1806 Iesu
3632 1750 3798 1809 Christi

2229 1841 2450 1885 servetur
2472 1831 2512 1905 (l
2539 1828 2717 1889 Thess.
2742 1852 2793 1903 γ,
2817 1826 2909 1908 25)
2932 1854 2945 1890 :
2972 1837 3094 1892 item
3114 1840 3216 1895 alio
3237 1841 3375 1910 loco,
3401 1838 3465 1898 Si
3493 1862 3692 1901 orauere
3709 1849 3793 1901 lin-

2228 1939 2352 1993 gua,
2399 1924 2605 1994 spiritus
2656 1943 2795 1981 meus
2837 1940 2983 1997 orat;
3008 1946 3147 1986 mens
3176 1941 3341 1987 autem
3371 1952 3482 1990 mea
3511 1926 3795 2013 infructuosa

2228 2022 2319 2066 est.
2357 2008 2493 2080 Quid
2513 2032 2629 2087 ergo
2650 2012 2764 2071 est?
2796 2016 2963 2074 Orabo
2982 2020 3185 2092 spiritu",
3215 2023 3367 2077 orabo
3388 2035 3434 2079 et
3454 2008 3618 2082 mente
3641 2027 3792 2096 (lCor.

2228 2102 2455 2174 xm”,
2496 2106 2607 2178 15).
2654 2108 3099 2188 Ρνορτῑοιιιιιρηι
3147 2112 3305 2171 modo
3351 2116 3585 2188 quodam
3629 2116 3794 2177 dicitur

2227 2195 2456 2266 Spiritus
2500 2210 2735 2265 sanctus,
2770 2186 3058 2259 secundum
3088 2206 3227 2277 quod
3261 2186 3491 2263 refertur
3521 2211 3583 2264 ad
3610 2208 3791 2269 Patrem

2226 2294 2277 2341 et
2298 2287 2511 2357 Filium,
2541 2288 2680 2363 quod
2718 2308 2900 2348 eorum
2941 2288 3167 2367 Spiritus
3203 2308 3418 2354 sanctus
3450 2301 3543 2356 sit.
3574 2300 3692 2357 Nam
3717 2321 3790 2359 se-

2226 2382 2455 2436 cundum
2507 2385 2856 2442 substantiam
2882 2430 2896 2453 ,
2948 2380 3197 2460 quoniam
3240 2395 3406 2452 semel
3452 2386 3649 2451 dictum
3690 2408 3787 2467 est,

2226 2467 2452 2543 Spiritus
2491 2485 2564 2529 est
2590 2474 2750 2547 Deus,
2785 2486 2841 2534 et
2876 2480 3032 2536 Pater
3060 2482 3279 2554 Spiritus
3303 2492 3413 2553 est,
3448 2496 3503 2543 et
3534 2487 3715 2558 Filius,
3746 2500 3789 2547 et

2226 2564 2339 2636 ipse
2380 2564 2611 2638 Spiritus
2655 2582 2893 2638 sanctus,
2924 2589 3021 2629 nec
3065 2584 3241 2631 tamen
3295 2588 3401 2633 tres
3442 2582 3673 2651 spiritus,
3710 2581 3789 2638 sed

2224 2670 2360 2710 unus
2383 2656 2626 2729 spiritus;
2656 2661 2791 2717 sicut
2822 2679 2927 2719 non
2956 2671 3063 2719 tres
3083 2660 3175 2733 dii,
3199 2666 3292 2723 sed
3319 2672 3457 2725 unus
3488 2668 3648 2726 Deus.

2295 2747 2383 2802 ‘16.
2425 2740 2560 2818 Quid
2591 2751 2842 2808 miraris?
2869 2750 3095 2811 Tantum
3128 2757 3267 2812 valet
3304 2774 3404 2829 pax
3429 2803 3443 2827 ,
3474 2777 3584 2816 non
3613 2763 3785 2834 qualis-

2221 2852 2469 2908 cumque,
2503 2849 2559 2895 ιιι
2585 2840 2720 2896 solet
2748 2842 2989 2917 intelligi,
3019 2862 3114 2901 nec
3145 2847 3263 2902 talis
3284 2850 3455 2920 qualis
3487 2851 3717 2908 laudatur
3736 2854 3781 2908 in

2221 2924 2321 2983 hac
2344 2929 2449 2985 vita
2480 2946 2575 3002 per
2600 2932 2938 2989 concordiam
2968 2937 3386 3011 charitatemque
3416 2940 3677 3012 ﬁdelium;
3704 2942 3784 3001 sed

2219 3014 2309 3075 illa
2340 3030 2437 3090 pax
2472 3020 2586 3088 Dei,
2620 3038 2757 3093 quae,
2788 3026 2924 3080 sicut
2943 3026 3071 3083 dicit
3098 3029 3403 3100 Apostolus,
3432 3035 3783 3105 supergreditur

2220 3106 2417 3166 omnem
2459 3113 2761 3170 intellectum
2822 3114 3080 3189 (Philipp.
3117 3136 3189 3188 tv,
3220 3122 3313 3192 7):
3342 3139 3528 3194 quem,
3581 3125 3671 3182 nisi
3699 3134 3778 3182 no-

2221 3202 2412 3271 strum,
2443 3204 2495 3260 id
2522 3215 2628 3273 est,
2647 3208 2820 3264 omnis
2849 3206 3119 3267 rationalis
3149 3210 3451 3271 creatum?
3474 3216 3781 3288 Quapropter

2219 3293 2619 3354 censiderantes
2676 3298 3036 3358 inﬁrmitatem
3093 3313 3364 3373 nostram,
3414 3318 3469 3363 et
3536 3308 3778 3366 audientes

2218 3374 2530 3459 Apostolum
2562 3390 2898 3450 conﬁtentem
2930 3407 2981 3451 et
3012 3395 3274 3453 dicentem
3300 3441 3313 3465 ,
3349 3382 3581 3469 Fratres,
3614 3418 3692 3474 ego
3715 3414 3779 3455 me

2218 3493 2319 3537 non
2341 3484 2559 3539 arbitror
2589 3486 2980 3558 apprehendisse
3007 3486 3117 3557 (Id.
3148 3502 3224 3557 ιιι,
3259 3488 3381 3565 15);
3415 3502 3489 3558 et,
3515 3492 3612 3561 Qui
3632 3511 3677 3549 se
3694 3510 3774 3563 pu-

2218 3574 2291 3626 tat
2326 3575 2516 3644 aliquid
2540 3577 2683 3646 scire,
2725 3578 2947 3633 nondum
2994 3576 3088 3634 scit
3114 3571 3538 3651 quemadmodum
3580 3592 3773 3657 oporteat

2219 3681 2332 3722 eum
2364 3669 2490 3724 scire
2538 3671 2589 3744 (Ι
2617 3668 2731 3725 Cor.
2765 3686 2878 3739 vm,
2924 3668 3033 3745 2);
3084 3687 3202 3729 cum
3254 3668 3447 3731 divinis
3497 3676 3767 3749 Scripturls,

2224 3771 2476 3830 quantum
2534 3770 2833 3831 posSumus,
2885 3762 3250 3835 colloquamur
3300 3768 3417 3822 sine
3464 3768 3772 3824 contentione

2218 3853 2407 3922 pacati,
2441 3869 2544 3908 non
2578 3854 2717 3908 inani
2746 3869 2805 3909 ac
2837 3856 3020 3924 puerili
3048 3858 3385 3917 animdsitate
3416 3860 3675 3915 studentes
3700 3859 3768 3915 al-

2218 3948 2474 3997 terutrum
2506 3942 2740 4008 vincere,
2769 3953 2822 4000 ut
2845 3958 2940 4014 pax
2968 3945 3164 4002 Christi
3188 3949 3363 4018 potius
3391 3950 3567 4006 vincat
3593 3952 3636 4004 in
3660 3963 3768 4005 cor-

2216 4030 2369 4089 dibus
2397 4034 2588 4089 nostris
2606 4034 2820 4107 (Coloss.
2854 4052 2929 4102 tn,
2958 4034 3046 4109 15)
3077 4080 3090 4105 ,
3124 4052 3376 4109 quantum
3410 4056 3527 4097 eam
3566 4038 3700 4098 nobis
3722 4042 3767 4095 et

2216 4125 2269 4180 in
2310 4126 2407 4181 hac
2451 4127 2555 4180 vita
2606 4128 2887 4197 percipere
2929 4144 3084 4199 posse
3118 4130 3333 4186 donavit
3365 4140 3463 4188 :ut
3509 4134 3765 4205 cogitantes

2212 4214 2339 4288 quid
2370 4217 2554 4273 eadem
2582 4234 2683 4291 pax
2715 4218 2853 4274 inter
2873 4218 3062 4276 fratres
3088 4222 3256 4292 egerit
3275 4266 3288 4290 ,
3320 4239 3544 4294 quorum
3582 4240 3638 4279 ex
3674 4226 3762 4276 tam

2212 4307 2393 4362 multis
2414 4310 2604 4365 animis
2630 4316 2682 4365 et
2710 4307 2887 4367 multis
2929 4310 3176 4367 cordibus
3213 4310 3340 4369 fecit
3372 4308 3597 4370 animam
3628 4326 3759 4369 unam

2212 4406 2266 4453 et
2289 4413 2381 4453 cor
2409 4415 2569 4454 unum
2596 4400 2646 4454 in
2677 4401 2864 4465 Deum,
2892 4400 3066 4458 debita
3093 4403 3285 4473 pietate
3307 4405 3578 4460 credamus
3620 4403 3760 4458 multo

2210 4492 2439 4547 maxime
2465 4492 2517 4547 in
2540 4493 2625 4548 illa
2652 4504 2779 4563 pace
2804 4495 2925 4561 Dei,
2955 4510 3073 4564 quae
3093 4508 3311 4566 superat
3341 4496 3555 4552 Omnem
3573 4493 3758 4551 intelle-

2211 4590 2375 4647 ctum,
2406 4594 2456 4638 et
2483 4584 2694 4638 Patrem
2723 4593 2775 4640 et
2813 4584 3000 4640 Filium
3026 4594 3079 4641 et
3116 4587 3371 4659 Spiritum
3408 4596 3634 4646 sanctum
3666 4601 3755 4642 non

2208 4686 2331 4728 esse
2352 4682 2460 4728 tres
2486 4675 2637 4743 deos,
2666 4677 2757 4731 sed
2784 4693 2946 4732 unum
2988 4678 3188 4746 Deum;
3244 4690 3395 4739 tanto
3446 4680 3756 4738 excellentius

2208 4779 2368 4835 quam
2394 4766 2614 4822 istorum
2640 4777 2754 4824 erat
2778 4771 2949 4825 anima
2971 4780 3024 4827 et
3044 4787 3139 4827 cor
3162 4789 3347 4842 unum,
3366 4785 3557 4846 quanto
3577 4770 3653 4828 illa
3670 4784 3754 4843 pax

2206 4872 2326 4927 quae
2354 4866 2570 4929 superat
2593 4872 2802 4915 omnem
2833 4856 3152 4919 intellectum
3178 4908 3191 4931 ,
3221 4866 3557 4922 excellentior
3577 4874 3651 4920 est
3670 4860 3753 4918 ista

2210 4960 2341 5020 pace
2367 4965 2523 5020 quam
2556 4952 2766 5008 tenebat
2785 4954 3019 5010 omnium
3048 4954 3258 5011 illorum
3286 4970 3382 5013 cor
3409 4968 3561 5014 unum
3585 4964 3636 5013 et
3656 4967 3745 5010 una

2209 5042 2381 5096 anima
2409 5043 2459 5096 in
2488 5042 2679 5098 Deum.
3468 5050 3472 5055 ’

2282 5130 2366 5186 17.
2409 5132 2599 5187 Filium
2630 5143 2805 5189 autem
2835 5134 3065 5193 hominis
3092 5139 3340 5195 eumdem
3380 5130 3747 5209 dicimus'quetn

2209 5224 2398 5279 Filium
2425 5224 2555 5292 Dei;
2588 5241 2692 5281 non
2718 5235 2897 5284 tamen
2918 5234 3134 5300 propter
3154 5228 3525 5301 fortnam‘Dei,
3567 5226 3614 5287 in
3659 5232 3745 5313 qua

2206 5321 2289 5370 est
2311 5317 2528 5386 aqualis
2554 5317 2666 5373 Deo
2685 5317 2859 5387 Patri,
2890 5321 2984 5375 sed
3013 5322 3227 5393 propter
3253 5326 3517 5396 acceptam
3552 5322 3744 5378 fortnam

2207 5410 2366 5476 servi,
2390 5423 2492 5480 qua
2524 5406 2696 5465 minor
2717 5418 2799 5467 est
2822 5412 2978 5469 Patre
3005 5416 3043 5469 ις
3074 5416 3139 5470 Et
3177 5414 3298 5488 quia
3322 5418 3556 5475 eumdem
3576 5410 3743 5470 Filium

2207 5499 2438 5558 hominis
2454 5502 2702 5571 dicimus,
2721 5512 2940 5576 propter
2960 5507 3058 5563 hoc
3078 5514 3131 5564 et
3144 5509 3341 5566 Filium
3360 5510 3453 5568 Dei
3473 5506 3740 5567 crucifixum

2204 5592 2454 5661 fatemur,
2486 5609 2591 5650 non
2620 5609 2685 5651 ex
2711 5595 2904 5654 virtute
2928 5598 3239 5670 diribitatls,’
3265 5602 3453 5661 sede!
3479 5588 3742 5659 infirmitati!

2204 5682 2577 5749 humanitatis;
2613 5702 2717 5742 non
2746 5703 2812 5743 ex
2838 5704 2949 5747 suae
2987 5700 3191 5749 natura:
3226 5694 3578 5765 pennanslone
3600 5692 3637 5757 ⁸»
3662 5686 3741 5745 κά

2203 5788 2269 5829 ex
2290 5783 2487 5831 nostrae
2508 5779 2866 5848 susceptione.
2928 5782 2951 5799 “
3238 5800 3241 5805 λ
3272 5794 3275 5795 ⁷
3334 5798 3335 5801 η

2278 5894 2427 5981 intra.
2455 5895 2551 5937 Am.
2575 5894 2650 5939 Er.
2676 5894 2730 5963 et
2750 5897 2857 5943 Mss.
2882 5904 2991 5954 sex,
3023 5909 3120 6005 qua.
3146 5894 3304 5961 major
3325 5894 3550 5973 cetram.

2311 5948 2443 6011 Edd.,
2462 5958 2791 6012 parantem.
2818 5962 2876 6005 Αι
2896 5964 2998 6007 Mss.
3059 5966 3153 6009 attc
3176 5969 3225 6011 et
3242 5963 3461 6016 undecnn
3472 5956 3630 6011 ωιιιε..
3646 5964 3739 6015 μετ’
