  <div class='ocr_page' id='page_1' title='image "/cluster/home/n/w/nwhite01/storage/ocr_20150623/33/uva.x000669810/538.png"; bbox 0 0 4024 6374; ppageno 0'>
   <div class='ocr_carea' id='block_1_1' title="bbox 196 406 369 469">
    <p class='ocr_par' dir='ltr' id='par_1_1' title="bbox 196 406 369 469">
     <span class='ocr_line' id='line_1_1' title="bbox 196 406 369 469; baseline -0.035 0"><span class='ocrx_word' id='word_1_1' title='bbox 196 450 199 457; x_wconf 88' lang='lat'><strong><em>-</em></strong></span> <span class='ocrx_word' id='word_1_2' title='bbox 237 406 369 469; x_wconf 58' lang='grc' dir='ltr'><strong>’διδ</strong></span> 
     </span>
    </p>
   </div>
   <div class='ocr_carea' id='block_1_2' title="bbox 295 505 1813 580">
    <p class='ocr_par' dir='ltr' id='par_1_2' title="bbox 295 505 1813 580">
     <span class='ocr_line' id='line_1_2' title="bbox 295 505 1813 580; baseline -0.01 -2"><span class='ocrx_word' id='word_1_3' title='bbox 295 520 519 578; x_wconf 77' lang='lat' dir='ltr'><strong>CAPUT</strong></span> <span class='ocrx_word' id='word_1_4' title='bbox 560 518 647 572; x_wconf 76' lang='lat' dir='ltr'><strong>ill.</strong></span> <span class='ocrx_word' id='word_1_5' title='bbox 688 545 760 555; x_wconf 78' lang='lat'><strong>--</strong></span> <span class='ocrx_word' id='word_1_6' title='bbox 797 514 884 569; x_wconf 74' lang='lat'><strong>18.</strong></span> <span class='ocrx_word' id='word_1_7' title='bbox 922 512 1042 567; x_wconf 78' lang='lat' dir='ltr'><strong>Jam</strong></span> <span class='ocrx_word' id='word_1_8' title='bbox 1087 524 1226 565; x_wconf 89' lang='lat' dir='ltr'><strong>nunc</strong></span> <span class='ocrx_word' id='word_1_9' title='bbox 1285 506 1552 580; x_wconf 84' lang='lat' dir='ltr'><strong>paululum</strong></span> <span class='ocrx_word' id='word_1_10' title='bbox 1605 505 1813 563; x_wconf 83' lang='lat' dir='ltr'><strong>intuere</strong></span> 
     </span>
    </p>
   </div>
   <div class='ocr_carea' id='block_1_3' title="bbox 232 603 1813 689">
    <p class='ocr_par' dir='ltr' id='par_1_3' title="bbox 232 603 1813 689">
     <span class='ocr_line' id='line_1_3' title="bbox 232 603 1813 689; baseline -0.009 -17"><span class='ocrx_word' id='word_1_11' title='bbox 232 634 342 689; x_wconf 70' lang='lat' dir='ltr'><strong>quae</strong></span> <span class='ocrx_word' id='word_1_12' title='bbox 370 611 771 682; x_wconf 73' lang='lat' dir='ltr'><strong>Scripturarum‘</strong></span> <span class='ocrx_word' id='word_1_13' title='bbox 814 604 1024 677; x_wconf 77' lang='lat' dir='ltr'><strong>clo&#39;qu&#39;i&#39;a</strong></span> <span class='ocrx_word' id='word_1_14' title='bbox 1064 606 1160 660; x_wconf 80' lang='lat' dir='ltr'><strong>nos</strong></span> <span class='ocrx_word' id='word_1_15' title='bbox 1188 606 1377 675; x_wconf 85' lang='lat' dir='ltr'><strong>cogant</strong></span> <span class='ocrx_word' id='word_1_16' title='bbox 1426 612 1585 657; x_wconf 88' lang='lat' dir='ltr'><strong>unttm</strong></span> <span class='ocrx_word' id='word_1_17' title='bbox 1630 603 1813 658; x_wconf 88' lang='lat' dir='ltr'><strong>Domi-</strong></span> 
     </span>
    </p>
   </div>
   <div class='ocr_carea' id='block_1_4' title="bbox 230 690 1816 770">
    <p class='ocr_par' dir='ltr' id='par_1_4' title="bbox 230 690 1816 770">
     <span class='ocr_line' id='line_1_4' title="bbox 230 690 1816 770; baseline -0.011 -3"><span class='ocrx_word' id='word_1_18' title='bbox 230 700 351 768; x_wconf 82' lang='lat' dir='ltr'><strong>num</strong></span> <span class='ocrx_word' id='word_1_19' title='bbox 375 690 821 765; x_wconf 71' lang='lat' dir='ltr'><strong>Deum&#39;conliteri</strong></span> <span class='ocrx_word' id='word_1_20' title='bbox 846 745 860 770; x_wconf 93' lang='lat'><strong>,</strong></span> <span class='ocrx_word' id='word_1_21' title='bbox 888 700 1003 755; x_wconf 67' lang='lat' dir='ltr'><strong>SiVe</strong></span> <span class='ocrx_word' id='word_1_22' title='bbox 1030 700 1230 755; x_wconf 85' lang='lat' dir='ltr'><strong>tantum</strong></span> <span class='ocrx_word' id='word_1_23' title='bbox 1259 698 1325 755; x_wconf 88' lang='lat' dir='ltr'><strong>de</strong></span> <span class='ocrx_word' id='word_1_24' title='bbox 1350 692 1537 764; x_wconf 82' lang='lat' dir='ltr'><strong>Patre,</strong></span> <span class='ocrx_word' id='word_1_25' title='bbox 1568 698 1678 752; x_wconf 86' lang='lat' dir='ltr'><strong>sive</strong></span> <span class='ocrx_word' id='word_1_26' title='bbox 1700 706 1816 751; x_wconf 85' lang='lat' dir='ltr'><strong>tan-</strong></span> 
     </span>
    </p>
   </div>
   <div class='ocr_carea' id='block_1_5' title="bbox 231 786 1815 864">
    <p class='ocr_par' dir='ltr' id='par_1_5' title="bbox 231 786 1815 864">
     <span class='ocr_line' id='line_1_5' title="bbox 231 786 1815 864; baseline -0.01 -5"><span class='ocrx_word' id='word_1_27' title='bbox 231 800 338 859; x_wconf 82' lang='lat' dir='ltr'><strong>tum</strong></span> <span class='ocrx_word' id='word_1_28' title='bbox 362 801 429 855; x_wconf 81' lang='lat' dir='ltr'><strong>de</strong></span> <span class='ocrx_word' id='word_1_29' title='bbox 456 798 614 864; x_wconf 62' lang='lat' dir='ltr'><strong>Filio,</strong></span> <span class='ocrx_word' id='word_1_30' title='bbox 646 795 785 851; x_wconf 77' lang='lat' dir='ltr'><strong>sive</strong></span> <span class='ocrx_word' id='word_1_31' title='bbox 834 794 1040 850; x_wconf 84' lang='lat' dir='ltr'><strong>tantum</strong></span> <span class='ocrx_word' id='word_1_32' title='bbox 1086 791 1153 848; x_wconf 87' lang='lat' dir='ltr'><strong>de</strong></span> <span class='ocrx_word' id='word_1_33' title='bbox 1201 786 1400 862; x_wconf 92' lang='lat' dir='ltr'><strong>Spiritu</strong></span> <span class='ocrx_word' id='word_1_34' title='bbox 1451 799 1655 853; x_wconf 89' lang='lat' dir='ltr'><strong>sancto,</strong></span> <span class='ocrx_word' id='word_1_35' title='bbox 1702 788 1815 844; x_wconf 85' lang='lat' dir='ltr'><strong>sive</strong></span> 
     </span>
    </p>
   </div>
   <div class='ocr_carea' id='block_1_6' title="bbox 204 883 1811 955">
    <p class='ocr_par' dir='ltr' id='par_1_6' title="bbox 204 883 1811 955">
     <span class='ocr_line' id='line_1_6' title="bbox 204 883 1811 955; baseline -0.01 -6"><span class='ocrx_word' id='word_1_36' title='bbox 204 930 207 933; x_wconf 52' lang='grc' dir='ltr'><strong><em>λ</em></strong></span> <span class='ocrx_word' id='word_1_37' title='bbox 233 893 382 950; x_wconf 85' lang='lat' dir='ltr'><strong>simul</strong></span> <span class='ocrx_word' id='word_1_38' title='bbox 411 891 481 946; x_wconf 82' lang='lat' dir='ltr'><strong>de</strong></span> <span class='ocrx_word' id='word_1_39' title='bbox 502 887 667 944; x_wconf 59' lang='lat' dir='ltr'><strong>P‘at‘re</strong></span> <span class='ocrx_word' id='word_1_40' title='bbox 697 890 751 942; x_wconf 84' lang='lat' dir='ltr'><strong>et</strong></span> <span class='ocrx_word' id='word_1_41' title='bbox 772 884 909 942; x_wconf 71' lang='lat' dir='ltr'><strong>Filio</strong></span> <span class='ocrx_word' id='word_1_42' title='bbox 925 894 974 941; x_wconf 92' lang='lat' dir='ltr'><strong>et</strong></span> <span class='ocrx_word' id='word_1_43' title='bbox 996 884 1193 955; x_wconf 87' lang='lat' dir='ltr'><strong>Spiritu</strong></span> <span class='ocrx_word' id='word_1_44' title='bbox 1210 890 1392 939; x_wconf 89' lang='lat' dir='ltr'><strong>sancto</strong></span> <span class='ocrx_word' id='word_1_45' title='bbox 1407 883 1811 951; x_wconf 77' lang='lat' dir='ltr'><strong>interregemm.</strong></span> 
     </span>
    </p>
   </div>
   <div class='ocr_carea' id='block_1_7' title="bbox 232 970 1817 1052">
    <p class='ocr_par' dir='ltr' id='par_1_7' title="bbox 232 970 1817 1052">
     <span class='ocr_line' id='line_1_7' title="bbox 232 970 1817 1052; baseline -0.01 -11"><span class='ocrx_word' id='word_1_46' title='bbox 232 986 381 1041; x_wconf 85' lang='lat' dir='ltr'><strong>Certe</strong></span> <span class='ocrx_word' id='word_1_47' title='bbox 413 983 673 1052; x_wconf 86' lang='lat' dir='ltr'><strong>scriptum</strong></span> <span class='ocrx_word' id='word_1_48' title='bbox 702 982 784 1034; x_wconf 87' lang='lat' dir='ltr'><strong>est</strong></span> <span class='ocrx_word' id='word_1_49' title='bbox 803 1020 819 1045; x_wconf 92' lang='lat'><strong>,</strong></span> <span class='ocrx_word' id='word_1_50' title='bbox 842 977 978 1031; x_wconf 71' lang='lat' dir='ltr'><strong>Audi</strong></span> <span class='ocrx_word' id='word_1_51' title='bbox 1000 1019 1015 1043; x_wconf 92' lang='lat'><strong>,</strong></span> <span class='ocrx_word' id='word_1_52' title='bbox 1048 975 1233 1040; x_wconf 77' lang='lat' dir='ltr'><strong>Israel,</strong></span> <span class='ocrx_word' id='word_1_53' title='bbox 1260 970 1509 1028; x_wconf 84' lang='lat' dir='ltr'><strong>Dominus</strong></span> <span class='ocrx_word' id='word_1_54' title='bbox 1539 970 1676 1026; x_wconf 84' lang='lat' dir='ltr'><strong>Deus</strong></span> <span class='ocrx_word' id='word_1_55' title='bbox 1703 980 1817 1026; x_wconf 86' lang='lat' dir='ltr'><strong>tuus</strong></span> 
     </span>
    </p>
   </div>
   <div class='ocr_carea' id='block_1_8' title="bbox 204 1064 1817 1145">
    <p class='ocr_par' dir='ltr' id='par_1_8' title="bbox 204 1064 1817 1145">
     <span class='ocr_line' id='line_1_8' title="bbox 204 1064 1817 1145; baseline -0.008 -13"><span class='ocrx_word' id='word_1_56' title='bbox 204 1094 211 1103; x_wconf 70' lang='lat'><strong>&#39;</strong></span> <span class='ocrx_word' id='word_1_57' title='bbox 235 1077 475 1132; x_wconf 79' lang='lat' dir='ltr'><strong>Dominus</strong></span> <span class='ocrx_word' id='word_1_58' title='bbox 493 1078 626 1129; x_wconf 88' lang='lat' dir='ltr'><strong>unus</strong></span> <span class='ocrx_word' id='word_1_59' title='bbox 652 1084 726 1128; x_wconf 82' lang='lat' dir='ltr'><strong>est</strong></span> <span class='ocrx_word' id='word_1_60' title='bbox 750 1072 921 1145; x_wconf 88' lang='lat' dir='ltr'><strong>(Deut.</strong></span> <span class='ocrx_word' id='word_1_61' title='bbox 947 1087 1024 1138; x_wconf 74' lang='lat' dir='ltr'><strong>vr,</strong></span> <span class='ocrx_word' id='word_1_62' title='bbox 1053 1068 1108 1143; x_wconf 71' lang='grc'><strong>4)</strong></span> <span class='ocrx_word' id='word_1_63' title='bbox 1140 1090 1151 1125; x_wconf 88' lang='lat'>:</span> <span class='ocrx_word' id='word_1_64' title='bbox 1188 1070 1253 1126; x_wconf 90' lang='lat' dir='ltr'><strong>de</strong></span> <span class='ocrx_word' id='word_1_65' title='bbox 1279 1086 1383 1140; x_wconf 90' lang='lat' dir='ltr'><strong>quo</strong></span> <span class='ocrx_word' id='word_1_66' title='bbox 1404 1064 1601 1123; x_wconf 85' lang='lat' dir='ltr'><strong>dictum</strong></span> <span class='ocrx_word' id='word_1_67' title='bbox 1622 1066 1817 1138; x_wconf 86' lang='lat' dir='ltr'><strong>putas?</strong></span> 
     </span>
    </p>
   </div>
   <div class='ocr_carea' id='block_1_9' title="bbox 207 1154 1818 1245">
    <p class='ocr_par' dir='ltr' id='par_1_9' title="bbox 207 1154 1818 1245">
     <span class='ocr_line' id='line_1_9' title="bbox 207 1154 1818 1245; baseline -0.007 -21"><span class='ocrx_word' id='word_1_68' title='bbox 207 1154 285 1224; x_wconf 56' lang='lat' dir='ltr'><strong>‘Si</strong></span> <span class='ocrx_word' id='word_1_69' title='bbox 312 1176 513 1222; x_wconf 85' lang='lat' dir='ltr'><strong>tantum</strong></span> <span class='ocrx_word' id='word_1_70' title='bbox 544 1167 612 1221; x_wconf 90' lang='lat' dir='ltr'><strong>de</strong></span> <span class='ocrx_word' id='word_1_71' title='bbox 639 1164 818 1231; x_wconf 87' lang='lat' dir='ltr'><strong>Patre,</strong></span> <span class='ocrx_word' id='word_1_72' title='bbox 851 1178 959 1219; x_wconf 90' lang='lat' dir='ltr'><strong>non</strong></span> <span class='ocrx_word' id='word_1_73' title='bbox 1007 1172 1089 1219; x_wconf 91' lang='lat' dir='ltr'><strong>est</strong></span> <span class='ocrx_word' id='word_1_74' title='bbox 1138 1162 1395 1217; x_wconf 88' lang='lat' dir='ltr'><strong>Dominus</strong></span> <span class='ocrx_word' id='word_1_75' title='bbox 1445 1160 1586 1245; x_wconf 81' lang='lat' dir='ltr'><strong>Deus</strong></span> <span class='ocrx_word' id='word_1_76' title='bbox 1637 1164 1818 1213; x_wconf 79' lang='lat' dir='ltr'><strong>noster</strong></span> 
     </span>
    </p>
   </div>
   <div class='ocr_carea' id='block_1_10' title="bbox 232 1250 1815 1323">
    <p class='ocr_par' dir='ltr' id='par_1_10' title="bbox 232 1250 1815 1323">
     <span class='ocr_line' id='line_1_10' title="bbox 232 1250 1815 1323; baseline -0.007 -8"><span class='ocrx_word' id='word_1_77' title='bbox 232 1261 383 1317; x_wconf 85' lang='lat' dir='ltr'><strong>Jesus</strong></span> <span class='ocrx_word' id='word_1_78' title='bbox 436 1250 687 1313; x_wconf 79' lang='lat' dir='ltr'><strong>Christus</strong></span> <span class='ocrx_word' id='word_1_79' title='bbox 713 1274 725 1311; x_wconf 90' lang='lat'>:</span> <span class='ocrx_word' id='word_1_80' title='bbox 754 1266 807 1311; x_wconf 86' lang='lat' dir='ltr'><strong>et</strong></span> <span class='ocrx_word' id='word_1_81' title='bbox 852 1252 944 1311; x_wconf 88' lang='lat' dir='ltr'><strong>ubi</strong></span> <span class='ocrx_word' id='word_1_82' title='bbox 982 1264 1064 1310; x_wconf 91' lang='lat' dir='ltr'><strong>est</strong></span> <span class='ocrx_word' id='word_1_83' title='bbox 1086 1268 1187 1309; x_wconf 82' lang='lat' dir='ltr'><strong>vox</strong></span> <span class='ocrx_word' id='word_1_84' title='bbox 1215 1254 1304 1308; x_wconf 91' lang='lat' dir='ltr'><strong>illa</strong></span> <span class='ocrx_word' id='word_1_85' title='bbox 1332 1253 1595 1323; x_wconf 75' lang='lat' dir='ltr'><strong>tangentis</strong></span> <span class='ocrx_word' id='word_1_86' title='bbox 1624 1259 1678 1307; x_wconf 90' lang='lat' dir='ltr'><strong>et</strong></span> <span class='ocrx_word' id='word_1_87' title='bbox 1703 1250 1815 1306; x_wconf 80' lang='lat' dir='ltr'><strong>cla—</strong></span> 
     </span>
    </p>
   </div>
   <div class='ocr_carea' id='block_1_11' title="bbox 230 1345 1818 1418">
    <p class='ocr_par' dir='ltr' id='par_1_11' title="bbox 230 1345 1818 1418">
     <span class='ocr_line' id='line_1_11' title="bbox 230 1345 1818 1418; baseline -0.006 -9"><span class='ocrx_word' id='word_1_88' title='bbox 230 1354 451 1417; x_wconf 85' lang='lat' dir='ltr'><strong>mantis,</strong></span> <span class='ocrx_word' id='word_1_89' title='bbox 486 1353 739 1407; x_wconf 84' lang='lat' dir='ltr'><strong>Dominus</strong></span> <span class='ocrx_word' id='word_1_90' title='bbox 769 1350 905 1406; x_wconf 83' lang='lat' dir='ltr'><strong>meus</strong></span> <span class='ocrx_word' id='word_1_91' title='bbox 930 1352 978 1405; x_wconf 86' lang='lat' dir='ltr'><strong>et</strong></span> <span class='ocrx_word' id='word_1_92' title='bbox 1006 1348 1144 1404; x_wconf 83' lang='lat' dir='ltr'><strong>Deus</strong></span> <span class='ocrx_word' id='word_1_93' title='bbox 1171 1364 1341 1412; x_wconf 87' lang='lat' dir='ltr'><strong>meus;</strong></span> <span class='ocrx_word' id='word_1_94' title='bbox 1377 1362 1533 1418; x_wconf 88' lang='lat' dir='ltr'><strong>quam</strong></span> <span class='ocrx_word' id='word_1_95' title='bbox 1575 1345 1818 1401; x_wconf 81' lang='lat' dir='ltr'><strong>Christus</strong></span> 
     </span>
    </p>
   </div>
   <div class='ocr_carea' id='block_1_12' title="bbox 233 1432 1818 1515">
    <p class='ocr_par' dir='ltr' id='par_1_12' title="bbox 233 1432 1818 1515">
     <span class='ocr_line' id='line_1_12' title="bbox 233 1432 1818 1515; baseline -0.006 -16"><span class='ocrx_word' id='word_1_96' title='bbox 233 1446 339 1515; x_wconf 86' lang='lat' dir='ltr'><strong>ipse</strong></span> <span class='ocrx_word' id='word_1_97' title='bbox 367 1460 472 1499; x_wconf 88' lang='lat' dir='ltr'><strong>non</strong></span> <span class='ocrx_word' id='word_1_98' title='bbox 510 1443 878 1514; x_wconf 84' lang='lat' dir='ltr'><strong>reprehendit,</strong></span> <span class='ocrx_word' id='word_1_99' title='bbox 923 1440 1017 1496; x_wconf 89' lang='lat' dir='ltr'><strong>sed</strong></span> <span class='ocrx_word' id='word_1_100' title='bbox 1049 1440 1392 1510; x_wconf 78' lang='lat' dir='ltr'><strong>approbavit,</strong></span> <span class='ocrx_word' id='word_1_101' title='bbox 1423 1438 1605 1492; x_wconf 86' lang='lat' dir='ltr'><strong>dicens</strong></span> <span class='ocrx_word' id='word_1_102' title='bbox 1626 1479 1653 1513; x_wconf 19' lang='grc' dir='ltr'><strong>,ν</strong></span> <span class='ocrx_word' id='word_1_103' title='bbox 1684 1432 1818 1501; x_wconf 97' lang='lat' dir='ltr'><strong>Quia</strong></span> 
     </span>
    </p>
   </div>
   <div class='ocr_carea' id='block_1_13' title="bbox 230 1527 1819 1604">
    <p class='ocr_par' dir='ltr' id='par_1_13' title="bbox 230 1527 1819 1604">
     <span class='ocr_line' id='line_1_13' title="bbox 230 1527 1819 1604; baseline -0.004 -16"><span class='ocrx_word' id='word_1_104' title='bbox 230 1534 393 1588; x_wconf 68' lang='lat' dir='ltr'><strong>vidisti</strong></span> <span class='ocrx_word' id='word_1_105' title='bbox 424 1540 524 1601; x_wconf 83' lang='lat' dir='ltr'><strong>me,</strong></span> <span class='ocrx_word' id='word_1_106' title='bbox 556 1535 817 1589; x_wconf 76' lang='lat' dir='ltr'><strong>credidisti</strong></span> <span class='ocrx_word' id='word_1_107' title='bbox 839 1530 1015 1604; x_wconf 80' lang='lat' dir='ltr'><strong>(Joan.</strong></span> <span class='ocrx_word' id='word_1_108' title='bbox 1041 1536 1134 1597; x_wconf 69' lang='lat' dir='ltr'><strong>‘xx,</strong></span> <span class='ocrx_word' id='word_1_109' title='bbox 1159 1527 1291 1600; x_wconf 66' lang='lat'><strong>28)?</strong></span> <span class='ocrx_word' id='word_1_110' title='bbox 1314 1530 1480 1584; x_wconf 84' lang='lat' dir='ltr'><strong>Porro</strong></span> <span class='ocrx_word' id='word_1_111' title='bbox 1506 1529 1549 1583; x_wconf 88' lang='lat' dir='ltr'><strong>si</strong></span> <span class='ocrx_word' id='word_1_112' title='bbox 1573 1537 1626 1583; x_wconf 90' lang='lat' dir='ltr'><strong>et</strong></span> <span class='ocrx_word' id='word_1_113' title='bbox 1646 1527 1819 1582; x_wconf 76' lang='lat' dir='ltr'><strong>Filius</strong></span> 
     </span>
    </p>
   </div>
   <div class='ocr_carea' id='block_1_14' title="bbox 231 1620 1821 1689">
    <p class='ocr_par' dir='ltr' id='par_1_14' title="bbox 231 1620 1821 1689">
     <span class='ocr_line' id='line_1_14' title="bbox 231 1620 1821 1689; baseline -0.006 -6"><span class='ocrx_word' id='word_1_114' title='bbox 231 1625 484 1683; x_wconf 86' lang='lat' dir='ltr'><strong>Dominus</strong></span> <span class='ocrx_word' id='word_1_115' title='bbox 506 1624 660 1682; x_wconf 86' lang='lat' dir='ltr'><strong>Deus</strong></span> <span class='ocrx_word' id='word_1_116' title='bbox 710 1636 805 1689; x_wconf 87' lang='lat' dir='ltr'><strong>est,</strong></span> <span class='ocrx_word' id='word_1_117' title='bbox 832 1626 889 1680; x_wconf 87' lang='lat' dir='ltr'><strong>et</strong></span> <span class='ocrx_word' id='word_1_118' title='bbox 929 1624 1085 1679; x_wconf 84' lang='lat' dir='ltr'><strong>Pater</strong></span> <span class='ocrx_word' id='word_1_119' title='bbox 1139 1620 1392 1678; x_wconf 82' lang='lat' dir='ltr'><strong>Dominus</strong></span> <span class='ocrx_word' id='word_1_120' title='bbox 1438 1622 1575 1675; x_wconf 81' lang='lat' dir='ltr'><strong>Deus</strong></span> <span class='ocrx_word' id='word_1_121' title='bbox 1614 1625 1713 1688; x_wconf 87' lang='lat' dir='ltr'><strong>est,</strong></span> <span class='ocrx_word' id='word_1_122' title='bbox 1767 1628 1821 1674; x_wconf 88' lang='lat' dir='ltr'><strong>et</strong></span> 
     </span>
    </p>
   </div>
   <div class='ocr_carea' id='block_1_15' title="bbox 232 1712 1817 1789">
    <p class='ocr_par' dir='ltr' id='par_1_15' title="bbox 232 1712 1817 1789">
     <span class='ocr_line' id='line_1_15' title="bbox 232 1712 1817 1789; baseline -0.004 -16"><span class='ocrx_word' id='word_1_123' title='bbox 232 1712 383 1775; x_wconf 87' lang='lat' dir='ltr'><strong>ambo</strong></span> <span class='ocrx_word' id='word_1_124' title='bbox 401 1720 513 1789; x_wconf 85' lang='lat' dir='ltr'><strong>jam</strong></span> <span class='ocrx_word' id='word_1_125' title='bbox 553 1719 663 1776; x_wconf 87' lang='lat' dir='ltr'><strong>duo</strong></span> <span class='ocrx_word' id='word_1_126' title='bbox 688 1716 888 1775; x_wconf 83' lang='lat' dir='ltr'><strong>domini</strong></span> <span class='ocrx_word' id='word_1_127' title='bbox 916 1720 969 1773; x_wconf 89' lang='lat' dir='ltr'><strong>et</strong></span> <span class='ocrx_word' id='word_1_128' title='bbox 1003 1716 1107 1771; x_wconf 90' lang='lat' dir='ltr'><strong>duo</strong></span> <span class='ocrx_word' id='word_1_129' title='bbox 1134 1715 1242 1779; x_wconf 89' lang='lat' dir='ltr'><strong>dii,</strong></span> <span class='ocrx_word' id='word_1_130' title='bbox 1277 1712 1541 1787; x_wconf 89' lang='lat' dir='ltr'><strong>quomodo</strong></span> <span class='ocrx_word' id='word_1_131' title='bbox 1586 1712 1685 1767; x_wconf 89' lang='lat' dir='ltr'><strong>erit</strong></span> <span class='ocrx_word' id='word_1_132' title='bbox 1728 1727 1817 1767; x_wconf 86' lang='lat' dir='ltr'><strong>vc-</strong></span> 
     </span>
    </p>
   </div>
   <div class='ocr_carea' id='block_1_16' title="bbox 230 1800 1820 1879">
    <p class='ocr_par' dir='ltr' id='par_1_16' title="bbox 230 1800 1820 1879">
     <span class='ocr_line' id='line_1_16' title="bbox 230 1800 1820 1879; baseline -0.005 -12"><span class='ocrx_word' id='word_1_133' title='bbox 230 1826 363 1879; x_wconf 88' lang='lat' dir='ltr'><strong>rum,</strong></span> <span class='ocrx_word' id='word_1_134' title='bbox 399 1806 660 1869; x_wconf 79' lang='lat' dir='ltr'><strong>Dominus</strong></span> <span class='ocrx_word' id='word_1_135' title='bbox 685 1813 821 1867; x_wconf 87' lang='lat' dir='ltr'><strong>Dens</strong></span> <span class='ocrx_word' id='word_1_136' title='bbox 849 1818 962 1867; x_wconf 84' lang='lat' dir='ltr'><strong>tuus</strong></span> <span class='ocrx_word' id='word_1_137' title='bbox 988 1800 1233 1865; x_wconf 80' lang='lat' dir='ltr'><strong>Dominus</strong></span> <span class='ocrx_word' id='word_1_138' title='bbox 1262 1824 1391 1862; x_wconf 87' lang='lat' dir='ltr'><strong>unus</strong></span> <span class='ocrx_word' id='word_1_139' title='bbox 1430 1806 1543 1860; x_wconf 89' lang='lat' dir='ltr'><strong>est?</strong></span> <span class='ocrx_word' id='word_1_140' title='bbox 1578 1806 1658 1859; x_wconf 76' lang='lat' dir='ltr'><strong>An</strong></span> <span class='ocrx_word' id='word_1_141' title='bbox 1688 1804 1820 1859; x_wconf 81' lang='lat' dir='ltr'><strong>forte</strong></span> 
     </span>
    </p>
   </div>
   <div class='ocr_carea' id='block_1_17' title="bbox 228 1898 1818 1972">
    <p class='ocr_par' dir='ltr' id='par_1_17' title="bbox 228 1898 1818 1972">
     <span class='ocr_line' id='line_1_17' title="bbox 228 1898 1818 1972; baseline -0.006 -11"><span class='ocrx_word' id='word_1_142' title='bbox 228 1906 380 1962; x_wconf 84' lang='lat' dir='ltr'><strong>Pater</strong></span> <span class='ocrx_word' id='word_1_143' title='bbox 409 1917 495 1963; x_wconf 87' lang='lat' dir='ltr'><strong>est</strong></span> <span class='ocrx_word' id='word_1_144' title='bbox 522 1924 667 1964; x_wconf 88' lang='lat' dir='ltr'><strong>unus</strong></span> <span class='ocrx_word' id='word_1_145' title='bbox 694 1906 948 1962; x_wconf 88' lang='lat' dir='ltr'><strong>Dominus</strong></span> <span class='ocrx_word' id='word_1_146' title='bbox 970 1948 984 1972; x_wconf 94' lang='lat'><strong>,</strong></span> <span class='ocrx_word' id='word_1_147' title='bbox 1017 1902 1181 1959; x_wconf 85' lang='lat' dir='ltr'><strong>Filius</strong></span> <span class='ocrx_word' id='word_1_148' title='bbox 1211 1910 1385 1956; x_wconf 91' lang='lat' dir='ltr'><strong>autem</strong></span> <span class='ocrx_word' id='word_1_149' title='bbox 1416 1916 1521 1955; x_wconf 92' lang='lat' dir='ltr'><strong>non</strong></span> <span class='ocrx_word' id='word_1_150' title='bbox 1548 1914 1684 1955; x_wconf 90' lang='lat' dir='ltr'><strong>unus</strong></span> <span class='ocrx_word' id='word_1_151' title='bbox 1710 1898 1818 1952; x_wconf 89' lang='lat' dir='ltr'><strong>Do-</strong></span> 
     </span>
    </p>
   </div>
   <div class='ocr_carea' id='block_1_18' title="bbox 228 1989 1821 2065">
    <p class='ocr_par' dir='ltr' id='par_1_18' title="bbox 228 1989 1821 2065">
     <span class='ocr_line' id='line_1_18' title="bbox 228 1989 1821 2065; baseline -0.005 -12"><span class='ocrx_word' id='word_1_152' title='bbox 228 2000 418 2065; x_wconf 88' lang='lat' dir='ltr'><strong>minus,</strong></span> <span class='ocrx_word' id='word_1_153' title='bbox 453 2000 551 2055; x_wconf 90' lang='lat' dir='ltr'><strong>sed</strong></span> <span class='ocrx_word' id='word_1_154' title='bbox 578 2004 787 2055; x_wconf 84' lang='lat' dir='ltr'><strong>tantum</strong></span> <span class='ocrx_word' id='word_1_155' title='bbox 809 1996 1095 2060; x_wconf 89' lang='lat' dir='ltr'><strong>Dominus,</strong></span> <span class='ocrx_word' id='word_1_156' title='bbox 1137 1995 1273 2049; x_wconf 88' lang='lat' dir='ltr'><strong>sicut</strong></span> <span class='ocrx_word' id='word_1_157' title='bbox 1300 2001 1423 2049; x_wconf 88' lang='lat' dir='ltr'><strong>sunt</strong></span> <span class='ocrx_word' id='word_1_158' title='bbox 1463 1991 1534 2047; x_wconf 88' lang='lat' dir='ltr'><strong>dii</strong></span> <span class='ocrx_word' id='word_1_159' title='bbox 1579 1989 1727 2046; x_wconf 92' lang='lat' dir='ltr'><strong>multi</strong></span> <span class='ocrx_word' id='word_1_160' title='bbox 1767 1998 1821 2045; x_wconf 91' lang='lat' dir='ltr'><strong>et</strong></span> 
     </span>
    </p>
   </div>
   <div class='ocr_carea' id='block_1_19' title="bbox 229 2084 1819 2159">
    <p class='ocr_par' dir='ltr' id='par_1_19' title="bbox 229 2084 1819 2159">
     <span class='ocr_line' id='line_1_19' title="bbox 229 2084 1819 2159; baseline -0.004 -17"><span class='ocrx_word' id='word_1_161' title='bbox 229 2089 427 2145; x_wconf 84' lang='lat' dir='ltr'><strong>domini</strong></span> <span class='ocrx_word' id='word_1_162' title='bbox 467 2092 650 2159; x_wconf 87' lang='lat' dir='ltr'><strong>multi,</strong></span> <span class='ocrx_word' id='word_1_163' title='bbox 691 2106 796 2145; x_wconf 89' lang='lat' dir='ltr'><strong>non</strong></span> <span class='ocrx_word' id='word_1_164' title='bbox 835 2089 970 2143; x_wconf 80' lang='lat' dir='ltr'><strong>sicut</strong></span> <span class='ocrx_word' id='word_1_165' title='bbox 998 2088 1086 2143; x_wconf 90' lang='lat' dir='ltr'><strong>ille</strong></span> <span class='ocrx_word' id='word_1_166' title='bbox 1116 2090 1252 2141; x_wconf 89' lang='lat' dir='ltr'><strong>unus</strong></span> <span class='ocrx_word' id='word_1_167' title='bbox 1292 2084 1357 2140; x_wconf 89' lang='lat' dir='ltr'><strong>de</strong></span> <span class='ocrx_word' id='word_1_168' title='bbox 1409 2099 1515 2155; x_wconf 90' lang='lat' dir='ltr'><strong>quo</strong></span> <span class='ocrx_word' id='word_1_169' title='bbox 1562 2084 1819 2153; x_wconf 90' lang='lat' dir='ltr'><strong>scriptum</strong></span> 
     </span>
    </p>
   </div>
   <div class='ocr_carea' id='block_1_20' title="bbox 233 2172 1821 2250">
    <p class='ocr_par' dir='ltr' id='par_1_20' title="bbox 233 2172 1821 2250">
     <span class='ocr_line' id='line_1_20' title="bbox 233 2172 1821 2250; baseline -0.006 -13"><span class='ocrx_word' id='word_1_170' title='bbox 233 2190 329 2250; x_wconf 86' lang='lat' dir='ltr'><strong>est,</strong></span> <span class='ocrx_word' id='word_1_171' title='bbox 374 2182 633 2239; x_wconf 76' lang='lat' dir='ltr'><strong>Dominus</strong></span> <span class='ocrx_word' id='word_1_172' title='bbox 675 2200 806 2238; x_wconf 88' lang='lat' dir='ltr'><strong>unus</strong></span> <span class='ocrx_word' id='word_1_173' title='bbox 843 2183 959 2236; x_wconf 85' lang='lat' dir='ltr'><strong>est?</strong></span> <span class='ocrx_word' id='word_1_174' title='bbox 1014 2180 1149 2249; x_wconf 88' lang='lat' dir='ltr'><strong>Quid</strong></span> <span class='ocrx_word' id='word_1_175' title='bbox 1205 2172 1330 2249; x_wconf 84' lang='lat' dir='ltr'><strong>ergo</strong></span> <span class='ocrx_word' id='word_1_176' title='bbox 1380 2174 1821 2246; x_wconf 84' lang='lat' dir='ltr'><strong>respondebimus</strong></span> 
     </span>
    </p>
   </div>
   <div class='ocr_carea' id='block_1_21' title="bbox 231 2262 1823 2344">
    <p class='ocr_par' dir='ltr' id='par_1_21' title="bbox 231 2262 1823 2344">
     <span class='ocr_line' id='line_1_21' title="bbox 231 2262 1823 2344; baseline -0.004 -16"><span class='ocrx_word' id='word_1_177' title='bbox 231 2276 485 2344; x_wconf 88' lang='lat' dir='ltr'><strong>Apostolo</strong></span> <span class='ocrx_word' id='word_1_178' title='bbox 515 2278 717 2333; x_wconf 87' lang='lat' dir='ltr'><strong>dicenti</strong></span> <span class='ocrx_word' id='word_1_179' title='bbox 749 2295 761 2329; x_wconf 94' lang='lat'>:</span> <span class='ocrx_word' id='word_1_180' title='bbox 794 2262 933 2329; x_wconf 77' lang='lat' dir='ltr'><strong>Nam</strong></span> <span class='ocrx_word' id='word_1_181' title='bbox 963 2274 1051 2328; x_wconf 87' lang='lat' dir='ltr'><strong>etsi</strong></span> <span class='ocrx_word' id='word_1_182' title='bbox 1071 2274 1184 2326; x_wconf 89' lang='lat' dir='ltr'><strong>sunt</strong></span> <span class='ocrx_word' id='word_1_183' title='bbox 1215 2273 1299 2342; x_wconf 92' lang='lat' dir='ltr'><strong>qui</strong></span> <span class='ocrx_word' id='word_1_184' title='bbox 1336 2271 1569 2324; x_wconf 86' lang='lat' dir='ltr'><strong>dicuntur</strong></span> <span class='ocrx_word' id='word_1_185' title='bbox 1596 2268 1697 2335; x_wconf 87' lang='lat' dir='ltr'><strong>dii,</strong></span> <span class='ocrx_word' id='word_1_186' title='bbox 1722 2266 1823 2323; x_wconf 88' lang='lat' dir='ltr'><strong>sive</strong></span> 
     </span>
    </p>
   </div>
   <div class='ocr_carea' id='block_1_22' title="bbox 228 2354 1823 2437">
    <p class='ocr_par' dir='ltr' id='par_1_22' title="bbox 228 2354 1823 2437">
     <span class='ocr_line' id='line_1_22' title="bbox 228 2354 1823 2437; baseline -0.003 -17"><span class='ocrx_word' id='word_1_187' title='bbox 228 2368 282 2422; x_wconf 87' lang='lat' dir='ltr'><strong>in</strong></span> <span class='ocrx_word' id='word_1_188' title='bbox 309 2370 453 2437; x_wconf 77' lang='lat' dir='ltr'><strong>caelo,</strong></span> <span class='ocrx_word' id='word_1_189' title='bbox 488 2373 596 2426; x_wconf 83' lang='lat' dir='ltr'><strong>sive</strong></span> <span class='ocrx_word' id='word_1_190' title='bbox 619 2371 672 2425; x_wconf 91' lang='lat' dir='ltr'><strong>in</strong></span> <span class='ocrx_word' id='word_1_191' title='bbox 711 2378 863 2436; x_wconf 89' lang='lat' dir='ltr'><strong>terra,</strong></span> <span class='ocrx_word' id='word_1_192' title='bbox 896 2369 1023 2423; x_wconf 80' lang='lat' dir='ltr'><strong>sicut</strong></span> <span class='ocrx_word' id='word_1_193' title='bbox 1074 2376 1191 2420; x_wconf 87' lang='lat' dir='ltr'><strong>sunt</strong></span> <span class='ocrx_word' id='word_1_194' title='bbox 1234 2365 1303 2418; x_wconf 87' lang='lat' dir='ltr'><strong>dii</strong></span> <span class='ocrx_word' id='word_1_195' title='bbox 1350 2354 1495 2419; x_wconf 74' lang='lat' dir='ltr'><strong>multi</strong></span> <span class='ocrx_word' id='word_1_196' title='bbox 1541 2372 1587 2417; x_wconf 87' lang='lat' dir='ltr'><strong>et</strong></span> <span class='ocrx_word' id='word_1_197' title='bbox 1632 2361 1823 2417; x_wconf 82' lang='lat' dir='ltr'><strong>domini</strong></span> 
     </span>
    </p>
   </div>
   <div class='ocr_carea' id='block_1_23' title="bbox 234 2455 1824 2528">
    <p class='ocr_par' dir='ltr' id='par_1_23' title="bbox 234 2455 1824 2528">
     <span class='ocr_line' id='line_1_23' title="bbox 234 2455 1824 2528; baseline -0.004 -15"><span class='ocrx_word' id='word_1_198' title='bbox 234 2461 375 2514; x_wconf 84' lang='lat' dir='ltr'><strong>multi</strong></span> <span class='ocrx_word' id='word_1_199' title='bbox 397 2479 415 2528; x_wconf 87' lang='lat'><strong><em>;</em></strong></span> <span class='ocrx_word' id='word_1_200' title='bbox 439 2463 586 2518; x_wconf 79' lang='lat' dir='ltr'><strong>nabis</strong></span> <span class='ocrx_word' id='word_1_201' title='bbox 610 2472 775 2516; x_wconf 87' lang='lat' dir='ltr'><strong>tamen</strong></span> <span class='ocrx_word' id='word_1_202' title='bbox 800 2477 927 2515; x_wconf 89' lang='lat' dir='ltr'><strong>unus</strong></span> <span class='ocrx_word' id='word_1_203' title='bbox 954 2457 1086 2512; x_wconf 87' lang='lat' dir='ltr'><strong>Deus</strong></span> <span class='ocrx_word' id='word_1_204' title='bbox 1114 2456 1290 2522; x_wconf 87' lang='lat' dir='ltr'><strong>Pater,</strong></span> <span class='ocrx_word' id='word_1_205' title='bbox 1324 2472 1385 2509; x_wconf 73' lang='lat' dir='ltr'><strong>ea:</strong></span> <span class='ocrx_word' id='word_1_206' title='bbox 1409 2471 1507 2525; x_wconf 88' lang='lat' dir='ltr'><strong>quo</strong></span> <span class='ocrx_word' id='word_1_207' title='bbox 1533 2455 1702 2508; x_wconf 83' lang='lat' dir='ltr'><strong>omnia</strong></span> <span class='ocrx_word' id='word_1_208' title='bbox 1725 2495 1739 2519; x_wconf 94' lang='lat'><strong>,</strong></span> <span class='ocrx_word' id='word_1_209' title='bbox 1778 2461 1824 2507; x_wconf 86' lang='lat' dir='ltr'><strong>et</strong></span> 
     </span>
    </p>
   </div>
   <div class='ocr_carea' id='block_1_24' title="bbox 232 2546 1825 2626">
    <p class='ocr_par' dir='ltr' id='par_1_24' title="bbox 232 2546 1825 2626">
     <span class='ocr_line' id='line_1_24' title="bbox 232 2546 1825 2626; baseline -0.002 -22"><span class='ocrx_word' id='word_1_210' title='bbox 232 2567 321 2606; x_wconf 86' lang='lat' dir='ltr'><strong>nos</strong></span> <span class='ocrx_word' id='word_1_211' title='bbox 340 2553 393 2608; x_wconf 85' lang='lat' dir='ltr'><strong>in</strong></span> <span class='ocrx_word' id='word_1_212' title='bbox 416 2556 532 2626; x_wconf 88' lang='lat' dir='ltr'><strong>ipso</strong></span> <span class='ocrx_word' id='word_1_213' title='bbox 557 2574 576 2622; x_wconf 89' lang='lat'><strong><em>;</em></strong></span> <span class='ocrx_word' id='word_1_214' title='bbox 604 2560 651 2610; x_wconf 82' lang='lat' dir='ltr'><strong>et</strong></span> <span class='ocrx_word' id='word_1_215' title='bbox 678 2569 807 2609; x_wconf 82' lang='lat' dir='ltr'><strong>unus</strong></span> <span class='ocrx_word' id='word_1_216' title='bbox 832 2551 1081 2605; x_wconf 86' lang='lat' dir='ltr'><strong>Dominus</strong></span> <span class='ocrx_word' id='word_1_217' title='bbox 1102 2558 1267 2603; x_wconf 83' lang='lat' dir='ltr'><strong>noster</strong></span> <span class='ocrx_word' id='word_1_218' title='bbox 1286 2548 1436 2602; x_wconf 82' lang='lat' dir='ltr'><strong>.Iesus</strong></span> <span class='ocrx_word' id='word_1_219' title='bbox 1464 2546 1710 2613; x_wconf 85' lang='lat' dir='ltr'><strong>Christus,</strong></span> <span class='ocrx_word' id='word_1_220' title='bbox 1737 2562 1825 2619; x_wconf 85' lang='lat' dir='ltr'><strong>per</strong></span> 
     </span>
    </p>
   </div>
   <div class='ocr_carea' id='block_1_25' title="bbox 232 2636 1825 2715">
    <p class='ocr_par' dir='ltr' id='par_1_25' title="bbox 232 2636 1825 2715">
     <span class='ocr_line' id='line_1_25' title="bbox 232 2636 1825 2715; baseline -0.004 -18"><span class='ocrx_word' id='word_1_221' title='bbox 232 2659 375 2713; x_wconf 84' lang='lat' dir='ltr'><strong>quem</strong></span> <span class='ocrx_word' id='word_1_222' title='bbox 402 2650 599 2714; x_wconf 88' lang='lat' dir='ltr'><strong>omnia,</strong></span> <span class='ocrx_word' id='word_1_223' title='bbox 644 2655 691 2701; x_wconf 88' lang='lat' dir='ltr'><strong>et</strong></span> <span class='ocrx_word' id='word_1_224' title='bbox 738 2661 829 2699; x_wconf 88' lang='lat' dir='ltr'><strong>nos</strong></span> <span class='ocrx_word' id='word_1_225' title='bbox 873 2658 961 2715; x_wconf 83' lang='lat' dir='ltr'><strong>per</strong></span> <span class='ocrx_word' id='word_1_226' title='bbox 999 2642 1165 2713; x_wconf 88' lang='lat' dir='ltr'><strong>ipsum</strong></span> <span class='ocrx_word' id='word_1_227' title='bbox 1222 2636 1266 2714; x_wconf 85' lang='grc' dir='ltr'><strong>(Ι</strong></span> <span class='ocrx_word' id='word_1_228' title='bbox 1294 2639 1413 2694; x_wconf 86' lang='lat' dir='ltr'><strong>Cor.</strong></span> <span class='ocrx_word' id='word_1_229' title='bbox 1455 2654 1567 2706; x_wconf 77' lang='lat' dir='ltr'><strong>vni,</strong></span> <span class='ocrx_word' id='word_1_230' title='bbox 1618 2639 1669 2703; x_wconf 82' lang='lat'><strong>5,</strong></span> <span class='ocrx_word' id='word_1_231' title='bbox 1728 2636 1825 2707; x_wconf 85' lang='lat'><strong>6)?</strong></span> 
     </span>
    </p>
   </div>
   <div class='ocr_carea' id='block_1_26' title="bbox 232 2731 1826 2811">
    <p class='ocr_par' dir='ltr' id='par_1_26' title="bbox 232 2731 1826 2811">
     <span class='ocr_line' id='line_1_26' title="bbox 232 2731 1826 2811; baseline -0.002 -23"><span class='ocrx_word' id='word_1_232' title='bbox 232 2732 399 2791; x_wconf 85' lang='lat' dir='ltr'><strong>Porro</strong></span> <span class='ocrx_word' id='word_1_233' title='bbox 439 2740 484 2794; x_wconf 89' lang='lat' dir='ltr'><strong>si</strong></span> <span class='ocrx_word' id='word_1_234' title='bbox 530 2737 674 2811; x_wconf 89' lang='lat' dir='ltr'><strong>quod</strong></span> <span class='ocrx_word' id='word_1_235' title='bbox 708 2737 774 2793; x_wconf 91' lang='lat' dir='ltr'><strong>de</strong></span> <span class='ocrx_word' id='word_1_236' title='bbox 809 2751 914 2791; x_wconf 87' lang='lat' dir='ltr'><strong>uno</strong></span> <span class='ocrx_word' id='word_1_237' title='bbox 947 2736 1055 2790; x_wconf 91' lang='lat' dir='ltr'><strong>Deo</strong></span> <span class='ocrx_word' id='word_1_238' title='bbox 1092 2734 1250 2788; x_wconf 81' lang='lat' dir='ltr'><strong>Patre</strong></span> <span class='ocrx_word' id='word_1_239' title='bbox 1280 2732 1507 2799; x_wconf 85' lang='lat' dir='ltr'><strong>dicitur,</strong></span> <span class='ocrx_word' id='word_1_240' title='bbox 1537 2732 1677 2801; x_wconf 84' lang='lat' dir='ltr'><strong>cogit</strong></span> <span class='ocrx_word' id='word_1_241' title='bbox 1704 2731 1826 2787; x_wconf 89' lang='lat' dir='ltr'><strong>inde</strong></span> 
     </span>
    </p>
   </div>
   <div class='ocr_carea' id='block_1_27' title="bbox 232 2823 1825 2902">
    <p class='ocr_par' dir='ltr' id='par_1_27' title="bbox 232 2823 1825 2902">
     <span class='ocr_line' id='line_1_27' title="bbox 232 2823 1825 2902; baseline -0.002 -23"><span class='ocrx_word' id='word_1_242' title='bbox 232 2823 423 2883; x_wconf 83' lang='lat' dir='ltr'><strong>Filium</strong></span> <span class='ocrx_word' id='word_1_243' title='bbox 465 2844 737 2902; x_wconf 87' lang='lat' dir='ltr'><strong>separare,</strong></span> <span class='ocrx_word' id='word_1_244' title='bbox 767 2828 945 2883; x_wconf 86' lang='lat' dir='ltr'><strong>dicant</strong></span> <span class='ocrx_word' id='word_1_245' title='bbox 973 2826 1061 2897; x_wconf 89' lang='lat' dir='ltr'><strong>qui</strong></span> <span class='ocrx_word' id='word_1_246' title='bbox 1108 2825 1323 2893; x_wconf 86' lang='lat' dir='ltr'><strong>audent,</strong></span> <span class='ocrx_word' id='word_1_247' title='bbox 1371 2840 1475 2879; x_wconf 92' lang='lat' dir='ltr'><strong>non</strong></span> <span class='ocrx_word' id='word_1_248' title='bbox 1516 2838 1672 2894; x_wconf 88' lang='lat' dir='ltr'><strong>posse</strong></span> <span class='ocrx_word' id='word_1_249' title='bbox 1715 2823 1825 2893; x_wconf 89' lang='lat' dir='ltr'><strong>jam</strong></span> 
     </span>
    </p>
   </div>
   <div class='ocr_carea' id='block_1_28' title="bbox 233 2913 1825 2991">
    <p class='ocr_par' dir='ltr' id='par_1_28' title="bbox 233 2913 1825 2991">
     <span class='ocr_line' id='line_1_28' title="bbox 233 2913 1825 2991; baseline -0.001 -21"><span class='ocrx_word' id='word_1_250' title='bbox 233 2916 457 2991; x_wconf 84' lang='lat' dir='ltr'><strong>intelligi</strong></span> <span class='ocrx_word' id='word_1_251' title='bbox 486 2922 769 2977; x_wconf 86' lang='lat' dir='ltr'><strong>Dominum</strong></span> <span class='ocrx_word' id='word_1_252' title='bbox 794 2918 1026 2979; x_wconf 85' lang='lat' dir='ltr'><strong>Patrem,</strong></span> <span class='ocrx_word' id='word_1_253' title='bbox 1059 2918 1179 2987; x_wconf 89' lang='lat' dir='ltr'><strong>quia</strong></span> <span class='ocrx_word' id='word_1_254' title='bbox 1204 2934 1352 2983; x_wconf 88' lang='lat' dir='ltr'><strong>unus,</strong></span> <span class='ocrx_word' id='word_1_255' title='bbox 1370 2916 1555 2985; x_wconf 86' lang='lat' dir='ltr'><strong>inquit,</strong></span> <span class='ocrx_word' id='word_1_256' title='bbox 1578 2913 1825 2970; x_wconf 86' lang='lat' dir='ltr'><strong>Dominus</strong></span> 
     </span>
    </p>
   </div>
   <div class='ocr_carea' id='block_1_29' title="bbox 229 2998 1826 3076">
    <p class='ocr_par' dir='ltr' id='par_1_29' title="bbox 229 2998 1826 3076">
     <span class='ocr_line' id='line_1_29' title="bbox 229 2998 1826 3076; baseline -0.002 -13"><span class='ocrx_word' id='word_1_257' title='bbox 229 3020 400 3067; x_wconf 85' lang='lat' dir='ltr'><strong>noster</strong></span> <span class='ocrx_word' id='word_1_258' title='bbox 434 3011 592 3070; x_wconf 79' lang='lat' dir='ltr'><strong>Iesus</strong></span> <span class='ocrx_word' id='word_1_259' title='bbox 624 3010 867 3067; x_wconf 78' lang='lat' dir='ltr'><strong>Christus.</strong></span> <span class='ocrx_word' id='word_1_260' title='bbox 899 3009 1031 3065; x_wconf 86' lang='lat' dir='ltr'><strong>Nam</strong></span> <span class='ocrx_word' id='word_1_261' title='bbox 1058 3008 1102 3064; x_wconf 90' lang='lat' dir='ltr'><strong>si</strong></span> <span class='ocrx_word' id='word_1_262' title='bbox 1131 3018 1267 3064; x_wconf 85' lang='lat' dir='ltr'><strong>unus</strong></span> <span class='ocrx_word' id='word_1_263' title='bbox 1288 3049 1302 3073; x_wconf 90' lang='lat'><strong>,</strong></span> <span class='ocrx_word' id='word_1_264' title='bbox 1348 3008 1529 3076; x_wconf 89' lang='lat' dir='ltr'><strong>utique</strong></span> <span class='ocrx_word' id='word_1_265' title='bbox 1556 3008 1700 3061; x_wconf 90' lang='lat' dir='ltr'><strong>solus</strong></span> <span class='ocrx_word' id='word_1_266' title='bbox 1734 3024 1746 3060; x_wconf 90' lang='lat'><strong>:</strong></span> <span class='ocrx_word' id='word_1_267' title='bbox 1781 2998 1826 3061; x_wconf 91' lang='lat' dir='ltr'><strong>si</strong></span> 
     </span>
    </p>
   </div>
   <div class='ocr_carea' id='block_1_30' title="bbox 233 3096 1824 3176">
    <p class='ocr_par' dir='ltr' id='par_1_30' title="bbox 233 3096 1824 3176">
     <span class='ocr_line' id='line_1_30' title="bbox 233 3096 1824 3176; baseline 0.001 -21"><span class='ocrx_word' id='word_1_268' title='bbox 233 3102 400 3171; x_wconf 86' lang='lat' dir='ltr'><strong>solus,</strong></span> <span class='ocrx_word' id='word_1_269' title='bbox 431 3104 704 3176; x_wconf 89' lang='lat' dir='ltr'><strong>quomodo</strong></span> <span class='ocrx_word' id='word_1_270' title='bbox 744 3111 796 3157; x_wconf 89' lang='lat' dir='ltr'><strong>et</strong></span> <span class='ocrx_word' id='word_1_271' title='bbox 821 3103 1007 3166; x_wconf 87' lang='lat' dir='ltr'><strong>Pater;</strong></span> <span class='ocrx_word' id='word_1_272' title='bbox 1039 3100 1141 3156; x_wconf 88' lang='lat' dir='ltr'><strong>nisi</strong></span> <span class='ocrx_word' id='word_1_273' title='bbox 1166 3100 1288 3169; x_wconf 87' lang='lat' dir='ltr'><strong>quia</strong></span> <span class='ocrx_word' id='word_1_274' title='bbox 1332 3110 1386 3154; x_wconf 92' lang='lat' dir='ltr'><strong>et</strong></span> <span class='ocrx_word' id='word_1_275' title='bbox 1412 3100 1524 3168; x_wconf 86' lang='lat' dir='ltr'><strong>ipse</strong></span> <span class='ocrx_word' id='word_1_276' title='bbox 1551 3109 1604 3154; x_wconf 90' lang='lat' dir='ltr'><strong>et</strong></span> <span class='ocrx_word' id='word_1_277' title='bbox 1632 3096 1824 3170; x_wconf 85' lang='lat' dir='ltr'><strong>Pater,</strong></span> 
     </span>
    </p>
   </div>
   <div class='ocr_carea' id='block_1_31' title="bbox 234 3184 1829 3259">
    <p class='ocr_par' dir='ltr' id='par_1_31' title="bbox 234 3184 1829 3259">
     <span class='ocr_line' id='line_1_31' title="bbox 234 3184 1829 3259; baseline 0.001 -14"><span class='ocrx_word' id='word_1_278' title='bbox 234 3204 371 3253; x_wconf 88' lang='lat' dir='ltr'><strong>unus</strong></span> <span class='ocrx_word' id='word_1_279' title='bbox 392 3195 540 3252; x_wconf 88' lang='lat' dir='ltr'><strong>Deus</strong></span> <span class='ocrx_word' id='word_1_280' title='bbox 567 3203 620 3251; x_wconf 88' lang='lat' dir='ltr'><strong>et</strong></span> <span class='ocrx_word' id='word_1_281' title='bbox 640 3194 788 3250; x_wconf 88' lang='lat' dir='ltr'><strong>solus</strong></span> <span class='ocrx_word' id='word_1_282' title='bbox 820 3194 977 3259; x_wconf 87' lang='lat' dir='ltr'><strong>Deus,</strong></span> <span class='ocrx_word' id='word_1_283' title='bbox 1009 3207 1112 3245; x_wconf 89' lang='lat' dir='ltr'><strong>non</strong></span> <span class='ocrx_word' id='word_1_284' title='bbox 1130 3196 1374 3259; x_wconf 88' lang='lat' dir='ltr'><strong>separato</strong></span> <span class='ocrx_word' id='word_1_285' title='bbox 1395 3184 1592 3259; x_wconf 85' lang='lat' dir='ltr'><strong>Spiritu</strong></span> <span class='ocrx_word' id='word_1_286' title='bbox 1609 3186 1829 3247; x_wconf 74' lang='lat' dir='ltr'><strong>sancto?</strong></span> 
     </span>
    </p>
   </div>
   <div class='ocr_carea' id='block_1_32' title="bbox 235 3277 1826 3358">
    <p class='ocr_par' dir='ltr' id='par_1_32' title="bbox 235 3277 1826 3358">
     <span class='ocr_line' id='line_1_32' title="bbox 235 3277 1826 3358; baseline -0.001 -21"><span class='ocrx_word' id='word_1_287' title='bbox 235 3279 386 3340; x_wconf 87' lang='lat' dir='ltr'><strong>Unus</strong></span> <span class='ocrx_word' id='word_1_288' title='bbox 412 3302 542 3358; x_wconf 85' lang='lat' dir='ltr'><strong>ergo</strong></span> <span class='ocrx_word' id='word_1_289' title='bbox 570 3288 706 3341; x_wconf 88' lang='lat' dir='ltr'><strong>Deus</strong></span> <span class='ocrx_word' id='word_1_290' title='bbox 729 3286 905 3350; x_wconf 88' lang='lat' dir='ltr'><strong>Pater,</strong></span> <span class='ocrx_word' id='word_1_291' title='bbox 940 3291 992 3337; x_wconf 91' lang='lat' dir='ltr'><strong>et</strong></span> <span class='ocrx_word' id='word_1_292' title='bbox 1018 3296 1136 3336; x_wconf 90' lang='lat' dir='ltr'><strong>cum</strong></span> <span class='ocrx_word' id='word_1_293' title='bbox 1169 3281 1259 3335; x_wconf 92' lang='lat' dir='ltr'><strong>illo</strong></span> <span class='ocrx_word' id='word_1_294' title='bbox 1288 3277 1454 3334; x_wconf 89' lang='lat' dir='ltr'><strong>Filius</strong></span> <span class='ocrx_word' id='word_1_295' title='bbox 1481 3296 1615 3333; x_wconf 90' lang='lat' dir='ltr'><strong>unus</strong></span> <span class='ocrx_word' id='word_1_296' title='bbox 1646 3281 1785 3336; x_wconf 90' lang='lat' dir='ltr'><strong>Deus</strong></span> <span class='ocrx_word' id='word_1_297' title='bbox 1807 3322 1826 3352; x_wconf 87' lang='lat'><strong>,</strong></span> 
     </span>
    </p>
   </div>
   <div class='ocr_carea' id='block_1_33' title="bbox 235 3372 1827 3444">
    <p class='ocr_par' dir='ltr' id='par_1_33' title="bbox 235 3372 1827 3444">
     <span class='ocr_line' id='line_1_33' title="bbox 235 3372 1827 3444; baseline -0.001 -15"><span class='ocrx_word' id='word_1_298' title='bbox 235 3380 487 3444; x_wconf 77' lang='lat' dir='ltr'><strong>quamvis</strong></span> <span class='ocrx_word' id='word_1_299' title='bbox 515 3395 620 3434; x_wconf 91' lang='lat' dir='ltr'><strong>non</strong></span> <span class='ocrx_word' id='word_1_300' title='bbox 652 3394 771 3433; x_wconf 92' lang='lat' dir='ltr'><strong>cum</strong></span> <span class='ocrx_word' id='word_1_301' title='bbox 800 3376 889 3429; x_wconf 89' lang='lat' dir='ltr'><strong>illo</strong></span> <span class='ocrx_word' id='word_1_302' title='bbox 919 3390 1055 3429; x_wconf 91' lang='lat' dir='ltr'><strong>unus</strong></span> <span class='ocrx_word' id='word_1_303' title='bbox 1082 3374 1261 3429; x_wconf 87' lang='lat' dir='ltr'><strong>Pater.</strong></span> <span class='ocrx_word' id='word_1_304' title='bbox 1290 3372 1525 3441; x_wconf 88' lang='lat' dir='ltr'><strong>itemque</strong></span> <span class='ocrx_word' id='word_1_305' title='bbox 1554 3387 1690 3427; x_wconf 89' lang='lat' dir='ltr'><strong>unus</strong></span> <span class='ocrx_word' id='word_1_306' title='bbox 1722 3373 1827 3428; x_wconf 85' lang='lat' dir='ltr'><strong>Do-</strong></span> 
     </span>
    </p>
   </div>
   <div class='ocr_carea' id='block_1_34' title="bbox 236 3463 1827 3535">
    <p class='ocr_par' dir='ltr' id='par_1_34' title="bbox 236 3463 1827 3535">
     <span class='ocr_line' id='line_1_34' title="bbox 236 3463 1827 3535; baseline -0.002 -14"><span class='ocrx_word' id='word_1_307' title='bbox 236 3468 417 3524; x_wconf 78' lang='lat' dir='ltr'><strong>minus</strong></span> <span class='ocrx_word' id='word_1_308' title='bbox 438 3470 596 3526; x_wconf 85' lang='lat' dir='ltr'><strong>Jesus</strong></span> <span class='ocrx_word' id='word_1_309' title='bbox 622 3469 885 3535; x_wconf 83' lang='lat' dir='ltr'><strong>Christus,</strong></span> <span class='ocrx_word' id='word_1_310' title='bbox 914 3476 966 3522; x_wconf 91' lang='lat' dir='ltr'><strong>et</strong></span> <span class='ocrx_word' id='word_1_311' title='bbox 994 3482 1117 3521; x_wconf 89' lang='lat' dir='ltr'><strong>cum</strong></span> <span class='ocrx_word' id='word_1_312' title='bbox 1161 3464 1254 3519; x_wconf 92' lang='lat' dir='ltr'><strong>illo</strong></span> <span class='ocrx_word' id='word_1_313' title='bbox 1281 3478 1417 3518; x_wconf 92' lang='lat' dir='ltr'><strong>unus</strong></span> <span class='ocrx_word' id='word_1_314' title='bbox 1447 3463 1702 3518; x_wconf 89' lang='lat' dir='ltr'><strong>Dominus</strong></span> <span class='ocrx_word' id='word_1_315' title='bbox 1730 3465 1827 3519; x_wconf 86' lang='lat' dir='ltr'><strong>Pa-</strong></span> 
     </span>
    </p>
   </div>
   <div class='ocr_carea' id='block_1_35' title="bbox 236 3550 1829 3634">
    <p class='ocr_par' dir='ltr' id='par_1_35' title="bbox 236 3550 1829 3634">
     <span class='ocr_line' id='line_1_35' title="bbox 236 3550 1829 3634; baseline 0.001 -22"><span class='ocrx_word' id='word_1_316' title='bbox 236 3567 318 3614; x_wconf 86' lang='lat' dir='ltr'><strong>ter</strong></span> <span class='ocrx_word' id='word_1_317' title='bbox 349 3604 363 3627; x_wconf 93' lang='lat'><strong>,</strong></span> <span class='ocrx_word' id='word_1_318' title='bbox 426 3564 674 3634; x_wconf 90' lang='lat' dir='ltr'><strong>quamvis</strong></span> <span class='ocrx_word' id='word_1_319' title='bbox 728 3576 837 3617; x_wconf 87' lang='lat' dir='ltr'><strong>non</strong></span> <span class='ocrx_word' id='word_1_320' title='bbox 891 3576 1012 3623; x_wconf 82' lang='lat' dir='ltr'><strong>cum</strong></span> <span class='ocrx_word' id='word_1_321' title='bbox 1065 3558 1157 3613; x_wconf 89' lang='lat' dir='ltr'><strong>illo</strong></span> <span class='ocrx_word' id='word_1_322' title='bbox 1203 3573 1339 3611; x_wconf 91' lang='lat' dir='ltr'><strong>unus</strong></span> <span class='ocrx_word' id='word_1_323' title='bbox 1381 3555 1537 3612; x_wconf 86' lang='lat' dir='ltr'><strong>Jesus</strong></span> <span class='ocrx_word' id='word_1_324' title='bbox 1586 3550 1829 3615; x_wconf 85' lang='lat' dir='ltr'><strong>Christus</strong></span> 
     </span>
    </p>
   </div>
   <div class='ocr_carea' id='block_1_36' title="bbox 234 3647 1829 3723">
    <p class='ocr_par' dir='ltr' id='par_1_36' title="bbox 234 3647 1829 3723">
     <span class='ocr_line' id='line_1_36' title="bbox 234 3647 1829 3723; baseline 0.002 -19"><span class='ocrx_word' id='word_1_325' title='bbox 234 3658 493 3723; x_wconf 80' lang='lat' dir='ltr'><strong>tanquam</strong></span> <span class='ocrx_word' id='word_1_326' title='bbox 525 3664 577 3711; x_wconf 86' lang='lat' dir='ltr'><strong>et</strong></span> <span class='ocrx_word' id='word_1_327' title='bbox 606 3657 764 3710; x_wconf 89' lang='lat' dir='ltr'><strong>Pater</strong></span> <span class='ocrx_word' id='word_1_328' title='bbox 791 3654 859 3709; x_wconf 86' lang='lat' dir='ltr'><strong>sit</strong></span> <span class='ocrx_word' id='word_1_329' title='bbox 884 3654 1039 3708; x_wconf 86' lang='lat' dir='ltr'><strong>Jesus</strong></span> <span class='ocrx_word' id='word_1_330' title='bbox 1056 3650 1311 3706; x_wconf 86' lang='lat' dir='ltr'><strong>Christus.</strong></span> <span class='ocrx_word' id='word_1_331' title='bbox 1340 3647 1449 3704; x_wconf 81' lang='lat' dir='ltr'><strong>Hoc</strong></span> <span class='ocrx_word' id='word_1_332' title='bbox 1474 3649 1613 3703; x_wconf 88' lang='lat' dir='ltr'><strong>enim</strong></span> <span class='ocrx_word' id='word_1_333' title='bbox 1635 3665 1829 3707; x_wconf 91' lang='lat' dir='ltr'><strong>nomen</strong></span> 
     </span>
    </p>
   </div>
   <div class='ocr_carea' id='block_1_37' title="bbox 234 3739 1830 3814">
    <p class='ocr_par' dir='ltr' id='par_1_37' title="bbox 234 3739 1830 3814">
     <span class='ocr_line' id='line_1_37' title="bbox 234 3739 1830 3814; baseline 0.001 -19"><span class='ocrx_word' id='word_1_334' title='bbox 234 3756 300 3796; x_wconf 76' lang='lat' dir='ltr'><strong>ex</strong></span> <span class='ocrx_word' id='word_1_335' title='bbox 348 3745 748 3814; x_wconf 78' lang='lat' dir='ltr'><strong>diSpensatione</strong></span> <span class='ocrx_word' id='word_1_336' title='bbox 786 3742 1163 3799; x_wconf 75' lang='lat' dir='ltr'><strong>misericordiae</strong></span> <span class='ocrx_word' id='word_1_337' title='bbox 1191 3746 1557 3812; x_wconf 79' lang='lat' dir='ltr'><strong>su‘sceptaequc</strong></span> <span class='ocrx_word' id='word_1_338' title='bbox 1588 3739 1830 3797; x_wconf 90' lang='lat' dir='ltr'><strong>humani-</strong></span> 
     </span>
    </p>
   </div>
   <div class='ocr_carea' id='block_1_38' title="bbox 234 3833 852 3905">
    <p class='ocr_par' dir='ltr' id='par_1_38' title="bbox 234 3833 852 3905">
     <span class='ocr_line' id='line_1_38' title="bbox 234 3833 852 3905; baseline 0.002 -22"><span class='ocrx_word' id='word_1_339' title='bbox 234 3833 362 3885; x_wconf 83' lang='lat' dir='ltr'><strong>tatis</strong></span> <span class='ocrx_word' id='word_1_340' title='bbox 387 3844 719 3905; x_wconf 85' lang='lat' dir='ltr'><strong>assumptum</strong></span> <span class='ocrx_word' id='word_1_341' title='bbox 751 3841 852 3887; x_wconf 90' lang='lat' dir='ltr'><strong>est.</strong></span> 
     </span>
    </p>
   </div>
   <div class='ocr_carea' id='block_1_39' title="bbox 311 3918 1830 3991">
    <p class='ocr_par' dir='ltr' id='par_1_39' title="bbox 311 3918 1830 3991">
     <span class='ocr_line' id='line_1_39' title="bbox 311 3918 1830 3991; baseline 0 -16"><span class='ocrx_word' id='word_1_342' title='bbox 311 3921 403 3976; x_wconf 75' lang='grc'><strong>19.</strong></span> <span class='ocrx_word' id='word_1_343' title='bbox 446 3925 529 3978; x_wconf 83' lang='lat' dir='ltr'><strong>An</strong></span> <span class='ocrx_word' id='word_1_344' title='bbox 580 3924 717 3978; x_wconf 85' lang='lat' dir='ltr'><strong>forte</strong></span> <span class='ocrx_word' id='word_1_345' title='bbox 744 3918 885 3990; x_wconf 89' lang='lat' dir='ltr'><strong>quod</strong></span> <span class='ocrx_word' id='word_1_346' title='bbox 922 3922 996 3975; x_wconf 85' lang='lat' dir='ltr'><strong>ait</strong></span> <span class='ocrx_word' id='word_1_347' title='bbox 1043 3918 1345 3991; x_wconf 79' lang='lat' dir='ltr'><strong>Apestolns,</strong></span> <span class='ocrx_word' id='word_1_348' title='bbox 1387 3921 1528 3976; x_wconf 87' lang='lat' dir='ltr'><strong>Unus</strong></span> <span class='ocrx_word' id='word_1_349' title='bbox 1581 3922 1830 3976; x_wconf 84' lang='lat' dir='ltr'><strong>Dominus</strong></span> 
     </span>
    </p>
   </div>
   <div class='ocr_carea' id='block_1_40' title="bbox 238 4004 1830 4075">
    <p class='ocr_par' dir='ltr' id='par_1_40' title="bbox 238 4004 1830 4075">
     <span class='ocr_line' id='line_1_40' title="bbox 238 4004 1830 4075; baseline -0.001 -14"><span class='ocrx_word' id='word_1_350' title='bbox 238 4016 410 4061; x_wconf 73' lang='lat' dir='ltr'><strong>noster</strong></span> <span class='ocrx_word' id='word_1_351' title='bbox 454 4008 609 4063; x_wconf 78' lang='lat' dir='ltr'><strong>Iesus</strong></span> <span class='ocrx_word' id='word_1_352' title='bbox 654 4006 906 4073; x_wconf 81' lang='lat' dir='ltr'><strong>Christus,</strong></span> <span class='ocrx_word' id='word_1_353' title='bbox 948 4022 1035 4075; x_wconf 87' lang='lat' dir='ltr'><strong>per</strong></span> <span class='ocrx_word' id='word_1_354' title='bbox 1071 4012 1214 4075; x_wconf 84' lang='lat' dir='ltr'><strong>quem</strong></span> <span class='ocrx_word' id='word_1_355' title='bbox 1267 4004 1454 4072; x_wconf 85' lang='lat' dir='ltr'><strong>omnia,</strong></span> <span class='ocrx_word' id='word_1_356' title='bbox 1510 4022 1616 4060; x_wconf 92' lang='lat' dir='ltr'><strong>non</strong></span> <span class='ocrx_word' id='word_1_357' title='bbox 1672 4005 1830 4059; x_wconf 85' lang='lat' dir='ltr'><strong>vultis</strong></span> 
     </span>
    </p>
   </div>
   <div class='ocr_carea' id='block_1_41' title="bbox 244 4094 1833 4171">
    <p class='ocr_par' dir='ltr' id='par_1_41' title="bbox 244 4094 1833 4171">
     <span class='ocr_line' id='line_1_41' title="bbox 244 4094 1833 4171; baseline -0.003 -18"><span class='ocrx_word' id='word_1_358' title='bbox 244 4098 466 4171; x_wconf 80' lang='lat' dir='ltr'><strong>adjungi</strong></span> <span class='ocrx_word' id='word_1_359' title='bbox 493 4100 635 4171; x_wconf 89' lang='lat' dir='ltr'><strong>quod</strong></span> <span class='ocrx_word' id='word_1_360' title='bbox 662 4099 863 4153; x_wconf 88' lang='lat' dir='ltr'><strong>dictum</strong></span> <span class='ocrx_word' id='word_1_361' title='bbox 888 4104 971 4152; x_wconf 90' lang='lat' dir='ltr'><strong>est</strong></span> <span class='ocrx_word' id='word_1_362' title='bbox 1004 4112 1134 4150; x_wconf 86' lang='lat' dir='ltr'><strong>unus</strong></span> <span class='ocrx_word' id='word_1_363' title='bbox 1158 4138 1173 4163; x_wconf 92' lang='lat'><strong>,</strong></span> <span class='ocrx_word' id='word_1_364' title='bbox 1203 4096 1267 4150; x_wconf 89' lang='lat' dir='ltr'><strong>ad</strong></span> <span class='ocrx_word' id='word_1_365' title='bbox 1298 4094 1350 4151; x_wconf 89' lang='lat' dir='ltr'><strong>id</strong></span> <span class='ocrx_word' id='word_1_366' title='bbox 1380 4095 1519 4166; x_wconf 86' lang='lat' dir='ltr'><strong>quod</strong></span> <span class='ocrx_word' id='word_1_367' title='bbox 1549 4105 1629 4151; x_wconf 88' lang='lat' dir='ltr'><strong>est</strong></span> <span class='ocrx_word' id='word_1_368' title='bbox 1653 4094 1833 4149; x_wconf 87' lang='lat' dir='ltr'><strong>Domi-</strong></span> 
     </span>
    </p>
   </div>
   <div class='ocr_carea' id='block_1_42' title="bbox 245 4187 1831 4259">
    <p class='ocr_par' dir='ltr' id='par_1_42' title="bbox 245 4187 1831 4259">
     <span class='ocr_line' id='line_1_42' title="bbox 245 4187 1831 4259; baseline 0 -18"><span class='ocrx_word' id='word_1_369' title='bbox 245 4204 362 4255; x_wconf 71' lang='lat' dir='ltr'><strong>nus,</strong></span> <span class='ocrx_word' id='word_1_370' title='bbox 391 4191 489 4246; x_wconf 85' lang='lat' dir='ltr'><strong>sed</strong></span> <span class='ocrx_word' id='word_1_371' title='bbox 513 4190 579 4245; x_wconf 85' lang='lat' dir='ltr'><strong>ad</strong></span> <span class='ocrx_word' id='word_1_372' title='bbox 608 4189 661 4245; x_wconf 88' lang='lat' dir='ltr'><strong>id</strong></span> <span class='ocrx_word' id='word_1_373' title='bbox 690 4188 833 4259; x_wconf 82' lang='lat' dir='ltr'><strong>quod</strong></span> <span class='ocrx_word' id='word_1_374' title='bbox 862 4188 955 4255; x_wconf 86' lang='lat' dir='ltr'><strong>ait,</strong></span> <span class='ocrx_word' id='word_1_375' title='bbox 980 4203 1067 4259; x_wconf 87' lang='lat' dir='ltr'><strong>per</strong></span> <span class='ocrx_word' id='word_1_376' title='bbox 1090 4200 1233 4256; x_wconf 86' lang='lat' dir='ltr'><strong>quem</strong></span> <span class='ocrx_word' id='word_1_377' title='bbox 1262 4187 1468 4252; x_wconf 81' lang='lat' dir='ltr'><strong>Omnia;</strong></span> <span class='ocrx_word' id='word_1_378' title='bbox 1494 4195 1552 4240; x_wconf 87' lang='lat' dir='ltr'><strong>ut</strong></span> <span class='ocrx_word' id='word_1_379' title='bbox 1571 4201 1675 4241; x_wconf 85' lang='lat' dir='ltr'><strong>non</strong></span> <span class='ocrx_word' id='word_1_380' title='bbox 1698 4201 1831 4241; x_wconf 92' lang='lat' dir='ltr'><strong>unus</strong></span> 
     </span>
    </p>
   </div>
   <div class='ocr_carea' id='block_1_43' title="bbox 250 4276 1833 4347">
    <p class='ocr_par' dir='ltr' id='par_1_43' title="bbox 250 4276 1833 4347">
     <span class='ocr_line' id='line_1_43' title="bbox 250 4276 1833 4347; baseline 0 -15"><span class='ocrx_word' id='word_1_381' title='bbox 250 4278 531 4346; x_wconf 79' lang='lat' dir='ltr'><strong>Dominus,</strong></span> <span class='ocrx_word' id='word_1_382' title='bbox 568 4279 665 4335; x_wconf 86' lang='lat' dir='ltr'><strong>sed</strong></span> <span class='ocrx_word' id='word_1_383' title='bbox 710 4292 849 4333; x_wconf 89' lang='lat' dir='ltr'><strong>unus</strong></span> <span class='ocrx_word' id='word_1_384' title='bbox 878 4294 973 4347; x_wconf 85' lang='lat' dir='ltr'><strong>per</strong></span> <span class='ocrx_word' id='word_1_385' title='bbox 1001 4278 1158 4347; x_wconf 82' lang='lat' dir='ltr'><strong>quem</strong></span> <span class='ocrx_word' id='word_1_386' title='bbox 1197 4276 1372 4331; x_wconf 86' lang='lat' dir='ltr'><strong>omnia</strong></span> <span class='ocrx_word' id='word_1_387' title='bbox 1398 4276 1742 4345; x_wconf 79' lang='lat' dir='ltr'><strong>intelligatur,</strong></span> <span class='ocrx_word' id='word_1_388' title='bbox 1779 4286 1833 4333; x_wconf 91' lang='lat' dir='ltr'><strong>ut</strong></span> 
     </span>
    </p>
   </div>
   <div class='ocr_carea' id='block_1_44' title="bbox 250 4364 1832 4443">
    <p class='ocr_par' dir='ltr' id='par_1_44' title="bbox 250 4364 1832 4443">
     <span class='ocr_line' id='line_1_44' title="bbox 250 4364 1832 4443; baseline 0 -18"><span class='ocrx_word' id='word_1_389' title='bbox 250 4387 356 4428; x_wconf 87' lang='lat' dir='ltr'><strong>non</strong></span> <span class='ocrx_word' id='word_1_390' title='bbox 383 4374 455 4430; x_wconf 90' lang='lat' dir='ltr'><strong>sit</strong></span> <span class='ocrx_word' id='word_1_391' title='bbox 478 4370 636 4428; x_wconf 82' lang='lat' dir='ltr'><strong>Pater</strong></span> <span class='ocrx_word' id='word_1_392' title='bbox 661 4382 758 4443; x_wconf 91' lang='lat' dir='ltr'><strong>per</strong></span> <span class='ocrx_word' id='word_1_393' title='bbox 781 4386 937 4441; x_wconf 90' lang='lat' dir='ltr'><strong>quem</strong></span> <span class='ocrx_word' id='word_1_394' title='bbox 964 4370 1161 4437; x_wconf 86' lang='lat' dir='ltr'><strong>omnia,</strong></span> <span class='ocrx_word' id='word_1_395' title='bbox 1191 4364 1283 4424; x_wconf 90' lang='lat' dir='ltr'><strong>sed</strong></span> <span class='ocrx_word' id='word_1_396' title='bbox 1303 4366 1458 4425; x_wconf 74' lang='lat' dir='ltr'><strong>Pater</strong></span> <span class='ocrx_word' id='word_1_397' title='bbox 1478 4370 1621 4425; x_wconf 90' lang='lat' dir='ltr'><strong>solus</strong></span> <span class='ocrx_word' id='word_1_398' title='bbox 1643 4386 1704 4425; x_wconf 77' lang='lat' dir='ltr'><strong>ex</strong></span> <span class='ocrx_word' id='word_1_399' title='bbox 1728 4385 1832 4441; x_wconf 87' lang='lat' dir='ltr'><strong>quo</strong></span> 
     </span>
    </p>
   </div>
   <div class='ocr_carea' id='block_1_45' title="bbox 250 4460 1829 4533">
    <p class='ocr_par' dir='ltr' id='par_1_45' title="bbox 250 4460 1829 4533">
     <span class='ocr_line' id='line_1_45' title="bbox 250 4460 1829 4533; baseline -0.001 -15"><span class='ocrx_word' id='word_1_400' title='bbox 250 4467 446 4532; x_wconf 81' lang='lat' dir='ltr'><strong>omnia,</strong></span> <span class='ocrx_word' id='word_1_401' title='bbox 478 4474 532 4522; x_wconf 88' lang='lat' dir='ltr'><strong>et</strong></span> <span class='ocrx_word' id='word_1_402' title='bbox 555 4465 722 4520; x_wconf 87' lang='lat' dir='ltr'><strong>Filius</strong></span> <span class='ocrx_word' id='word_1_403' title='bbox 746 4464 893 4518; x_wconf 86' lang='lat' dir='ltr'><strong>solus</strong></span> <span class='ocrx_word' id='word_1_404' title='bbox 939 4479 1033 4533; x_wconf 88' lang='lat' dir='ltr'><strong>per</strong></span> <span class='ocrx_word' id='word_1_405' title='bbox 1060 4478 1217 4532; x_wconf 90' lang='lat' dir='ltr'><strong>quem</strong></span> <span class='ocrx_word' id='word_1_406' title='bbox 1268 4460 1483 4517; x_wconf 83' lang='lat' dir='ltr'><strong>omnia?</strong></span> <span class='ocrx_word' id='word_1_407' title='bbox 1521 4462 1574 4520; x_wconf 91' lang='lat' dir='ltr'><strong>Si</strong></span> <span class='ocrx_word' id='word_1_408' title='bbox 1625 4463 1695 4517; x_wconf 86' lang='lat' dir='ltr'><strong>ita</strong></span> <span class='ocrx_word' id='word_1_409' title='bbox 1727 4471 1829 4531; x_wconf 88' lang='lat' dir='ltr'><strong>est,</strong></span> 
     </span>
    </p>
   </div>
   <div class='ocr_carea' id='block_1_46' title="bbox 247 4551 1833 4622">
    <p class='ocr_par' dir='ltr' id='par_1_46' title="bbox 247 4551 1833 4622">
     <span class='ocr_line' id='line_1_46' title="bbox 247 4551 1833 4622; baseline -0.001 -11"><span class='ocrx_word' id='word_1_410' title='bbox 247 4552 355 4622; x_wconf 74' lang='lat' dir='ltr'><strong>iam</strong></span> <span class='ocrx_word' id='word_1_411' title='bbox 377 4556 593 4611; x_wconf 85' lang='lat' dir='ltr'><strong>tandem</strong></span> <span class='ocrx_word' id='word_1_412' title='bbox 615 4553 850 4609; x_wconf 78' lang='lat' dir='ltr'><strong>fatemini</strong></span> <span class='ocrx_word' id='word_1_413' title='bbox 892 4568 1053 4607; x_wconf 90' lang='lat' dir='ltr'><strong>unum</strong></span> <span class='ocrx_word' id='word_1_414' title='bbox 1099 4551 1379 4606; x_wconf 91' lang='lat' dir='ltr'><strong>Dominum</strong></span> <span class='ocrx_word' id='word_1_415' title='bbox 1430 4562 1482 4608; x_wconf 91' lang='lat' dir='ltr'><strong>et</strong></span> <span class='ocrx_word' id='word_1_416' title='bbox 1529 4554 1695 4609; x_wconf 90' lang='lat' dir='ltr'><strong>Deum</strong></span> <span class='ocrx_word' id='word_1_417' title='bbox 1739 4569 1833 4610; x_wconf 90' lang='lat' dir='ltr'><strong>no-</strong></span> 
     </span>
    </p>
   </div>
   <div class='ocr_carea' id='block_1_47' title="bbox 251 4646 1836 4719">
    <p class='ocr_par' dir='ltr' id='par_1_47' title="bbox 251 4646 1836 4719">
     <span class='ocr_line' id='line_1_47' title="bbox 251 4646 1836 4719; baseline 0.002 -19"><span class='ocrx_word' id='word_1_418' title='bbox 251 4655 423 4705; x_wconf 84' lang='lat' dir='ltr'><strong>strum</strong></span> <span class='ocrx_word' id='word_1_419' title='bbox 452 4663 572 4705; x_wconf 77' lang='lat' dir='ltr'><strong>esse</strong></span> <span class='ocrx_word' id='word_1_420' title='bbox 598 4648 810 4703; x_wconf 86' lang='lat' dir='ltr'><strong>Patrem</strong></span> <span class='ocrx_word' id='word_1_421' title='bbox 833 4654 887 4701; x_wconf 90' lang='lat' dir='ltr'><strong>et</strong></span> <span class='ocrx_word' id='word_1_422' title='bbox 910 4646 1125 4700; x_wconf 88' lang='lat' dir='ltr'><strong>Filium.</strong></span> <span class='ocrx_word' id='word_1_423' title='bbox 1158 4646 1282 4711; x_wconf 87' lang='lat' dir='ltr'><strong>Quis</strong></span> <span class='ocrx_word' id='word_1_424' title='bbox 1313 4648 1443 4701; x_wconf 88' lang='lat' dir='ltr'><strong>enim</strong></span> <span class='ocrx_word' id='word_1_425' title='bbox 1474 4650 1699 4719; x_wconf 77' lang='lat' dir='ltr'><strong>cegnovit</strong></span> <span class='ocrx_word' id='word_1_426' title='bbox 1721 4660 1836 4704; x_wconf 82' lang='lat' dir='ltr'><strong>sen-</strong></span> 
     </span>
    </p>
   </div>
   <div class='ocr_carea' id='block_1_48' title="bbox 249 4738 1833 4811">
    <p class='ocr_par' dir='ltr' id='par_1_48' title="bbox 249 4738 1833 4811">
     <span class='ocr_line' id='line_1_48' title="bbox 249 4738 1833 4811; baseline 0.002 -18"><span class='ocrx_word' id='word_1_427' title='bbox 249 4756 360 4797; x_wconf 84' lang='lat' dir='ltr'><strong>sum</strong></span> <span class='ocrx_word' id='word_1_428' title='bbox 392 4742 636 4796; x_wconf 71' lang='lat' dir='ltr'><strong>Domini?</strong></span> <span class='ocrx_word' id='word_1_429' title='bbox 666 4748 751 4794; x_wconf 81' lang='lat' dir='ltr'><strong>aut</strong></span> <span class='ocrx_word' id='word_1_430' title='bbox 778 4740 889 4806; x_wconf 84' lang='lat' dir='ltr'><strong>quis</strong></span> <span class='ocrx_word' id='word_1_431' title='bbox 916 4738 1232 4793; x_wconf 84' lang='lat' dir='ltr'><strong>consiliarius</strong></span> <span class='ocrx_word' id='word_1_432' title='bbox 1266 4740 1377 4809; x_wconf 85' lang='lat' dir='ltr'><strong>ejus</strong></span> <span class='ocrx_word' id='word_1_433' title='bbox 1406 4740 1543 4811; x_wconf 82' lang='lat' dir='ltr'><strong>fuit?</strong></span> <span class='ocrx_word' id='word_1_434' title='bbox 1579 4743 1674 4793; x_wconf 85' lang='lat' dir='ltr'><strong>Aut</strong></span> <span class='ocrx_word' id='word_1_435' title='bbox 1723 4738 1833 4811; x_wconf 83' lang='lat' dir='ltr'><strong>quis</strong></span> 
     </span>
    </p>
   </div>
   <div class='ocr_carea' id='block_1_49' title="bbox 252 4828 1835 4902">
    <p class='ocr_par' dir='ltr' id='par_1_49' title="bbox 252 4828 1835 4902">
     <span class='ocr_line' id='line_1_49' title="bbox 252 4828 1835 4902; baseline -0.001 -14"><span class='ocrx_word' id='word_1_436' title='bbox 252 4835 392 4902; x_wconf 81' lang='lat' dir='ltr'><strong>prior</strong></span> <span class='ocrx_word' id='word_1_437' title='bbox 411 4833 546 4887; x_wconf 81' lang='lat' dir='ltr'><strong>dedit</strong></span> <span class='ocrx_word' id='word_1_438' title='bbox 564 4832 662 4893; x_wconf 79' lang='lat' dir='ltr'><strong>illi,</strong></span> <span class='ocrx_word' id='word_1_439' title='bbox 690 4842 735 4885; x_wconf 81' lang='lat' dir='ltr'><strong>et</strong></span> <span class='ocrx_word' id='word_1_440' title='bbox 756 4832 1054 4884; x_wconf 75' lang='lat' dir='ltr'><strong>retribuetur</strong></span> <span class='ocrx_word' id='word_1_441' title='bbox 1083 4829 1165 4883; x_wconf 83' lang='lat' dir='ltr'><strong>ei?</strong></span> <span class='ocrx_word' id='word_1_442' title='bbox 1194 4830 1441 4894; x_wconf 83' lang='lat' dir='ltr'><strong>Quoniam</strong></span> <span class='ocrx_word' id='word_1_443' title='bbox 1485 4844 1545 4885; x_wconf 83' lang='lat' dir='ltr'><strong>e1:</strong></span> <span class='ocrx_word' id='word_1_444' title='bbox 1608 4828 1737 4901; x_wconf 84' lang='lat' dir='ltr'><strong>ipso,</strong></span> <span class='ocrx_word' id='word_1_445' title='bbox 1788 4841 1835 4886; x_wconf 84' lang='lat' dir='ltr'><strong>et</strong></span> 
     </span>
    </p>
   </div>
   <div class='ocr_carea' id='block_1_50' title="bbox 254 4918 1828 4992">
    <p class='ocr_par' dir='ltr' id='par_1_50' title="bbox 254 4918 1828 4992">
     <span class='ocr_line' id='line_1_50' title="bbox 254 4918 1828 4992; baseline -0.002 -14"><span class='ocrx_word' id='word_1_446' title='bbox 254 4939 339 4991; x_wconf 80' lang='lat' dir='ltr'><strong>per</strong></span> <span class='ocrx_word' id='word_1_447' title='bbox 364 4925 555 4992; x_wconf 73' lang='lat' dir='ltr'><strong>ipsum,</strong></span> <span class='ocrx_word' id='word_1_448' title='bbox 579 4922 699 4976; x_wconf 78' lang='lat' dir='ltr'><strong>etin</strong></span> <span class='ocrx_word' id='word_1_449' title='bbox 717 4918 826 4991; x_wconf 86' lang='lat' dir='ltr'><strong>ipso</strong></span> <span class='ocrx_word' id='word_1_450' title='bbox 847 4928 962 4976; x_wconf 83' lang='lat' dir='ltr'><strong>sunt</strong></span> <span class='ocrx_word' id='word_1_451' title='bbox 986 4921 1191 4983; x_wconf 84' lang='lat' dir='ltr'><strong>omnia;</strong></span> <span class='ocrx_word' id='word_1_452' title='bbox 1212 4918 1309 4990; x_wconf 85' lang='lat' dir='ltr'><strong>ipsi</strong></span> <span class='ocrx_word' id='word_1_453' title='bbox 1331 4920 1492 4990; x_wconf 79' lang='lat' dir='ltr'><strong>gloria</strong></span> <span class='ocrx_word' id='word_1_454' title='bbox 1540 4920 1707 4991; x_wconf 79' lang='lat' dir='ltr'><strong>(Rom.</strong></span> <span class='ocrx_word' id='word_1_455' title='bbox 1741 4934 1797 4975; x_wconf 72' lang='lat' dir='ltr'><strong>rt</strong></span> <span class='ocrx_word' id='word_1_456' title='bbox 1814 4964 1828 4987; x_wconf 93' lang='lat'><strong>,</strong></span> 
     </span>
    </p>
   </div>
   <div class='ocr_carea' id='block_1_51' title="bbox 254 5012 1835 5088">
    <p class='ocr_par' dir='ltr' id='par_1_51' title="bbox 254 5012 1835 5088">
     <span class='ocr_line' id='line_1_51' title="bbox 254 5012 1835 5088; baseline 0 -19"><span class='ocrx_word' id='word_1_457' title='bbox 254 5015 462 5088; x_wconf 70' lang='lat'><strong>54-36).</strong></span> <span class='ocrx_word' id='word_1_458' title='bbox 495 5014 675 5085; x_wconf 85' lang='lat' dir='ltr'><strong>Neque</strong></span> <span class='ocrx_word' id='word_1_459' title='bbox 715 5015 856 5069; x_wconf 89' lang='lat' dir='ltr'><strong>enim</strong></span> <span class='ocrx_word' id='word_1_460' title='bbox 882 5012 1035 5079; x_wconf 82' lang='lat' dir='ltr'><strong>dixit,</strong></span> <span class='ocrx_word' id='word_1_461' title='bbox 1077 5012 1155 5066; x_wconf 82' lang='lat' dir='ltr'><strong>Ex</strong></span> <span class='ocrx_word' id='word_1_462' title='bbox 1192 5013 1357 5067; x_wconf 84' lang='lat' dir='ltr'><strong>Patre</strong></span> <span class='ocrx_word' id='word_1_463' title='bbox 1402 5013 1598 5079; x_wconf 80' lang='lat' dir='ltr'><strong>omnia,</strong></span> <span class='ocrx_word' id='word_1_464' title='bbox 1646 5023 1698 5069; x_wconf 91' lang='lat' dir='ltr'><strong>et</strong></span> <span class='ocrx_word' id='word_1_465' title='bbox 1743 5031 1835 5084; x_wconf 89' lang='lat' dir='ltr'><strong>per</strong></span> 
     </span>
    </p>
   </div>
   <div class='ocr_carea' id='block_1_52' title="bbox 255 5100 1835 5176">
    <p class='ocr_par' dir='ltr' id='par_1_52' title="bbox 255 5100 1835 5176">
     <span class='ocr_line' id='line_1_52' title="bbox 255 5100 1835 5176; baseline -0.001 -15"><span class='ocrx_word' id='word_1_466' title='bbox 255 5105 449 5164; x_wconf 80' lang='lat' dir='ltr'><strong>Filium</strong></span> <span class='ocrx_word' id='word_1_467' title='bbox 475 5105 688 5171; x_wconf 75' lang='lat' dir='ltr'><strong>Omnia;</strong></span> <span class='ocrx_word' id='word_1_468' title='bbox 719 5106 813 5159; x_wconf 79' lang='lat' dir='ltr'><strong>sed</strong></span> <span class='ocrx_word' id='word_1_469' title='bbox 839 5145 854 5171; x_wconf 91' lang='lat'><strong>,</strong></span> <span class='ocrx_word' id='word_1_470' title='bbox 883 5105 1093 5174; x_wconf 67' lang='lat' dir='ltr'><strong>emipso,</strong></span> <span class='ocrx_word' id='word_1_471' title='bbox 1126 5108 1173 5157; x_wconf 77' lang='lat' dir='ltr'><strong>et</strong></span> <span class='ocrx_word' id='word_1_472' title='bbox 1200 5114 1290 5175; x_wconf 77' lang='lat' dir='ltr'><strong>per</strong></span> <span class='ocrx_word' id='word_1_473' title='bbox 1316 5100 1500 5175; x_wconf 78' lang='lat' dir='ltr'><strong>ipsum,</strong></span> <span class='ocrx_word' id='word_1_474' title='bbox 1542 5112 1588 5158; x_wconf 88' lang='lat' dir='ltr'><strong>et</strong></span> <span class='ocrx_word' id='word_1_475' title='bbox 1614 5105 1665 5159; x_wconf 85' lang='lat' dir='ltr'><strong>in</strong></span> <span class='ocrx_word' id='word_1_476' title='bbox 1690 5107 1835 5176; x_wconf 86' lang='lat' dir='ltr'><strong>ipso;</strong></span> 
     </span>
    </p>
   </div>
   <div class='ocr_carea' id='block_1_53' title="bbox 257 5195 1822 5272">
    <p class='ocr_par' dir='ltr' id='par_1_53' title="bbox 257 5195 1822 5272">
     <span class='ocr_line' id='line_1_53' title="bbox 257 5195 1822 5272; baseline -0.003 -15"><span class='ocrx_word' id='word_1_477' title='bbox 257 5201 401 5272; x_wconf 78' lang='lat' dir='ltr'><strong>quo?</strong></span> <span class='ocrx_word' id='word_1_478' title='bbox 427 5198 529 5259; x_wconf 84' lang='lat' dir='ltr'><strong>nisi</strong></span> <span class='ocrx_word' id='word_1_479' title='bbox 550 5199 797 5264; x_wconf 84' lang='lat' dir='ltr'><strong>Domino,</strong></span> <span class='ocrx_word' id='word_1_480' title='bbox 820 5196 888 5251; x_wconf 92' lang='lat' dir='ltr'><strong>de</strong></span> <span class='ocrx_word' id='word_1_481' title='bbox 914 5210 1019 5267; x_wconf 90' lang='lat' dir='ltr'><strong>quo</strong></span> <span class='ocrx_word' id='word_1_482' title='bbox 1039 5197 1131 5264; x_wconf 87' lang='lat' dir='ltr'><strong>ait,</strong></span> <span class='ocrx_word' id='word_1_483' title='bbox 1168 5195 1292 5260; x_wconf 86' lang='lat' dir='ltr'><strong>Quis</strong></span> <span class='ocrx_word' id='word_1_484' title='bbox 1316 5196 1447 5249; x_wconf 85' lang='lat' dir='ltr'><strong>enim</strong></span> <span class='ocrx_word' id='word_1_485' title='bbox 1464 5198 1689 5268; x_wconf 79' lang='lat' dir='ltr'><strong>cognovit</strong></span> <span class='ocrx_word' id='word_1_486' title='bbox 1716 5210 1822 5252; x_wconf 86' lang='lat' dir='ltr'><strong>sen—</strong></span> 
     </span>
    </p>
   </div>
   <div class='ocr_carea' id='block_1_54' title="bbox 258 5284 1832 5365">
    <p class='ocr_par' dir='ltr' id='par_1_54' title="bbox 258 5284 1832 5365">
     <span class='ocr_line' id='line_1_54' title="bbox 258 5284 1832 5365; baseline -0.003 -15"><span class='ocrx_word' id='word_1_487' title='bbox 258 5311 371 5351; x_wconf 76' lang='lat' dir='ltr'><strong>sum</strong></span> <span class='ocrx_word' id='word_1_488' title='bbox 396 5288 601 5349; x_wconf 65' lang='lat' dir='ltr'><strong>Domini</strong></span> <span class='ocrx_word' id='word_1_489' title='bbox 621 5295 646 5347; x_wconf 72' lang='grc' dir='ltr'><em>Ρ</em></span> <span class='ocrx_word' id='word_1_490' title='bbox 673 5292 751 5347; x_wconf 78' lang='lat' dir='ltr'><strong>Ex</strong></span> <span class='ocrx_word' id='word_1_491' title='bbox 780 5291 1002 5345; x_wconf 87' lang='lat' dir='ltr'><strong>Domino</strong></span> <span class='ocrx_word' id='word_1_492' title='bbox 1028 5296 1155 5361; x_wconf 73' lang='lat' dir='ltr'><strong>ergo</strong></span> <span class='ocrx_word' id='word_1_493' title='bbox 1181 5299 1234 5344; x_wconf 89' lang='lat' dir='ltr'><strong>et</strong></span> <span class='ocrx_word' id='word_1_494' title='bbox 1260 5300 1354 5359; x_wconf 90' lang='lat' dir='ltr'><strong>per</strong></span> <span class='ocrx_word' id='word_1_495' title='bbox 1378 5284 1658 5365; x_wconf 78' lang='lat' dir='ltr'><strong>Dominum</strong></span> <span class='ocrx_word' id='word_1_496' title='bbox 1690 5296 1742 5344; x_wconf 88' lang='lat' dir='ltr'><strong>et</strong></span> <span class='ocrx_word' id='word_1_497' title='bbox 1782 5290 1832 5345; x_wconf 89' lang='lat' dir='ltr'><strong>in</strong></span> 
     </span>
    </p>
   </div>
   <div class='ocr_carea' id='block_1_55' title="bbox 259 5368 1838 5447">
    <p class='ocr_par' dir='ltr' id='par_1_55' title="bbox 259 5368 1838 5447">
     <span class='ocr_line' id='line_1_55' title="bbox 259 5368 1838 5447; baseline -0.004 -5"><span class='ocrx_word' id='word_1_498' title='bbox 259 5386 484 5442; x_wconf 84' lang='lat' dir='ltr'><strong>Domino</strong></span> <span class='ocrx_word' id='word_1_499' title='bbox 509 5382 707 5447; x_wconf 85' lang='lat' dir='ltr'><strong>omnia,</strong></span> <span class='ocrx_word' id='word_1_500' title='bbox 731 5392 836 5436; x_wconf 87' lang='lat' dir='ltr'><strong>non</strong></span> <span class='ocrx_word' id='word_1_501' title='bbox 867 5380 975 5435; x_wconf 87' lang='lat' dir='ltr'><strong>alio</strong></span> <span class='ocrx_word' id='word_1_502' title='bbox 997 5378 1089 5434; x_wconf 87' lang='lat' dir='ltr'><strong>illo</strong></span> <span class='ocrx_word' id='word_1_503' title='bbox 1112 5382 1164 5435; x_wconf 86' lang='lat' dir='ltr'><strong>et</strong></span> <span class='ocrx_word' id='word_1_504' title='bbox 1192 5379 1295 5433; x_wconf 87' lang='lat' dir='ltr'><strong>alio</strong></span> <span class='ocrx_word' id='word_1_505' title='bbox 1322 5379 1443 5444; x_wconf 92' lang='lat' dir='ltr'><strong>isto,</strong></span> <span class='ocrx_word' id='word_1_506' title='bbox 1478 5368 1570 5434; x_wconf 87' lang='lat' dir='ltr'><strong>sed</strong></span> <span class='ocrx_word' id='word_1_507' title='bbox 1601 5392 1704 5434; x_wconf 92' lang='lat' dir='ltr'><strong>uno</strong></span> <span class='ocrx_word' id='word_1_508' title='bbox 1736 5374 1838 5435; x_wconf 75' lang='lat' dir='ltr'><strong>uo-</strong></span> 
     </span>
    </p>
   </div>
   <div class='ocr_carea' id='block_1_56' title="bbox 261 5456 1763 5547">
    <p class='ocr_par' dir='ltr' id='par_1_56' title="bbox 261 5456 1763 5547">
     <span class='ocr_line' id='line_1_56' title="bbox 261 5456 1763 5547; baseline -0.004 -14"><span class='ocrx_word' id='word_1_509' title='bbox 261 5480 448 5543; x_wconf 85' lang='lat' dir='ltr'><strong>mino;</strong></span> <span class='ocrx_word' id='word_1_510' title='bbox 476 5477 599 5547; x_wconf 79' lang='lat' dir='ltr'><strong>quia</strong></span> <span class='ocrx_word' id='word_1_511' title='bbox 627 5484 733 5529; x_wconf 84' lang='lat' dir='ltr'><strong>non</strong></span> <span class='ocrx_word' id='word_1_512' title='bbox 761 5473 912 5539; x_wconf 81' lang='lat' dir='ltr'><strong>dixit,</strong></span> <span class='ocrx_word' id='word_1_513' title='bbox 942 5456 1075 5543; x_wconf 85' lang='lat' dir='ltr'><strong>Ipsis</strong></span> <span class='ocrx_word' id='word_1_514' title='bbox 1105 5471 1293 5542; x_wconf 80' lang='lat' dir='ltr'><strong>gloria,</strong></span> <span class='ocrx_word' id='word_1_515' title='bbox 1324 5470 1437 5537; x_wconf 89' lang='lat' dir='ltr'><strong>sed,</strong></span> <span class='ocrx_word' id='word_1_516' title='bbox 1461 5472 1557 5547; x_wconf 69' lang='lat' dir='ltr'><strong>ipsi</strong></span> <span class='ocrx_word' id='word_1_517' title='bbox 1582 5464 1763 5544; x_wconf 68' lang='lat' dir='ltr'><strong>gloria.</strong></span> 
     </span>
    </p>
   </div>
   <div class='ocr_carea' id='block_1_57' title="bbox 326 5554 1831 5636">
    <p class='ocr_par' dir='ltr' id='par_1_57' title="bbox 326 5554 1831 5636">
     <span class='ocr_line' id='line_1_57' title="bbox 326 5554 1831 5636; baseline -0.004 -12"><span class='ocrx_word' id='word_1_518' title='bbox 326 5568 420 5624; x_wconf 64' lang='lat'><strong>30.</strong></span> <span class='ocrx_word' id='word_1_519' title='bbox 447 5566 599 5635; x_wconf 80' lang='lat' dir='ltr'><strong>Quod</strong></span> <span class='ocrx_word' id='word_1_520' title='bbox 624 5566 669 5621; x_wconf 81' lang='lat' dir='ltr'><strong>si</strong></span> <span class='ocrx_word' id='word_1_521' title='bbox 692 5565 969 5636; x_wconf 75' lang='lat' dir='ltr'><strong>quisquam</strong></span> <span class='ocrx_word' id='word_1_522' title='bbox 994 5562 1145 5629; x_wconf 84' lang='lat' dir='ltr'><strong>dicit,</strong></span> <span class='ocrx_word' id='word_1_523' title='bbox 1181 5558 1233 5617; x_wconf 86' lang='lat' dir='ltr'><strong>id</strong></span> <span class='ocrx_word' id='word_1_524' title='bbox 1262 5562 1400 5633; x_wconf 86' lang='lat' dir='ltr'><strong>quod</strong></span> <span class='ocrx_word' id='word_1_525' title='bbox 1430 5556 1504 5618; x_wconf 85' lang='lat' dir='ltr'><strong>ait</strong></span> <span class='ocrx_word' id='word_1_526' title='bbox 1526 5554 1831 5635; x_wconf 46' lang='lat' dir='ltr'><strong>Apo‘stolu‘s,</strong></span> 
     </span>
    </p>
   </div>
   <div class='ocr_carea' id='block_1_58' title="bbox 260 5743 1841 5815">
    <p class='ocr_par' dir='ltr' id='par_1_58' title="bbox 260 5743 1841 5815">
     <span class='ocr_line' id='line_1_58' title="bbox 260 5743 1841 5815; baseline 0 0"><span class='ocrx_word' id='word_1_527' title='bbox 594 5746 785 5815; x_wconf 60' lang='lat' dir='ltr'><strong>melius</strong></span> <span class='ocrx_word' id='word_1_528' title='bbox 817 5752 995 5815; x_wconf 24' lang='lat' dir='ltr'><strong>nostro.</strong></span> <span class='ocrx_word' id='word_1_529' title='bbox 1017 5743 1536 5815; x_wconf 48' lang='lat' dir='ltr'><strong>Micionem-we</strong></span> <span class='ocrx_word' id='word_1_530' title='bbox 1564 5748 1647 5812; x_wconf 64' lang='lat' dir='ltr'><strong>est</strong></span> <span class='ocrx_word' id='word_1_531' title='bbox 1677 5744 1841 5815; x_wconf 56' lang='lat' dir='ltr'><strong>etiam</strong></span> 
     </span>
    </p>
   </div>
   <div class='ocr_carea' id='block_1_59' title="bbox 262 5798 1834 5875">
    <p class='ocr_par' dir='ltr' id='par_1_59' title="bbox 262 5798 1834 5875">
     <span class='ocr_line' id='line_1_59' title="bbox 262 5798 1834 5875; baseline -0.002 -14"><span class='ocrx_word' id='word_1_532' title='bbox 262 5798 640 5875; x_wconf 57' lang='lat' dir='ltr'><strong>cruciﬁxum</strong></span> <span class='ocrx_word' id='word_1_533' title='bbox 663 5798 831 5875; x_wconf 53' lang='lat' dir='ltr'><strong>fuisse,</strong></span> <span class='ocrx_word' id='word_1_534' title='bbox 852 5798 949 5856; x_wconf 60' lang='lat' dir='ltr'><strong>non</strong></span> <span class='ocrx_word' id='word_1_535' title='bbox 985 5798 1047 5875; x_wconf 67' lang='lat' dir='ltr'><strong>ei</strong></span> <span class='ocrx_word' id='word_1_536' title='bbox 1085 5798 1172 5856; x_wconf 71' lang='lat' dir='ltr'><strong>sua</strong></span> <span class='ocrx_word' id='word_1_537' title='bbox 1212 5798 1382 5854; x_wconf 60' lang='lat' dir='ltr'><strong>&quot;natura</strong></span> <span class='ocrx_word' id='word_1_538' title='bbox 1413 5798 1522 5868; x_wconf 64' lang='lat' dir='ltr'><strong>quas</strong></span> <span class='ocrx_word' id='word_1_539' title='bbox 1561 5798 1834 5868; x_wconf 70' lang='lat' dir='ltr'><strong>permansit,</strong></span> 
     </span>
    </p>
   </div>
   <div class='ocr_carea' id='block_1_60' title="bbox 262 5864 1043 5934">
    <p class='ocr_par' dir='ltr' id='par_1_60' title="bbox 262 5864 1043 5934">
     <span class='ocr_line' id='line_1_60' title="bbox 262 5864 1043 5934; baseline -0.01 -11"><span class='ocrx_word' id='word_1_540' title='bbox 262 5872 353 5923; x_wconf 81' lang='lat' dir='ltr'><strong>sed</strong></span> <span class='ocrx_word' id='word_1_541' title='bbox 385 5884 451 5923; x_wconf 78' lang='lat' dir='ltr'><strong>ex</strong></span> <span class='ocrx_word' id='word_1_542' title='bbox 472 5864 635 5921; x_wconf 65' lang='grc' dir='ltr'><strong>ηαξάὲ</strong></span> <span class='ocrx_word' id='word_1_543' title='bbox 818 5864 1043 5931; x_wconf 79' lang='lat' dir='ltr'><strong>suscepit.</strong></span> 
     </span>
    </p>
   </div>
   <div class='ocr_carea' id='block_1_61' title="bbox 1410 366 2330 455">
    <p class='ocr_par' dir='ltr' id='par_1_61' title="bbox 1410 366 2330 455">
     <span class='ocr_line' id='line_1_61' title="bbox 1410 366 2330 455; baseline 0.003 -6"><span class='ocrx_word' id='word_1_544' title='bbox 1410 386 1892 454; x_wconf 64' lang='lat' dir='ltr'><strong>ertsromuuu</strong></span> <span class='ocrx_word' id='word_1_545' title='bbox 1926 366 2203 455; x_wconf 52' lang='lat' dir='ltr'><strong>(usus</strong></span> <span class='ocrx_word' id='word_1_546' title='bbox 2241 396 2330 455; x_wconf 85' lang='lat' dir='ltr'><strong>tv.</strong></span> 
     </span>
    </p>
   </div>
   <div class='ocr_carea' id='block_1_62' title="bbox 3372 400 3511 457">
    <p class='ocr_par' dir='ltr' id='par_1_62' title="bbox 3372 400 3511 457">
     <span class='ocr_line' id='line_1_62' title="bbox 3372 400 3511 457; baseline 0.022 -3"><span class='ocrx_word' id='word_1_547' title='bbox 3372 400 3511 457; x_wconf 64' lang='lat' dir='ltr'><strong>10M</strong></span> 
     </span>
    </p>
   </div>
   <div class='ocr_carea' id='block_1_63' title="bbox 1924 492 3506 585">
    <p class='ocr_par' dir='ltr' id='par_1_63' title="bbox 1924 492 3506 585">
     <span class='ocr_line' id='line_1_63' title="bbox 1924 492 3506 585; baseline 0.003 -23"><span class='ocrx_word' id='word_1_548' title='bbox 1924 524 2055 562; x_wconf 86' lang='lat' dir='ltr'><strong>unus</strong></span> <span class='ocrx_word' id='word_1_549' title='bbox 2070 492 2471 561; x_wconf 75' lang='lat' dir='ltr'><strong>DominusJesus</strong></span> <span class='ocrx_word' id='word_1_550' title='bbox 2484 504 2709 561; x_wconf 79' lang='lat' dir='ltr'><strong>Christus</strong></span> <span class='ocrx_word' id='word_1_551' title='bbox 2722 522 2809 576; x_wconf 83' lang='lat' dir='ltr'><strong>per</strong></span> <span class='ocrx_word' id='word_1_552' title='bbox 2823 510 2964 576; x_wconf 83' lang='lat' dir='ltr'><strong>quem</strong></span> <span class='ocrx_word' id='word_1_553' title='bbox 2978 508 3271 575; x_wconf 81' lang='lat' dir='ltr'><strong>omnia,non</strong></span> <span class='ocrx_word' id='word_1_554' title='bbox 3286 511 3506 585; x_wconf 73' lang='lat' dir='ltr'><strong>intelligi</strong></span> 
     </span>
    </p>
   </div>
   <div class='ocr_carea' id='block_1_64' title="bbox 1924 594 3510 669">
    <p class='ocr_par' dir='ltr' id='par_1_64' title="bbox 1924 594 3510 669">
     <span class='ocr_line' id='line_1_64' title="bbox 1924 594 3510 669; baseline 0.008 -18"><span class='ocrx_word' id='word_1_555' title='bbox 1924 613 2061 652; x_wconf 90' lang='lat' dir='ltr'><strong>unus</strong></span> <span class='ocrx_word' id='word_1_556' title='bbox 2082 596 2353 666; x_wconf 89' lang='lat' dir='ltr'><strong>Dominus,</strong></span> <span class='ocrx_word' id='word_1_557' title='bbox 2375 615 2471 654; x_wconf 89' lang='lat' dir='ltr'><strong>nec</strong></span> <span class='ocrx_word' id='word_1_558' title='bbox 2488 614 2623 653; x_wconf 89' lang='lat' dir='ltr'><strong>unus</strong></span> <span class='ocrx_word' id='word_1_559' title='bbox 2646 615 2737 669; x_wconf 87' lang='lat' dir='ltr'><strong>per</strong></span> <span class='ocrx_word' id='word_1_560' title='bbox 2760 594 2919 669; x_wconf 88' lang='lat' dir='ltr'><strong>quem</strong></span> <span class='ocrx_word' id='word_1_561' title='bbox 2942 601 3135 667; x_wconf 87' lang='lat' dir='ltr'><strong>omnia,</strong></span> <span class='ocrx_word' id='word_1_562' title='bbox 3156 600 3247 656; x_wconf 85' lang='lat' dir='ltr'><strong>sed</strong></span> <span class='ocrx_word' id='word_1_563' title='bbox 3268 620 3401 661; x_wconf 88' lang='lat' dir='ltr'><strong>unus</strong></span> <span class='ocrx_word' id='word_1_564' title='bbox 3416 600 3510 665; x_wconf 78' lang='lat' dir='ltr'><strong>Je-</strong></span> 
     </span>
    </p>
   </div>
   <div class='ocr_carea' id='block_1_65' title="bbox 1894 682 3509 761">
    <p class='ocr_par' dir='ltr' id='par_1_65' title="bbox 1894 682 3509 761">
     <span class='ocr_line' id='line_1_65' title="bbox 1894 682 3509 761; baseline 0.009 -18"><span class='ocrx_word' id='word_1_565' title='bbox 1894 694 1897 697; x_wconf 83' lang='lat'>&#39;</span> <span class='ocrx_word' id='word_1_566' title='bbox 1924 703 2016 743; x_wconf 88' lang='lat' dir='ltr'><strong>sus</strong></span> <span class='ocrx_word' id='word_1_567' title='bbox 2040 682 2304 757; x_wconf 82' lang='lat' dir='ltr'><strong>Christus,</strong></span> <span class='ocrx_word' id='word_1_568' title='bbox 2333 692 2420 761; x_wconf 87' lang='lat' dir='ltr'><strong>qui</strong></span> <span class='ocrx_word' id='word_1_569' title='bbox 2449 708 2584 747; x_wconf 92' lang='lat' dir='ltr'><strong>unus</strong></span> <span class='ocrx_word' id='word_1_570' title='bbox 2611 691 2767 747; x_wconf 81' lang='lat' dir='ltr'><strong>.le‘sus</strong></span> <span class='ocrx_word' id='word_1_571' title='bbox 2791 688 3035 747; x_wconf 88' lang='lat' dir='ltr'><strong>Christus</strong></span> <span class='ocrx_word' id='word_1_572' title='bbox 3066 693 3225 749; x_wconf 89' lang='lat' dir='ltr'><strong>etiam</strong></span> <span class='ocrx_word' id='word_1_573' title='bbox 3255 696 3509 757; x_wconf 90' lang='lat' dir='ltr'><strong>Dominus</strong></span> 
     </span>
    </p>
   </div>
   <div class='ocr_carea' id='block_1_66' title="bbox 1898 772 3511 856">
    <p class='ocr_par' dir='ltr' id='par_1_66' title="bbox 1898 772 3511 856">
     <span class='ocr_line' id='line_1_66' title="bbox 1898 772 3511 856; baseline 0.007 -21"><span class='ocrx_word' id='word_1_574' title='bbox 1898 796 1903 803; x_wconf 91' lang='lat'><em>&#39;</em></span> <span class='ocrx_word' id='word_1_575' title='bbox 1924 772 2134 848; x_wconf 83' lang='lat' dir='ltr'><strong>dicitur,</strong></span> <span class='ocrx_word' id='word_1_576' title='bbox 2151 772 2257 835; x_wconf 79' lang='lat' dir='ltr'><strong>non</strong></span> <span class='ocrx_word' id='word_1_577' title='bbox 2272 778 2448 837; x_wconf 83' lang='lat' dir='ltr'><strong>tamen</strong></span> <span class='ocrx_word' id='word_1_578' title='bbox 2463 792 2664 838; x_wconf 91' lang='lat' dir='ltr'><strong>utunus</strong></span> <span class='ocrx_word' id='word_1_579' title='bbox 2679 783 2930 839; x_wconf 89' lang='lat' dir='ltr'><strong>Dominus</strong></span> <span class='ocrx_word' id='word_1_580' title='bbox 2946 784 3179 856; x_wconf 89' lang='lat' dir='ltr'><strong>situnus,</strong></span> <span class='ocrx_word' id='word_1_581' title='bbox 3197 786 3289 843; x_wconf 87' lang='lat' dir='ltr'><strong>sed</strong></span> <span class='ocrx_word' id='word_1_582' title='bbox 3307 780 3511 848; x_wconf 83' lang='lat' dir='ltr'><strong>utunus</strong></span> 
     </span>
    </p>
   </div>
   <div class='ocr_carea' id='block_1_67' title="bbox 1923 869 3509 944">
    <p class='ocr_par' dir='ltr' id='par_1_67' title="bbox 1923 869 3509 944">
     <span class='ocr_line' id='line_1_67' title="bbox 1923 869 3509 944; baseline 0.007 -16"><span class='ocrx_word' id='word_1_583' title='bbox 1923 869 2077 928; x_wconf 82' lang='lat' dir='ltr'><strong>Jesus</strong></span> <span class='ocrx_word' id='word_1_584' title='bbox 2098 870 2360 940; x_wconf 86' lang='lat' dir='ltr'><strong>Christus;</strong></span> <span class='ocrx_word' id='word_1_585' title='bbox 2384 872 2506 944; x_wconf 91' lang='lat' dir='ltr'><strong>quid</strong></span> <span class='ocrx_word' id='word_1_586' title='bbox 2529 875 2764 930; x_wconf 90' lang='lat' dir='ltr'><strong>dicturus</strong></span> <span class='ocrx_word' id='word_1_587' title='bbox 2784 885 2865 932; x_wconf 89' lang='lat' dir='ltr'><strong>est</strong></span> <span class='ocrx_word' id='word_1_588' title='bbox 2879 891 2999 931; x_wconf 91' lang='lat' dir='ltr'><strong>eum</strong></span> <span class='ocrx_word' id='word_1_589' title='bbox 3019 874 3245 933; x_wconf 89' lang='lat' dir='ltr'><strong>audierit</strong></span> <span class='ocrx_word' id='word_1_590' title='bbox 3263 881 3509 939; x_wconf 90' lang='lat' dir='ltr'><strong>eumdem</strong></span> 
     </span>
    </p>
   </div>
   <div class='ocr_carea' id='block_1_68' title="bbox 1924 966 3513 1041">
    <p class='ocr_par' dir='ltr' id='par_1_68' title="bbox 1924 966 3513 1041">
     <span class='ocr_line' id='line_1_68' title="bbox 1924 966 3513 1041; baseline 0.008 -22"><span class='ocrx_word' id='word_1_591' title='bbox 1924 966 2220 1036; x_wconf 89' lang='lat' dir='ltr'><strong>apostolum</strong></span> <span class='ocrx_word' id='word_1_592' title='bbox 2242 966 2578 1036; x_wconf 89' lang='lat' dir='ltr'><strong>clamantem,</strong></span> <span class='ocrx_word' id='word_1_593' title='bbox 2600 966 2744 1024; x_wconf 89' lang='lat' dir='ltr'><strong>Unus</strong></span> <span class='ocrx_word' id='word_1_594' title='bbox 2765 966 3029 1036; x_wconf 87' lang='lat' dir='ltr'><strong>Dominus,</strong></span> <span class='ocrx_word' id='word_1_595' title='bbox 3054 986 3157 1024; x_wconf 89' lang='lat' dir='ltr'><strong>una</strong></span> <span class='ocrx_word' id='word_1_596' title='bbox 3181 972 3327 1041; x_wconf 84' lang='lat' dir='ltr'><strong>ﬁdes,</strong></span> <span class='ocrx_word' id='word_1_597' title='bbox 3356 992 3513 1030; x_wconf 85' lang='lat' dir='ltr'><strong>unum</strong></span> 
     </span>
    </p>
   </div>
   <div class='ocr_carea' id='block_1_69' title="bbox 1924 1052 3512 1141">
    <p class='ocr_par' dir='ltr' id='par_1_69' title="bbox 1924 1052 3512 1141">
     <span class='ocr_line' id='line_1_69' title="bbox 1924 1052 3512 1141; baseline 0.008 -29"><span class='ocrx_word' id='word_1_598' title='bbox 1924 1054 2209 1128; x_wconf 87' lang='lat' dir='ltr'><strong>Baptisma,</strong></span> <span class='ocrx_word' id='word_1_599' title='bbox 2228 1068 2357 1113; x_wconf 84' lang='lat' dir='ltr'><strong>unus</strong></span> <span class='ocrx_word' id='word_1_600' title='bbox 2377 1057 2513 1115; x_wconf 87' lang='lat' dir='ltr'><strong>Deus</strong></span> <span class='ocrx_word' id='word_1_601' title='bbox 2533 1070 2579 1115; x_wconf 88' lang='lat' dir='ltr'><strong>et</strong></span> <span class='ocrx_word' id='word_1_602' title='bbox 2603 1060 2761 1115; x_wconf 88' lang='lat' dir='ltr'><strong>Pater</strong></span> <span class='ocrx_word' id='word_1_603' title='bbox 2784 1061 3005 1133; x_wconf 85' lang='lat' dir='ltr'><strong>omnium</strong></span> <span class='ocrx_word' id='word_1_604' title='bbox 3025 1058 3236 1135; x_wconf 73' lang='lat' dir='ltr'><strong>(Ep/res.</strong></span> <span class='ocrx_word' id='word_1_605' title='bbox 3258 1080 3335 1132; x_wconf 83' lang='lat' dir='ltr'><strong>tv,</strong></span> <span class='ocrx_word' id='word_1_606' title='bbox 3358 1056 3412 1135; x_wconf 71' lang='grc' dir='ltr'><strong>Β,</strong></span> <span class='ocrx_word' id='word_1_607' title='bbox 3431 1052 3512 1141; x_wconf 82' lang='lat'><strong>6)?</strong></span> 
     </span>
    </p>
   </div>
   <div class='ocr_carea' id='block_1_70' title="bbox 1926 1149 3512 1224">
    <p class='ocr_par' dir='ltr' id='par_1_70' title="bbox 1926 1149 3512 1224">
     <span class='ocr_line' id='line_1_70' title="bbox 1926 1149 3512 1224; baseline 0.008 -21"><span class='ocrx_word' id='word_1_608' title='bbox 1926 1149 2053 1204; x_wconf 86' lang='lat' dir='ltr'><strong>Cum</strong></span> <span class='ocrx_word' id='word_1_609' title='bbox 2067 1151 2205 1205; x_wconf 90' lang='lat' dir='ltr'><strong>enim</strong></span> <span class='ocrx_word' id='word_1_610' title='bbox 2220 1151 2383 1206; x_wconf 90' lang='lat' dir='ltr'><strong>Deum</strong></span> <span class='ocrx_word' id='word_1_611' title='bbox 2400 1151 2610 1208; x_wconf 88' lang='lat' dir='ltr'><strong>Patrem</strong></span> <span class='ocrx_word' id='word_1_612' title='bbox 2633 1150 2719 1209; x_wconf 90' lang='lat' dir='ltr'><strong>hic</strong></span> <span class='ocrx_word' id='word_1_613' title='bbox 2732 1162 3133 1220; x_wconf 91' lang='lat' dir='ltr'><strong>commemoret,</strong></span> <span class='ocrx_word' id='word_1_614' title='bbox 3152 1153 3239 1209; x_wconf 90' lang='lat' dir='ltr'><strong>ubi</strong></span> <span class='ocrx_word' id='word_1_615' title='bbox 3257 1155 3347 1224; x_wconf 87' lang='lat' dir='ltr'><strong>ait,</strong></span> <span class='ocrx_word' id='word_1_616' title='bbox 3368 1156 3512 1215; x_wconf 88' lang='lat' dir='ltr'><strong>Unus</strong></span> 
     </span>
    </p>
   </div>
   <div class='ocr_carea' id='block_1_71' title="bbox 1925 1236 3505 1317">
    <p class='ocr_par' dir='ltr' id='par_1_71' title="bbox 1925 1236 3505 1317">
     <span class='ocr_line' id='line_1_71' title="bbox 1925 1236 3505 1317; baseline 0.006 -22"><span class='ocrx_word' id='word_1_617' title='bbox 1925 1238 2065 1295; x_wconf 84' lang='lat' dir='ltr'><strong>Deus</strong></span> <span class='ocrx_word' id='word_1_618' title='bbox 2092 1252 2137 1295; x_wconf 89' lang='lat' dir='ltr'><strong>et</strong></span> <span class='ocrx_word' id='word_1_619' title='bbox 2158 1240 2314 1297; x_wconf 79' lang='lat' dir='ltr'><strong>Pater</strong></span> <span class='ocrx_word' id='word_1_620' title='bbox 2339 1243 2561 1299; x_wconf 90' lang='lat' dir='ltr'><strong>omnium</strong></span> <span class='ocrx_word' id='word_1_621' title='bbox 2576 1262 2598 1312; x_wconf 88' lang='lat'><strong><em>;</em></strong></span> <span class='ocrx_word' id='word_1_622' title='bbox 2627 1244 2808 1316; x_wconf 90' lang='lat' dir='ltr'><strong>procul</strong></span> <span class='ocrx_word' id='word_1_623' title='bbox 2832 1242 2991 1301; x_wconf 90' lang='lat' dir='ltr'><strong>dubio</strong></span> <span class='ocrx_word' id='word_1_624' title='bbox 3022 1240 3073 1299; x_wconf 91' lang='lat' dir='ltr'><strong>id</strong></span> <span class='ocrx_word' id='word_1_625' title='bbox 3094 1236 3233 1317; x_wconf 84' lang='lat' dir='ltr'><strong>quod</strong></span> <span class='ocrx_word' id='word_1_626' title='bbox 3258 1247 3330 1302; x_wconf 87' lang='lat' dir='ltr'><strong>ibi</strong></span> <span class='ocrx_word' id='word_1_627' title='bbox 3355 1249 3505 1317; x_wconf 77' lang='lat' dir='ltr'><strong>dixit,</strong></span> 
     </span>
    </p>
   </div>
   <div class='ocr_carea' id='block_1_72' title="bbox 1910 1330 3512 1407">
    <p class='ocr_par' dir='ltr' id='par_1_72' title="bbox 1910 1330 3512 1407">
     <span class='ocr_line' id='line_1_72' title="bbox 1910 1330 3512 1407; baseline 0.005 -19"><span class='ocrx_word' id='word_1_628' title='bbox 1910 1331 2073 1388; x_wconf 86' lang='lat' dir='ltr'><strong>‘Unus</strong></span> <span class='ocrx_word' id='word_1_629' title='bbox 2102 1330 2369 1402; x_wconf 83' lang='lat' dir='ltr'><strong>Dominus,</strong></span> <span class='ocrx_word' id='word_1_630' title='bbox 2413 1352 2593 1407; x_wconf 88' lang='lat' dir='ltr'><strong>quem,</strong></span> <span class='ocrx_word' id='word_1_631' title='bbox 2614 1336 2714 1391; x_wconf 86' lang='lat' dir='ltr'><strong>nisi</strong></span> <span class='ocrx_word' id='word_1_632' title='bbox 2738 1332 2919 1393; x_wconf 81' lang='lat' dir='ltr'><strong>Jesum</strong></span> <span class='ocrx_word' id='word_1_633' title='bbox 2948 1334 3214 1393; x_wconf 85' lang='lat' dir='ltr'><strong>Christum</strong></span> <span class='ocrx_word' id='word_1_634' title='bbox 3238 1339 3403 1395; x_wconf 88' lang='lat' dir='ltr'><strong>voluit.</strong></span> <span class='ocrx_word' id='word_1_635' title='bbox 3428 1343 3512 1397; x_wconf 89' lang='lat' dir='ltr'><strong>iu-</strong></span> 
     </span>
    </p>
   </div>
   <div class='ocr_carea' id='block_1_73' title="bbox 1926 1422 3510 1503">
    <p class='ocr_par' dir='ltr' id='par_1_73' title="bbox 1926 1422 3510 1503">
     <span class='ocr_line' id='line_1_73' title="bbox 1926 1422 3510 1503; baseline 0.006 -23"><span class='ocrx_word' id='word_1_636' title='bbox 1926 1425 2090 1496; x_wconf 86' lang='lat' dir='ltr'><strong>telligi</strong></span> <span class='ocrx_word' id='word_1_637' title='bbox 2106 1427 2133 1480; x_wconf 30' lang='lat' dir='ltr'><strong>t?</strong></span> <span class='ocrx_word' id='word_1_638' title='bbox 2154 1426 2209 1482; x_wconf 88' lang='lat' dir='ltr'><strong>Si</strong></span> <span class='ocrx_word' id='word_1_639' title='bbox 2230 1444 2355 1499; x_wconf 85' lang='lat' dir='ltr'><strong>ergo</strong></span> <span class='ocrx_word' id='word_1_640' title='bbox 2378 1428 2457 1484; x_wconf 87' lang='lat' dir='ltr'><strong>eis</strong></span> <span class='ocrx_word' id='word_1_641' title='bbox 2478 1428 2668 1499; x_wconf 90' lang='lat' dir='ltr'><strong>placet,</strong></span> <span class='ocrx_word' id='word_1_642' title='bbox 2692 1427 2897 1484; x_wconf 88' lang='lat' dir='ltr'><strong>desinat</strong></span> <span class='ocrx_word' id='word_1_643' title='bbox 2916 1444 3037 1485; x_wconf 89' lang='lat' dir='ltr'><strong>esse</strong></span> <span class='ocrx_word' id='word_1_644' title='bbox 3058 1422 3312 1485; x_wconf 90' lang='lat' dir='ltr'><strong>Dominus</strong></span> <span class='ocrx_word' id='word_1_645' title='bbox 3333 1431 3510 1503; x_wconf 88' lang='lat' dir='ltr'><strong>Pater,</strong></span> 
     </span>
    </p>
   </div>
   <div class='ocr_carea' id='block_1_74' title="bbox 1926 1514 3513 1590">
    <p class='ocr_par' dir='ltr' id='par_1_74' title="bbox 1926 1514 3513 1590">
     <span class='ocr_line' id='line_1_74' title="bbox 1926 1514 3513 1590; baseline 0.006 -18"><span class='ocrx_word' id='word_1_646' title='bbox 1926 1518 2045 1588; x_wconf 86' lang='lat' dir='ltr'><strong>quia</strong></span> <span class='ocrx_word' id='word_1_647' title='bbox 2086 1535 2220 1573; x_wconf 90' lang='lat' dir='ltr'><strong>unus</strong></span> <span class='ocrx_word' id='word_1_648' title='bbox 2250 1526 2332 1574; x_wconf 87' lang='lat' dir='ltr'><strong>est</strong></span> <span class='ocrx_word' id='word_1_649' title='bbox 2371 1521 2627 1575; x_wconf 90' lang='lat' dir='ltr'><strong>Dominus</strong></span> <span class='ocrx_word' id='word_1_650' title='bbox 2667 1520 2820 1577; x_wconf 88' lang='lat' dir='ltr'><strong>Jesus</strong></span> <span class='ocrx_word' id='word_1_651' title='bbox 2845 1514 3107 1577; x_wconf 85' lang='lat' dir='ltr'><strong>Christus.</strong></span> <span class='ocrx_word' id='word_1_652' title='bbox 3137 1523 3290 1590; x_wconf 85' lang='lat' dir='ltr'><strong>Quod</strong></span> <span class='ocrx_word' id='word_1_653' title='bbox 3334 1526 3378 1580; x_wconf 91' lang='lat' dir='ltr'><strong>si</strong></span> <span class='ocrx_word' id='word_1_654' title='bbox 3417 1526 3513 1581; x_wconf 85' lang='lat' dir='ltr'><strong>ab-</strong></span> 
     </span>
    </p>
   </div>
   <div class='ocr_carea' id='block_1_75' title="bbox 1926 1608 3515 1687">
    <p class='ocr_par' dir='ltr' id='par_1_75' title="bbox 1926 1608 3515 1687">
     <span class='ocr_line' id='line_1_75' title="bbox 1926 1608 3515 1687; baseline 0.008 -25"><span class='ocrx_word' id='word_1_655' title='bbox 1926 1608 2143 1662; x_wconf 77' lang='lat' dir='ltr'><strong>surdUm</strong></span> <span class='ocrx_word' id='word_1_656' title='bbox 2191 1618 2243 1664; x_wconf 90' lang='lat' dir='ltr'><strong>et</strong></span> <span class='ocrx_word' id='word_1_657' title='bbox 2281 1609 2499 1679; x_wconf 89' lang='lat' dir='ltr'><strong>impium</strong></span> <span class='ocrx_word' id='word_1_658' title='bbox 2542 1608 2625 1665; x_wconf 73' lang='grc' dir='ltr'><strong>ρει</strong></span> <span class='ocrx_word' id='word_1_659' title='bbox 2666 1612 2893 1683; x_wconf 88' lang='lat' dir='ltr'><strong>opinari,</strong></span> <span class='ocrx_word' id='word_1_660' title='bbox 2916 1611 3184 1668; x_wconf 89' lang='lat' dir='ltr'><strong>discamus</strong></span> <span class='ocrx_word' id='word_1_661' title='bbox 3218 1612 3515 1687; x_wconf 85' lang='lat' dir='ltr'><strong>intelligere</strong></span> 
     </span>
    </p>
   </div>
   <div class='ocr_carea' id='block_1_76' title="bbox 1926 1699 3517 1777">
    <p class='ocr_par' dir='ltr' id='par_1_76' title="bbox 1926 1699 3517 1777">
     <span class='ocr_line' id='line_1_76' title="bbox 1926 1699 3517 1777; baseline 0.006 -24"><span class='ocrx_word' id='word_1_662' title='bbox 1926 1699 2185 1754; x_wconf 87' lang='lat' dir='ltr'><strong>unitatem</strong></span> <span class='ocrx_word' id='word_1_663' title='bbox 2220 1700 2392 1755; x_wconf 87' lang='lat' dir='ltr'><strong>Patris</strong></span> <span class='ocrx_word' id='word_1_664' title='bbox 2414 1709 2466 1757; x_wconf 90' lang='lat' dir='ltr'><strong>et</strong></span> <span class='ocrx_word' id='word_1_665' title='bbox 2496 1701 2614 1755; x_wconf 88' lang='lat' dir='ltr'><strong>Filii</strong></span> <span class='ocrx_word' id='word_1_666' title='bbox 2639 1712 2691 1757; x_wconf 88' lang='lat' dir='ltr'><strong>et</strong></span> <span class='ocrx_word' id='word_1_667' title='bbox 2717 1702 2942 1773; x_wconf 88' lang='lat' dir='ltr'><strong>Spiritus</strong></span> <span class='ocrx_word' id='word_1_668' title='bbox 2966 1702 3170 1770; x_wconf 88' lang='lat' dir='ltr'><strong>sancti;</strong></span> <span class='ocrx_word' id='word_1_669' title='bbox 3201 1715 3260 1760; x_wconf 90' lang='lat' dir='ltr'><strong>ut</strong></span> <span class='ocrx_word' id='word_1_670' title='bbox 3284 1706 3423 1777; x_wconf 90' lang='lat' dir='ltr'><strong>quod</strong></span> <span class='ocrx_word' id='word_1_671' title='bbox 3449 1707 3517 1763; x_wconf 90' lang='lat' dir='ltr'><strong>de</strong></span> 
     </span>
    </p>
   </div>
   <div class='ocr_carea' id='block_1_77' title="bbox 1926 1788 3515 1869">
    <p class='ocr_par' dir='ltr' id='par_1_77' title="bbox 1926 1788 3515 1869">
     <span class='ocr_line' id='line_1_77' title="bbox 1926 1788 3515 1869; baseline 0.004 -22"><span class='ocrx_word' id='word_1_672' title='bbox 1926 1808 2032 1848; x_wconf 92' lang='lat' dir='ltr'><strong>uno</strong></span> <span class='ocrx_word' id='word_1_673' title='bbox 2061 1793 2175 1847; x_wconf 91' lang='lat' dir='ltr'><strong>solo</strong></span> <span class='ocrx_word' id='word_1_674' title='bbox 2220 1792 2331 1849; x_wconf 92' lang='lat' dir='ltr'><strong>Deo</strong></span> <span class='ocrx_word' id='word_1_675' title='bbox 2368 1791 2565 1849; x_wconf 86' lang='lat' dir='ltr'><strong>dictum</strong></span> <span class='ocrx_word' id='word_1_676' title='bbox 2593 1792 2784 1863; x_wconf 83' lang='lat' dir='ltr'><strong>fuerit,</strong></span> <span class='ocrx_word' id='word_1_677' title='bbox 2825 1810 2929 1850; x_wconf 90' lang='lat' dir='ltr'><strong>non</strong></span> <span class='ocrx_word' id='word_1_678' title='bbox 2959 1788 3209 1851; x_wconf 90' lang='lat' dir='ltr'><strong>continuo</strong></span> <span class='ocrx_word' id='word_1_679' title='bbox 3233 1798 3515 1869; x_wconf 83' lang='lat' dir='ltr'><strong>prohibea-</strong></span> 
     </span>
    </p>
   </div>
   <div class='ocr_carea' id='block_1_78' title="bbox 1918 1880 3517 1961">
    <p class='ocr_par' dir='ltr' id='par_1_78' title="bbox 1918 1880 3517 1961">
     <span class='ocr_line' id='line_1_78' title="bbox 1918 1880 3517 1961; baseline 0.003 -22"><span class='ocrx_word' id='word_1_680' title='bbox 1918 1882 2052 1939; x_wconf 89' lang='lat' dir='ltr'><strong>mur</strong></span> <span class='ocrx_word' id='word_1_681' title='bbox 2077 1883 2144 1940; x_wconf 91' lang='lat' dir='ltr'><strong>de</strong></span> <span class='ocrx_word' id='word_1_682' title='bbox 2187 1883 2323 1940; x_wconf 89' lang='lat' dir='ltr'><strong>Filio</strong></span> <span class='ocrx_word' id='word_1_683' title='bbox 2347 1884 2431 1939; x_wconf 91' lang='lat' dir='ltr'><strong>vel</strong></span> <span class='ocrx_word' id='word_1_684' title='bbox 2457 1884 2524 1939; x_wconf 91' lang='lat' dir='ltr'><strong>de</strong></span> <span class='ocrx_word' id='word_1_685' title='bbox 2559 1882 2754 1961; x_wconf 79' lang='lat' dir='ltr'><strong>Spiritu</strong></span> <span class='ocrx_word' id='word_1_686' title='bbox 2795 1896 2979 1941; x_wconf 91' lang='lat' dir='ltr'><strong>sancto</strong></span> <span class='ocrx_word' id='word_1_687' title='bbox 3007 1880 3303 1958; x_wconf 80' lang='lat' dir='ltr'><strong>intelligere</strong></span> <span class='ocrx_word' id='word_1_688' title='bbox 3343 1906 3355 1943; x_wconf 94' lang='lat'>:</span> <span class='ocrx_word' id='word_1_689' title='bbox 3392 1890 3517 1959; x_wconf 84' lang='lat' dir='ltr'><strong>quia</strong></span> 
     </span>
    </p>
   </div>
   <div class='ocr_carea' id='block_1_79' title="bbox 1922 1972 3513 2051">
    <p class='ocr_par' dir='ltr' id='par_1_79' title="bbox 1922 1972 3513 2051">
     <span class='ocr_line' id='line_1_79' title="bbox 1922 1972 3513 2051; baseline 0.003 -20"><span class='ocrx_word' id='word_1_690' title='bbox 1922 1975 2089 2032; x_wconf 87' lang='lat' dir='ltr'><strong>Pater</strong></span> <span class='ocrx_word' id='word_1_691' title='bbox 2121 1976 2335 2047; x_wconf 86' lang='lat' dir='ltr'><strong>quidem</strong></span> <span class='ocrx_word' id='word_1_692' title='bbox 2365 1984 2470 2033; x_wconf 85' lang='lat' dir='ltr'><strong>non</strong></span> <span class='ocrx_word' id='word_1_693' title='bbox 2498 1985 2577 2033; x_wconf 90' lang='lat' dir='ltr'><strong>est</strong></span> <span class='ocrx_word' id='word_1_694' title='bbox 2607 1975 2794 2045; x_wconf 83' lang='lat' dir='ltr'><strong>Filius,</strong></span> <span class='ocrx_word' id='word_1_695' title='bbox 2823 1988 2878 2033; x_wconf 83' lang='lat' dir='ltr'><strong>et</strong></span> <span class='ocrx_word' id='word_1_696' title='bbox 2906 1972 3071 2033; x_wconf 79' lang='lat' dir='ltr'><strong>Filius</strong></span> <span class='ocrx_word' id='word_1_697' title='bbox 3099 1996 3201 2035; x_wconf 91' lang='lat' dir='ltr'><strong>non</strong></span> <span class='ocrx_word' id='word_1_698' title='bbox 3228 1990 3307 2035; x_wconf 90' lang='lat' dir='ltr'><strong>est</strong></span> <span class='ocrx_word' id='word_1_699' title='bbox 3336 1981 3513 2051; x_wconf 89' lang='lat' dir='ltr'><strong>Pater,</strong></span> 
     </span>
    </p>
   </div>
   <div class='ocr_carea' id='block_1_80' title="bbox 1927 2068 3516 2140">
    <p class='ocr_par' dir='ltr' id='par_1_80' title="bbox 1927 2068 3516 2140">
     <span class='ocr_line' id='line_1_80' title="bbox 1927 2068 3516 2140; baseline 0.004 -18"><span class='ocrx_word' id='word_1_700' title='bbox 1927 2077 1979 2122; x_wconf 90' lang='lat' dir='ltr'><strong>et</strong></span> <span class='ocrx_word' id='word_1_701' title='bbox 2000 2068 2231 2139; x_wconf 87' lang='lat' dir='ltr'><strong>Spiritus</strong></span> <span class='ocrx_word' id='word_1_702' title='bbox 2262 2071 2537 2138; x_wconf 88' lang='lat' dir='ltr'><strong>utriusque</strong></span> <span class='ocrx_word' id='word_1_703' title='bbox 2566 2085 2674 2125; x_wconf 92' lang='lat' dir='ltr'><strong>non</strong></span> <span class='ocrx_word' id='word_1_704' title='bbox 2696 2080 2777 2125; x_wconf 87' lang='lat' dir='ltr'><strong>est</strong></span> <span class='ocrx_word' id='word_1_705' title='bbox 2800 2070 2955 2125; x_wconf 89' lang='lat' dir='ltr'><strong>Pater</strong></span> <span class='ocrx_word' id='word_1_706' title='bbox 2979 2080 3072 2125; x_wconf 89' lang='lat' dir='ltr'><strong>aut</strong></span> <span class='ocrx_word' id='word_1_707' title='bbox 3092 2072 3284 2140; x_wconf 87' lang='lat' dir='ltr'><strong>Filius;</strong></span> <span class='ocrx_word' id='word_1_708' title='bbox 3312 2073 3405 2128; x_wconf 89' lang='lat' dir='ltr'><strong>sed</strong></span> <span class='ocrx_word' id='word_1_709' title='bbox 3435 2084 3516 2129; x_wconf 89' lang='lat' dir='ltr'><strong>ta-</strong></span> 
     </span>
    </p>
   </div>
   <div class='ocr_carea' id='block_1_81' title="bbox 1928 2160 3518 2234">
    <p class='ocr_par' dir='ltr' id='par_1_81' title="bbox 1928 2160 3518 2234">
     <span class='ocr_line' id='line_1_81' title="bbox 1928 2160 3518 2234; baseline 0.006 -19"><span class='ocrx_word' id='word_1_710' title='bbox 1928 2172 2051 2216; x_wconf 92' lang='lat' dir='ltr'><strong>men</strong></span> <span class='ocrx_word' id='word_1_711' title='bbox 2078 2172 2131 2216; x_wconf 90' lang='lat' dir='ltr'><strong>ct</strong></span> <span class='ocrx_word' id='word_1_712' title='bbox 2157 2162 2314 2217; x_wconf 87' lang='lat' dir='ltr'><strong>Pater</strong></span> <span class='ocrx_word' id='word_1_713' title='bbox 2341 2164 2395 2218; x_wconf 86' lang='lat' dir='ltr'><strong>et</strong></span> <span class='ocrx_word' id='word_1_714' title='bbox 2421 2160 2589 2219; x_wconf 90' lang='lat' dir='ltr'><strong>Filius</strong></span> <span class='ocrx_word' id='word_1_715' title='bbox 2626 2173 2679 2218; x_wconf 90' lang='lat' dir='ltr'><strong>ct</strong></span> <span class='ocrx_word' id='word_1_716' title='bbox 2705 2163 2930 2233; x_wconf 86' lang='lat' dir='ltr'><strong>Spiritus</strong></span> <span class='ocrx_word' id='word_1_717' title='bbox 2955 2174 3185 2234; x_wconf 89' lang='lat' dir='ltr'><strong>sanctus,</strong></span> <span class='ocrx_word' id='word_1_718' title='bbox 3216 2182 3350 2221; x_wconf 92' lang='lat' dir='ltr'><strong>unus</strong></span> <span class='ocrx_word' id='word_1_719' title='bbox 3374 2168 3518 2224; x_wconf 90' lang='lat' dir='ltr'><strong>solus</strong></span> 
     </span>
    </p>
   </div>
   <div class='ocr_carea' id='block_1_82' title="bbox 1928 2252 2739 2310">
    <p class='ocr_par' dir='ltr' id='par_1_82' title="bbox 1928 2252 2739 2310">
     <span class='ocr_line' id='line_1_82' title="bbox 1928 2252 2739 2310; baseline 0.005 -4"><span class='ocrx_word' id='word_1_720' title='bbox 1928 2259 1981 2306; x_wconf 86' lang='lat' dir='ltr'><strong>et</strong></span> <span class='ocrx_word' id='word_1_721' title='bbox 2007 2266 2164 2307; x_wconf 84' lang='lat' dir='ltr'><strong>verus</strong></span> <span class='ocrx_word' id='word_1_722' title='bbox 2196 2260 2276 2309; x_wconf 76' lang='lat' dir='ltr'><strong>est</strong></span> <span class='ocrx_word' id='word_1_723' title='bbox 2308 2252 2558 2309; x_wconf 88' lang='lat' dir='ltr'><strong>Dominus</strong></span> <span class='ocrx_word' id='word_1_724' title='bbox 2581 2255 2739 2310; x_wconf 89' lang='lat' dir='ltr'><strong>Deus.</strong></span> 
     </span>
    </p>
   </div>
   <div class='ocr_carea' id='block_1_83' title="bbox 2000 2340 3518 2418">
    <p class='ocr_par' dir='ltr' id='par_1_83' title="bbox 2000 2340 3518 2418">
     <span class='ocr_line' id='line_1_83' title="bbox 2000 2340 3518 2418; baseline 0.007 -22"><span class='ocrx_word' id='word_1_725' title='bbox 2000 2342 2223 2399; x_wconf 84' lang='lat' dir='ltr'><strong>CAPUT</strong></span> <span class='ocrx_word' id='word_1_726' title='bbox 2266 2340 2351 2398; x_wconf 78' lang='grc' dir='ltr'><strong>Ν.</strong></span> <span class='ocrx_word' id='word_1_727' title='bbox 2377 2376 2446 2386; x_wconf 87' lang='lat'><strong>——</strong></span> <span class='ocrx_word' id='word_1_728' title='bbox 2465 2344 2554 2399; x_wconf 71' lang='lat' dir='ltr'><strong>2i.</strong></span> <span class='ocrx_word' id='word_1_729' title='bbox 2576 2345 2759 2417; x_wconf 87' lang='lat' dir='ltr'><strong>Neque</strong></span> <span class='ocrx_word' id='word_1_730' title='bbox 2786 2346 2925 2402; x_wconf 86' lang='lat' dir='ltr'><strong>enim</strong></span> <span class='ocrx_word' id='word_1_731' title='bbox 2953 2346 3181 2418; x_wconf 88' lang='lat' dir='ltr'><strong>Spiritus</strong></span> <span class='ocrx_word' id='word_1_732' title='bbox 3232 2358 3446 2404; x_wconf 89' lang='lat' dir='ltr'><strong>sanctus</strong></span> <span class='ocrx_word' id='word_1_733' title='bbox 3472 2351 3518 2407; x_wconf 88' lang='lat' dir='ltr'><strong>si</strong></span> 
     </span>
    </p>
   </div>
   <div class='ocr_carea' id='block_1_84' title="bbox 1930 2435 3519 2511">
    <p class='ocr_par' dir='ltr' id='par_1_84' title="bbox 1930 2435 3519 2511">
     <span class='ocr_line' id='line_1_84' title="bbox 1930 2435 3519 2511; baseline 0.006 -24"><span class='ocrx_word' id='word_1_734' title='bbox 1930 2443 2019 2488; x_wconf 90' lang='lat' dir='ltr'><strong>aut</strong></span> <span class='ocrx_word' id='word_1_735' title='bbox 2042 2435 2181 2490; x_wconf 91' lang='lat' dir='ltr'><strong>Deus</strong></span> <span class='ocrx_word' id='word_1_736' title='bbox 2210 2445 2300 2490; x_wconf 88' lang='lat' dir='ltr'><strong>aut</strong></span> <span class='ocrx_word' id='word_1_737' title='bbox 2328 2452 2486 2492; x_wconf 88' lang='lat' dir='ltr'><strong>verus</strong></span> <span class='ocrx_word' id='word_1_738' title='bbox 2513 2437 2653 2493; x_wconf 90' lang='lat' dir='ltr'><strong>Dens</strong></span> <span class='ocrx_word' id='word_1_739' title='bbox 2684 2454 2786 2493; x_wconf 91' lang='lat' dir='ltr'><strong>non</strong></span> <span class='ocrx_word' id='word_1_740' title='bbox 2824 2449 2985 2507; x_wconf 87' lang='lat' dir='ltr'><strong>esset,</strong></span> <span class='ocrx_word' id='word_1_741' title='bbox 3010 2441 3263 2510; x_wconf 89' lang='lat' dir='ltr'><strong>templum</strong></span> <span class='ocrx_word' id='word_1_742' title='bbox 3285 2441 3401 2511; x_wconf 89' lang='lat' dir='ltr'><strong>ejus</strong></span> <span class='ocrx_word' id='word_1_743' title='bbox 3429 2457 3519 2497; x_wconf 88' lang='lat' dir='ltr'><strong>es-</strong></span> 
     </span>
    </p>
   </div>
   <div class='ocr_carea' id='block_1_85' title="bbox 1928 2527 3522 2604">
    <p class='ocr_par' dir='ltr' id='par_1_85' title="bbox 1928 2527 3522 2604">
     <span class='ocr_line' id='line_1_85' title="bbox 1928 2527 3522 2604; baseline 0.006 -25"><span class='ocrx_word' id='word_1_744' title='bbox 1928 2534 2047 2580; x_wconf 90' lang='lat' dir='ltr'><strong>sent</strong></span> <span class='ocrx_word' id='word_1_745' title='bbox 2071 2541 2291 2596; x_wconf 90' lang='lat' dir='ltr'><strong>corpora</strong></span> <span class='ocrx_word' id='word_1_746' title='bbox 2320 2537 2522 2583; x_wconf 89' lang='lat' dir='ltr'><strong>nostra.</strong></span> <span class='ocrx_word' id='word_1_747' title='bbox 2557 2527 2795 2595; x_wconf 84' lang='lat' dir='ltr'><strong>Nescitis,</strong></span> <span class='ocrx_word' id='word_1_748' title='bbox 2834 2530 3030 2603; x_wconf 62' lang='lat' dir='ltr'><strong>inquitf,</strong></span> <span class='ocrx_word' id='word_1_749' title='bbox 3061 2534 3177 2602; x_wconf 86' lang='lat' dir='ltr'><strong>quia</strong></span> <span class='ocrx_word' id='word_1_750' title='bbox 3202 2550 3415 2604; x_wconf 87' lang='lat' dir='ltr'><strong>corpora</strong></span> <span class='ocrx_word' id='word_1_751' title='bbox 3440 2550 3522 2589; x_wconf 87' lang='lat' dir='ltr'><strong>ve-</strong></span> 
     </span>
    </p>
   </div>
   <div class='ocr_carea' id='block_1_86' title="bbox 1929 2619 3520 2694">
    <p class='ocr_par' dir='ltr' id='par_1_86' title="bbox 1929 2619 3520 2694">
     <span class='ocr_line' id='line_1_86' title="bbox 1929 2619 3520 2694; baseline 0.006 -25"><span class='ocrx_word' id='word_1_752' title='bbox 1929 2624 2035 2670; x_wconf 85' lang='lat' dir='ltr'><strong>stra</strong></span> <span class='ocrx_word' id='word_1_753' title='bbox 2062 2619 2300 2688; x_wconf 84' lang='lat' dir='ltr'><strong>templum</strong></span> <span class='ocrx_word' id='word_1_754' title='bbox 2324 2619 2374 2672; x_wconf 90' lang='lat' dir='ltr'><strong>in</strong></span> <span class='ocrx_word' id='word_1_755' title='bbox 2403 2619 2537 2673; x_wconf 83' lang='lat' dir='ltr'><strong>vobis</strong></span> <span class='ocrx_word' id='word_1_756' title='bbox 2566 2624 2635 2674; x_wconf 84' lang='lat' dir='ltr'><strong>est</strong></span> <span class='ocrx_word' id='word_1_757' title='bbox 2664 2620 2887 2692; x_wconf 84' lang='lat' dir='ltr'><strong>Spiritus</strong></span> <span class='ocrx_word' id='word_1_758' title='bbox 2904 2622 3082 2688; x_wconf 86' lang='lat' dir='ltr'><strong>sancti,</strong></span> <span class='ocrx_word' id='word_1_759' title='bbox 3102 2641 3246 2694; x_wconf 89' lang='lat' dir='ltr'><strong>quem</strong></span> <span class='ocrx_word' id='word_1_760' title='bbox 3272 2624 3464 2679; x_wconf 85' lang='lat' dir='ltr'><strong>habetis</strong></span> <span class='ocrx_word' id='word_1_761' title='bbox 3487 2643 3520 2680; x_wconf 90' lang='lat' dir='ltr'><strong>a</strong></span> 
     </span>
    </p>
   </div>
   <div class='ocr_carea' id='block_1_87' title="bbox 1932 2707 3514 2786">
    <p class='ocr_par' dir='ltr' id='par_1_87' title="bbox 1932 2707 3514 2786">
     <span class='ocr_line' id='line_1_87' title="bbox 1932 2707 3514 2786; baseline 0.007 -26"><span class='ocrx_word' id='word_1_762' title='bbox 1932 2707 2036 2762; x_wconf 90' lang='lat' dir='ltr'><strong>Deo</strong></span> <span class='ocrx_word' id='word_1_763' title='bbox 2057 2710 2081 2763; x_wconf 85' lang='lat'><em>?</em></span> <span class='ocrx_word' id='word_1_764' title='bbox 2106 2718 2157 2763; x_wconf 92' lang='lat' dir='ltr'><strong>et</strong></span> <span class='ocrx_word' id='word_1_765' title='bbox 2184 2724 2252 2765; x_wconf 89' lang='lat' dir='ltr'><strong>ne</strong></span> <span class='ocrx_word' id='word_1_766' title='bbox 2281 2712 2557 2781; x_wconf 89' lang='lat' dir='ltr'><strong>quisquam</strong></span> <span class='ocrx_word' id='word_1_767' title='bbox 2586 2712 2756 2782; x_wconf 89' lang='lat' dir='ltr'><strong>ipsum</strong></span> <span class='ocrx_word' id='word_1_768' title='bbox 2785 2712 3039 2782; x_wconf 88' lang='lat' dir='ltr'><strong>Spiritum</strong></span> <span class='ocrx_word' id='word_1_769' title='bbox 3074 2725 3291 2786; x_wconf 79' lang='lat' dir='ltr'><strong>negaret</strong></span> <span class='ocrx_word' id='word_1_770' title='bbox 3325 2717 3514 2786; x_wconf 88' lang='lat' dir='ltr'><strong>Deum,</strong></span> 
     </span>
    </p>
   </div>
   <div class='ocr_carea' id='block_1_88' title="bbox 1932 2800 3523 2878">
    <p class='ocr_par' dir='ltr' id='par_1_88' title="bbox 1932 2800 3523 2878">
     <span class='ocr_line' id='line_1_88' title="bbox 1932 2800 3523 2878; baseline 0.006 -24"><span class='ocrx_word' id='word_1_771' title='bbox 1932 2800 2185 2855; x_wconf 86' lang='lat' dir='ltr'><strong>continuo</strong></span> <span class='ocrx_word' id='word_1_772' title='bbox 2215 2810 2427 2858; x_wconf 85' lang='lat' dir='ltr'><strong>secutus</strong></span> <span class='ocrx_word' id='word_1_773' title='bbox 2456 2804 2560 2867; x_wconf 90' lang='lat' dir='ltr'><strong>ait,</strong></span> <span class='ocrx_word' id='word_1_774' title='bbox 2606 2803 2671 2858; x_wconf 90' lang='lat' dir='ltr'><strong>Et</strong></span> <span class='ocrx_word' id='word_1_775' title='bbox 2714 2822 2815 2859; x_wconf 88' lang='lat' dir='ltr'><strong>non</strong></span> <span class='ocrx_word' id='word_1_776' title='bbox 2850 2806 2964 2860; x_wconf 87' lang='lat' dir='ltr'><strong>estis</strong></span> <span class='ocrx_word' id='word_1_777' title='bbox 2990 2806 3136 2860; x_wconf 84' lang='lat' dir='ltr'><strong>vestri</strong></span> <span class='ocrx_word' id='word_1_778' title='bbox 3164 2822 3183 2861; x_wconf 87' lang='lat'><strong><em>:</em></strong></span> <span class='ocrx_word' id='word_1_779' title='bbox 3212 2808 3363 2878; x_wconf 88' lang='lat' dir='ltr'><strong>empti</strong></span> <span class='ocrx_word' id='word_1_780' title='bbox 3389 2809 3523 2863; x_wconf 84' lang='lat' dir='ltr'><strong>enim</strong></span> 
     </span>
    </p>
   </div>
   <div class='ocr_carea' id='block_1_89' title="bbox 1936 2894 3523 2972">
    <p class='ocr_par' dir='ltr' id='par_1_89' title="bbox 1936 2894 3523 2972">
     <span class='ocr_line' id='line_1_89' title="bbox 1936 2894 3523 2972; baseline 0.004 -21"><span class='ocrx_word' id='word_1_781' title='bbox 1936 2898 2051 2951; x_wconf 86' lang='lat' dir='ltr'><strong>estis</strong></span> <span class='ocrx_word' id='word_1_782' title='bbox 2094 2898 2256 2968; x_wconf 85' lang='lat' dir='ltr'><strong>pretio</strong></span> <span class='ocrx_word' id='word_1_783' title='bbox 2296 2898 2478 2971; x_wconf 84' lang='lat' dir='ltr'><strong>magno</strong></span> <span class='ocrx_word' id='word_1_784' title='bbox 2506 2900 2543 2951; x_wconf 82' lang='grc'><strong>¹.</strong></span> <span class='ocrx_word' id='word_1_785' title='bbox 2592 2897 2885 2969; x_wconf 83' lang='lat' dir='ltr'><strong>Ctoriﬁcate</strong></span> <span class='ocrx_word' id='word_1_786' title='bbox 2918 2894 3033 2972; x_wconf 74' lang='lat' dir='ltr'><strong>ergo</strong></span> <span class='ocrx_word' id='word_1_787' title='bbox 3061 2910 3109 2956; x_wconf 91' lang='lat' dir='ltr'><strong>et</strong></span> <span class='ocrx_word' id='word_1_788' title='bbox 3138 2911 3332 2970; x_wconf 88' lang='lat' dir='ltr'><strong>portate</strong></span> <span class='ocrx_word' id='word_1_789' title='bbox 3360 2902 3523 2958; x_wconf 86' lang='lat' dir='ltr'><strong>Deum</strong></span> 
     </span>
    </p>
   </div>
   <div class='ocr_carea' id='block_1_90' title="bbox 1932 2990 3523 3063">
    <p class='ocr_par' dir='ltr' id='par_1_90' title="bbox 1932 2990 3523 3063">
     <span class='ocr_line' id='line_1_90' title="bbox 1932 2990 3523 3063; baseline 0.003 -21"><span class='ocrx_word' id='word_1_790' title='bbox 1932 2990 1982 3043; x_wconf 87' lang='lat' dir='ltr'><strong>in</strong></span> <span class='ocrx_word' id='word_1_791' title='bbox 2010 3006 2216 3059; x_wconf 87' lang='lat' dir='ltr'><strong>corpore</strong></span> <span class='ocrx_word' id='word_1_792' title='bbox 2243 3001 2419 3056; x_wconf 86' lang='lat' dir='ltr'><strong>vestro,</strong></span> <span class='ocrx_word' id='word_1_793' title='bbox 2449 3007 2567 3046; x_wconf 92' lang='lat' dir='ltr'><strong>eum</strong></span> <span class='ocrx_word' id='word_1_794' title='bbox 2601 2991 2802 3046; x_wconf 79' lang='lat' dir='ltr'><strong>scilicet</strong></span> <span class='ocrx_word' id='word_1_795' title='bbox 2832 2993 2980 3062; x_wconf 87' lang='lat' dir='ltr'><strong>cujus</strong></span> <span class='ocrx_word' id='word_1_796' title='bbox 3002 2993 3256 3062; x_wconf 88' lang='lat' dir='ltr'><strong>templum</strong></span> <span class='ocrx_word' id='word_1_797' title='bbox 3294 3008 3523 3063; x_wconf 87' lang='lat' dir='ltr'><strong>corpora</strong></span> 
     </span>
    </p>
   </div>
   <div class='ocr_carea' id='block_1_91' title="bbox 1933 3080 3523 3150">
    <p class='ocr_par' dir='ltr' id='par_1_91' title="bbox 1933 3080 3523 3150">
     <span class='ocr_line' id='line_1_91' title="bbox 1933 3080 3523 3150; baseline 0.003 -17"><span class='ocrx_word' id='word_1_798' title='bbox 1933 3087 2113 3133; x_wconf 84' lang='lat' dir='ltr'><strong>nostra</strong></span> <span class='ocrx_word' id='word_1_799' title='bbox 2143 3093 2262 3136; x_wconf 85' lang='lat' dir='ltr'><strong>esse</strong></span> <span class='ocrx_word' id='word_1_800' title='bbox 2304 3080 2638 3150; x_wconf 72' lang='lat' dir='ltr'><strong>prredixerat.</strong></span> <span class='ocrx_word' id='word_1_801' title='bbox 2669 3080 2783 3135; x_wconf 87' lang='lat' dir='ltr'><strong>Jam</strong></span> <span class='ocrx_word' id='word_1_802' title='bbox 2824 3080 2923 3135; x_wconf 92' lang='lat' dir='ltr'><strong>hoc</strong></span> <span class='ocrx_word' id='word_1_803' title='bbox 2952 3081 3191 3137; x_wconf 86' lang='lat' dir='ltr'><strong>mirabile</strong></span> <span class='ocrx_word' id='word_1_804' title='bbox 3229 3090 3330 3149; x_wconf 88' lang='lat' dir='ltr'><strong>est,</strong></span> <span class='ocrx_word' id='word_1_805' title='bbox 3359 3084 3402 3137; x_wconf 90' lang='lat' dir='ltr'><strong>si</strong></span> <span class='ocrx_word' id='word_1_806' title='bbox 3428 3099 3523 3138; x_wconf 90' lang='lat' dir='ltr'><strong>ve-</strong></span> 
     </span>
    </p>
   </div>
   <div class='ocr_carea' id='block_1_92' title="bbox 1930 3164 3527 3241">
    <p class='ocr_par' dir='ltr' id='par_1_92' title="bbox 1930 3164 3527 3241">
     <span class='ocr_line' id='line_1_92' title="bbox 1930 3164 3527 3241; baseline 0.003 -18"><span class='ocrx_word' id='word_1_807' title='bbox 1930 3184 2048 3223; x_wconf 88' lang='lat' dir='ltr'><strong>rum</strong></span> <span class='ocrx_word' id='word_1_808' title='bbox 2079 3180 2159 3224; x_wconf 90' lang='lat' dir='ltr'><strong>est</strong></span> <span class='ocrx_word' id='word_1_809' title='bbox 2187 3170 2326 3239; x_wconf 88' lang='lat' dir='ltr'><strong>quod</strong></span> <span class='ocrx_word' id='word_1_810' title='bbox 2354 3186 2448 3225; x_wconf 80' lang='lat' dir='ltr'><strong>vos</strong></span> <span class='ocrx_word' id='word_1_811' title='bbox 2474 3170 2629 3224; x_wconf 86' lang='lat' dir='ltr'><strong>audio</strong></span> <span class='ocrx_word' id='word_1_812' title='bbox 2654 3170 2851 3237; x_wconf 87' lang='lat' dir='ltr'><strong>dicere,</strong></span> <span class='ocrx_word' id='word_1_813' title='bbox 2876 3170 2949 3225; x_wconf 88' lang='lat' dir='ltr'><strong>ita</strong></span> <span class='ocrx_word' id='word_1_814' title='bbox 2980 3187 3098 3227; x_wconf 91' lang='lat' dir='ltr'><strong>esse</strong></span> <span class='ocrx_word' id='word_1_815' title='bbox 3122 3164 3374 3241; x_wconf 86' lang='lat' dir='ltr'><strong>Spiritum</strong></span> <span class='ocrx_word' id='word_1_816' title='bbox 3401 3188 3527 3227; x_wconf 85' lang='lat' dir='ltr'><strong>san-</strong></span> 
     </span>
    </p>
   </div>
   <div class='ocr_carea' id='block_1_93' title="bbox 1932 3256 3526 3327">
    <p class='ocr_par' dir='ltr' id='par_1_93' title="bbox 1932 3256 3526 3327">
     <span class='ocr_line' id='line_1_93' title="bbox 1932 3256 3526 3327; baseline 0.002 -11"><span class='ocrx_word' id='word_1_817' title='bbox 1932 3269 2075 3316; x_wconf 84' lang='lat' dir='ltr'><strong>ctum</strong></span> <span class='ocrx_word' id='word_1_818' title='bbox 2097 3261 2354 3315; x_wconf 88' lang='lat' dir='ltr'><strong>minorem</strong></span> <span class='ocrx_word' id='word_1_819' title='bbox 2378 3260 2531 3327; x_wconf 86' lang='lat' dir='ltr'><strong>Filio,</strong></span> <span class='ocrx_word' id='word_1_820' title='bbox 2556 3262 2686 3316; x_wconf 88' lang='lat' dir='ltr'><strong>sicut</strong></span> <span class='ocrx_word' id='word_1_821' title='bbox 2713 3262 2871 3317; x_wconf 86' lang='lat' dir='ltr'><strong>Patre</strong></span> <span class='ocrx_word' id='word_1_822' title='bbox 2892 3261 3066 3316; x_wconf 90' lang='lat' dir='ltr'><strong>minor</strong></span> <span class='ocrx_word' id='word_1_823' title='bbox 3081 3272 3162 3317; x_wconf 90' lang='lat' dir='ltr'><strong>est</strong></span> <span class='ocrx_word' id='word_1_824' title='bbox 3183 3256 3367 3318; x_wconf 86' lang='lat' dir='ltr'><strong>Filius.</strong></span> <span class='ocrx_word' id='word_1_825' title='bbox 3390 3262 3526 3319; x_wconf 91' lang='lat' dir='ltr'><strong>Cum</strong></span> 
     </span>
    </p>
   </div>
   <div class='ocr_carea' id='block_1_94' title="bbox 1930 3351 3527 3421">
    <p class='ocr_par' dir='ltr' id='par_1_94' title="bbox 1930 3351 3527 3421">
     <span class='ocr_line' id='line_1_94' title="bbox 1930 3351 3527 3421; baseline 0.002 -15"><span class='ocrx_word' id='word_1_826' title='bbox 1930 3351 2080 3406; x_wconf 78' lang='lat' dir='ltr'><strong>enim</strong></span> <span class='ocrx_word' id='word_1_827' title='bbox 2109 3367 2331 3421; x_wconf 85' lang='lat' dir='ltr'><strong>corpora</strong></span> <span class='ocrx_word' id='word_1_828' title='bbox 2367 3361 2548 3406; x_wconf 89' lang='lat' dir='ltr'><strong>nostra</strong></span> <span class='ocrx_word' id='word_1_829' title='bbox 2590 3352 2825 3407; x_wconf 89' lang='lat' dir='ltr'><strong>membra</strong></span> <span class='ocrx_word' id='word_1_830' title='bbox 2854 3353 2959 3407; x_wconf 88' lang='lat' dir='ltr'><strong>sint</strong></span> <span class='ocrx_word' id='word_1_831' title='bbox 2989 3352 3205 3419; x_wconf 88' lang='lat' dir='ltr'><strong>Christi,</strong></span> <span class='ocrx_word' id='word_1_832' title='bbox 3236 3354 3370 3409; x_wconf 91' lang='lat' dir='ltr'><strong>sicut</strong></span> <span class='ocrx_word' id='word_1_833' title='bbox 3398 3353 3527 3409; x_wconf 87' lang='lat' dir='ltr'><strong>dicit</strong></span> 
     </span>
    </p>
   </div>
   <div class='ocr_carea' id='block_1_95' title="bbox 1934 3439 3527 3513">
    <p class='ocr_par' dir='ltr' id='par_1_95' title="bbox 1934 3439 3527 3513">
     <span class='ocr_line' id='line_1_95' title="bbox 1934 3439 3527 3513; baseline 0.002 -17"><span class='ocrx_word' id='word_1_834' title='bbox 1934 3443 2255 3511; x_wconf 65' lang='lat' dir='ltr'><strong>Apostolus;</strong></span> <span class='ocrx_word' id='word_1_835' title='bbox 2284 3443 2517 3513; x_wconf 85' lang='lat' dir='ltr'><strong>itemque</strong></span> <span class='ocrx_word' id='word_1_836' title='bbox 2541 3458 2762 3512; x_wconf 89' lang='lat' dir='ltr'><strong>corpora</strong></span> <span class='ocrx_word' id='word_1_837' title='bbox 2786 3453 2966 3497; x_wconf 90' lang='lat' dir='ltr'><strong>nostra</strong></span> <span class='ocrx_word' id='word_1_838' title='bbox 2997 3439 3247 3513; x_wconf 89' lang='lat' dir='ltr'><strong>templum</strong></span> <span class='ocrx_word' id='word_1_839' title='bbox 3276 3442 3381 3497; x_wconf 89' lang='lat' dir='ltr'><strong>sint</strong></span> <span class='ocrx_word' id='word_1_840' title='bbox 3405 3442 3527 3513; x_wconf 85' lang='lat' dir='ltr'><strong>Spi-</strong></span> 
     </span>
    </p>
   </div>
   <div class='ocr_carea' id='block_1_96' title="bbox 1932 3532 3523 3609">
    <p class='ocr_par' dir='ltr' id='par_1_96' title="bbox 1932 3532 3523 3609">
     <span class='ocr_line' id='line_1_96' title="bbox 1932 3532 3523 3609; baseline 0.001 -21"><span class='ocrx_word' id='word_1_841' title='bbox 1932 3535 2068 3588; x_wconf 89' lang='lat' dir='ltr'><strong>ritus</strong></span> <span class='ocrx_word' id='word_1_842' title='bbox 2095 3536 2255 3601; x_wconf 89' lang='lat' dir='ltr'><strong>santi,</strong></span> <span class='ocrx_word' id='word_1_843' title='bbox 2290 3536 2428 3590; x_wconf 84' lang='lat' dir='ltr'><strong>sicut</strong></span> <span class='ocrx_word' id='word_1_844' title='bbox 2456 3535 2593 3589; x_wconf 86' lang='lat' dir='ltr'><strong>idem</strong></span> <span class='ocrx_word' id='word_1_845' title='bbox 2626 3535 2740 3605; x_wconf 89' lang='lat' dir='ltr'><strong>ipse</strong></span> <span class='ocrx_word' id='word_1_846' title='bbox 2764 3534 2891 3589; x_wconf 89' lang='lat' dir='ltr'><strong>dicit</strong></span> <span class='ocrx_word' id='word_1_847' title='bbox 2920 3535 3193 3605; x_wconf 89' lang='lat' dir='ltr'><strong>apostolus</strong></span> <span class='ocrx_word' id='word_1_848' title='bbox 3223 3532 3409 3609; x_wconf 91' lang='lat' dir='ltr'><strong>(ICor.</strong></span> <span class='ocrx_word' id='word_1_849' title='bbox 3447 3552 3523 3603; x_wconf 68' lang='grc' dir='ltr'><strong>γι,</strong></span> 
     </span>
    </p>
   </div>
   <div class='ocr_carea' id='block_1_97' title="bbox 1937 3625 3527 3696">
    <p class='ocr_par' dir='ltr' id='par_1_97' title="bbox 1937 3625 3527 3696">
     <span class='ocr_line' id='line_1_97' title="bbox 1937 3625 3527 3696; baseline 0.001 -16"><span class='ocrx_word' id='word_1_850' title='bbox 1937 3626 2036 3691; x_wconf 71' lang='grc'><strong>19,</strong></span> <span class='ocrx_word' id='word_1_851' title='bbox 2065 3626 2166 3693; x_wconf 74' lang='grc'>20,</span> <span class='ocrx_word' id='word_1_852' title='bbox 2196 3626 2332 3695; x_wconf 84' lang='lat' dir='ltr'><strong>l5),</strong></span> <span class='ocrx_word' id='word_1_853' title='bbox 2366 3625 2585 3680; x_wconf 90' lang='lat' dir='ltr'><strong>nimium</strong></span> <span class='ocrx_word' id='word_1_854' title='bbox 2634 3626 2801 3680; x_wconf 89' lang='lat' dir='ltr'><strong>miror</strong></span> <span class='ocrx_word' id='word_1_855' title='bbox 2840 3626 3105 3696; x_wconf 90' lang='lat' dir='ltr'><strong>quomodo</strong></span> <span class='ocrx_word' id='word_1_856' title='bbox 3140 3627 3247 3680; x_wconf 89' lang='lat' dir='ltr'><strong>sint</strong></span> <span class='ocrx_word' id='word_1_857' title='bbox 3286 3625 3527 3682; x_wconf 85' lang='lat' dir='ltr'><strong>membra</strong></span> 
     </span>
    </p>
   </div>
   <div class='ocr_carea' id='block_1_98' title="bbox 1936 3714 3526 3787">
    <p class='ocr_par' dir='ltr' id='par_1_98' title="bbox 1936 3714 3526 3787">
     <span class='ocr_line' id='line_1_98' title="bbox 1936 3714 3526 3787; baseline 0 -15"><span class='ocrx_word' id='word_1_858' title='bbox 1936 3714 2175 3787; x_wconf 86' lang='lat' dir='ltr'><strong>majoris,</strong></span> <span class='ocrx_word' id='word_1_859' title='bbox 2203 3716 2455 3786; x_wconf 81' lang='lat' dir='ltr'><strong>templum</strong></span> <span class='ocrx_word' id='word_1_860' title='bbox 2482 3714 2720 3770; x_wconf 89' lang='lat' dir='ltr'><strong>minoris.</strong></span> <span class='ocrx_word' id='word_1_861' title='bbox 2751 3716 2830 3770; x_wconf 89' lang='lat' dir='ltr'><strong>An</strong></span> <span class='ocrx_word' id='word_1_862' title='bbox 2854 3714 2992 3771; x_wconf 85' lang='lat' dir='ltr'><strong>forte</strong></span> <span class='ocrx_word' id='word_1_863' title='bbox 3017 3717 3123 3786; x_wconf 90' lang='lat' dir='ltr'><strong>jam</strong></span> <span class='ocrx_word' id='word_1_864' title='bbox 3149 3716 3321 3786; x_wconf 88' lang='lat' dir='ltr'><strong>placet</strong></span> <span class='ocrx_word' id='word_1_865' title='bbox 3348 3714 3526 3772; x_wconf 82' lang='lat' dir='ltr'><strong>dicere</strong></span> 
     </span>
    </p>
   </div>
   <div class='ocr_carea' id='block_1_99' title="bbox 1933 3800 3526 3877">
    <p class='ocr_par' dir='ltr' id='par_1_99' title="bbox 1933 3800 3526 3877">
     <span class='ocr_line' id='line_1_99' title="bbox 1933 3800 3526 3877; baseline -0.001 -15"><span class='ocrx_word' id='word_1_866' title='bbox 1933 3808 2186 3877; x_wconf 86' lang='lat' dir='ltr'><strong>Spiritum</strong></span> <span class='ocrx_word' id='word_1_867' title='bbox 2212 3816 2449 3861; x_wconf 87' lang='lat' dir='ltr'><strong>sanetum</strong></span> <span class='ocrx_word' id='word_1_868' title='bbox 2475 3806 2699 3861; x_wconf 79' lang='lat' dir='ltr'><strong>Demino</strong></span> <span class='ocrx_word' id='word_1_869' title='bbox 2719 3807 2842 3861; x_wconf 82' lang='lat' dir='ltr'><strong>Jcsu</strong></span> <span class='ocrx_word' id='word_1_870' title='bbox 2860 3800 3073 3861; x_wconf 85' lang='lat' dir='ltr'><strong>Christo</strong></span> <span class='ocrx_word' id='word_1_871' title='bbox 3094 3806 3212 3862; x_wconf 82' lang='lat' dir='ltr'><strong>esse</strong></span> <span class='ocrx_word' id='word_1_872' title='bbox 3234 3805 3526 3877; x_wconf 78' lang='lat' dir='ltr'><strong>majorem?</strong></span> 
     </span>
    </p>
   </div>
   <div class='ocr_carea' id='block_1_100' title="bbox 1940 3892 3527 3966">
    <p class='ocr_par' dir='ltr' id='par_1_100' title="bbox 1940 3892 3527 3966">
     <span class='ocr_line' id='line_1_100' title="bbox 1940 3892 3527 3966; baseline 0.001 -17"><span class='ocrx_word' id='word_1_873' title='bbox 1940 3898 2165 3951; x_wconf 81' lang='lat' dir='ltr'><strong>Videtur</strong></span> <span class='ocrx_word' id='word_1_874' title='bbox 2194 3896 2333 3950; x_wconf 90' lang='lat' dir='ltr'><strong>enim</strong></span> <span class='ocrx_word' id='word_1_875' title='bbox 2366 3897 2645 3965; x_wconf 69' lang='lat' dir='ltr'><strong>suffragari</strong></span> <span class='ocrx_word' id='word_1_876' title='bbox 2672 3896 2795 3951; x_wconf 86' lang='lat' dir='ltr'><strong>huic</strong></span> <span class='ocrx_word' id='word_1_877' title='bbox 2821 3898 3057 3966; x_wconf 88' lang='lat' dir='ltr'><strong>opinioni</strong></span> <span class='ocrx_word' id='word_1_878' title='bbox 3085 3898 3243 3950; x_wconf 89' lang='lat' dir='ltr'><strong>etiam</strong></span> <span class='ocrx_word' id='word_1_879' title='bbox 3272 3895 3360 3951; x_wconf 86' lang='lat' dir='ltr'><strong>illa</strong></span> <span class='ocrx_word' id='word_1_880' title='bbox 3405 3892 3527 3953; x_wconf 81' lang='lat' dir='ltr'><strong>sen-</strong></span> 
     </span>
    </p>
   </div>
   <div class='ocr_carea' id='block_1_101' title="bbox 1938 3983 3527 4053">
    <p class='ocr_par' dir='ltr' id='par_1_101' title="bbox 1938 3983 3527 4053">
     <span class='ocr_line' id='line_1_101' title="bbox 1938 3983 3527 4053; baseline 0.001 -14"><span class='ocrx_word' id='word_1_881' title='bbox 1938 3988 2100 4041; x_wconf 78' lang='lat' dir='ltr'><strong>tentia</strong></span> <span class='ocrx_word' id='word_1_882' title='bbox 2136 4004 2148 4037; x_wconf 88' lang='lat'><strong>:</strong></span> <span class='ocrx_word' id='word_1_883' title='bbox 2196 3986 2445 4048; x_wconf 83' lang='lat' dir='ltr'><strong>Quoniam</strong></span> <span class='ocrx_word' id='word_1_884' title='bbox 2487 3987 2570 4053; x_wconf 85' lang='lat' dir='ltr'><strong>qui</strong></span> <span class='ocrx_word' id='word_1_885' title='bbox 2603 3986 2784 4037; x_wconf 73' lang='lat' dir='ltr'><strong>dixerit</strong></span> <span class='ocrx_word' id='word_1_886' title='bbox 2815 3985 3013 4038; x_wconf 82' lang='lat' dir='ltr'><strong>verbum</strong></span> <span class='ocrx_word' id='word_1_887' title='bbox 3043 3985 3303 4040; x_wconf 82' lang='lat' dir='ltr'><strong>adversum</strong></span> <span class='ocrx_word' id='word_1_888' title='bbox 3336 3983 3527 4040; x_wconf 82' lang='lat' dir='ltr'><strong>Filium</strong></span> 
     </span>
    </p>
   </div>
   <div class='ocr_carea' id='block_1_102' title="bbox 1937 4070 3523 4145">
    <p class='ocr_par' dir='ltr' id='par_1_102' title="bbox 1937 4070 3523 4145">
     <span class='ocr_line' id='line_1_102' title="bbox 1937 4070 3523 4145; baseline 0.001 -18"><span class='ocrx_word' id='word_1_889' title='bbox 1937 4074 2170 4138; x_wconf 79' lang='lat' dir='ltr'><strong>hominis,</strong></span> <span class='ocrx_word' id='word_1_890' title='bbox 2208 4072 2481 4127; x_wconf 86' lang='lat' dir='ltr'><strong>remittetur</strong></span> <span class='ocrx_word' id='word_1_891' title='bbox 2516 4073 2708 4141; x_wconf 80' lang='lat' dir='ltr'><strong>ei&#39;:qui</strong></span> <span class='ocrx_word' id='word_1_892' title='bbox 2740 4080 2905 4125; x_wconf 85' lang='lat' dir='ltr'><strong>autem</strong></span> <span class='ocrx_word' id='word_1_893' title='bbox 2936 4070 3117 4127; x_wconf 75' lang='lat' dir='ltr'><strong>dixerit</strong></span> <span class='ocrx_word' id='word_1_894' title='bbox 3140 4070 3377 4128; x_wconf 74' lang='lat' dir='ltr'><strong>adversus</strong></span> <span class='ocrx_word' id='word_1_895' title='bbox 3400 4072 3523 4145; x_wconf 87' lang='lat' dir='ltr'><strong>Spi-</strong></span> 
     </span>
    </p>
   </div>
   <div class='ocr_carea' id='block_1_103' title="bbox 1935 4163 3521 4234">
    <p class='ocr_par' dir='ltr' id='par_1_103' title="bbox 1935 4163 3521 4234">
     <span class='ocr_line' id='line_1_103' title="bbox 1935 4163 3521 4234; baseline 0.001 -16"><span class='ocrx_word' id='word_1_896' title='bbox 1935 4167 2085 4218; x_wconf 88' lang='lat' dir='ltr'><strong>ritum</strong></span> <span class='ocrx_word' id='word_1_897' title='bbox 2120 4174 2363 4230; x_wconf 84' lang='lat' dir='ltr'><strong>sanctum,</strong></span> <span class='ocrx_word' id='word_1_898' title='bbox 2396 4180 2493 4217; x_wconf 87' lang='lat' dir='ltr'><strong>non</strong></span> <span class='ocrx_word' id='word_1_899' title='bbox 2520 4164 2796 4217; x_wconf 88' lang='lat' dir='ltr'><strong>remittetur</strong></span> <span class='ocrx_word' id='word_1_900' title='bbox 2823 4163 2889 4229; x_wconf 83' lang='lat' dir='ltr'><strong>ei,</strong></span> <span class='ocrx_word' id='word_1_901' title='bbox 2923 4179 3083 4234; x_wconf 86' lang='lat' dir='ltr'><strong>neque</strong></span> <span class='ocrx_word' id='word_1_902' title='bbox 3109 4164 3161 4217; x_wconf 76' lang='lat' dir='ltr'><strong>in</strong></span> <span class='ocrx_word' id='word_1_903' title='bbox 3198 4165 3289 4219; x_wconf 84' lang='lat' dir='ltr'><strong>hoc</strong></span> <span class='ocrx_word' id='word_1_904' title='bbox 3316 4166 3521 4234; x_wconf 67' lang='lat' dir='ltr'><strong>sa’culo,</strong></span> 
     </span>
    </p>
   </div>
   <div class='ocr_carea' id='block_1_104' title="bbox 1936 4250 3526 4327">
    <p class='ocr_par' dir='ltr' id='par_1_104' title="bbox 1936 4250 3526 4327">
     <span class='ocr_line' id='line_1_104' title="bbox 1936 4250 3526 4327; baseline 0.002 -17"><span class='ocrx_word' id='word_1_905' title='bbox 1936 4271 2092 4327; x_wconf 86' lang='lat' dir='ltr'><strong>neque</strong></span> <span class='ocrx_word' id='word_1_906' title='bbox 2132 4257 2183 4309; x_wconf 86' lang='lat' dir='ltr'><strong>in</strong></span> <span class='ocrx_word' id='word_1_907' title='bbox 2229 4261 2399 4326; x_wconf 78' lang='lat' dir='ltr'><strong>futuro</strong></span> <span class='ocrx_word' id='word_1_908' title='bbox 2442 4250 2664 4323; x_wconf 77' lang='lat' dir='ltr'><strong>(Matth.</strong></span> <span class='ocrx_word' id='word_1_909' title='bbox 2693 4266 2791 4321; x_wconf 81' lang='lat' dir='ltr'><strong>xu,</strong></span> <span class='ocrx_word' id='word_1_910' title='bbox 2826 4253 2951 4325; x_wconf 74' lang='lat'><strong>52).</strong></span> <span class='ocrx_word' id='word_1_911' title='bbox 2996 4252 3350 4311; x_wconf 78' lang='lat' dir='ltr'><strong>Periculosius</strong></span> <span class='ocrx_word' id='word_1_912' title='bbox 3383 4252 3526 4313; x_wconf 70' lang='lat' dir='ltr'><strong>enini</strong></span> 
     </span>
    </p>
   </div>
   <div class='ocr_carea' id='block_1_105' title="bbox 1936 4342 3527 4420">
    <p class='ocr_par' dir='ltr' id='par_1_105' title="bbox 1936 4342 3527 4420">
     <span class='ocr_line' id='line_1_105' title="bbox 1936 4342 3527 4420; baseline 0.001 -17"><span class='ocrx_word' id='word_1_913' title='bbox 1936 4356 2188 4418; x_wconf 86' lang='lat' dir='ltr'><strong>peccatur</strong></span> <span class='ocrx_word' id='word_1_914' title='bbox 2213 4348 2266 4401; x_wconf 91' lang='lat' dir='ltr'><strong>in</strong></span> <span class='ocrx_word' id='word_1_915' title='bbox 2298 4346 2549 4415; x_wconf 89' lang='lat' dir='ltr'><strong>majorem</strong></span> <span class='ocrx_word' id='word_1_916' title='bbox 2573 4361 2729 4415; x_wconf 89' lang='lat' dir='ltr'><strong>quam</strong></span> <span class='ocrx_word' id='word_1_917' title='bbox 2755 4348 2807 4401; x_wconf 84' lang='lat' dir='ltr'><strong>in</strong></span> <span class='ocrx_word' id='word_1_918' title='bbox 2835 4345 3094 4402; x_wconf 89' lang='lat' dir='ltr'><strong>minorem</strong></span> <span class='ocrx_word' id='word_1_919' title='bbox 3121 4366 3133 4403; x_wconf 90' lang='lat'><strong>:</strong></span> <span class='ocrx_word' id='word_1_920' title='bbox 3164 4358 3263 4404; x_wconf 86' lang='lat' dir='ltr'><strong>nec</strong></span> <span class='ocrx_word' id='word_1_921' title='bbox 3290 4342 3527 4420; x_wconf 77' lang='lat' dir='ltr'><strong>separari</strong></span> 
     </span>
    </p>
   </div>
   <div class='ocr_carea' id='block_1_106' title="bbox 1935 4434 3526 4510">
    <p class='ocr_par' dir='ltr' id='par_1_106' title="bbox 1935 4434 3526 4510">
     <span class='ocr_line' id='line_1_106' title="bbox 1935 4434 3526 4510; baseline 0.001 -16"><span class='ocrx_word' id='word_1_922' title='bbox 1935 4436 2016 4494; x_wconf 80' lang='lat' dir='ltr'><strong>fas</strong></span> <span class='ocrx_word' id='word_1_923' title='bbox 2046 4448 2130 4495; x_wconf 86' lang='lat' dir='ltr'><strong>est</strong></span> <span class='ocrx_word' id='word_1_924' title='bbox 2168 4439 2357 4493; x_wconf 86' lang='lat' dir='ltr'><strong>Filium</strong></span> <span class='ocrx_word' id='word_1_925' title='bbox 2402 4438 2628 4492; x_wconf 85' lang='lat' dir='ltr'><strong>hominis</strong></span> <span class='ocrx_word' id='word_1_926' title='bbox 2667 4448 2695 4492; x_wconf 86' lang='lat' dir='ltr'><strong>a</strong></span> <span class='ocrx_word' id='word_1_927' title='bbox 2738 4437 2872 4493; x_wconf 85' lang='lat' dir='ltr'><strong>Filio</strong></span> <span class='ocrx_word' id='word_1_928' title='bbox 2904 4438 3015 4507; x_wconf 88' lang='lat' dir='ltr'><strong>Dei,</strong></span> <span class='ocrx_word' id='word_1_929' title='bbox 3060 4438 3180 4510; x_wconf 88' lang='lat' dir='ltr'><strong>quia</strong></span> <span class='ocrx_word' id='word_1_930' title='bbox 3221 4442 3335 4510; x_wconf 77' lang='lat' dir='ltr'><strong>ipse</strong></span> <span class='ocrx_word' id='word_1_931' title='bbox 3361 4434 3526 4495; x_wconf 82' lang='lat' dir='ltr'><strong>Filius</strong></span> 
     </span>
    </p>
   </div>
   <div class='ocr_carea' id='block_1_107' title="bbox 1936 4522 3520 4600">
    <p class='ocr_par' dir='ltr' id='par_1_107' title="bbox 1936 4522 3520 4600">
     <span class='ocr_line' id='line_1_107' title="bbox 1936 4522 3520 4600; baseline -0.002 -12"><span class='ocrx_word' id='word_1_932' title='bbox 1936 4534 2029 4588; x_wconf 90' lang='lat' dir='ltr'><strong>Dei</strong></span> <span class='ocrx_word' id='word_1_933' title='bbox 2054 4522 2223 4586; x_wconf 69' lang='lat' dir='ltr'><strong>factus</strong></span> <span class='ocrx_word' id='word_1_934' title='bbox 2244 4540 2324 4587; x_wconf 84' lang='lat' dir='ltr'><strong>est</strong></span> <span class='ocrx_word' id='word_1_935' title='bbox 2346 4528 2510 4586; x_wconf 80' lang='lat' dir='ltr'><strong>Filius</strong></span> <span class='ocrx_word' id='word_1_936' title='bbox 2533 4530 2781 4596; x_wconf 89' lang='lat' dir='ltr'><strong>hominis,</strong></span> <span class='ocrx_word' id='word_1_937' title='bbox 2810 4547 2912 4585; x_wconf 91' lang='lat' dir='ltr'><strong>non</strong></span> <span class='ocrx_word' id='word_1_938' title='bbox 2942 4528 3197 4585; x_wconf 82' lang='lat' dir='ltr'><strong>mutando</strong></span> <span class='ocrx_word' id='word_1_939' title='bbox 3218 4530 3358 4600; x_wconf 91' lang='lat' dir='ltr'><strong>quod</strong></span> <span class='ocrx_word' id='word_1_940' title='bbox 3382 4528 3520 4598; x_wconf 88' lang='lat' dir='ltr'><strong>erat,</strong></span> 
     </span>
    </p>
   </div>
   <div class='ocr_carea' id='block_1_108' title="bbox 1937 4622 3525 4694">
    <p class='ocr_par' dir='ltr' id='par_1_108' title="bbox 1937 4622 3525 4694">
     <span class='ocr_line' id='line_1_108' title="bbox 1937 4622 3525 4694; baseline -0.001 -14"><span class='ocrx_word' id='word_1_941' title='bbox 1937 4625 2031 4680; x_wconf 87' lang='lat' dir='ltr'><strong>sed</strong></span> <span class='ocrx_word' id='word_1_942' title='bbox 2069 4625 2387 4680; x_wconf 88' lang='lat' dir='ltr'><strong>assumendo</strong></span> <span class='ocrx_word' id='word_1_943' title='bbox 2416 4623 2555 4694; x_wconf 88' lang='lat' dir='ltr'><strong>quod</strong></span> <span class='ocrx_word' id='word_1_944' title='bbox 2588 4637 2691 4677; x_wconf 87' lang='lat' dir='ltr'><strong>non</strong></span> <span class='ocrx_word' id='word_1_945' title='bbox 2738 4630 2871 4677; x_wconf 89' lang='lat' dir='ltr'><strong>erat.</strong></span> <span class='ocrx_word' id='word_1_946' title='bbox 2906 4622 3009 4678; x_wconf 86' lang='lat' dir='ltr'><strong>Sed</strong></span> <span class='ocrx_word' id='word_1_947' title='bbox 3040 4624 3176 4677; x_wconf 89' lang='lat' dir='ltr'><strong>absit</strong></span> <span class='ocrx_word' id='word_1_948' title='bbox 3217 4624 3374 4677; x_wconf 87' lang='lat' dir='ltr'><strong>etiam</strong></span> <span class='ocrx_word' id='word_1_949' title='bbox 3405 4626 3525 4678; x_wconf 89' lang='lat' dir='ltr'><strong>talis</strong></span> 
     </span>
    </p>
   </div>
   <div class='ocr_carea' id='block_1_109' title="bbox 1937 4704 3522 4786">
    <p class='ocr_par' dir='ltr' id='par_1_109' title="bbox 1937 4704 3522 4786">
     <span class='ocr_line' id='line_1_109' title="bbox 1937 4704 3522 4786; baseline -0.002 -15"><span class='ocrx_word' id='word_1_950' title='bbox 1937 4717 2203 4786; x_wconf 86' lang='lat' dir='ltr'><strong>impietas,</strong></span> <span class='ocrx_word' id='word_1_951' title='bbox 2238 4724 2298 4769; x_wconf 89' lang='lat' dir='ltr'><strong>ut</strong></span> <span class='ocrx_word' id='word_1_952' title='bbox 2332 4715 2557 4784; x_wconf 86' lang='lat' dir='ltr'><strong>Spiritus</strong></span> <span class='ocrx_word' id='word_1_953' title='bbox 2585 4720 2802 4769; x_wconf 88' lang='lat' dir='ltr'><strong>sanctus</strong></span> <span class='ocrx_word' id='word_1_954' title='bbox 2834 4714 3003 4783; x_wconf 86' lang='lat' dir='ltr'><strong>major</strong></span> <span class='ocrx_word' id='word_1_955' title='bbox 3030 4704 3166 4767; x_wconf 75' lang='lat' dir='ltr'><strong>Filio</strong></span> <span class='ocrx_word' id='word_1_956' title='bbox 3192 4728 3310 4769; x_wconf 90' lang='lat' dir='ltr'><strong>esse</strong></span> <span class='ocrx_word' id='word_1_957' title='bbox 3335 4716 3522 4770; x_wconf 79' lang='lat' dir='ltr'><strong>creda-</strong></span> 
     </span>
    </p>
   </div>
   <div class='ocr_carea' id='block_1_110' title="bbox 1938 4803 3526 4876">
    <p class='ocr_par' dir='ltr' id='par_1_110' title="bbox 1938 4803 3526 4876">
     <span class='ocr_line' id='line_1_110' title="bbox 1938 4803 3526 4876; baseline 0.001 -16"><span class='ocrx_word' id='word_1_958' title='bbox 1938 4817 2043 4861; x_wconf 85' lang='lat' dir='ltr'><strong>tur.</strong></span> <span class='ocrx_word' id='word_1_959' title='bbox 2078 4806 2190 4860; x_wconf 83' lang='lat' dir='ltr'><strong>Non</strong></span> <span class='ocrx_word' id='word_1_960' title='bbox 2229 4818 2361 4874; x_wconf 85' lang='lat' dir='ltr'><strong>ergo</strong></span> <span class='ocrx_word' id='word_1_961' title='bbox 2390 4804 2549 4859; x_wconf 74' lang='lat' dir='ltr'><strong>facile</strong></span> <span class='ocrx_word' id='word_1_962' title='bbox 2593 4803 2645 4858; x_wconf 88' lang='lat' dir='ltr'><strong>in</strong></span> <span class='ocrx_word' id='word_1_963' title='bbox 2682 4814 2984 4873; x_wconf 74' lang='lat' dir='ltr'><strong>perversum</strong></span> <span class='ocrx_word' id='word_1_964' title='bbox 3022 4814 3268 4860; x_wconf 87' lang='lat' dir='ltr'><strong>moveant</strong></span> <span class='ocrx_word' id='word_1_965' title='bbox 3292 4812 3410 4876; x_wconf 64' lang='lat' dir='ltr'><strong>qua:</strong></span> <span class='ocrx_word' id='word_1_966' title='bbox 3452 4803 3526 4861; x_wconf 70' lang='lat' dir='ltr'><strong>ita</strong></span> 
     </span>
    </p>
   </div>
   <div class='ocr_carea' id='block_1_111' title="bbox 1938 4892 3527 4967">
    <p class='ocr_par' dir='ltr' id='par_1_111' title="bbox 1938 4892 3527 4967">
     <span class='ocr_line' id='line_1_111' title="bbox 1938 4892 3527 4967; baseline -0.001 -13"><span class='ocrx_word' id='word_1_967' title='bbox 1938 4898 2183 4954; x_wconf 86' lang='lat' dir='ltr'><strong>dicuntur</strong></span> <span class='ocrx_word' id='word_1_968' title='bbox 2202 4938 2216 4963; x_wconf 92' lang='lat'><strong>,</strong></span> <span class='ocrx_word' id='word_1_969' title='bbox 2262 4892 2413 4965; x_wconf 80' lang='lat' dir='ltr'><strong>quasi</strong></span> <span class='ocrx_word' id='word_1_970' title='bbox 2456 4895 2739 4950; x_wconf 69' lang='lat' dir='ltr'><strong>oetendant</strong></span> <span class='ocrx_word' id='word_1_971' title='bbox 2765 4895 2991 4950; x_wconf 86' lang='lat' dir='ltr'><strong>alterum</strong></span> <span class='ocrx_word' id='word_1_972' title='bbox 3021 4895 3188 4951; x_wconf 87' lang='lat' dir='ltr'><strong>altero</strong></span> <span class='ocrx_word' id='word_1_973' title='bbox 3213 4902 3330 4952; x_wconf 67' lang='lat' dir='ltr'><strong>esise</strong></span> <span class='ocrx_word' id='word_1_974' title='bbox 3359 4898 3527 4967; x_wconf 83' lang='lat' dir='ltr'><strong>majo-</strong></span> 
     </span>
    </p>
   </div>
   <div class='ocr_carea' id='block_1_112' title="bbox 1938 5005 2879 5059">
    <p class='ocr_par' dir='ltr' id='par_1_112' title="bbox 1938 5005 2879 5059">
     <span class='ocr_line' id='line_1_112' title="bbox 1938 5005 2879 5059; baseline -0.002 -12"><span class='ocrx_word' id='word_1_975' title='bbox 1938 5005 2073 5047; x_wconf 89' lang='lat' dir='ltr'><strong>rem.</strong></span> <span class='ocrx_word' id='word_1_976' title='bbox 2876 5058 2879 5059; x_wconf 18' lang='grc' dir='ltr'><em>ν</em></span> 
     </span>
    </p>
   </div>
   <div class='ocr_carea' id='block_1_113' title="bbox 2006 5064 3525 5149">
    <p class='ocr_par' dir='ltr' id='par_1_113' title="bbox 2006 5064 3525 5149">
     <span class='ocr_line' id='line_1_113' title="bbox 2006 5064 3525 5149; baseline 0.001 -14"><span class='ocrx_word' id='word_1_977' title='bbox 2006 5081 2099 5135; x_wconf 76' lang='lat'><strong>2&#39;2.</strong></span> <span class='ocrx_word' id='word_1_978' title='bbox 2127 5079 2258 5135; x_wconf 80' lang='lat' dir='ltr'><strong>Nam</strong></span> <span class='ocrx_word' id='word_1_979' title='bbox 2292 5078 2533 5149; x_wconf 71' lang='lat' dir='ltr'><strong>qtuedam</strong></span> <span class='ocrx_word' id='word_1_980' title='bbox 2558 5078 2716 5133; x_wconf 86' lang='lat' dir='ltr'><strong>etiam</strong></span> <span class='ocrx_word' id='word_1_981' title='bbox 2745 5079 2821 5134; x_wconf 88' lang='lat' dir='ltr'><strong>sic</strong></span> <span class='ocrx_word' id='word_1_982' title='bbox 2846 5064 3110 5145; x_wconf 80' lang='lat' dir='ltr'><strong>dicuntur,</strong></span> <span class='ocrx_word' id='word_1_983' title='bbox 3141 5084 3198 5135; x_wconf 83' lang='lat' dir='ltr'><strong>ut</strong></span> <span class='ocrx_word' id='word_1_984' title='bbox 3223 5076 3525 5136; x_wconf 88' lang='lat' dir='ltr'><strong>hominibus</strong></span> 
     </span>
    </p>
   </div>
   <div class='ocr_carea' id='block_1_114' title="bbox 1939 5168 3528 5244">
    <p class='ocr_par' dir='ltr' id='par_1_114' title="bbox 1939 5168 3528 5244">
     <span class='ocr_line' id='line_1_114' title="bbox 1939 5168 3528 5244; baseline 0 -17"><span class='ocrx_word' id='word_1_985' title='bbox 1939 5184 2124 5244; x_wconf 84' lang='lat' dir='ltr'><strong>parum</strong></span> <span class='ocrx_word' id='word_1_986' title='bbox 2151 5172 2567 5241; x_wconf 80' lang='lat' dir='ltr'><strong>intelligentibus</strong></span> <span class='ocrx_word' id='word_1_987' title='bbox 2591 5180 2645 5225; x_wconf 89' lang='lat' dir='ltr'><strong>et</strong></span> <span class='ocrx_word' id='word_1_988' title='bbox 2665 5172 2778 5240; x_wconf 78' lang='lat' dir='ltr'><strong>ipse</strong></span> <span class='ocrx_word' id='word_1_989' title='bbox 2805 5168 2971 5225; x_wconf 89' lang='lat' dir='ltr'><strong>Filius</strong></span> <span class='ocrx_word' id='word_1_990' title='bbox 2994 5168 3162 5242; x_wconf 84' lang='lat' dir='ltr'><strong>major</strong></span> <span class='ocrx_word' id='word_1_991' title='bbox 3182 5174 3335 5228; x_wconf 80' lang='lat' dir='ltr'><strong>Patre</strong></span> <span class='ocrx_word' id='word_1_992' title='bbox 3357 5168 3528 5228; x_wconf 74' lang='lat' dir='ltr'><strong>videa-</strong></span> 
     </span>
    </p>
   </div>
   <div class='ocr_carea' id='block_1_115' title="bbox 1941 5254 3523 5334">
    <p class='ocr_par' dir='ltr' id='par_1_115' title="bbox 1941 5254 3523 5334">
     <span class='ocr_line' id='line_1_115' title="bbox 1941 5254 3523 5334; baseline -0.003 -13"><span class='ocrx_word' id='word_1_993' title='bbox 1941 5275 2045 5321; x_wconf 86' lang='lat' dir='ltr'><strong>tur.</strong></span> <span class='ocrx_word' id='word_1_994' title='bbox 2073 5265 2203 5332; x_wconf 85' lang='lat' dir='ltr'><strong>Quis</strong></span> <span class='ocrx_word' id='word_1_995' title='bbox 2233 5264 2374 5320; x_wconf 79' lang='lat' dir='ltr'><strong>enim</strong></span> <span class='ocrx_word' id='word_1_996' title='bbox 2400 5270 2519 5318; x_wconf 82' lang='lat' dir='ltr'><strong>cum</strong></span> <span class='ocrx_word' id='word_1_997' title='bbox 2546 5254 2705 5317; x_wconf 75' lang='lat' dir='ltr'><strong>fuerit</strong></span> <span class='ocrx_word' id='word_1_998' title='bbox 2734 5262 3117 5333; x_wconf 71' lang='lat' dir='ltr'><strong>interrogditts&#39;,</strong></span> <span class='ocrx_word' id='word_1_999' title='bbox 3150 5264 3273 5334; x_wconf 88' lang='lat' dir='ltr'><strong>quid</strong></span> <span class='ocrx_word' id='word_1_1000' title='bbox 3304 5265 3371 5319; x_wconf 80' lang='lat' dir='ltr'><strong>sit</strong></span> <span class='ocrx_word' id='word_1_1001' title='bbox 3406 5270 3523 5319; x_wconf 87' lang='lat' dir='ltr'><strong>ma-</strong></span> 
     </span>
    </p>
   </div>
   <div class='ocr_carea' id='block_1_116' title="bbox 1935 5348 3524 5439">
    <p class='ocr_par' dir='ltr' id='par_1_116' title="bbox 1935 5348 3524 5439">
     <span class='ocr_line' id='line_1_116' title="bbox 1935 5348 3524 5439; baseline -0.001 -25"><span class='ocrx_word' id='word_1_1002' title='bbox 1935 5359 2044 5430; x_wconf 88' lang='lat' dir='ltr'><strong>jus,</strong></span> <span class='ocrx_word' id='word_1_1003' title='bbox 2073 5362 2257 5413; x_wconf 85' lang='lat' dir='ltr'><strong>verum</strong></span> <span class='ocrx_word' id='word_1_1004' title='bbox 2283 5364 2348 5412; x_wconf 82' lang='lat' dir='ltr'><strong>an</strong></span> <span class='ocrx_word' id='word_1_1005' title='bbox 2378 5354 2597 5423; x_wconf 58' lang='lat' dir='ltr'><strong>Veritas;</strong></span> <span class='ocrx_word' id='word_1_1006' title='bbox 2627 5358 2731 5439; x_wconf 71' lang='lat' dir='ltr'><strong>noti</strong></span> <span class='ocrx_word' id='word_1_1007' title='bbox 2783 5348 2955 5428; x_wconf 72' lang='lat' dir='ltr'><strong>potius</strong></span> <span class='ocrx_word' id='word_1_1008' title='bbox 2982 5348 3300 5428; x_wconf 84' lang='lat' dir='ltr'><strong>respondeat</strong></span> <span class='ocrx_word' id='word_1_1009' title='bbox 3329 5352 3524 5412; x_wconf 77' lang='lat' dir='ltr'><strong>verita-</strong></span> 
     </span>
    </p>
   </div>
   <div class='ocr_carea' id='block_1_117' title="bbox 1943 5442 3524 5519">
    <p class='ocr_par' dir='ltr' id='par_1_117' title="bbox 1943 5442 3524 5519">
     <span class='ocr_line' id='line_1_117' title="bbox 1943 5442 3524 5519; baseline -0.001 -14"><span class='ocrx_word' id='word_1_1010' title='bbox 1943 5460 2047 5506; x_wconf 85' lang='lat' dir='ltr'><strong>tem</strong></span> <span class='ocrx_word' id='word_1_1011' title='bbox 2077 5460 2199 5505; x_wconf 85' lang='lat' dir='ltr'><strong>esse</strong></span> <span class='ocrx_word' id='word_1_1012' title='bbox 2234 5444 2532 5519; x_wconf 66' lang='lat' dir='ltr'><strong>majorem?</strong></span> <span class='ocrx_word' id='word_1_1013' title='bbox 2567 5447 2633 5503; x_wconf 79' lang='lat' dir='ltr'><strong>ab</strong></span> <span class='ocrx_word' id='word_1_1014' title='bbox 2663 5442 2753 5503; x_wconf 90' lang='lat' dir='ltr'><strong>illa</strong></span> <span class='ocrx_word' id='word_1_1015' title='bbox 2788 5450 2927 5504; x_wconf 88' lang='lat' dir='ltr'><strong>enim</strong></span> <span class='ocrx_word' id='word_1_1016' title='bbox 2960 5456 3080 5504; x_wconf 79' lang='lat' dir='ltr'><strong>vera</strong></span> <span class='ocrx_word' id='word_1_1017' title='bbox 3107 5442 3228 5504; x_wconf 72' lang='lat' dir='ltr'><strong>sum</strong></span> <span class='ocrx_word' id='word_1_1018' title='bbox 3256 5446 3524 5519; x_wconf 73' lang='lat' dir='ltr'><strong>quzecum-</strong></span> 
     </span>
    </p>
   </div>
   <div class='ocr_carea' id='block_1_118' title="bbox 1942 5520 3525 5617">
    <p class='ocr_par' dir='ltr' id='par_1_118' title="bbox 1942 5520 3525 5617">
     <span class='ocr_line' id='line_1_118' title="bbox 1942 5520 3525 5617; baseline -0.001 -21"><span class='ocrx_word' id='word_1_1019' title='bbox 1942 5555 2047 5613; x_wconf 78' lang='lat' dir='ltr'><strong>que</strong></span> <span class='ocrx_word' id='word_1_1020' title='bbox 2068 5544 2193 5596; x_wconf 72' lang='lat' dir='ltr'><strong>veta</strong></span> <span class='ocrx_word' id='word_1_1021' title='bbox 2216 5534 2361 5594; x_wconf 76' lang='lat' dir='ltr'><strong>sunt.</strong></span> <span class='ocrx_word' id='word_1_1022' title='bbox 2393 5524 2509 5594; x_wconf 74' lang='lat' dir='ltr'><strong>Non</strong></span> <span class='ocrx_word' id='word_1_1023' title='bbox 2535 5534 2711 5595; x_wconf 65' lang='lat' dir='ltr'><strong>autem</strong></span> <span class='ocrx_word' id='word_1_1024' title='bbox 2736 5532 2807 5595; x_wconf 73' lang='lat' dir='ltr'><strong>us</strong></span> <span class='ocrx_word' id='word_1_1025' title='bbox 2828 5532 2909 5617; x_wconf 68' lang='lat' dir='ltr'><strong>est</strong></span> <span class='ocrx_word' id='word_1_1026' title='bbox 2940 5533 2991 5594; x_wconf 76' lang='lat' dir='ltr'><strong>tu</strong></span> <span class='ocrx_word' id='word_1_1027' title='bbox 3018 5534 3145 5595; x_wconf 86' lang='lat' dir='ltr'><strong>Deo.</strong></span> <span class='ocrx_word' id='word_1_1028' title='bbox 3174 5522 3303 5594; x_wconf 72' lang='lat' dir='ltr'><strong>Nam</strong></span> <span class='ocrx_word' id='word_1_1029' title='bbox 3334 5520 3525 5617; x_wconf 68' lang='lat' dir='ltr'><strong>Filium</strong></span> 
     </span>
    </p>
   </div>
   <div class='ocr_carea' id='block_1_119' title="bbox 1943 5614 3524 5703">
    <p class='ocr_par' dir='ltr' id='par_1_119' title="bbox 1943 5614 3524 5703">
     <span class='ocr_line' id='line_1_119' title="bbox 1943 5614 3524 5703; baseline -0.002 -15"><span class='ocrx_word' id='word_1_1030' title='bbox 1943 5626 2200 5703; x_wconf 64' lang='lat' dir='ltr'><strong>majorem</strong></span> <span class='ocrx_word' id='word_1_1031' title='bbox 2231 5633 2385 5687; x_wconf 72' lang='lat' dir='ltr'><strong>Patre</strong></span> <span class='ocrx_word' id='word_1_1032' title='bbox 2413 5630 2596 5702; x_wconf 74' lang='lat' dir='ltr'><strong>utique</strong></span> <span class='ocrx_word' id='word_1_1033' title='bbox 2624 5636 2728 5687; x_wconf 80' lang='lat' dir='ltr'><strong>non</strong></span> <span class='ocrx_word' id='word_1_1034' title='bbox 2770 5614 3033 5698; x_wconf 64' lang='lat' dir='ltr'><strong>animus;</strong></span> <span class='ocrx_word' id='word_1_1035' title='bbox 3077 5624 3130 5687; x_wconf 78' lang='lat' dir='ltr'><strong>et</strong></span> <span class='ocrx_word' id='word_1_1036' title='bbox 3156 5636 3327 5687; x_wconf 76' lang='lat' dir='ltr'><strong>tamen</strong></span> <span class='ocrx_word' id='word_1_1037' title='bbox 3359 5614 3524 5687; x_wconf 67' lang='lat' dir='ltr'><strong>Filius</strong></span> 
     </span>
    </p>
   </div>
   <div class='ocr_carea' id='block_1_120' title="bbox 1986 5740 3527 5807">
    <p class='ocr_par' dir='ltr' id='par_1_120' title="bbox 1986 5740 3527 5807">
     <span class='ocr_line' id='line_1_120' title="bbox 1986 5740 3527 5807; baseline -0.012 -4"><span class='ocrx_word' id='word_1_1038' title='bbox 1986 5746 2023 5803; x_wconf 41' lang='grc' dir='ltr'><strong>λ’</strong></span> <span class='ocrx_word' id='word_1_1039' title='bbox 2050 5751 2155 5795; x_wconf 63' lang='grc' dir='ltr'><strong>ω.</strong></span> <span class='ocrx_word' id='word_1_1040' title='bbox 2178 5742 2473 5805; x_wconf 64' lang='lat' dir='ltr'><strong>phaselum:</strong></span> <span class='ocrx_word' id='word_1_1041' title='bbox 2492 5743 2695 5805; x_wconf 82' lang='lat' dir='ltr'><strong>habent,</strong></span> <span class='ocrx_word' id='word_1_1042' title='bbox 2716 5742 2918 5807; x_wconf 68' lang='lat' dir='ltr'><strong>inagna;</strong></span> <span class='ocrx_word' id='word_1_1043' title='bbox 2940 5740 3107 5806; x_wconf 73' lang='lat' dir='ltr'><strong>neque</strong></span> <span class='ocrx_word' id='word_1_1044' title='bbox 3128 5744 3314 5806; x_wconf 62' lang='lat' dir='ltr'><strong>postea,</strong></span> <span class='ocrx_word' id='word_1_1045' title='bbox 3348 5742 3393 5795; x_wconf 68' lang='grc' dir='ltr'><strong>ε]</strong></span> <span class='ocrx_word' id='word_1_1046' title='bbox 3405 5746 3527 5807; x_wconf 60' lang='lat' dir='ltr'><strong>per-</strong></span> 
     </span>
    </p>
   </div>
   <div class='ocr_carea' id='block_1_121' title="bbox 1944 5806 3531 5869">
    <p class='ocr_par' dir='ltr' id='par_1_121' title="bbox 1944 5806 3531 5869">
     <span class='ocr_line' id='line_1_121' title="bbox 1944 5806 3531 5869; baseline -0.001 -13"><span class='ocrx_word' id='word_1_1047' title='bbox 1944 5809 2058 5869; x_wconf 80' lang='lat' dir='ltr'><strong>tate,</strong></span> <span class='ocrx_word' id='word_1_1048' title='bbox 2086 5807 2264 5869; x_wconf 86' lang='lat' dir='ltr'><strong>quibus</strong></span> <span class='ocrx_word' id='word_1_1049' title='bbox 2284 5806 2448 5869; x_wconf 79' lang='lat' dir='ltr'><strong>verbis</strong></span> <span class='ocrx_word' id='word_1_1050' title='bbox 2468 5806 3011 5869; x_wconf 64' lang='lat' dir='ltr'><strong>graecustextusetiam</strong></span> <span class='ocrx_word' id='word_1_1051' title='bbox 3042 5811 3192 5857; x_wconf 88' lang='lat' dir='ltr'><strong>caret.</strong></span> <span class='ocrx_word' id='word_1_1052' title='bbox 3221 5810 3385 5869; x_wconf 12' lang='lat' dir='ltr'><strong>Atque,</strong></span> <span class='ocrx_word' id='word_1_1053' title='bbox 3404 5806 3531 5855; x_wconf 80' lang='lat' dir='ltr'><strong>hunc</strong></span> 
     </span>
    </p>
   </div>
   <div class='ocr_carea' id='block_1_122' title="bbox 1944 5867 3463 5931">
    <p class='ocr_par' dir='ltr' id='par_1_122' title="bbox 1944 5867 3463 5931">
     <span class='ocr_line' id='line_1_122' title="bbox 1944 5867 3463 5931; baseline -0.001 -16"><span class='ocrx_word' id='word_1_1054' title='bbox 1944 5868 1995 5915; x_wconf 89' lang='lat' dir='ltr'><strong>in</strong></span> <span class='ocrx_word' id='word_1_1055' title='bbox 2013 5867 2204 5917; x_wconf 90' lang='lat' dir='ltr'><strong>modum</strong></span> <span class='ocrx_word' id='word_1_1056' title='bbox 2227 5867 2465 5929; x_wconf 84' lang='lat' dir='ltr'><strong>profertur</strong></span> <span class='ocrx_word' id='word_1_1057' title='bbox 2477 5867 2752 5918; x_wconf 76' lang='lat' dir='ltr'><strong>identidem</strong></span> <span class='ocrx_word' id='word_1_1058' title='bbox 2768 5879 2797 5917; x_wconf 88' lang='lat' dir='ltr'><strong>a</strong></span> <span class='ocrx_word' id='word_1_1059' title='bbox 2817 5867 3163 5931; x_wconf 79' lang='lat' dir='ltr'><strong>Chrysostomo,</strong></span> <span class='ocrx_word' id='word_1_1060' title='bbox 3194 5874 3245 5918; x_wconf 84' lang='lat' dir='ltr'><strong>et</strong></span> <span class='ocrx_word' id='word_1_1061' title='bbox 3266 5867 3327 5917; x_wconf 85' lang='lat' dir='ltr'><strong>ab</strong></span> <span class='ocrx_word' id='word_1_1062' title='bbox 3344 5867 3463 5917; x_wconf 83' lang='lat' dir='ltr'><strong>aliis.</strong></span> 
     </span>
    </p>
   </div>
  </div>
