4024 6436
513 405 648 465 1047

511 523 710 579 dicitur
737 534 856 576 esse
885 520 1080 576 veritas
1113 538 1126 575 :
1157 518 1265 590 Ego
1295 534 1424 584 sum.
1460 517 1650 588 inquit,
1676 495 1778 584 uia,
1819 525 1863 570 et
1889 516 2093 579 veritas,

510 625 559 669 et
587 613 686 667 vita
723 612 910 684 (Joan.
946 627 1071 675 xiv,
1099 612 1183 682 6).
1218 612 1292 665 De
1319 611 1476 664 Patre
1518 617 1695 663 autem
1727 605 2096 662 tantummodo

509 720 607 761 vos
632 704 790 759 vultis
817 703 1036 773 intelligi
1063 702 1203 773 quod
1227 703 1322 770 ait,
1352 699 1420 756 Ut
1444 709 1743 770 cognoscant
1770 710 1817 754 te
1841 715 1996 753 unum
2016 713 2097 752 ue-

508 814 622 852 rum
651 795 842 858 Deum,
879 803 924 847 et
951 809 1095 863 quem
1116 792 1293 847 misisti
1320 792 1496 846 Jesum
1525 790 1779 846 Christum
1811 787 1934 862 (Id.
1964 804 2094 854 xvn,

506 875 618 959 5));
651 886 739 942 ubi
779 901 877 941 nos
919 884 1263 940 subaudimus
1292 884 1451 938 etiam
1491 882 1672 938 Jesum
1701 881 1970 936 Christum
2000 895 2096 934 ve-

507 1000 628 1041 rum
661 983 845 1046 Deum,
882 986 937 1033 ut
963 979 1075 1032 luce
1096 978 1166 1032 sit
1190 977 1450 1033 sententia
1483 993 1495 1028 :
1526 975 1601 1030 Te
1627 982 1682 1030 et
1710 989 1867 1044 quem
1908 971 2098 1026 misisti

506 1074 690 1130 Jesum
725 1070 994 1126 Christum
1034 1076 1356 1139 cognoscant
1383 1083 1542 1121 unum
1581 1080 1764 1120 verum
1795 1064 1998 1128 Deum;
2029 1076 2098 1118 ne

508 1164 599 1219 illa
622 1168 982 1231 consequatur
1020 1160 1356 1225 absurditas,
1396 1168 1452 1212 ut
1488 1157 1534 1212 si
1577 1165 1857 1226 propterea
1887 1170 1991 1209 non
2016 1164 2099 1210 est

510 1268 673 1309 verus
701 1252 844 1307 Deus
871 1250 1028 1306 Jesus
1061 1248 1327 1316 Christus,
1373 1249 1495 1320 quia
1524 1247 1722 1302 dictum
1753 1255 1834 1300 est
1861 1245 2024 1311 Patri,
2053 1253 2100 1297 te

507 1361 665 1400 unum
685 1360 856 1398 verum
877 1342 1071 1408 Deum;
1097 1352 1381 1414 propterea
1408 1357 1511 1394 non
1541 1341 1610 1395 sit
1638 1339 1892 1393 Dominus
1918 1337 2092 1400 Pater,

507 1437 633 1507 quia
670 1434 871 1489 dictum
900 1443 982 1488 est
1015 1433 1081 1488 de
1107 1430 1340 1498 Christo,
1366 1448 1494 1486 unus
1522 1429 1788 1484 Dominus.
1818 1427 2100 1482 Verumta-

506 1543 634 1584 men
661 1526 953 1583 secundum
983 1541 1202 1595 pravum
1246 1524 1596 1589 intellectum,
1627 1521 1708 1577 vel
1743 1521 1917 1591 potius
1945 1533 2099 1574 erro-

508 1637 650 1687 rem,
684 1619 856 1691 major
876 1628 958 1674 est
986 1620 1122 1675 Deus
1148 1618 1362 1685 veritas,
1381 1632 1558 1688 “quam
1600 1616 1738 1670 Deus
1766 1628 1951 1676 verus;
1976 1614 2098 1684 quia

506 1728 669 1769 verus
688 1727 717 1766 a
743 1711 967 1767 veritate
987 1720 1069 1766 est
1093 1729 1104 1763 :
1130 1710 1300 1780 major
1319 1724 1446 1780 ergo
1467 1708 1622 1762 Patre
1644 1705 1826 1769 Filius,
1855 1704 1976 1774 quia
1999 1703 2099 1758 iste

508 1815 594 1858 eSt
622 1803 839 1866 veritas,
878 1801 969 1856 ille
1009 1816 1187 1854 verus.
1236 1799 1384 1853 Hane
1414 1796 1810 1868 perversitatem
1851 1794 1999 1864 pellit
2031 1809 2097 1848 ex

507 1894 730 1961 animo,
771 1893 859 1962 qui
897 1891 1140 1946 didicerit
1175 1891 1384 1944 Patrem
1429 1903 1612 1943 verum
1650 1887 1815 1942 Deum
1857 1901 1975 1940 esse
2015 1884 2097 1955 gi-

509 1987 724 2058 gnendo
754 1987 1056 2054 veritatem,
1090 2001 1194 2040 non
1238 1983 1600 2055 participando
1628 2001 1641 2039 :
1669 1998 1774 2038 non
1803 1990 1886 2037 est
1921 1989 2097 2036 autem

510 2079 611 2133 alia
641 2078 936 2134 substantia
964 2078 1073 2132 veri
1105 2077 1388 2148 gignentis,
1420 2087 1474 2130 et
1500 2075 1603 2129 alia
1625 2074 1818 2145 genitze
1838 2072 2095 2128 veritatis.

578 2171 669 2225 25.
695 2169 799 2226 Sed
829 2186 948 2226 cum
974 2170 1039 2224 ad
1063 2170 1175 2224 haec
1195 2167 1602 2238 contemplanda
1629 2167 1868 2222 inﬁrmus
1887 2166 1954 2220 sit
1974 2181 2102 2220 ocu-

508 2265 595 2320 lus
622 2264 799 2319 cordis
828 2263 1083 2328 humani,
1123 2263 1330 2318 accedit
1357 2270 1415 2316 ut
1454 2261 1520 2316 de
1559 2260 1902 2315 contentione
1939 2260 2100 2313 etiam

507 2356 847 2411 turbulentus
872 2355 960 2410 sit.
989 2356 1054 2409 Et
1077 2354 1288 2424 quando
1314 2352 1414 2408 ista
1439 2351 1768 2421 conspiciet?
1794 2351 1930 2405 Dicit
1954 2348 2100 2404 Scri-

507 2459 665 2518 ptura
696 2447 887 2504 Filium
930 2447 1058 2510 Dei,
1097 2446 1380 2500 Dominum
1409 2454 1463 2500 et
1499 2444 1826 2500 Salvatorem
1856 2450 2101 2498 nostrum

507 2540 693 2595 Jesum
729 2539 998 2595 Christum
1017 2581 1032 2603 ,
1063 2537 1296 2593 Verbum
1334 2538 1430 2593 Dei
1463 2552 1614 2606 esse,
1645 2546 1700 2592 et
1723 2537 2018 2601 veritatem,
2047 2548 2103 2594 et

509 2630 862 2702 sapientiam;
920 2639 974 2685 et
1015 2629 1259 2685 homines
1303 2645 1422 2684 eum
1471 2639 1596 2685 ante
1649 2629 2098 2696 incarnationem,

511 2739 671 2795 quam
712 2721 778 2777 de
808 2721 966 2776 Maria
988 2721 1192 2792 virgine
1219 2721 1444 2792 accepit,
1472 2720 1588 2775 sine
1610 2720 1715 2773 ulla
1744 2719 1960 2773 omnino
1986 2734 2104 2774 sus-

513 2815 759 2884 ceptione
802 2828 1073 2882 corporeae
1116 2823 1374 2867 creaturae
1415 2828 1508 2884 per
1553 2813 1722 2884 ipsam
1766 2822 2007 2867 naturam
2049 2822 2106 2868 et

514 2905 866 2961 substantiam
897 2920 1068 2981 suam,
1105 2919 1208 2974 qua
1249 2905 1480 2960 Verbum
1510 2905 1602 2960 Dei
1631 2915 1735 2974 est,
1763 2916 1816 2960 et
1845 2905 2102 2976 sapientia

513 2998 633 3064 Dei,
675 2997 936 3052 visibilem
967 3005 1020 3051 et
1057 2997 1454 3066 corruptibilem
1481 2997 1683 3064 dicunt,
1715 2996 1840 3052 dum
1880 2998 1980 3052 sibi
2008 3014 2105 3053 vo-

511 3093 632 3148 lunt
660 3102 903 3148 constare
931 3091 1069 3162 quod
1115 3091 1386 3156 sentiunt,
1429 3091 1497 3145 de
1540 3091 1697 3146 Patre
1741 3090 2106 3146 tantummodo

514 3199 636 3239 esse
665 3184 884 3247 dictum,
918 3181 1188 3246 lnvisibili,
1212 3181 1599 3250 incorruptibili,
1625 3181 1722 3235 soli
1753 3179 1863 3234 Deo
1889 3179 2103 3251 (lTim.

514 3290 554 3337 ι,
582 3274 647 3327 l7
669 3273 709 3343 ).
734 3272 881 3342 Rogo
912 3281 986 3338 te,
1008 3272 1230 3326 verbum
1259 3271 1488 3326 hominis
1519 3287 1623 3326 non
1647 3283 1730 3326 est
1756 3271 1984 3338 visibile,
2012 3288 2108 3326 ne-

517 3364 646 3419 dum
673 3362 903 3418 Verbum
936 3363 1048 3417 Dei.
1071 3361 1188 3416 Jam
1212 3377 1337 3417 vero
1374 3363 1628 3432 sapientia
1666 3363 1774 3425 illa,
1800 3362 1867 3418 de
1893 3378 1996 3432 qua
2026 3364 2108 3418 di-

515 3464 662 3511 ctum
690 3464 792 3521 est,
825 3454 1038 3525 Attingit
1065 3453 1245 3524 ubique
1265 3465 1468 3524 prapler
1487 3471 1631 3508 suam
1658 3454 1994 3519 munditiam;
2022 3464 2106 3520 et,

517 3548 674 3604 Nihil
701 3549 1014 3622 inquinatum
1036 3548 1090 3601 in
1115 3563 1225 3601 eam
1252 3548 1494 3610 incurrit;
1515 3556 1587 3613 et,
1618 3545 1686 3601 In
1717 3548 1880 3617 seipsa
1904 3563 2112 3602 manens

514 3643 721 3696 innovat
750 3641 952 3707 onmia,
996 3649 1051 3696 et
1091 3640 1135 3694 si
1173 3655 1275 3710 qua
1316 3639 1508 3694 similia
1546 3655 1664 3710 quae
1708 3641 1976 3694 numerari
2005 3656 2110 3695 non

517 3741 775 3802 possunt;
805 3731 850 3785 si
889 3730 1249 3800 corruptibilis
1278 3738 1380 3793 est,
1420 3731 1601 3785 nescio
1630 3730 1756 3800 quid
1784 3730 1979 3796 dicam,
2009 3731 2115 3788 nisi

514 3832 578 3876 ut
599 3823 805 3878 doleam
830 3822 1294 3890 praesumptionem
1321 3821 1626 3886 humanam,
1651 3830 1705 3876 et
1728 3822 1892 3877 mirer
1911 3824 2116 3892 patien-

515 3913 646 3968 tiam
672 3913 925 3967 divinam.

592 4006 683 4062 24.
713 4006 845 4062 Cum
874 4020 1003 4062 vero
1042 4006 1109 4062 de
1145 4005 1232 4060 illa
1271 4005 1468 4059 dictum
1500 4004 1596 4072 sit,
1639 4004 1844 4060 Candor
1869 4016 1942 4061 est
1983 4008 2115 4062 enim

519 4102 648 4156 lucis
668 4111 870 4156 ceterum
892 4099 1042 4174 (Sap.
1069 4115 1164 4167 vn,
1184 4098 1414 4169 24-27);
1443 4113 1542 4154 nec
1565 4100 1749 4166 vestri,
1781 4109 1838 4154 ut
1860 4099 2109 4167 arbitror,

516 4197 629 4268 jam
668 4196 850 4251 dicunt
891 4195 1060 4250 lucem
1101 4193 1274 4249 Patris
1313 4192 1461 4263 (quze
1501 4191 1626 4262 quid
1669 4199 1778 4258 est,
1819 4192 1922 4246 nisi
1951 4193 1968 4223 ί
1998 4191 2112 4260 ejus

519 4285 899 4356 substantia?)
941 4283 1105 4339 fuisse
1134 4282 1419 4354 aliquando
1457 4283 1574 4337 sine
1601 4281 1832 4336 candore
1862 4298 1890 4335 a
1931 4296 1990 4337 se
2017 4298 2111 4352 ge-

521 4378 640 4433 nito
660 4418 674 4443 ,
707 4379 845 4433 sicut
881 4378 976 4431 ista
1005 4378 1059 4431 in
1094 4377 1286 4431 divinis
1314 4385 1368 4432 et
1396 4375 1758 4446 spiritualibus
1782 4385 1835 4430 et
1860 4376 2111 4445 incorpo-

520 4470 632 4526 reis
657 4479 712 4526 et
751 4468 1271 4524 incommutabilibus
1301 4467 1469 4533 credi,
1498 4477 1551 4523 et
1581 4477 1864 4538 utcumque
1889 4467 2109 4539 intelligi

521 4569 786 4634 possunt:
820 4560 977 4615 audio
1014 4560 1156 4614 enim
1195 4559 1305 4628 jam
1348 4574 1441 4613 eos
1476 4559 1810 4614 emendasse.
1850 4561 1933 4613 An
1971 4558 2111 4615 forte

518 4654 709 4708 falsum
740 4661 822 4709 est
851 4651 952 4706 hoc
983 4665 1078 4707 eos
1103 4649 1387 4720 aliquando
1412 4649 1627 4714 dixisse,
1660 4649 1799 4718 quod
1825 4649 1982 4704 fuerit
2008 4649 2121 4715 διε-ν

517 4746 732 4819 quando
759 4746 917 4803 Pater
956 4746 1072 4800 sine
1101 4743 1268 4810 Filio,
1304 4752 1551 4814 tanquam
1579 4740 1739 4798 fuerit
1775 4741 1865 4811 lux
1906 4751 2107 4797 aeterna

517 4838 637 4894 sine
661 4838 891 4894 candore
917 4852 1072 4908 quem
1097 4837 1312 4907 genuit?
1336 4834 1472 4902 Quid
1492 4850 1618 4906 ergo
1643 4834 1908 4890 dicimus?
1936 4834 1991 4889 Si
2014 4849 2109 4890 na-

518 4940 606 4984 tus
623 4938 705 4984 est
726 4929 891 4984 Filius
918 4928 1011 4984 Dei
1032 4927 1100 4983 de
1122 4927 1299 4995 Patre,
1319 4927 1427 4996 jam
1450 4925 1609 4981 Pater
1633 4925 1833 4981 destitit
1856 4925 2102 4997 gignere;

520 5030 577 5074 et
604 5020 648 5073 si
675 5019 895 5083 destitit,
927 5020 1089 5088 οωρίι
1119 5037 1131 5073 :
1159 5019 1202 5073 si
1231 5028 1410 5073 autem
1434 5018 1595 5087 cmpit
1617 5018 1851 5088 gignere,
1885 5019 1982 5073 fuit
2009 5018 2106 5072 ali-

518 5110 733 5181 quando
761 5112 874 5166 sine
902 5111 1070 5176 Filio;
1102 5111 1196 5166 sed
1226 5126 1495 5181 nunquam
1530 5110 1628 5165 fuit
1657 5109 1773 5164 sine
1801 5109 1953 5177 Filio,
1981 5110 2104 5180 quia

517 5201 688 5257 Filius
729 5201 844 5271 ejus
881 5201 1138 5272 sapientia
1179 5203 1292 5272 ejus
1332 5210 1436 5266 est,
1467 5217 1588 5272 quae
1613 5202 1812 5257 candor
1853 5211 1936 5258 est
1971 5203 2103 5259 lucis

405 5324 413 5333 -
513 5301 753 5347 aeternae.
784 5291 922 5362 Ergo
951 5306 1162 5361 semper
1193 5293 1358 5363 gignit
1384 5293 1574 5357 Pater,
1607 5301 1661 5348 et
1686 5307 1897 5362 semper
1925 5294 2100 5349 nasci-

513 5393 604 5438 tur
632 5381 819 5437 Filius.
857 5375 960 5436 Hic
990 5397 1190 5462 rursus.
1214 5382 1504 5438 timendum
1534 5393 1614 5438 est
1653 5398 1721 5438 ne
1749 5390 1963 5453 putetur
1998 5385 2100 5438 im-

510 5471 750 5548 perfecta
779 5477 1074 5547 generatio,
1121 5476 1166 5531 si
1209 5492 1313 5531 non
1354 5476 1579 5532 dicimus
1609 5486 1789 5532 natum
1817 5493 1970 5543 esse,
2007 5479 2100 5534 sed

511 5567 683 5622 nasci.
721 5565 1040 5639 Compatere
1077 5583 1320 5634 mecum,
1353 5570 1608 5636 obsecro,
1654 5570 1705 5624 in
1735 5569 1815 5625 his
1844 5571 2101 5641 angustiis

510 5658 761 5714 humana:
789 5660 1123 5732 cogitationis
1150 5669 1204 5717 et
1231 5660 1424 5732 linguae
1447 5703 1463 5730 ,
1507 5669 1562 5717 et
1601 5661 1803 5733 pariter
1825 5661 2100 5734 confugia-

510 5793 600 5904 m;
619 5792 816 5913 ,εἰ
838 5792 942 5856 eius
962 5791 1241 5847 substantia.
1263 5794 1357 5846 sed
1369 5795 1648 5847 concinnius
1661 5794 1767 5848 alia:
1790 5796 2030 5851 editiones
2050 5806 2104 5851 et

1751 400 1809 457 S.
1839 399 1979 458 AUG
1987 396 2206 457 USTINI
2245 394 2540 456 EPISCOPI

2201 529 2321 570 mus
2345 515 2412 570 ad
2436 515 2690 586 Spiritum
2715 515 2810 572 Dei
2835 529 2930 586 per
2953 517 3266 588 prophetam
3289 518 3555 578 dicentem
3586 541 3602 578 :
3630 523 3791 580 Gene-

2203 606 2446 659 rationem
2473 607 2584 675 ejus
2607 607 2718 678 quis
2737 607 2991 661 enarrabit
3015 605 3176 680 (Isai.
3209 625 3320 675 un,
3347 609 3434 682 8).

2272 695 2364 751 25.
2401 695 2514 751 Hoc
2543 713 2706 751 unum
2741 706 2861 767 peto
2889 697 3103 754 interim
3131 708 3189 754 ut
3213 699 3492 772 diligenter
3516 706 3788 776 exquiras,

2205 793 2378 842 utrum
2408 787 2602 843 alicubi
2629 787 2804 844 divina
2829 789 3102 860 Scriptura
3134 790 3201 846 de
3225 790 3446 850 diversis
3474 796 3786 856 substantiis

2205 875 2398 933 dixerit
2425 879 2564 949 quod
2587 895 2748 934 unum
2773 881 2898 936 sint.
2924 879 2980 936 Si
3003 881 3144 936 enim
3167 897 3275 938 non
3289 883 3557 941 invenitur
3577 887 3789 958 dictum,

2206 969 2306 1024 nisi
2329 968 2399 1024 de
2428 970 2494 1026 iis
2521 970 2685 1026 rebus
2713 987 2847 1042 quas
2873 981 3084 1028 constat
3106 989 3229 1031 esse
3268 976 3422 1031 unius
3447 978 3790 1052 ejusdemque

2205 1059 2548 1127 substantiam
2572 1063 2698 1132 quid
2726 1079 2862 1133 opus
2889 1073 3052 1120 estut
3077 1065 3397 1123 rebellemus
3424 1069 3681 1127 adversus
3703 1088 3790 1130 ve-

2207 1166 2322 1204 ram
2361 1160 2417 1207 et
2444 1153 2760 1208 catholicam
2794 1154 2986 1210 ﬁdem?
3016 1156 3072 1212 Si
3097 1167 3274 1213 autem
3313 1160 3582 1216 inveneris
3607 1163 3790 1222 alicubi

2207 1241 2310 1297 hoc
2328 1244 2583 1313 scriptum
2610 1245 2770 1300 etiam
2797 1245 2866 1301 de
2889 1247 3116 1302 diversis
3139 1249 3478 1316 substantiis;
3504 1261 3632 1309 tunc
3657 1255 3789 1311 aliud

2206 1348 2368 1404 cogar
2397 1335 2688 1405 inquirere,
2719 1337 2860 1391 unde
2885 1338 3162 1394 ostendam
3191 1349 3336 1396 recte
3360 1348 3580 1410 ὁμεὺσιον
3603 1344 3788 1404 dictum

2206 1423 2421 1479 Patrem
2449 1435 2500 1480 et
2549 1425 2762 1481 Filium.
2791 1426 2924 1484 Nam
2961 1429 3005 1484 si
3035 1429 3112 1484 illi
3139 1432 3232 1501 qui
3260 1431 3564 1503 Scripturas
3592 1446 3788 1494 nostras

2205 1524 2297 1570 aut
2325 1517 2597 1584 nesciunt,
2628 1525 2720 1572 aut
2744 1534 2849 1573 non
2876 1518 3141 1577 laboriose
3168 1534 3510 1590 scrutantur,
3543 1535 3600 1580 et
3621 1536 3787 1586 tamen

2205 1607 2399 1664 Filium
2421 1609 2661 1678 ejusdem
2689 1611 2998 1669 substantiae
3027 1623 3081 1669 et
3100 1618 3356 1686 aequalem
3385 1617 3530 1674 Patri
3556 1621 3783 1692 credunt,

2205 1700 2384 1756 dicant
2409 1702 2489 1758 eis
2518 1704 2605 1772 qui
2633 1704 2733 1760 hoc
2759 1705 2947 1761 nolunt
2980 1706 3224 1773 credere,
3269 1725 3393 1766 cum
3424 1720 3604 1768 tamen
3635 1714 3788 1771 Deum

2205 1793 2420 1849 Patrem
2461 1794 2652 1850 Filium
2699 1796 2898 1856 habere
2949 1801 3278 1871 unigenitum
3323 1804 3583 1872 credant,
3625 1806 3788 1866 Noluit

2205 1885 2348 1941 Deus
2377 1885 2576 1942 habere
2601 1889 2860 1960 aqualem
2887 1889 3079 1946 Filium
3099 1934 3114 1957 ,
3145 1908 3212 1948 an
3251 1910 3357 1949 non
3397 1898 3608 1966 potuit?
3632 1900 3675 1954 si
3700 1916 3787 1956 no-

2205 1978 2321 2046 luit,
2350 1979 2562 2035 invidus
2583 1994 2694 2049 eSt;
2722 1983 2766 2037 si
2792 1997 2899 2038 non
2922 1984 3113 2053 potuit,
3136 1984 3381 2042 inﬁrmus
3400 1999 3520 2056 est;
3544 1994 3786 2049 utrumvis

2205 2081 2383 2127 autem
2411 2072 2602 2128 horum
2642 2074 2710 2130 de
2738 2075 2850 2131 Deo
2879 2077 3080 2133 sentire
3115 2079 3430 2151 sacrilegum
3469 2092 3556 2139 est
3582 2100 3598 2138 :
3623 2088 3786 2142 nescio

2206 2164 2619 2250 utrumpossint
2644 2165 2882 2222 invenire
2919 2168 3045 2237 quid
3080 2169 3278 2237 dicant,
3308 2171 3353 2226 si
3388 2173 3566 2230 nolint
3591 2191 3674 2230 res
3698 2178 3782 2232 ab-

2207 2255 2547 2312 surdissimas
2570 2267 2624 2314 et
2651 2260 2991 2316 stultissimas
3015 2262 3211 2319 dicere.
3769 2260 3776 2271 ⁷

2277 2349 2504 2407 CAPUT
2546 2352 2608 2408 V.
2632 2383 2700 2392 —
2718 2353 2808 2408 26.
2832 2355 2968 2410 Ecce
2987 2366 3242 2427 quantum
3264 2362 3438 2430 potui,
3465 2365 3679 2433 exposui
3702 2366 3780 2421 tibi

2209 2439 2368 2495 ﬁdem
2396 2456 2591 2496 meam.
2614 2443 2680 2497 Et
2699 2447 2847 2513 plura
2873 2445 3084 2515 quidem
3106 2447 3210 2502 diei
3235 2461 3484 2520 possunt,
3506 2462 3562 2508 et
3587 2453 3784 2525 diligen-

2212 2531 2316 2587 tius
2341 2532 2631 2603 disputari;
2660 2535 2754 2590 sed
2782 2551 2970 2592 vereor
3000 2553 3068 2593 ne
3088 2539 3187 2594 ista
3214 2541 3326 2610 ipsa
3350 2558 3477 2613 quae
3502 2545 3628 2612 dixi,
3652 2549 3782 2602 oneri

2207 2624 2315 2678 sint
2340 2625 2778 2694 occupationibus
2807 2627 2911 2683 tuis
2936 2647 2948 2682 :
2977 2638 3149 2685 tamen
3178 2646 3240 2686 ea
3262 2648 3367 2687 non
3399 2635 3580 2690 solum
3605 2636 3783 2692 dictata

2210 2715 2478 2770 conscribi
2523 2715 2804 2782 volui,sed
2854 2719 3013 2773 etiam
3054 2736 3212 2776 manu
3251 2738 3370 2778 mea
3415 2726 3778 2785 subscribenda

2210 2808 2424 2873 curavi;
2449 2809 2590 2877 quod
2616 2810 2829 2880 quidem
2851 2819 2906 2865 et
2925 2821 3079 2867 antea
3104 2815 3396 2885 volueram,
3427 2818 3478 2872 si
3501 2819 3637 2889 quod
3663 2820 3780 2876 inter

2211 2912 2309 2951 nos
2346 2898 2649 2968 placuerat,
2685 2910 3004 2958 servaretur.
3035 2902 3140 2959 Sed
3174 2905 3334 2961 modo
3361 2917 3517 2964 certe
3541 2922 3661 2980 puto
3683 2911 3776 2980 jam

2211 3003 2317 3043 non
2364 3005 2394 3043 a
2438 2999 2491 3045 te
2527 2989 2725 3048 debere
2764 2993 2869 3048 dici
2907 2995 3144 3052 timuisse
3185 3013 3270 3052 me
3310 2999 3405 3054 tibi
3433 3001 3614 3058 dicere
3644 3003 3780 3060 ﬁdem

2212 3095 2410 3148 meam,
2437 3083 2647 3150 quando
2675 3098 2778 3138 non
2807 3085 2978 3140 solum
3003 3087 3131 3152 dixi,
3160 3089 3254 3144 sed
3289 3091 3550 3160 scriptam
3577 3094 3778 3150 subscri-

2214 3173 2317 3241 psi,
2356 3189 2422 3226 ne
2449 3188 2537 3228 me
2562 3174 2840 3245 quisquam
2871 3177 3012 3232 dicat
3036 3187 3126 3233 aut
3149 3179 3347 3236 dixisse
3371 3184 3521 3253 quod
3546 3200 3644 3240 non
3667 3185 3776 3252 dixi,

2215 3271 2306 3315 aut
2334 3277 2444 3317 non
2482 3264 2680 3319 dixisse
2710 3265 2850 3335 quod
2891 3267 3020 3322 dixi.
3055 3269 3166 3324 Hoc
3198 3271 3280 3326 fac
3308 3281 3361 3328 et
3392 3282 3483 3341 tu,
3530 3277 3572 3331 si
3601 3275 3777 3346 judices

2216 3354 2446 3422 quaeris,
2493 3369 2597 3408 nou
2627 3356 2715 3425 qui
2763 3357 2817 3410 in
2861 3373 2954 3412 ore
2996 3367 3086 3413 tuo
3130 3374 3481 3420 revereautur
3531 3383 3777 3438 personam

2219 3452 2386 3512 tuam,
2411 3446 2506 3501 sed
2529 3448 2615 3517 qui
2640 3449 2692 3502 in
2717 3449 3029 3506 litteristuis
3048 3467 3296 3512 exserant
3315 3457 3613 3518 libertatem
3632 3478 3774 3518 suam.

2218 3537 2272 3592 Si
2302 3537 2443 3592 enim
2474 3540 2796 3596 calumniam
2824 3543 2978 3600 times
3007 3543 3179 3617 (quod
3201 3550 3346 3604 nullo
3367 3552 3538 3609 modo
3558 3554 3772 3611 auderem

2219 3629 2416 3696 dicere,
2451 3632 2552 3686 nisi
2589 3633 2691 3688 hoc
2716 3635 2828 3704 ipse
2855 3635 3130 3712 dixisses),
3160 3639 3284 3697 licet
3310 3643 3404 3699 tibi
3437 3661 3550 3702 non
3572 3647 3772 3702 subscri-

2218 3721 2346 3777 bere
2377 3741 2390 3776 :
2423 3738 2542 3776 nam
2567 3733 2620 3778 et
2646 3740 2745 3795 ego
2766 3736 3044 3798 prOpterea
3070 3732 3215 3786 nolui
3242 3749 3438 3792 nomen
3475 3747 3616 3793 tuum
3639 3737 3773 3794 scribi

2218 3814 2271 3868 in
2300 3813 2383 3868 his
2406 3816 2540 3869 meis
2567 3816 2777 3887 litteris,
2799 3835 2866 3874 ne
2884 3820 2985 3876 hoc
3010 3821 3142 3880 forte
3161 3826 3447 3884 noluisses.

2289 3907 2378 3962 27.
2408 3908 2587 3964 Facile
2617 3921 2698 3966 est
2721 3921 2779 3967 ut
2803 3914 3025 3986 quisque
3050 3917 3398 3988 Augustinum
3425 3923 3625 3989 vincat;
3650 3923 3773 3978 vide-

2218 3998 2293 4053 ris
2327 4009 2506 4054 utrum
2535 4001 2757 4058 veritate
2780 4018 2848 4058 an
2874 4005 3126 4064 clamore.
3154 4008 3266 4064 Non
3289 4021 3371 4066 est
3394 4028 3575 4069 meum
3602 4014 3768 4080 dicere,

2219 4091 2320 4146 nisi
2352 4092 2475 4162 quia
2519 4093 2668 4148 facile
2704 4103 2788 4150 est
2829 4104 2885 4150 ut
2929 4099 3150 4169 quisque
3191 4101 3548 4173 Augustinum
3583 4106 3768 4162 vincat:

2217 4195 2416 4256 quanto
2445 4187 2613 4258 magis
2641 4196 2700 4242 ut
2726 4189 2917 4246 vicisse
2946 4191 3215 4258 videatur;
3247 4204 3337 4249 aut
3363 4197 3464 4252 etsi
3494 4213 3597 4254 non
3615 4196 3767 4252 vides.

2219 4286 2302 4331 tur
2322 4278 2532 4346 vicisse,
2569 4289 2744 4336 tamen
2774 4281 3020 4338 dicatur?
3045 4283 3222 4342 Facile
3255 4296 3337 4342 est
3362 4287 3465 4345 hoc
3498 4309 3514 4346 :
3541 4291 3650 4346 nolo
3671 4302 3764 4342 ma-

2215 4385 2374 4441 guum
2402 4380 2573 4441 putes,
2596 4373 2746 4439 nolo;
2780 4376 2902 4430 nolo
2927 4391 3024 4446 pro
3049 4393 3240 4448 magno
3259 4391 3499 4450 appetas.
3523 4381 3643 4438 Nam
3666 4393 3762 4435 cum

2214 4462 2539 4520 adverterint
2576 4465 2820 4522 homines
2848 4468 2904 4522 in
2934 4468 3034 4523 hac
3061 4485 3121 4526 re
3142 4479 3246 4525 tam
3267 4471 3538 4542 ingentem
3563 4473 3730 4528 [amem
3747 4470 3762 4501 ⁸

2213 4555 2391 4612 cordis
2416 4557 2523 4623 tui,
2575 4559 2725 4612 multi
2753 4559 3058 4629 gaudebunt
3086 4577 3145 4617 se
3172 4563 3437 4621 invenisse
3463 4566 3762 4624 occasionem

2211 4656 2271 4724 ut
2295 4649 2360 4703 ad
2389 4664 2552 4718 pauca
2586 4651 2751 4721 Euge,
2785 4653 2944 4724 Euge,
2980 4663 3084 4708 tam
3112 4665 3380 4726 potentem
3411 4661 3577 4715 virum
3600 4658 3762 4713 iaciant

2210 4742 2460 4797 amicum.
2479 4743 2614 4798 Nolo
2633 4745 2813 4801 dicere
2832 4748 2952 4816 quia
2970 4748 3015 4802 si
3035 4763 3142 4804 non
3160 4749 3386 4820 faveant,
3406 4754 3491 4809 vel
3511 4755 3554 4809 si
3581 4759 3759 4809 eontra-

2211 4834 2343 4887 riam
2371 4836 2688 4889 sententiam
2715 4835 3007 4906 proferant,
3039 4839 3199 4895 etiam
3225 4841 3514 4900 formidare
3548 4847 3758 4915 poterunt

2210 4925 2508 4992 inimicum;
2537 4927 2714 4996 inepte
2733 4928 2946 4998 quidem
2967 4939 3021 4986 et
3039 4931 3218 5000 stulte,
3241 4933 3335 4990 sed
3357 4942 3530 4992 tamen
3554 4933 3756 5006 plerique

2208 5016 2452 5072 homines
2476 5018 2547 5072 ita
2576 5027 2715 5072 sunt.
3033 5037 3036 5041 ’

2235 5165 2241 5169 ,
2279 5108 2368 5163 28.
2397 5107 2511 5162 Noli
2540 5125 2667 5181 ergo
2693 5111 2973 5168 attendere
2995 5115 3262 5184 quomodo
3282 5118 3520 5173 vincatur
3545 5112 3754 5185 Augusti-

2208 5215 2342 5265 nus,
2374 5199 2775 5271 qualiscumque
2819 5218 2954 5258 unus
2997 5203 3194 5272 homo;
3239 5207 3334 5262 sed
3377 5209 3582 5265 attende
3607 5203 3750 5276 potius

2206 5301 2385 5348 utrum
2413 5294 2550 5348 vinei
2586 5297 2753 5365 possit
2779 5301 3027 5365 ὁμοὺσιον,
3065 5313 3172 5352 non
3203 5299 3376 5370 ipsum
3405 5302 3611 5357 verbum
3631 5310 3746 5368 grat-

2205 5401 2348 5454 cum,
2375 5386 2515 5457 quod
2552 5385 2700 5443 facile
2723 5397 2806 5444 est
2835 5404 2939 5443 non
2981 5389 3394 5462 intelligentibus
3422 5392 3645 5454 irridere,
3669 5383 3747 5442 sed

2204 5477 2334 5534 illud
2369 5477 2512 5549 quod
2559 5479 2812 5550 scriptum
2850 5490 2930 5534 est
2953 5522 2968 5549 ,
3009 5479 3124 5552 Ego
3159 5493 3204 5536 et
3237 5481 3392 5539 Pater
3426 5499 3568 5540 unum
3604 5491 3748 5536 sumus

2205 5568 2391 5641 (Joan.
2423 5585 2478 5637 x,
2513 5570 2644 5640 50);
2675 5579 2748 5636 et,
2792 5569 2949 5642 Pater
2967 5584 3172 5642 sancte,
3212 5591 3353 5630 serua
3378 5593 3463 5632 eos
3492 5577 3540 5630 in
3575 5569 3747 5628 nomine

2204 5671 2309 5732 tuo,
2330 5677 2456 5734 quos
2480 5663 2660 5717 dedisti
2686 5663 2808 5718 mihi
2827 5665 2848 5695 ²
2866 5680 2886 5730 ;
2906 5674 2962 5720 ut
2980 5666 3079 5720 sint
3097 5683 3274 5734 unum,
3295 5669 3424 5724 sicut
3449 5679 3496 5724 et
3511 5682 3610 5722 nos.
3634 5661 3742 5718 Item

2265 5800 2284 5866 ξ
2309 5807 2416 5850 Mss.
2435 5801 2580 5866 vatio.
2601 5805 2654 5850 et
2677 5811 2770 5866 sex
2790 5799 2982 5866 Gallic,

2267 5863 2289 5894 ³
2309 5867 2452 5912 Gerv.
2477 5862 2581 5912 eod.
2603 5867 2652 5912 et
2672 5861 2853 5925 aliquot
2873 5861 3047 5914 alit'h'ic
3061 5865 3259 5926 addunt,
3277 5865 3338 5917 de
3353 5863 3535 5917 mundo.
