4024 6414
207 439 370 497 1049

206 551 386 624 paulo
411 559 531 623 post
557 568 570 605 :
602 549 724 606 Non
753 566 846 621 pro
882 550 959 604 Itis
998 558 1163 605 autem
1190 564 1313 619 rogo
1341 557 1534 601 tantum
1557 587 1573 609 ,
1598 544 1797 616 inquit,

206 644 308 700 sed
343 653 395 697 et
422 659 513 715 pro
552 643 623 699 eis
655 644 742 716 qui
780 641 1018 696 credituri
1056 651 1171 696 sunt
1208 656 1299 712 per
1325 640 1524 695 verbum
1551 654 1720 693 eorum
1747 637 1802 692 in

204 751 294 791 me
316 751 342 791 :
366 746 423 790 ut
448 751 619 790 omnes
655 751 809 789 unum
829 734 949 801 sint,
979 734 1106 787 sicut
1136 743 1207 799 tu,
1241 730 1417 799 Pater,
1440 732 1494 786 in
1516 747 1611 798 me,
1640 739 1687 785 et
1713 746 1802 801 ego

202 832 263 885 in
292 840 365 894 te,
403 839 458 882 ut
489 838 536 882 et
560 827 660 900 ipsi
689 827 743 881 in
772 827 915 882 nobis
941 842 1098 880 unum
1138 825 1268 889 sint;
1309 833 1364 878 ut
1392 823 1608 877 mundus
1635 821 1804 875 credat

201 921 335 993 quia
365 930 422 975 tu
446 937 525 974 me
545 920 745 973 misisti.
772 918 841 973 Et
860 935 949 991 ego
974 919 1249 973 claritatem
1278 933 1426 990 quam
1446 916 1624 970 dedisti
1655 916 1799 981 mihi,

205 1013 331 1069 dedi
358 1013 487 1077 illis,
505 1021 560 1065 ut
577 1013 678 1066 sint
702 1028 875 1079 unum,
897 1012 1023 1065 sicut
1044 1020 1089 1065 et
1110 1026 1199 1065 nos
1221 1025 1375 1063 unum
1398 1024 1569 1061 sumus
1593 1022 1611 1061 :
1634 1023 1725 1078 ego
1750 1008 1803 1060 in

201 1107 299 1167 eis.
315 1115 371 1160 et
401 1115 455 1158 tu
479 1105 532 1158 in
560 1121 653 1170 me,
669 1114 722 1157 ut
740 1104 841 1158 sint
862 1102 1193 1157 consummati
1213 1101 1267 1154 in
1293 1116 1448 1154 unum
1470 1098 1646 1171 (Joan.
1669 1114 1796 1164 xvn,

202 1200 297 1267 il,
329 1198 562 1270 20-25).
593 1198 725 1253 Vide
750 1197 958 1269 quoties
979 1196 1132 1261 dixit,
1164 1196 1263 1250 sint
1279 1211 1454 1260 unum,
1485 1195 1612 1247 sicut
1634 1203 1680 1247 et
1710 1209 1801 1247 nos

202 1308 374 1345 unum
404 1308 615 1359 sumus;
641 1306 899 1362 nusquam
928 1300 1101 1345 tamen
1129 1289 1279 1350 dixit.
1305 1287 1409 1359 Ipsi
1436 1296 1490 1343 et
1510 1301 1606 1342 nos
1633 1287 1801 1341 simus

201 1401 416 1451 unum;
443 1384 559 1448 sed,
584 1386 711 1439 sicut
737 1400 829 1455 ego
855 1392 900 1437 et
932 1393 984 1437 tu
1024 1399 1195 1436 sumus
1232 1397 1411 1442 unum,
1440 1380 1511 1434 sic
1536 1390 1581 1434 et
1610 1378 1710 1450 ipsi
1745 1378 1799 1432 in

197 1478 353 1532 nobis
380 1478 485 1531 sint
513 1494 668 1530 unum
691 1492 711 1530 :
735 1477 857 1547 quia
887 1476 1025 1531 sicut
1058 1474 1130 1528 illi
1160 1483 1313 1529 erant
1346 1473 1501 1527 unius
1530 1470 1800 1542 ejusdem-

197 1586 307 1641 que
329 1570 670 1635 substantiae,
694 1584 827 1639 quos
848 1569 1006 1625 etiam
1028 1568 1186 1622 unius
1212 1567 1493 1636 participes
1514 1566 1633 1619 vitae
1654 1574 1802 1618 aeter-

197 1677 285 1715 nae
330 1659 514 1715 facere
555 1659 801 1725 volebat;
849 1660 918 1714 ita
963 1658 1032 1713 de
1076 1658 1234 1713 Patre
1275 1666 1328 1712 et
1357 1656 1490 1710 Filio
1521 1664 1799 1724 propterea

198 1754 410 1809 dictum
434 1762 549 1820 est,
581 1752 747 1809 Unum
768 1769 960 1819 sumus,
989 1752 1109 1823 quia
1136 1752 1293 1806 unius
1312 1760 1435 1806 sunt
1456 1748 1801 1818 ejusdemque

200 1845 527 1900 substantiae
549 1885 564 1911 ,
595 1854 648 1900 et
675 1859 779 1899 non
821 1844 1103 1915 participes
1144 1842 1263 1896 vitae
1291 1850 1534 1906 aeternae,
1563 1838 1653 1893 sed
1686 1840 1799 1908 ipsa

195 1939 577 2010 principaliter
604 1940 708 1992 vita
729 1947 946 1993 aeterna.
978 1936 1047 1991 Et
1074 1943 1282 2005 poterat
1309 1933 1484 1988 dicere
1509 1931 1799 1986 secundum

199 2032 445 2087 formam
472 2031 631 2093 servi,
662 2032 771 2100 Ego
790 2038 845 2084 et
868 2029 966 2099 ipsi
987 2043 1149 2083 unum
1176 2041 1380 2093 sumus,
1408 2034 1516 2091 aut,
1540 2038 1702 2077 unum
1728 2022 1802 2076 si-

194 2139 367 2188 mus;
418 2138 520 2179 nec
559 2132 735 2178 tamen
766 2122 867 2177 hoc
893 2122 1057 2188 dixit,
1090 2122 1210 2191 quia
1253 2134 1409 2173 unam
1449 2115 1797 2173 substantiam

196 2215 383 2271 Patris
413 2223 472 2269 et
496 2230 645 2269 suam
667 2256 682 2281 ,
726 2222 779 2268 et
814 2228 972 2267 unam
1008 2212 1220 2266 illorum
1250 2209 1463 2264 volebat
1495 2207 1794 2262 ostendere.

191 2306 249 2364 Si
280 2317 476 2362 autem
515 2306 755 2369 dixisset,
789 2304 859 2361 Ut
888 2314 942 2359 tu
973 2312 1025 2358 et
1047 2302 1147 2373 ipsi
1173 2317 1336 2355 unum
1365 2300 1503 2363 sitis,
1535 2299 1672 2353 sicut
1699 2311 1797 2366 ego

192 2408 246 2454 et
268 2408 325 2453 tu
350 2413 524 2452 unum
565 2412 781 2461 sumus;
812 2404 921 2462 aut,
955 2395 1022 2450 Ut
1045 2403 1097 2448 tu
1124 2403 1177 2447 et
1204 2407 1302 2462 ego
1328 2402 1379 2446 et
1402 2390 1502 2461 ipsi
1532 2404 1694 2443 unum
1723 2388 1798 2441 si-

190 2504 338 2555 mus,
363 2489 510 2543 sicut
530 2504 627 2557 ego
648 2498 701 2544 et
722 2498 773 2542 ll]
796 2501 957 2541 unum
978 2501 1161 2541 sumus
1180 2501 1194 2549 ;
1214 2497 1372 2538 nemo
1392 2490 1627 2535 nostrum
1649 2494 1801 2534 reen-

191 2588 334 2636 saret
348 2594 521 2651 posse
536 2578 847 2648 dici,Unum
865 2586 1005 2644 sunt,
1024 2576 1183 2633 etiam
1195 2575 1436 2629 diversas
1452 2571 1795 2628 substantias.

189 2670 347 2726 Nunc
375 2679 559 2725 autem
583 2668 732 2725 vides
752 2684 907 2740 quam
932 2683 1035 2723 non
1059 2668 1128 2722 ita
1154 2667 1241 2730 sit,
1274 2666 1393 2736 quia
1420 2679 1523 2719 non
1550 2664 1619 2718 ita
1646 2662 1796 2729 dixit,

190 2770 244 2816 et
270 2776 434 2831 saepe
459 2759 682 2815 dicendo
708 2760 1048 2815 vehementer
1074 2754 1464 2812 commendavit
1486 2753 1623 2823 quod
1646 2752 1796 2807 dixit.

260 2852 359 2909 29.
396 2852 610 2907 Iuvenis
643 2867 770 2921 ergo
807 2854 857 2905 in
886 2849 1174 2920 Scripturis
1201 2846 1395 2918 aliquid
1426 2862 1586 2900 unum
1622 2845 1688 2900 de
1713 2844 1798 2899 di-

190 2946 376 3000 versis
427 2944 665 3011 naturis,
699 2944 836 2999 sicut
876 2958 1033 3013 supra
1062 2940 1422 3006 ostendimus,
1465 2938 1558 2995 sed
1590 2937 1799 2992 additur

192 3039 279 3093 vel
303 3037 632 3093 subauditur
656 3037 779 3108 quid
807 3052 969 3092 unum
1003 3056 1015 3091 :
1044 3037 1182 3091 sicut
1203 3050 1269 3090 ex
1294 3034 1469 3088 anima
1494 3042 1548 3087 et
1573 3046 1800 3100 corpore

190 3131 457 3195 dicimus,
486 3129 657 3185 Unum
688 3130 902 3194 animal,
929 3137 982 3184 et
1007 3144 1104 3182 una
1130 3141 1375 3198 persona,
1405 3133 1458 3180 et
1484 3140 1616 3179 unus
1639 3123 1799 3177 homo

191 3226 281 3280 Vel
310 3232 403 3280 est
427 3266 442 3289 ,
477 3224 561 3277 vel
590 3231 732 3278 sunt.
762 3222 887 3278 Sine
916 3222 1089 3291 aliqua
1123 3236 1248 3275 vero
1286 3219 1623 3289 adjunctione
1661 3215 1795 3283 dici,

200 3315 385 3371 Unum
415 3324 551 3381 sunt,
581 3315 626 3369 si
655 3313 921 3368 inveneris
952 3313 1007 3367 in
1032 3311 1338 3381 Scripturis,
1373 3308 1470 3363 nisi
1501 3307 1567 3362 de
1593 3307 1655 3361 iis
1680 3321 1798 3375 qua:

195 3406 365 3462 unius
409 3405 715 3461 substantia:
754 3414 905 3469 sunt,
938 3402 1230 3472 justissime
1270 3399 1529 3471 ﬂagitabis
1574 3408 1629 3453 ut
1658 3397 1799 3453 aliud

197 3502 571 3573 proferamus,
615 3496 755 3554 unde
783 3503 997 3566 ὁμοὺσιον
1023 3484 1466 3551 demonstremus.
1498 3492 1633 3548 Sunt
1655 3490 1799 3546 enim

197 3601 254 3647 et
280 3592 393 3645 alia
422 3591 614 3655 multa;
642 3588 735 3645 sed
758 3588 966 3644 interim
989 3587 1056 3642 de
1078 3588 1182 3642 hoc
1208 3601 1313 3641 uno
1337 3585 1529 3656 cogita,
1559 3582 1800 3652 deposito

198 3682 392 3737 studio
421 3681 797 3744 contentionis,
834 3688 891 3734 ut
919 3677 1116 3733 habeas
1155 3678 1437 3749 prepitinm
1468 3675 1653 3731 Deum.
1682 3672 1798 3728 Non

196 3774 355 3828 enim
398 3771 593 3824 bonum
624 3770 867 3825 .hominis
896 3779 978 3824 est
1006 3770 1273 3825 hominem
1301 3770 1533 3833 vincere,
1576 3766 1669 3823 sed
1700 3767 1798 3822 bo-

194 3878 340 3919 num
369 3868 451 3914 est
470 3860 671 3913 homini
699 3870 757 3914 ut
789 3876 910 3915 eum
935 3863 1129 3916 veritas
1152 3862 1329 3915 vincat
1355 3862 1652 3925 volentem;
1676 3861 1799 3929 quia

192 3952 410 4008 malum
429 3957 511 4004 est
535 3948 733 4004 homini
759 3958 815 4004 ut
842 3965 963 4003 eum
990 3950 1184 4004 veritas
1202 3950 1378 4005 vincat
1397 3950 1637 4003 invitum.
1664 3949 1798 4005 Nam

195 4045 323 4115 ipsa
356 4043 531 4096 vincat
561 4056 782 4097 necesse
807 4050 908 4106 est,
940 4041 1052 4096 sive
1089 4050 1367 4110 negantem
1398 4042 1508 4095 sive
1537 4040 1798 4096 conﬁten-

197 4144 339 4191 tem.
389 4133 464 4187 Da
492 4134 718 4199 veniam,
751 4135 795 4188 si
821 4133 947 4203 quid
976 4133 1193 4188 liberius
1217 4133 1347 4196 dixi,
1380 4149 1483 4189 non
1514 4133 1579 4187 ad
1607 4142 1797 4188 contu-

197 4226 423 4283 meliam
451 4234 614 4291 tuam,
646 4225 739 4281 sed
769 4224 834 4280 ad
861 4224 1219 4279 defensionem
1251 4239 1444 4280 meam.
1476 4224 1797 4294 Praesumpsi

199 4318 351 4374 enim
379 4316 448 4370 de
469 4316 726 4386 gravitate
747 4325 803 4371 et
836 4315 1114 4385 prudentia
1144 4324 1251 4382 tua,
1283 4316 1406 4386 quia
1449 4326 1600 4385 potes
1621 4316 1798 4371 consi-

198 4409 398 4465 derare
431 4416 681 4477 quantam
725 4408 855 4463 mihi
884 4407 1241 4478 respondendi
1287 4408 1653 4463 necessitatem
1697 4408 1797 4462 im-

200 4501 483 4573 posueris;
512 4509 602 4555 aut
622 4501 670 4555 si
707 4500 884 4556 ethoc
909 4517 1015 4557 non
1043 4509 1190 4557 recte
1218 4500 1338 4567 ieci,
1379 4509 1435 4557 et
1461 4501 1582 4557 hinc
1615 4503 1682 4558 da
1706 4520 1770 4560 ve

200 4596 370 4650 niam.
390 4594 523 4649 Huic
551 4595 826 4665 scripturae
851 4610 882 4650 a
912 4610 997 4651 me
1021 4594 1229 4651 dictatae
1252 4604 1304 4651 et
1327 4596 1538 4653 reiectae
1563 4611 1663 4667 ego
1687 4596 1795 4653 Au-

202 4688 450 4756 gustinus
473 4687 785 4756 subscripsi.

596 4798 922 4856 EPISTULA
961 4798 1267 4855 ccxxxrx
1305 4798 1402 4871 (a).

237 4910 551 4982 Augustinus
571 4909 860 4977 Pascentio,
886 4912 949 4966 de
966 4912 1141 4966 eadem
1164 4928 1219 4966 re
1242 4929 1424 4984 urgens
1449 4921 1501 4968 ut
1526 4914 1758 4983 explanet

828 5006 982 5075 ﬁdem
1006 5022 1171 5061 suam.

276 5120 329 5174 l.
362 5118 421 5173 Si
455 5117 589 5174 dicis
616 5127 671 5174 te
698 5120 827 5175 mihi
856 5120 1055 5176 dixisse
1084 5120 1245 5177 tidem
1270 5129 1417 5177 tuam
1438 5164 1453 5191 ,
1485 5130 1540 5178 et
1569 5136 1656 5177 me
1700 5122 1793 5179 tibi

206 5211 443 5266 noluisse
470 5210 650 5267 dicere
688 5210 845 5267 fidem
880 5227 1052 5268 meam
1074 5255 1088 5278 ,
1120 5214 1262 5284 quod
1299 5223 1350 5269 te
1391 5214 1549 5269 audio
1579 5228 1685 5269 non
1715 5223 1793 5269 ta-

203 5313 358 5368 cere;
393 5302 695 5369 recordare,
726 5302 971 5371 obsecro,
994 5320 1151 5373 quam
1174 5313 1456 5374 utrumque
1483 5304 1553 5359 sit
1578 5304 1786 5359 falsum.

204 5389 338 5446 Nam
368 5407 467 5447 nec
508 5402 562 5447 tu
602 5391 731 5447 mihi
758 5392 971 5447 voluisti
1008 5393 1186 5449 dicere
1214 5394 1371 5449 fidem
1403 5404 1575 5459 tuam,
1615 5404 1668 5450 et
1692 5409 1791 5464 ego

207 5484 299 5540 tibi
326 5484 487 5541 fidem
511 5500 684 5542 meam
709 5500 813 5540 non
835 5484 1013 5541 dicere
1036 5486 1215 5551 nolui;
1244 5488 1335 5542 sed
1354 5489 1425 5546 ita
1444 5488 1623 5545 dicere
1650 5487 1791 5543 volui

122 5626 132 5655 ς
206 5582 266 5629 ut
287 5590 446 5632 nemo
474 5584 656 5647 posset
689 5575 889 5643 dicere,
930 5585 1022 5631 aut
1055 5577 1254 5634 dixisse
1291 5593 1378 5634 me
1414 5580 1612 5651 aliquid
1647 5585 1789 5654 quod

123 5674 131 5713 ῖ
207 5682 312 5725 non
355 5669 579 5726 dixerim
602 5710 617 5735 ,
647 5678 739 5725 aut
767 5684 871 5725 non
899 5670 1098 5725 dixisse
1123 5670 1261 5741 quod
1291 5670 1535 5728 dixerim.
1573 5675 1788 5734 Diceres

110 5768 115 5791 ν
209 5770 385 5817 autem
407 5763 539 5817 mihi
569 5762 726 5818 ﬁdem
751 5773 916 5831 tuam,
946 5763 990 5818 si
1013 5764 1112 5818 hoc
1137 5762 1345 5821 diceres
1369 5767 1509 5825 unde
1536 5767 1785 5828 dissentis

270 5892 341 5959 (a)
365 5893 487 5945 Alias
512 5894 600 5946 t75
616 5909 627 5945 :
646 5906 755 5958 quae
777 5903 939 5949 autem
960 5894 1052 5945 239
1076 5903 1196 5961 erat,
1220 5909 1345 5949 nunc
1368 5897 1445 5951 85.

1364 431 1837 494 EPISTOLARUM
1871 431 2145 495 CLASSIS
2177 434 2267 494 Π.

1912 559 1941 600 a
1962 546 2148 613 nobis;
2171 547 2216 602 si
2236 546 2461 616 diceres,
2483 547 2646 606 Credo
2669 550 2723 606 in
2745 550 2911 607 Deum
2936 551 3163 623 Patrem,
3183 556 3268 628 qui
3291 556 3485 615 Filium

1910 638 2029 709 fecit
2055 642 2269 709 primam
2305 651 2588 697 creaturam
2613 653 2730 698 ante
2764 660 2936 701 onum
2962 655 3168 703 caeteras
3192 659 3486 719 creaturas:

1910 738 1956 785 et
1983 730 2035 785 in
2060 730 2225 800 ipsum
2256 730 2481 802 Filium,
2513 751 2603 790 nec
2627 737 2869 808 wgualcm
2908 735 3089 803 Patri.
3121 755 3212 796 nec
3236 740 3486 815 similem,

1910 839 2000 878 nec
2032 839 2198 878 verum
2223 824 2425 894 Deum;
2450 838 2500 883 et
2526 829 2579 882 in
2617 828 2866 900 Spiritum
2891 841 3118 888 sanctum
3135 875 3151 902 ,
3183 837 3377 906 factum
3403 855 3491 909 per

1910 912 2105 969 Filium
2131 925 2241 986 post
2270 916 2461 972 Filium
2484 934 2504 973 :
2526 918 2643 976 haec
2669 921 2810 976 enim
2836 936 2930 977 vos
2957 922 3115 978 audio
3141 923 3341 982 dicere.
3383 930 3490 984 Aut

1910 1006 1954 1060 si
1980 1006 2115 1063 forte
2140 1009 2326 1064 falsum
2352 1019 2433 1065 est
2458 1012 2598 1083 quod
2624 1013 2721 1068 ista
2748 1014 2953 1083 dicatis,
2986 1016 3089 1071 hoc
3110 1018 3285 1087 potius
3308 1018 3417 1076 abs
3435 1030 3492 1077 te

1908 1099 2031 1154 volo
2044 1102 2206 1163 scire.
2236 1102 2290 1158 Si
2321 1112 2496 1159 autem
2530 1121 2714 1161 verum
2739 1115 2816 1161 est
2844 1107 2985 1177 quod
3023 1108 3121 1163 ista
3146 1108 3339 1173 dicitis,
3369 1113 3492 1168 volo

1908 1191 2045 1245 scire
2070 1192 2515 1261 quemadmodum
2553 1211 2616 1252 ea
2646 1196 2712 1253 de
2751 1197 3038 1268 Scripturis
3080 1201 3275 1255 sanctis
3306 1200 3491 1258 defen-

1908 1280 2066 1336 datis.
2096 1282 2247 1339 Nunc
2269 1294 2445 1341 autem
2471 1287 2648 1342 dixisti
2688 1288 2907 1343 credere
2935 1298 2985 1344 te
3006 1290 3061 1343 in
3089 1288 3252 1345 Deum
3276 1288 3486 1347 Patrem

1909 1376 2331 1445 omnipotentem,
2367 1378 2691 1447 inuisibilem,
2720 1380 3070 1447 immortalem,
3102 1399 3203 1437 non
3230 1382 3291 1436 ab
3320 1384 3490 1455 aliqua

1905 1468 2147 1538 genitum,
2170 1479 2217 1523 et
2242 1486 2304 1525 ea:
2320 1487 2416 1542 quo
2436 1482 2553 1525 sunt
2578 1473 2765 1526 omnia.
2793 1473 2859 1528 Et
2876 1475 2931 1527 in
2958 1473 3149 1529 Filium
3176 1477 3284 1547 ejus
3309 1475 3489 1532 Iesum

1908 1556 2183 1626 Christum,
2204 1559 2370 1615 Deum
2395 1573 2567 1616 natum
2589 1573 2704 1617 ante
2722 1564 2928 1631 saecula,
2946 1582 3035 1636 per
3052 1582 3195 1635 quem
3216 1571 3350 1637 facta
3373 1577 3488 1623 sunt

1906 1653 2097 1709 omnia.
2122 1652 2187 1707 Et
2212 1654 2266 1708 in
2287 1654 2535 1724 Spiritum
2559 1666 2807 1711 sanctum.
2831 1659 2956 1714 llaec
2977 1659 3110 1715 ﬁdes
3135 1676 3239 1717 non
3267 1671 3349 1717 est
3376 1672 3484 1733 tua,

1905 1740 1999 1797 sed
2029 1744 2300 1814 utriusque
2327 1755 2597 1813 nostrum;
2628 1748 3073 1818 quemadmodum
3103 1752 3148 1805 si
3173 1752 3489 1824 adjungeres

1904 1834 2044 1903 quod
2065 1836 2308 1891 eumdem
2335 1836 2524 1893 Filium
2546 1839 2638 1894 Dei
2659 1838 2836 1895 Jesum
2859 1840 3125 1897 Christum
3150 1844 3308 1898 etiam
3329 1844 3489 1902 Maria

1904 1925 2052 1995 virgo
2082 1928 2324 1996 peperit,
2354 1929 2495 1999 quod
2534 1932 2732 2000 pariter
2760 1932 3048 1997 credimus,
3082 1941 3137 1989 et
3163 1934 3209 1988 si
3252 1950 3355 2004 qua
3384 1936 3488 1992 alia

1905 2019 2257 2072 communiter
2273 2018 2607 2074 confitemur.
2628 2022 2954 2078 Sivoluisses
2967 2038 3095 2092 ergo
3116 2032 3257 2079 tuam
3281 2024 3484 2093 dicere,

1905 2122 2009 2162 non
2041 2108 2195 2163 istam
2225 2110 2432 2165 diceres
2456 2126 2573 2181 quae
2597 2113 2892 2167 communis
2915 2121 2998 2169 est
3018 2113 3191 2180 nobis,
3221 2114 3316 2171 sed
3340 2114 3487 2171 llam

1903 2200 2079 2267 potius
2104 2200 2157 2254 in
2184 2217 2286 2271 qua
2315 2200 2655 2259 dissentimus
2683 2219 2714 2259 a
2740 2204 2908 2259 vobis.

1973 2291 2029 2344 2.
2056 2291 2182 2347 Haec
2201 2301 2255 2348 et
2281 2308 2514 2362 praesens
2537 2295 2791 2362 dicerem,
2824 2297 2872 2352 si
2901 2296 3346 2368 quemadmodum
3372 2298 3486 2370 pla-

1903 2390 2106 2447 cuerat,
2140 2382 2299 2437 verba
2340 2394 2519 2439 nostra
2545 2386 2939 2457 exciperentur.
2967 2386 3072 2443 Sed
3097 2390 3219 2458 quia
3246 2389 3347 2445 hoc
3385 2404 3485 2445 no-

1905 2472 2070 2541 luisti,
2098 2462 2283 2529 dicens
2309 2485 2363 2531 te
2390 2491 2422 2531 a
2450 2477 2605 2532 nobis
2644 2477 2831 2534 timere
2858 2479 3197 2547 calumniam,
3230 2490 3283 2536 et
3311 2496 3341 2535 a
3368 2482 3484 2551 pla-

1904 2563 2010 2618 cito
2038 2564 2122 2619 cui
2144 2580 2300 2621 mane
2323 2581 2693 2635 consenseras,
2731 2580 2844 2640 post
2875 2570 3155 2640 prandium
3182 2573 3449 2628 recessisti
3468 2591 3494 2641 ;.

1906 2656 2088 2726 utquid
2131 2657 2360 2713 dicerem
2405 2659 2567 2730 quod,
2597 2661 3041 2730 quemadmodum
3081 2662 3262 2730 velles,
3293 2679 3380 2719 me
3407 2664 3489 2720 di-

1904 2749 2049 2805 xisse
2069 2765 2339 2819 narrares,
2364 2760 2419 2807 et
2447 2768 2546 2824 ego
2574 2767 2679 2809 non
2709 2753 2958 2810 haberem
2988 2755 3126 2810 unde
3150 2757 3489 2814 ostenderem

1905 2842 2031 2912 quid
2073 2843 2154 2897 vel
2183 2844 2631 2912 quemadmodum
2675 2844 2941 2901 dixerim?
2964 2845 3084 2902 Noli
3113 2862 3239 2918 ergo
3270 2848 3487 2906 ulterius

1900 2933 2104 3004 jactare
2137 2935 2277 3005 quod
2303 2944 2359 2990 tu
2386 2936 2544 2991 iidem
2570 2944 2710 2991 tuam
2737 2937 2958 3005 dixeris,
2984 2946 3038 2992 et
3060 2952 3159 3009 ego
3181 2953 3354 2994 meam
3380 2955 3488 2996 non

1905 3024 2129 3080 dixerim
2154 3044 2167 3092 ;
2210 3028 2332 3097 quia
2361 3037 2483 3083 sunt
2511 3029 2755 3085 homines
2782 3030 2871 3100 qui
2900 3030 3237 3088 considerent
3272 3047 3359 3088 me
3387 3047 3487 3106 po-

1907 3118 2012 3172 tius
2040 3118 2288 3175 habuisse
2324 3119 2572 3177 ﬁduciam
2600 3122 2721 3178 ﬁdei
2763 3138 2915 3191 meae,
2944 3124 3034 3195 qui
3063 3139 3182 3181 eam
3210 3126 3369 3181 scribi
3394 3141 3490 3181 vo-

1905 3210 2126 3274 luerim;
2152 3220 2205 3266 te
2225 3222 2401 3268 autem
2428 3228 2535 3269 non
2563 3214 2833 3283 habuisse,
2854 3216 2979 3271 dum
3001 3218 3150 3288 quasi
3168 3216 3491 3275 calumniam

1905 3300 2259 3369 pertimescis.
2289 3302 2510 3358 Paratus
2547 3319 2674 3375 ergo
2698 3320 2818 3360 eras
2846 3321 3061 3378 negare,
3089 3307 3133 3362 si
3174 3306 3268 3363 tibi
3294 3308 3493 3379 obiice-

1904 3401 2052 3447 retur
2079 3395 2219 3464 quod
2258 3404 2440 3450 contra
2472 3396 2631 3452 ﬁdem
2660 3414 2833 3454 meam
2876 3399 3071 3472 aliquid
3107 3399 3326 3458 dixeris.
3357 3401 3493 3461 Vide

1904 3480 2033 3555 e'rgo
2057 3486 2184 3556 quid
2205 3486 2272 3543 de
2300 3496 2353 3543 te
2379 3489 2492 3559 ipse
2520 3491 2707 3546 sentiri
2735 3490 2947 3548 feceris.
2974 3492 3127 3560 Quod
3152 3494 3196 3549 si
3225 3493 3491 3565 obiectum

1905 3590 2014 3630 non
2044 3592 2167 3632 eras
2192 3591 2511 3649 negaturus,
2540 3596 2637 3637 cur
2670 3581 2868 3638 dictum
2895 3583 3055 3639 scribi
3080 3583 3327 3649 noluisti;
3354 3600 3493 3655 pne-

1904 3670 2087 3723 sertim
2119 3684 2238 3724 cum
2267 3685 2587 3743 magnopere
2629 3673 2888 3731 voluisses
2915 3674 3075 3730 etiam
3099 3675 3388 3734 honoratos
3414 3677 3492 3733 vi-

1906 3773 1995 3814 ros
2018 3769 2201 3815 nostro
2229 3761 2489 3819 interesse
2510 3766 2776 3820 sermoni?
2801 3764 2909 3822 Cur
2936 3780 3064 3837 ergo
3086 3766 3271 3824 volens
3292 3768 3492 3826 calum-

1904 3851 2049 3906 niam
2078 3853 2337 3921 devitare,
2371 3858 2699 3913 notariorum
2728 3858 2908 3913 stilum
2948 3859 3170 3915 timebas
3188 3901 3204 3927 ,
3231 3869 3287 3917 et
3308 3860 3494 3925 claris-

1903 3944 2160 3998 simorum
2193 3948 2427 4002 virorum
2455 3951 2812 4006 testimonium
2833 3967 2938 4007 non
2969 3953 3228 4010 timebas?

1975 4034 2028 4086 5.
2052 4033 2106 4088 Si
2129 4044 2305 4089 autem
2331 4038 2409 4091 sic
2432 4038 2512 4091 vis
2530 4047 2589 4092 ut
2606 4041 2763 4094 etiam
2788 4056 2886 4110 ego
2903 4041 3076 4097 dicam
3103 4043 3262 4098 fidem
3292 4060 3487 4113 meam,

1904 4123 2173 4193 quomodo
2218 4132 2271 4179 te
2312 4125 2446 4181 dicis
2489 4127 2689 4183 dixisse
2733 4139 2895 4196 tuam,
2936 4146 3036 4202 ego
3078 4133 3235 4187 etiam
3278 4133 3491 4191 brevius

1903 4231 2117 4287 possum
2148 4216 2347 4285 dicere,
2368 4218 2587 4276 credere
2608 4236 2694 4276 me
2716 4222 2767 4276 in
2799 4222 3007 4277 Patrem
3025 4233 3078 4278 et
3095 4223 3285 4279 Filium
3303 4234 3356 4279 et
3370 4225 3490 4297 Spi-

1901 4308 2063 4363 ritum
2080 4319 2341 4364 sanctum.
2357 4310 2412 4366 Si
2433 4320 2608 4367 autem
2628 4314 2897 4383 proprium
2914 4314 3110 4385 aliquid
3128 4316 3267 4371 unde
3281 4316 3489 4374 dissen-

1902 4398 1969 4454 tis
1997 4414 2027 4453 a
2054 4415 2161 4464 me,
2186 4402 2263 4455 vis
2288 4401 2675 4459 audirezcredo
2702 4404 2754 4459 in
2777 4404 2988 4461 Patrem
3012 4414 3066 4462 et
3084 4406 3273 4465 Filium
3286 4417 3341 4464 et
3365 4409 3487 4481 Spi-

1900 4489 2060 4545 ritum
2085 4502 2347 4559 sanctum,
2366 4508 2462 4549 nec
2475 4494 2666 4549 Filium
2693 4496 2875 4553 dicens
2894 4497 3126 4565 Patrem,
3149 4515 3248 4556 nec
3273 4500 3485 4559 Patrem

1899 4580 2114 4649 Filium,
2137 4597 2233 4636 nec
2254 4583 2525 4655 utriusque
2540 4585 2794 4656 Spiritum
2815 4597 3054 4645 sanctmn
3074 4590 3155 4645 vel
3171 4590 3381 4645 Patrem
3403 4594 3487 4649 vel

1898 4671 2116 4738 Filium;
2132 4682 2363 4731 ettamen
2379 4676 2586 4732 Patrem
2602 4679 2848 4745 Deum,et
2863 4679 3055 4736 Filium
3070 4681 3487 4753 Deum,etSpiri-

1900 4772 2007 4817 tum
2043 4773 2283 4819 sanctum
2323 4766 2522 4834 Deum,
2555 4770 2724 4824 solum
2760 4779 3014 4826 aeternum
3045 4782 3097 4827 et
3132 4773 3483 4835 immortalem

1896 4857 2110 4927 prepria
2138 4872 2232 4913 sua
2263 4858 2581 4927 substantia,
2610 4863 2745 4917 sicut
2764 4864 2903 4918 Deus
2926 4865 3072 4920 solus
3097 4876 3150 4921 et
3177 4875 3408 4925 aeternus
3432 4881 3485 4928 et

1898 4949 2211 5005 immortalis
2237 4960 2338 5015 est,
2362 4968 2424 5007 ea
2448 4952 2721 5011 divinitate
2740 4972 2859 5026 quae
2883 4966 2964 5012 est
2990 4965 3113 5014 ante
3134 4961 3346 5015 saecula.
3372 4963 3484 5020 Hoc

1898 5042 1942 5098 si
1967 5043 2059 5097 tibi
2089 5043 2353 5113 displicet,
2377 5055 2431 5102 et
2455 5047 2629 5117 placet
2656 5065 2685 5103 a
2711 5065 2797 5104 me
2825 5050 3011 5108 audire
3037 5054 3479 5123 quemadmodum

1897 5132 1965 5188 de
1988 5132 2277 5209 Scripturis
2311 5139 2508 5193 sanctis
2534 5150 2825 5205 asseratur,
2856 5142 2970 5213 lege
2996 5144 3157 5200 etiam
3183 5146 3311 5201 illud
3336 5147 3478 5218 quod

1898 5225 2156 5295 prolixius
2180 5229 2537 5299 conscriptum
2563 5231 2683 5286 misi
2722 5232 3036 5303 Benignitati
3063 5246 3185 5291 tum.
3214 5237 3270 5293 Si
3300 5250 3477 5297 autem

1898 5315 2029 5371 illud
2073 5317 2165 5373 tibi
2214 5333 2316 5373 non
2366 5328 2517 5375 vacat
2559 5321 2774 5391 legere,
2807 5341 2905 5381 nec
2938 5326 3068 5381 mihi
3095 5337 3246 5384 vacat
3284 5330 3477 5386 frustra

1896 5405 2056 5461 verba
2076 5406 2297 5476 jactare.
2326 5408 2543 5465 Possum
2574 5420 2771 5480 tamen,
2803 5425 3056 5485 quantum
3102 5418 3353 5474 Dominus
3378 5419 3476 5476 de-

1896 5496 2035 5553 derit
2076 5496 2372 5567 facultatis,
2416 5502 2502 5557 vel
2547 5502 2766 5560 dietanti
2813 5507 2905 5562 tibi
2964 5507 3050 5563 vel
3088 5508 3339 5566 scribenti
3377 5526 3477 5581 ego

1897 5606 2107 5660 quoque
2149 5592 2232 5647 vel
2261 5592 2512 5650 dictando
2546 5596 2631 5651 vel
2658 5597 2940 5655 scribendo
2964 5598 3030 5655 ad
3065 5600 3207 5671 quod
3245 5601 3476 5661 volueris

1894 5682 2238 5751 respondere.
2272 5683 2405 5739 Huic
2441 5687 2720 5756 scripturae
2752 5704 2783 5745 a
2813 5705 2898 5747 me
2933 5690 3144 5749 dictata:
3171 5701 3227 5751 et
3266 5698 3477 5756 relectar

1893 5790 1991 5848 ego
2016 5776 2341 5848 Augustinus
2368 5778 2676 5853 subscripsi.
