4024 6366
632 435 772 497 1055

698 569 985 627 aggressus,
1020 551 1279 607 videbatur
1306 549 1566 606 sollicitari
1594 568 1684 623 per
1703 559 1935 607 satoriam
1968 552 2039 605 ad
2063 566 2209 618 repe-

702 647 852 703 tenda
891 662 1005 718 qua
1040 645 1328 716 reliquerat.
1369 646 1525 703 Hunc
1564 647 1785 715 animat,
1827 654 1884 700 ut
1920 645 2215 715 contemptis

698 747 1023 811 cognatorum
1047 739 1313 809 affectibus
1337 743 1535 817 fortiter
1555 750 1749 814 pergat.

628 828 856 888 Domino
876 830 1219 888 dilectissimo
1256 843 1312 890 et
1337 832 1826 891 desiderantissimo
1851 831 2000 887 fratri
2020 830 2207 899 lauro,

864 925 1222 988 Ausus'rtuus,
1255 925 1311 981 in
1350 925 1577 981 Domino
1614 926 1838 981 salutem
1872 923 1970 995 (a).

699 1016 753 1070 ι.
792 1014 921 1087 Legi
942 1016 1222 1087 epistolam
1247 1033 1406 1089 quam
1428 1018 1617 1074 misisti
1646 1016 1919 1083 fratribus,
1945 1016 2211 1073 consolari

626 1116 684 1165 te
718 1109 939 1179 cupiens
984 1110 1127 1181 quod
1179 1111 1362 1168 multis
1408 1112 1787 1168 tentationibus
1834 1122 1921 1165 tua
1970 1110 2211 1165 tirocinia

625 1200 961 1271 quatiantur;
991 1202 1045 1257 in
1070 1218 1176 1274 qua
1195 1204 1354 1260 etiam
1374 1204 1651 1261 insinuasti
1674 1203 1979 1260 desiderare
1998 1212 2052 1259 te
2072 1203 2213 1258 litte-

626 1306 715 1347 ras
755 1308 923 1349 meas.
944 1292 1227 1364 Condolui,
1258 1296 1442 1364 frater,
1472 1306 1528 1354 et
1570 1312 1784 1354 cessare
1822 1297 1892 1353 ab
1930 1297 2212 1353 scribendo

627 1401 736 1442 non
762 1388 929 1458 potui,
962 1404 1031 1445 ne
1056 1404 1166 1446 non
1192 1391 1363 1447 solum
1406 1400 1517 1459 tuo,
1545 1391 1639 1448 sed
1668 1392 1829 1446 etiam
1856 1405 1978 1446 meo
2003 1390 2212 1447 deside-

624 1478 707 1534 rio
733 1494 981 1551 negarem
1023 1482 1167 1552 quod
1197 1498 1283 1539 me
1324 1483 1569 1539 videbam
1599 1483 1776 1540 oflicio
1815 1483 2012 1540 debere
2036 1484 2211 1540 chari-

627 1573 768 1629 tatis.
806 1573 864 1630 Si
888 1581 942 1630 te
964 1575 1125 1646 igitur
1149 1577 1379 1632 tironem
1401 1576 1598 1633 Chriin
1628 1577 1913 1648 profiteris,
1939 1585 2110 1633 castra
2142 1593 2211 1633 ne

625 1664 879 1730 deseras;
921 1668 974 1721 in
1016 1668 1208 1737 quibus
1250 1668 1342 1724 tibi
1389 1669 1551 1724 etiam
1590 1668 1896 1724 aediﬁcanda
1941 1668 2102 1723 turris
2130 1677 2213 1723 est

626 1754 739 1821 illa,
783 1755 852 1811 de
888 1770 989 1826 qua
1037 1756 1091 1811 in
1136 1756 1424 1828 Evangelio
1464 1758 1719 1814 Dominus
1760 1758 2010 1829 loquitur.
2062 1758 2117 1813 In
2145 1773 2209 1814 ea

626 1847 820 1918 quippe
846 1856 1098 1916 stantem,
1142 1858 1197 1905 et
1230 1850 1332 1905 sub
1358 1850 1523 1905 armis
1548 1851 1695 1906 verbi
1728 1851 1821 1906 Dei
1859 1850 2205 1919 militantem,

626 1938 770 1993 nulla
798 1954 864 1994 ex
888 1950 1038 2010 parte
1058 1950 1335 2011 penetrare
1363 1942 1483 1997 ulla:
1504 1943 1821 2000 tcntationes
1839 1944 2017 2000 valent
2046 1963 2060 1999 :
2088 1944 2209 2001 inde

625 2039 681 2087 et
701 2032 843 2102 iacta
868 2033 921 2088 in
962 2033 1327 2091 adversarium
1367 2034 1470 2091 tela
1498 2035 1645 2105 gravi
1675 2035 1908 2105 pondere
1952 2037 2167 2091 veniunt
2190 2076 2205 2102 ,

624 2133 681 2181 et
724 2134 1001 2196 prospecta
1042 2126 1195 2183 timo
1223 2128 1515 2184 munimine
1550 2128 1871 2184 devitantur.
1920 2127 2210 2189 Considera

625 2215 786 2271 etiam
828 2216 1109 2273 Dominum
1153 2226 1395 2274 nostrum
1435 2218 1618 2275 Jesum
1658 2218 1949 2285 Christum,
1980 2236 2101 2276 cum
2141 2223 2211 2277 sit

625 2326 719 2367 rex
749 2319 949 2379 noster,
979 2319 1155 2367 tamen
1183 2326 1245 2367 ca
1274 2312 1530 2368 societate
1567 2328 1670 2383 qua
1700 2314 1859 2369 etiam
1904 2314 2067 2370 frater
2090 2329 2211 2372 esse

624 2402 873 2473 dignatus
895 2411 997 2466 est,
1036 2416 1190 2473 reges
1215 2403 1510 2473 appellasse
1534 2404 1731 2461 milites
1759 2420 1905 2473 suos,
1941 2415 1995 2462 et
2023 2424 2212 2463 unum-

624 2509 891 2566 quemque
930 2494 998 2549 ad
1042 2493 1345 2550 bellandum
1374 2510 1495 2551 cum
1539 2511 1665 2567 rege
1707 2498 1794 2568 qui
1824 2498 1983 2555 habet
2026 2501 2210 2571 viginti

625 2585 815 2652 millia,
845 2586 1195 2642 instructions
1220 2585 1405 2642 decem
1446 2587 1671 2643 millium
1693 2587 1940 2646 idoneum
1966 2606 2085 2647 esse
2108 2592 2209 2648 de-

626 2676 754 2732 bere
780 2678 1114 2747 pratmonuit.

694 2766 750 2822 2.
788 2766 895 2824 Sed
933 2768 1092 2838 paulo
1111 2777 1396 2841 antequam
1422 2770 1491 2827 de
1519 2781 1664 2828 turre
1690 2782 1744 2829 et
1770 2774 1836 2830 de
1861 2790 1985 2846 rege
2013 2777 2210 2833 exhor-

625 2859 846 2917 tatorias
869 2858 1248 2917 similitudines
1284 2873 1639 2933 praeponeret,
1668 2866 1881 2922 attende
1905 2866 2031 2938 quid
2057 2868 2209 2923 dixe-

624 2955 695 3011 rit
721 2971 736 3010 :
770 2954 831 3011 Si
866 2954 978 3026 quis
1001 2957 1132 3010 venit
1169 2955 1238 3009 ad
1263 2972 1358 3021 me,
1387 2965 1434 3012 et
1472 2974 1573 3011 non
1598 2959 1703 3012 odit
1733 2969 1925 3029 patrem
1957 2977 2124 3027 suum,
2165 2972 2212 3018 et

623 3054 853 3113 matrem,
901 3056 949 3100 et
983 3063 1209 3113 uxorem,
1259 3056 1305 3101 et
1349 3048 1510 3118 ﬁlios,
1556 3058 1603 3103 et
1629 3049 1839 3120 fratres,
1883 3060 1931 3105 et
1975 3068 2170 3109 sorores
2190 3096 2208 3123 ,

625 3136 791 3191 adhuc
814 3146 862 3193 et
888 3139 1110 3193 animam
1146 3156 1307 3205 suam,
1351 3157 1451 3195 non
1479 3150 1638 3211 potest
1673 3158 1813 3197 meus
1849 3159 1955 3198 esse
1980 3144 2208 3217 discipu-

627 3228 725 3282 lus.
761 3227 826 3282 Et
850 3229 893 3283 si
919 3246 1020 3285 non
1059 3231 1230 3285 tulerit
1271 3248 1471 3288 crucem
1499 3250 1643 3289 suam
1666 3242 1713 3287 et
1748 3236 1936 3290 venerit
1974 3246 2087 3307 post
2110 3254 2207 3305 me,

625 3337 727 3376 non
747 3330 908 3391 potest
924 3338 1066 3378 meus
1089 3340 1195 3379 esse
1209 3325 1505 3396 discipulus.
1543 3327 1740 3382 Deinde
1764 3328 2062 3399 subiungit:
2084 3331 2211 3398 Quis

624 3429 691 3469 ea:
716 3414 853 3468 vobis
892 3415 1060 3471 volens
1105 3416 1286 3470 turrim
1325 3416 1598 3486 (edi/icore,
1627 3433 1728 3473 non
1757 3419 1918 3488 primo
1959 3422 2116 3488 sedet,
2163 3431 2210 3477 et

625 3514 877 3576 computat
918 3506 961 3559 si
1006 3515 1233 3579 sumptus
1277 3507 1424 3563 habet
1464 3507 1533 3561 ad
1571 3511 2067 3577 consummationem,
2118 3530 2209 3569 ne-

624 3596 848 3665 quando,
891 3611 1008 3651 cum
1034 3598 1254 3666 posuerit
1284 3598 1687 3669 fundamentum,
1719 3617 1821 3655 non
1848 3604 2004 3673 possit
2046 3605 2210 3674 aediﬁ-

623 3703 779 3753 care;
808 3697 856 3742 et
882 3704 1051 3745 omnes
1074 3690 1161 3760 qui
1183 3699 1440 3745 transeunt
1467 3701 1515 3745 et
1534 3692 1725 3760 vident,
1746 3694 1993 3764 incipiant
2020 3696 2203 3764 dicere,

612 3776 731 3831 -Hic
755 3778 905 3830 homo
927 3778 1072 3847 capit
1095 3778 1368 3847 aedificare,
1394 3790 1442 3835 et
1469 3796 1571 3835 non
1607 3783 1768 3853 potuit
1796 3785 2037 3854 per/icere
2055 3788 2080 3840 ?
2107 3788 2210 3843 Aut

625 3868 738 3940 quis
776 3882 869 3922 rea:
895 3868 1079 3922 vadens
1105 3870 1413 3925 committere
1449 3871 1636 3926 bellum
1661 3889 1775 3927 cum
1810 3875 1914 3928 alio
1944 3892 2077 3948 rege,
2107 3895 2208 3933 non

626 3962 846 4032 primum
869 3962 1026 4029 sedet,
1056 3970 1104 4015 et
1127 3964 1313 4033 cogitat
1336 3964 1381 4019 si
1409 3973 1585 4035 potens
1613 3975 1682 4021 est
1704 3983 1819 4021 cum
1846 3969 2015 4024 decem
2054 3971 2211 4026 milli-

624 4053 716 4109 bus
733 4053 781 4108 ei
798 4068 1076 4117 occurrere,
1099 4055 1186 4125 qui
1206 4070 1320 4108 cum
1343 4056 1517 4126 uiginti
1541 4057 1761 4112 millibus
1780 4059 1912 4113 venit
1938 4060 2007 4113 ad
2024 4061 2170 4116 illum
2182 4064 2208 4117 ?

624 4144 869 4201 Craterum
906 4145 1030 4200 dum
1054 4146 1223 4201 adhuc
1259 4147 1407 4218 longe
1443 4157 1536 4216 est,
1571 4150 1719 4204 mittit
1758 4151 2077 4223 legationem,
2116 4171 2206 4210 ro-

622 4253 749 4307 gans
774 4253 965 4307 pacem.
1006 4237 1127 4306 Quo
1153 4248 1330 4295 autem
1372 4242 1699 4310 pertinerent
1743 4243 1858 4299 istae
1902 4246 2205 4303 similitudi-

624 4342 739 4392 nes,
790 4329 901 4398 ipsa
943 4330 1286 4387 conclusione
1329 4333 1460 4389 satis
1505 4336 1712 4405 aperuit
1744 4355 1758 4391 :
1786 4339 1859 4392 ait
1893 4339 2067 4404 enim,
2115 4339 2206 4395 Sic

620 4436 741 4492 ergo
764 4422 927 4475 omnis
955 4437 1018 4475 ea:
1035 4423 1171 4478 vobis
1187 4426 1275 4494 qui
1302 4441 1402 4480 non
1429 4428 1686 4481 renuntiat
1708 4430 1937 4484 omnibus
1956 4448 2069 4502 quo:
2087 4442 2203 4487 sunt

620 4513 764 4584 ejus,
813 4528 914 4567 non
972 4521 1134 4584 potest
1187 4531 1327 4571 meus
1384 4534 1491 4572 esse
1540 4518 1817 4587 discipulus
1863 4520 2026 4591 (Luc.
2072 4539 2200 4591 xlv,

618 4604 828 4676 26-53).

694 4698 747 4753 3.
788 4697 969 4770 Itaque
1009 4709 1064 4757 et
1106 4710 1348 4773 sumptus
1389 4703 1455 4759 ad
1485 4704 1671 4761 turrim
1717 4706 2101 4777 aediﬁcandam,
2150 4720 2205 4768 et

620 4790 929 4848 bellantium
960 4795 978 4825 ⁸
1008 4793 1234 4851 valentia
1272 4795 1456 4853 decem
1494 4798 1715 4855 millium
1740 4800 1994 4859 adversus
2021 4819 2203 4875 regem

615 4884 705 4953 qui
732 4884 917 4955 viginti
947 4884 1120 4953 habet,
1160 4887 1291 4945 nihil
1339 4898 1421 4946 est
1447 4891 1590 4947 aliud
1618 4907 1777 4964 quam
1824 4903 1884 4950 ut
1929 4897 2204 4955 renuntiet

616 4976 979 5047 unusquisque
1001 4978 1248 5035 omnibus
1274 4996 1393 5053 qua:
1436 4992 1563 5039 sunt
1589 4985 1725 5054 ejus.
1771 4986 2084 5044 Praalocutio
2106 5005 2201 5045 au-

617 5074 726 5121 tem
751 5068 997 5139 superior
1021 5085 1143 5126 cum
1159 5071 1403 5129 'extrema
1423 5076 1764 5134 conclusione
1791 5080 2095 5137 concordat.
2143 5082 2198 5138 In

614 5172 681 5215 eo
721 5158 865 5215 enim
893 5161 1033 5227 quod
1077 5165 1440 5236 unusquisque
1485 5168 1753 5224 renuntiat
1792 5172 2036 5228 omnibus
2081 5189 2198 5244 qum

612 5258 741 5306 sunt
765 5250 904 5321 ejus,
952 5251 1112 5307 etiam
1158 5253 1284 5310 illud
1327 5258 1647 5326 continetur,
1678 5270 1737 5316 ut
1779 5261 1952 5317 oderit
1993 5273 2197 5333 patrem

613 5356 792 5409 suum,
822 5350 879 5399 et
903 5350 1151 5409 matrem,
1180 5353 1235 5401 et
1269 5362 1508 5416 uxorem,
1554 5359 1609 5406 et
1638 5350 1791 5419 filios,
1827 5361 1881 5408 et
1906 5352 2116 5419 fratres,
2145 5366 2200 5413 et

611 5448 847 5503 sorores,
873 5433 1047 5491 adhuc
1064 5436 1357 5493 etanimam
1374 5453 1545 5496 suam.
1577 5442 1765 5498 Omnia
1790 5444 1929 5500 enim
1947 5443 2059 5502 haec
2072 5463 2197 5518 pro-

675 5574 692 5605 ι
718 5580 823 5622 Mss.
847 5571 1018 5637 plures
1036 5575 1278 5635 omittunt,
1301 5574 1591 5630 bellantium.

673 5656 747 5726 (ρ)
766 5662 959 5726 Erasmo
979 5660 1136 5726 visum
1157 5666 1234 5709 est
1251 5659 1373 5711 hanc
1393 5660 1649 5726 Epistolam
1673 5662 1927 5726 plurimum
1948 5666 2197 5718 dissonare

609 5729 640 5765 ι
663 5718 821 5779 phrasi
845 5720 1110 5782 Augtmini,
1327 5736 1357 5773 e
1379 5718 1571 5775 Paulino
1592 5718 1915 5779 tribuendam.
1938 5729 2020 5777 Cui
2041 5728 2198 5779 refra-

610 5785 787 5849 gaptur
802 5781 1124 5849 t_nvanienses
1616 5800 1726 5849 cum
1749 5790 1984 5841 Possidius
2002 5791 2056 5840 in
2077 5792 2198 5841 indi-

610 5790 787 5888 guapgu;
802 5790 1124 5888 tpvamenses
1138 5790 1396 5849 Thcologi;
1413 5790 1593 5895 quippe
1616 5800 1726 5837 cum
1749 5790 1984 5841 Possidius
2002 5791 2056 5840 in
2075 5792 2197 5864 indi-

614 5905 642 5915 η
686 5873 741 5915 Α.)
764 5848 1313 5915 ἔξω
1333 5847 1491 5915 ἔρξειιο
1509 5860 1587 5897 θοι
1606 5846 1793 5915 φησιν
1816 5864 2022 5915 eamque
2044 5862 2197 5904 οιωηε

612 5898 741 5947 Beda
764 5897 995 5964 \‘ulgatus
1013 5902 1060 5950 in
1082 5909 1098 5952 l
1116 5902 1175 5951 ad
1190 5906 1310 5955 Tim.
1331 5897 1386 5971 5;
1424 5897 1803 5970 Augustinich
1823 5897 2068 5975 legatiab:

1845 436 1903 494 S.
1943 429 2310 493 AUGUSTINI
2344 431 2648 493 EPISCOPI

2322 550 2436 621 pria
2460 551 2577 622 eius
2600 561 2743 619 sunt,
2766 567 2887 623 qua:
2912 553 3222 628 plerumque
3244 556 3510 629 implicant
3526 571 3581 619 et
3596 564 3849 638 impediunt

2320 642 2385 697 ad
2403 644 2711 714 obtinenda,
2739 661 2844 702 non
2868 647 2966 703 ista
2989 650 3199 721 propria
3215 654 3566 722 temporaliter
3583 663 3845 733 transitura,

2320 733 2415 789 sed
2446 735 2501 789 in
2528 744 2785 792 aeternum
2828 753 3076 795 mansura
3102 742 3417 798 communia.
3470 745 3585 815 Quo
3622 750 3749 807 enim
3772 756 3847 813 tibi

2318 842 2459 883 nunc
2485 830 2729 899 quaedam
2763 830 2957 886 mulier
2980 841 3149 889 mater
3170 842 3272 899 est,
3302 833 3398 890 hoc
3427 836 3543 907 ipso
3567 840 3732 910 utique
3754 860 3840 902 non

2318 929 2398 976 est
2427 929 2483 976 et
2518 921 2666 977 mihi.
2711 921 3044 995 Quapropter
3085 924 3187 981 hoc
3214 929 3504 998 temporale
3528 945 3590 986 ac
3628 936 3845 993 transito-

2318 1011 2455 1066 rium
2481 1023 2564 1068 est
2594 1030 2609 1068 :
2638 1014 2774 1070 sicut
2801 1015 3056 1072 transisse
3077 1016 3187 1088 iam
3216 1018 3362 1074 vides
3383 1022 3521 1091 quod
3553 1031 3603 1078 te
3624 1030 3845 1099 concepit,

2317 1106 2460 1175 quod
2488 1108 2714 1179 gestavit
2742 1116 2910 1175 utero,
2943 1110 3085 1180 quod
3122 1113 3349 1181 peperit,
3395 1115 3536 1185 quod
3564 1116 3689 1173 lacte
3710 1123 3845 1177 nutri-

2316 1197 2411 1251 vit.
2460 1196 2611 1265 Quod
2639 1207 2815 1255 autem
2860 1215 3013 1256 soror
3038 1202 3091 1256 in
3118 1201 3331 1259 Christo
3371 1215 3473 1271 est,
3502 1215 3557 1261 et
3583 1208 3669 1264 tibi
3701 1219 3770 1266 est
3804 1222 3848 1268 et

2316 1286 2466 1353 mihi,
2499 1298 2554 1343 et
2580 1290 2824 1347 omnibus
2852 1292 3045 1363 quibus
3078 1308 3180 1349 una
3227 1296 3459 1351 cmlestis
3501 1298 3775 1366 hereditas,
3799 1312 3841 1358 et

2320 1390 2467 1449 pater
2507 1382 2669 1448 Dens,
2701 1392 2756 1439 et
2798 1383 2963 1440 frater
3004 1384 3268 1454 Christus,
3296 1388 3349 1443 in
3396 1389 3580 1445 eadem
3618 1391 3845 1451 claritatis

2316 1472 2570 1528 societate
2615 1475 2960 1544 promittitur.
3009 1476 3135 1533 Haec
3179 1488 3378 1534 aeterna
3405 1490 3567 1547 sunt;
3594 1482 3697 1538 haec
3736 1484 3846 1541 nulla

2317 1566 2573 1635 temporis
2596 1568 2714 1623 labe
2740 1567 3087 1636 deteruntur;
3119 1570 3235 1627 haec
3260 1582 3409 1629 tanto
3439 1572 3637 1629 firmius
3657 1578 3842 1633 tenenda

2315 1667 2618 1726 sperantur,
2638 1668 2835 1729 quanto
2859 1662 3034 1717 minus
3054 1663 3283 1733 privato,
3310 1664 3405 1721 sed
3429 1668 3688 1723 communi
3709 1670 3845 1739 potius

2311 1746 2431 1816 jure
2453 1748 2737 1806 obtinenda
2766 1752 3139 1822 przedicantur.

2384 1840 2440 1895 4.
2472 1840 2631 1897 Potes
2652 1842 2754 1899 hoc
2773 1842 3023 1901 facillime
3044 1846 3096 1900 in
3118 1847 3229 1916 ipsa
3253 1856 3338 1903 tua
3365 1859 3536 1906 matre
3552 1864 3843 1923 cognoscere.

2313 1929 2446 1986 Nam
2476 1932 2617 1989 unde
2657 1945 2709 1989 te
2752 1951 2893 1991 nunc
2920 1938 3177 1992 irretitum
3209 1937 3453 2006 involvit,
3493 1950 3546 1995 et
3568 1942 3631 1995 ab
3653 1942 3845 1999 instituto

2314 2038 2473 2080 cursu
2512 2027 2835 2083 retardatum
2882 2029 3108 2086 reﬂectit
3130 2040 3184 2086 et
3205 2042 3415 2098 curvat,
3444 2033 3545 2088 nisi
3571 2049 3632 2089 ex
3666 2050 3753 2105 quo
3775 2045 3846 2091 tua

2315 2120 2528 2191 propria
2557 2130 2729 2177 mater
2755 2122 2878 2177 est?
2902 2122 3033 2179 Nam
3062 2138 3127 2179 ex
3171 2140 3277 2195 quo
3324 2140 3483 2181 soror
3509 2136 3588 2182 est
3620 2128 3841 2194 omnium,

2314 2212 2509 2284 quibus
2531 2221 2613 2269 est
2656 2224 2803 2284 pater
2829 2216 2968 2271 Deus
2995 2226 3048 2272 et
3078 2225 3248 2274 mater
3274 2218 3537 2285 Ecclesia,
3577 2228 3675 2275 tam
3701 2230 3744 2274 te
3764 2236 3844 2276 non

2316 2305 2555 2376 impedit,
2596 2322 2753 2377 quam
2795 2323 2965 2378 neque
3007 2324 3113 2376 me,
3154 2325 3329 2380 neque
3358 2325 3549 2367 omnes
3572 2309 3739 2367 fratres
3770 2327 3843 2367 no-

2316 2405 2479 2464 stros,
2514 2399 2602 2467 qui
2632 2413 2747 2453 eam
2777 2415 2881 2454 non
2912 2401 3134 2469 privata,
3162 2402 3297 2456 sicut
3328 2411 3386 2457 tu
3416 2404 3472 2457 in
3501 2402 3650 2458 domo
3673 2414 3844 2469 vestra,

2315 2487 2409 2541 sed
2439 2488 2648 2557 publica
2690 2489 2744 2542 in
2769 2489 2931 2545 domo
2958 2490 3049 2546 Dei
3098 2491 3361 2547 charitate
3410 2492 3682 2564 diligimus.
3729 2494 3845 2563 Quod

2315 2594 2443 2651 ergo
2474 2590 2527 2635 tu
2561 2581 2634 2635 illi
2667 2582 2827 2636 etiam
2846 2584 3045 2637 carnali
3074 2584 3471 2641 necessitudine
3492 2585 3775 2651 annecteris,
3795 2586 3843 2640 ad

2316 2680 2515 2729 sortem
2547 2673 2721 2729 valere
2746 2674 2908 2731 debet
2934 2676 3243 2731 familiarius
3280 2677 3636 2749 colloquendi,
3659 2688 3706 2733 et
3728 2693 3845 2747 aper-

2318 2764 2453 2821 tiore
2475 2764 2635 2835 ianua
2660 2766 2972 2822 consulendi
3000 2776 3056 2822 ut
3092 2767 3195 2823 hoc
3223 2770 3428 2839 ipsum,
3456 2785 3560 2841 quo
3582 2778 3632 2826 te
3653 2770 3846 2841 privatim

2316 2855 2505 2927 diligit,
2550 2858 2898 2915 interficiatur
2940 2860 2992 2915 in
3021 2875 3106 2927 ea,
3158 2876 3227 2917 ne
3267 2862 3425 2933 quod
3459 2878 3523 2918 ex
3552 2870 3690 2918 utero
3712 2877 3790 2918 suo
3811 2870 3847 2918 te

2316 2949 2517 3018 genuit,
2547 2949 2711 3019 pluris
2750 2951 2968 3022 pendat,
2998 2968 3157 3023 quam
3200 2954 3340 3023 quod
3368 2970 3449 3011 ex
3478 2964 3623 3012 utero
3647 2954 3846 3011 Ecclesia

2315 3040 2492 3109 genita
2517 3050 2600 3096 est
2626 3051 2821 3121 tecum.
2868 3042 3020 3111 Quod
3045 3054 3221 3099 autem
3247 3044 3315 3101 de
3356 3055 3538 3103 matre
3560 3046 3679 3112 dixi,
3700 3044 3849 3102 hocde

2317 3132 2407 3187 tali
2429 3142 2622 3189 cmtera
2649 3135 3038 3206 propinquitate
3059 3136 3470 3208 intelligendum
3493 3147 3589 3194 est.
3617 3138 3714 3193 iloc
3727 3138 3846 3193 etiam

2316 3226 2537 3296 quisque
2564 3226 2633 3281 de
2656 3229 2829 3282 anima
2859 3244 2955 3284 sua
2983 3230 3197 3300 cogitet,
3232 3239 3289 3285 ut
3316 3231 3494 3287 etiam
3519 3232 3572 3287 in
3596 3231 3697 3303 ipsa
3718 3230 3848 3301 priva-

2317 3328 2428 3375 tum
2450 3320 2698 3376 allectum
2723 3321 2914 3389 oderit,
2936 3323 3027 3394 qui
3051 3324 3234 3392 procul
3259 3323 3439 3381 dubio
3463 3324 3740 3396 temporalis
3759 3333 3845 3378 est:

2315 3414 2498 3486 diligat
2552 3424 2730 3471 autem
2777 3417 2833 3470 in
2884 3425 2944 3471 ea
2999 3419 3449 3475 communionem
3500 3420 3849 3488 societatemque

2314 3504 2457 3561 illam
2481 3548 2496 3573 ,
2543 3505 2610 3561 de
2636 3522 2739 3577 qua
2779 3506 2976 3562 dictum
3005 3517 3107 3574 est,
3140 3507 3269 3563 Erat
3308 3509 3434 3565 illis
3475 3511 3529 3564 in
3553 3507 3695 3563 Deum
3715 3508 3850 3561 cum

2314 3614 2418 3651 una
2442 3607 2489 3651 et
2526 3614 2613 3652 cor
2650 3615 2808 3652 unum
2848 3599 2984 3670 (Act.
3028 3615 3103 3667 tv,
3149 3599 3264 3671 32).
3303 3599 3399 3657 Sic
3438 3602 3578 3658 enim
3610 3600 3756 3656 anima
3781 3606 3850 3653 tua

2314 3708 2419 3749 non
2446 3702 2528 3748 est
2556 3694 2786 3763 propria,
2813 3694 2908 3749 sed
2932 3694 3170 3749 omnium
3197 3694 3470 3761 fratrum;
3500 3709 3699 3767 quorum
3719 3692 3848 3749 etiam

2314 3788 2504 3841 anima:
2533 3795 2636 3840 tute
2665 3796 2807 3853 sunt,
2855 3786 2937 3841 vel
2981 3787 3154 3857 potius
3190 3803 3432 3857 quorum
3458 3790 3637 3845 anima:
3658 3800 3762 3843 cum
3782 3793 3848 3839 tua

2314 3891 2419 3931 non
2444 3877 2656 3941 animae,
2684 3876 2777 3932 sed
2807 3878 2982 3931 anima
3012 3893 3113 3931 una
3139 3888 3241 3945 est,
3267 3877 3481 3936 Christi
3505 3881 3665 3943 unica,
3688 3873 3847 3949 quam

2313 3982 2473 4022 manu
2500 3969 2647 4024 canis
2666 3976 2974 4036 uteruatur,
2996 3979 3241 4025 cantatur
3260 3971 3311 4026 in
3338 3971 3575 4028 Psalmis
3597 3970 3745 4044 (Psal.
3762 3981 3843 4032 xu,

2311 4056 2374 4110 2|
2396 4056 2439 4129 ).
2482 4056 2608 4113 lude
2654 4058 2719 4112 ad
2762 4066 3123 4129 contemptum
3171 4060 3361 4115 mortis
3416 4062 3656 4119 facillime
3695 4073 3845 4131 perve-

2312 4150 2473 4206 nitur.

2382 4245 2436 4299 5.
2476 4244 2587 4300 Nec
2612 4256 2958 4301 succenseant
2982 4255 3233 4317 parentes
3260 4246 3366 4303 hoc
3400 4249 3675 4321 praecipere
3696 4244 3841 4301 Domi-

2312 4351 2437 4392 num
2480 4346 2539 4392 ut
2565 4351 2658 4391 eos
2698 4337 2987 4404 oderimus,
3031 4338 3245 4408 quando
3287 4340 3449 4398 nobis
3490 4342 3588 4397 hoc
3620 4337 3842 4396 desuima

2312 4440 2490 4486 nostra
2522 4432 2841 4501 praecipitur.
2870 4431 3001 4487 Nam
3031 4433 3167 4488 sicut
3192 4449 3335 4490 nunc
3360 4434 3433 4491 de
3460 4436 3627 4490 anima
3648 4432 3839 4504 iubetur,

2312 4532 2369 4577 ut
2393 4538 2509 4577 eam
2540 4533 2755 4593 propter
2780 4523 3047 4579 Christum
3088 4540 3209 4580 cum
3239 4528 3547 4596 parentibus
3581 4525 3837 4583 oderimus:

2309 4614 2381 4670 ita
2418 4615 2558 4686 quod
2588 4616 2690 4669 alio
2720 4616 2837 4671 loco
2862 4616 2928 4672 de
2969 4617 3142 4671 anima
3180 4617 3321 4673 idem
3366 4619 3620 4675 Dominus
3652 4616 3776 4679 dicit,
3800 4613 3839 4666 in

2309 4715 2555 4775 parentes
2599 4721 2807 4778 quoque
2851 4716 3026 4778 potest
3052 4710 3531 4779 congruentissime
3558 4707 3837 4765 convenire:

2313 4796 2410 4863 Qui
2438 4806 2594 4859 amat,
2624 4798 2812 4869 inquit,
2840 4801 3062 4854 animum
3080 4817 3243 4866 suam,
3272 4802 3448 4872 perdet
3465 4819 3574 4857 eam
3593 4800 3839 4871 (locum.

2306 4886 2421 4956 25).
2456 4888 2633 4943 Dicam
2662 4888 2819 4944 etiam
2851 4890 3074 4947 fidenter
3104 4909 3118 4946 :
3145 4891 3248 4961 Qui
3276 4902 3420 4949 amat
3448 4901 3683 4965 parentes
3707 4901 3838 4945 suos.

2305 4978 2494 5050 perdet
2512 4995 2623 5035 eos.
2654 4981 2729 5036 De
2748 4982 2921 5037 anima
2943 4984 3138 5055 quippe
3162 4985 3263 5041 hoc
3282 4986 3354 5042 ibi
3373 4984 3526 5053 dixit,
3547 4984 3712 5048 oderit,
3727 4977 3841 5051 quod

2306 5071 2414 5135 hic,
2438 5073 2626 5142 perdet.
2658 5074 2809 5130 Sicut
2827 5084 3003 5132 autem
3032 5078 3134 5132 hoc
3156 5088 3500 5150 praeceptum,
3526 5092 3627 5147 quo
3650 5072 3838 5144 perdere

2301 5163 2551 5235 iubemur
2576 5165 2807 5222 animam
2834 5178 3091 5237 nostram,
3118 5185 3224 5225 non
3250 5171 3318 5225 ad
3343 5170 3394 5225 id
3423 5170 3563 5225 valet
3579 5176 3633 5222 ut
3649 5163 3842 5234 sequis-

2305 5273 2411 5330 que
2437 5259 2727 5327 interimat,
2770 5262 2912 5331 quod
2957 5261 3273 5333 inexpiabile
3307 5262 3453 5319 nefas
3477 5271 3589 5327 est;
3619 5268 3669 5314 et
3692 5268 3840 5313 tamen

2304 5351 2444 5406 valet
2470 5360 2528 5407 ut
2570 5352 2840 5407 interimat
2884 5352 2937 5408 in
2973 5368 3033 5409 se
3058 5354 3322 5410 carnalem
3363 5353 3553 5409 anima:
3590 5350 3839 5407 adactum.

2303 5457 2413 5513 quo
2435 5457 2554 5498 cum
2596 5443 2978 5513 impedimento
3015 5444 3206 5501 futura:
3230 5447 3349 5502 viae
3385 5458 3617 5516 praesuta
3639 5442 3736 5497 vita
3764 5436 3842 5491 de-

2302 5535 2497 5601 lectat;
2529 5535 2630 5591 hoc
2658 5546 2742 5591 est
2763 5537 2907 5591 enim
2932 5537 3074 5608 quod
3111 5536 3309 5593 dictum
3334 5546 3434 5602 est,
3474 5536 3629 5591 oderit
3651 5532 3841 5587 uri-tn

2304 5645 2468 5694 suam,
2522 5636 2596 5695 et,
2643 5629 2816 5699 perdet
2864 5646 2977 5683 eam
3008 5645 3029 5684 :
3063 5630 3206 5701 quod
3252 5639 3423 5686 tamen
3467 5624 3723 5699 diligendo
3754 5620 3837 5685 ﬁt;

2304 5718 2731 5791 quandoquidem
2772 5721 3109 5790 apertissime
3150 5722 3371 5778 fructum
3414 5719 3651 5790 eiusdem
3676 5713 3840 5770 anime

2304 5810 2657 5881 acquirendae,
2683 5813 2737 5867 in
2760 5812 2951 5869 eodem
2976 5823 3242 5885 pracepto
3269 5818 3640 5871 commemorat
3661 5807 3837 5867 dicens.

2308 5902 2409 5968 Qui
2455 5902 2726 5973 perdiderit
2753 5920 2865 5959 eam
2899 5906 2953 5959 in
2992 5903 3089 5959 isto
3125 5906 3328 5972 seculo,
3364 5903 3418 5957 in
3456 5901 3606 5956 vitam
3630 5906 3838 5954 clerum
