4024 6372
152 365 271 431 105⁷

149 482 345 544 inania
367 466 523 535 eam:
544 474 618 531 ita
660 462 729 529 de
752 468 1064 543 parentibus
1101 463 1397 524 rectissime
1435 468 1626 524 dicitur
1653 477 1715 523 ut

150 576 231 648 qui
263 586 352 628 eos
394 574 559 633 amat,
607 562 797 635 perdat
834 575 967 625 eos;
1000 574 1103 615 non
1142 574 1291 615 more
1332 559 1718 630 parricidarum

151 664 470 725 interﬁciens,
516 657 614 714 sed
639 654 901 728 spirituali
941 651 1121 725 gladio
1148 651 1299 707 verbi
1327 650 1419 706 Dei
1448 651 1717 707 carnalem

152 757 376 813 allectum
397 766 607 817 eorum,
631 763 740 820 quo
757 756 813 804 et
831 747 1055 816 seipsos,
1077 753 1133 800 et
1150 759 1248 801 eos
1265 758 1402 814 quos
1422 752 1722 814 genuerunt

154 844 537 920 implicamentis
588 841 751 913 hujus
795 839 978 898 saeculi
1023 838 1259 909 obligare
1303 843 1583 901 conantur,
1634 836 1723 905 pie

154 939 460 1008 ﬁdenterque
482 934 791 1005 percutiens
816 942 869 988 et
895 930 1166 997 occidens,
1200 930 1327 985 illud
1357 929 1410 983 in
1432 930 1511 984 eis
1537 928 1721 984 vivere

154 1029 311 1092 faciat,
336 1041 442 1099 quo
466 1026 662 1082 fratres
703 1032 847 1089 sunt,
878 1037 983 1089 quo
1014 1037 1137 1077 cum
1165 1020 1287 1075 [iliis
1312 1019 1423 1075 suis
1450 1028 1720 1089 tempora-

152 1119 291 1184 libus,
334 1125 584 1188 parentes
629 1123 864 1172 aeternos
891 1112 1059 1169 Deum
1089 1111 1488 1181 Ecclesiamque
1524 1124 1723 1180 cogno-

154 1218 307 1265 scunt.

213 1299 261 1355 6.
301 1299 438 1355 Ecce
464 1298 607 1369 rapit
631 1306 685 1354 te
707 1295 939 1354 studium
967 1294 1228 1360 veritatis,
1256 1302 1311 1350 et
1333 1291 1721 1364 cognoscendae

153 1400 294 1462 atque
311 1390 666 1461 percipienda:
692 1389 976 1444 voluntatis
1002 1387 1098 1443 Dei
1122 1387 1176 1441 in
1190 1386 1478 1455 Scripturis
1498 1384 1718 1452 sanctis;

154 1483 274 1552 rapit
298 1482 619 1553 evangelica:
648 1479 1040 1552 praedicationis
1082 1478 1339 1534 ofﬁcium.
1386 1478 1481 1532 Dat
1513 1478 1724 1548 signum

154 1572 387 1629 Dominus
403 1582 460 1628 ut
478 1573 761 1644 vigilemus
780 1573 835 1627 in
857 1572 1067 1636 castris,
1093 1578 1151 1625 ut
1166 1568 1489 1625 adiﬁcemus
1511 1569 1721 1634 turrim,

154 1664 211 1719 de
235 1681 329 1735 qua
358 1666 566 1722 hostem
597 1666 943 1737 sempiterna:
967 1662 1089 1717 vitae
1113 1670 1169 1717 et
1196 1660 1499 1730 prospicere
1522 1669 1577 1713 et
1603 1674 1726 1730 pro-

154 1756 337 1827 pellere
362 1757 656 1813 valeamus.
698 1757 857 1827 Rapit
881 1754 1102 1810 militem
1126 1751 1323 1807 Christi
1347 1750 1470 1806 tuba
1492 1749 1726 1805 cmlestis

155 1848 211 1903 ad
236 1850 489 1918 praelium,
518 1861 575 1907 et
604 1850 801 1908 retinet
825 1858 998 1905 mater
1023 1847 1038 1901 ι
1067 1861 1172 1901 non
1198 1846 1354 1917 plane
1383 1844 1524 1910 talis,
1554 1842 1726 1915 qualis

152 1940 556 1999 Machabreorum
585 1944 706 2009 fuit,
735 1958 833 1998 nec
873 1942 1063 1997 saltem
1088 1938 1278 1995 similis
1306 1936 1725 1993 Lacedaemoniis

151 2034 409 2099 matribus,
434 2036 504 2091 de
520 2038 723 2109 quibus
746 2034 1018 2091 memoria:
1039 2030 1302 2103 proditum
1319 2038 1404 2086 est
1424 2029 1567 2100 quod
1589 2029 1728 2085 illios

152 2139 281 2195 suos,
325 2137 382 2182 ut
426 2144 523 2199 pro
564 2140 786 2186 terrena
836 2125 1006 2198 patria
1047 2122 1358 2194 sanguinem
1406 2121 1725 2188 funderent,

154 2217 306 2273 multo
344 2220 573 2290 amplius
622 2228 781 2291 atque
806 2216 1079 2273 ardentius
1107 2215 1161 2269 in
1185 2213 1476 2269 certamina
1504 2212 1691 2267 bellica
1710 2251 1728 2277 ,

155 2323 298 2378 quam
313 2312 594 2383 signorum
620 2313 826 2370 sonitus
838 2308 1161 2367 excitabant.
1191 2306 1327 2363 Nam
1346 2314 1517 2361 mater
1535 2321 1653 2376 quae
1678 2314 1730 2361 te

156 2402 215 2457 ad
232 2403 535 2463 discendam
566 2408 733 2463 vitam
755 2403 1017 2462 removeri
1040 2418 1070 2457 a
1098 2401 1241 2458 curis
1259 2399 1602 2456 saecularibus
1623 2413 1729 2455 non

158 2498 420 2566 permittit,
462 2502 601 2557 satis
638 2498 872 2557 ostendit
914 2493 1359 2569 quemadmodum
1405 2501 1475 2558 te,
1523 2492 1568 2547 si
1596 2506 1731 2561 opus

159 2598 305 2654 esset,
335 2592 404 2647 ad
432 2593 739 2651 obeundum
781 2598 1006 2648 mortem
1037 2588 1248 2661 penitus
1286 2586 1541 2642 saeculum
1576 2601 1732 2657 repu-

159 2679 292 2739 diare
320 2690 673 2756 permitteret.

223 2774 273 2829 7.
310 2774 416 2833 Sed
458 2779 592 2852 quid
614 2778 762 2844 dicit,
805 2785 896 2832 ant
921 2775 1045 2847 quid
1074 2774 1310 2848 allegat?
1352 2773 1512 2829 Forte
1547 2772 1731 2829 decem

163 2864 271 2923 illos
297 2884 514 2930 menses
554 2871 747 2944 quibus
772 2870 977 2926 viscera
1004 2868 1122 2940 ejus
1147 2868 1399 2934 onerasti,
1444 2876 1497 2922 et
1519 2866 1735 2923 dolores

162 2960 537 3031 parturitionis,
564 2978 629 3018 ac
668 2962 878 3018 labores
904 2959 1250 3016 educationis.
1282 2959 1415 3026 Hoc,
1447 2958 1549 3014 hoc
1573 2959 1737 3014 inter-

164 3046 253 3105 ﬁce
279 3054 444 3109 verbo
488 3054 750 3117 salutari;
794 3053 900 3109 hoc
937 3051 1101 3123 perde
1145 3052 1351 3114 matris,
1395 3060 1449 3104 ut
1478 3050 1531 3104 in
1573 3050 1735 3106 vitam

162 3149 407 3203 :eternnm
428 3148 671 3207 invenias
692 3161 832 3203 eam.
863 3144 977 3201 Hoc
1004 3152 1273 3199 memento
1298 3151 1353 3197 ut
1377 3141 1555 3197 oderis
1575 3142 1627 3196 in
1648 3157 1732 3209 ea,

162 3231 204 3285 si
226 3233 403 3308 diligis
419 3255 561 3308 eam,
592 3238 640 3294 si
670 3238 771 3294 tiro
797 3235 999 3293 Christi
1022 3250 1103 3301 es,
1134 3234 1179 3289 si
1208 3236 1370 3289 turris
1396 3232 1736 3288 fundamenta

162 3328 377 3393 posuisti
401 3349 417 3397 ;
447 3349 516 3389 ne
538 3331 720 3389 dicant
740 3337 1075 3387 transeuntes
1103 3346 1116 3382 :
1150 3326 1248 3382 Hic
1269 3328 1418 3381 homo
1441 3328 1588 3398 cepit
1606 3326 1733 3382 aedi-

163 3415 327 3487 ﬁcare,
372 3434 422 3478 et
447 3440 549 3480 non
575 3424 733 3494 potuit
782 3422 1039 3493 perﬁcere.
1088 3418 1325 3475 Carnalis
1350 3419 1491 3474 enim
1520 3418 1739 3474 allectus

162 3514 237 3561 est
264 3509 384 3580 iste,
411 3523 469 3571 et
492 3515 667 3571 adhuc
688 3520 922 3570 veterem
944 3510 1214 3566 hominem
1242 3518 1415 3565 sonat.
1448 3508 1597 3564 Hunc
1617 3524 1737 3565 car-

160 3601 327 3660 nalem
374 3608 646 3675 affectum,
696 3616 752 3663 et
791 3608 845 3662 in
890 3605 1044 3661 nobis
1081 3612 1138 3658 et
1178 3604 1231 3659 in
1283 3603 1497 3664 nostris,
1552 3602 1735 3656 militia

156 3692 442 3755 christiana
487 3710 547 3757 ut
572 3702 895 3772 perimamus
924 3697 1201 3761 hortatur;
1237 3710 1335 3751 nec
1380 3704 1555 3749 tamen
1584 3693 1654 3748 ita
1686 3702 1745 3748 ut

155 3784 392 3858 ingratus
419 3793 496 3847 sit
518 3793 745 3862 quisque
770 3789 1097 3859 parentibus,
1129 3794 1183 3840 et
1208 3786 1395 3841 eadem
1427 3786 1541 3855 ipsa
1576 3786 1741 3840 bene-

154 3878 275 3935 ficia
302 3881 500 3952 quibus
541 3885 594 3938 in
634 3883 795 3936 vitam
843 3882 980 3935 hanc
1024 3879 1221 3942 editus,
1267 3888 1545 3945 susceptus
1586 3885 1746 3946 atque

159 3976 388 4031 nutritus
429 3987 536 4043 est,
566 3984 875 4032 enumerata
903 3971 1161 4028 derideat.
1202 3968 1592 4037 Servetpotius
1632 3967 1749 4020 ubi-

162 4080 263 4137 que
306 4068 561 4140 pietatem
594 4087 607 4123 :
638 4066 869 4124 habeant
906 4064 1022 4120 haec
1058 4063 1233 4118 locum
1272 4059 1359 4116 ubi
1408 4058 1611 4129 majora
1640 4074 1744 4114 non

170 4171 375 4218 vocant.

237 4251 291 4310 8.
332 4255 500 4314 Mater
546 4251 801 4317 Ecclesia,
853 4257 1024 4306 mater
1067 4255 1152 4304 est
1185 4245 1346 4302 etiam
1392 4242 1579 4300 matris
1622 4251 1746 4299 ture.

172 4342 294 4403 Haec
314 4364 412 4406 vos
434 4349 503 4405 de
528 4346 741 4403 Christo
753 4340 1017 4412 concepit,
1045 4339 1162 4395 hare
1177 4346 1468 4409 martyrum
1489 4333 1747 4406 sanguine

178 4441 466 4505 parturivit,
509 4440 625 4494 haec
667 4437 718 4492 in
747 4434 1125 4505 sempiternam
1162 4431 1336 4487 lucem
1368 4427 1590 4499 peperit,
1638 4426 1755 4483 hzec

180 4527 295 4586 ﬁdei
324 4532 461 4590 lacte
488 4528 708 4587 nutrivit
744 4536 798 4584 et
825 4525 1011 4591 nutrit,
1051 4524 1306 4593 cibosque
1344 4520 1575 4589 majores
1615 4534 1751 4589 pue-

180 4633 385 4691 parans,
430 4622 573 4695 quod
600 4620 776 4676 adhuc
804 4616 1006 4689 parvuli
1050 4624 1105 4670 et
1141 4613 1257 4669 sine
1299 4611 1547 4666 dentibus
1576 4611 1756 4682 vagire

181 4713 350 4785 vultis,
384 4712 663 4771 horrescit.
712 4711 838 4767 llaec
864 4716 1035 4765 mater
1081 4714 1192 4761 toto
1229 4702 1360 4759 orbe
1405 4701 1615 4766 dill‘usa,
1648 4709 1755 4756 tam

180 4808 330 4866 variis
368 4818 426 4866 et
464 4805 843 4878 multiplicibus
866 4814 1108 4859 errorum
1135 4795 1563 4853 infestationibus
1587 4795 1755 4864 agita-

185 4905 279 4967 tur,
306 4913 368 4960 ιιι
396 4900 617 4958 abortivi
658 4900 767 4968 jam
806 4895 900 4951 lilii
948 4894 1064 4965 ejus
1089 4890 1345 4947 adversus
1370 4902 1488 4944 eam
1532 4885 1755 4942 infrenis

184 4996 336 5053 armis
384 4994 698 5065 belligerare
723 5005 831 5045 non
871 4986 1133 5043 dubitent.
1177 4981 1384 5053 ignavia
1414 4979 1573 5035 etiam
1601 4986 1761 5049 atque

187 5090 397 5158 torpore
436 5083 788 5157 quorumdam
832 5094 968 5152 quos
991 5076 1197 5149 gremio
1234 5074 1490 5139 continet,
1521 5072 1759 5129 membra

187 5189 272 5233 sua
314 5178 613 5251 frigescere
664 5172 910 5245 plurimis
957 5169 1089 5225 locis
1138 5175 1193 5223 et
1234 5163 1477 5221 fovendis
1528 5163 1761 5233 parvulis

188 5269 355 5328 minus
382 5269 570 5325 idonea
613 5266 729 5322 fieri
783 5263 945 5319 dolet.
984 5259 1140 5317 Unde
1183 5258 1283 5314 nisi
1326 5271 1420 5327 per
1443 5256 1575 5309 alios
1600 5254 1757 5322 lilios,

188 5362 319 5421 unde
350 5362 451 5418 nisi
477 5376 573 5432 per
597 5359 698 5414 alia
727 5355 986 5420 membra,
1016 5366 1239 5423 quorum
1266 5364 1299 5405 e
1326 5361 1549 5403 numero
1574 5361 1652 5411 es,
1675 5361 1762 5415 ju-

191 5460 322 5511 stum
348 5469 412 5509 ac
433 5451 671 5508 debitum
697 5446 870 5519 poscit
896 5441 1187 5501 auxilium?
1216 5438 1455 5508 Hujusne
1492 5449 1547 5493 tu
1571 5452 1758 5494 neces-

191 5544 368 5604 sitates
386 5545 658 5608 deserens,
680 5540 747 5596 ad
767 5536 999 5596 carnalia
1018 5534 1178 5591 verba
1192 5530 1554 5589 converteris?
1575 5529 1762 5586 Nonne

194 5632 302 5697 hac
322 5636 659 5711 gravioribus
672 5630 905 5706 querelis
924 5629 1137 5685 insonat
1159 5624 1419 5681 auribus?
1448 5637 1627 5679 nonne
1649 5621 1765 5678 haec

192 5728 430 5787 cbariora
477 5729 704 5793 viscera,
734 5733 790 5783 et
820 5720 1057 5780 ctelestia
1101 5718 1267 5775 ubera
1303 5716 1573 5773 ostentat?
1609 5713 1763 5772 Adde
1787 5786 1805 5807 ρ

182 5824 281 5891 vni
298 5826 413 5896 ejus
432 5821 828 5907 susceptionem
841 5815 1045 5887 carnis,
1058 5829 1128 5873 ne
1138 5810 1436 5873 carnalibus
1449 5807 1760 5879 inhaereres.
1782 5807 1820 5847 τ’

1310 348 1784 411 EPISTOLARUM
1806 340 2095 412 ‘CLASSIS
2130 352 2208 410 ιιι

3262 359 3401 419 1058

1823 479 1877 525 et
1894 485 1923 524 a
1936 468 2113 525 Verbo
2132 475 2333 524 aeterno
2356 466 2602 524 universa
2621 480 2739 539 quae
2754 467 2850 525 tibi
2867 475 3036 527 mater
3052 470 3400 545 improperat,

1824 579 1892 619 ne
1917 563 2001 619 his
2038 562 2383 632 implicareris
2405 568 2709 632 assumpta;
2736 562 2871 618 adde
2904 566 3273 636 contumelias,
3303 568 3400 624 lla-

1824 655 1978 726 gella,
2015 664 2259 720 mortem,
2293 664 2521 710 mortem
2544 664 2724 711 autem
2749 656 2944 713 crucis.

1896 750 1949 804 9.
1990 748 2206 804 Talibus
2224 757 2478 820 concepte
2498 749 2807 817 seminibus,
2837 750 3034 823 talique
3056 751 3112 807 in
3130 752 3290 808 vitam
3309 768 3406 809 no-

1825 854 1945 895 vam
1971 840 2238 895 connubio
2267 850 2559 910 procreato,
2586 840 2884 911 languescis
2906 850 2962 897 et
2988 843 3319 899 contabescis
3352 845 3406 901 in

1825 944 2058 990 veterem
2072 932 2363 989 hominem!
2390 933 2532 989 Itane
2542 942 2765 989 matrem
2780 941 3047 989 terrenam
3060 949 3165 989 non
3179 934 3411 992 habebat

1826 1025 2120 1096 Imperator
2136 1026 2294 1081 tuus?
2322 1026 2451 1092 Qua:
2472 1036 2648 1082 tamen
2664 1041 2786 1081 cum
2807 1029 2855 1081 ei
2876 1026 3211 1082 nuntiaretur
3229 1029 3408 1097 agenti

1826 1117 2086 1185 etelestia,
2114 1117 2389 1187 respondit
2416 1134 2429 1173 :
2464 1118 2594 1184 Qua
2610 1118 2735 1173 mihi
2759 1127 2942 1183 mater,
2968 1127 3053 1173 aut
3076 1119 3162 1190 qui
3188 1118 3371 1187 fratres
3387 1120 3414 1174 Ρ

1827 1210 1896 1266 Et
1922 1210 2215 1267 extendens
2253 1226 2469 1266 manum
2506 1211 2557 1266 in
2597 1210 2885 1281 discipulos
2933 1225 3076 1277 suos,
3123 1210 3257 1267 dixit
3303 1226 3410 1267 non

1827 1301 2094 1371 pertinere
2119 1300 2186 1357 ad
2213 1302 2583 1372 cognationem
2612 1316 2784 1369 suam,
2808 1302 2908 1357 nisi
2937 1302 3027 1373 qui
3052 1300 3291 1359 facerent
3315 1316 3415 1359 vo-

1828 1392 2085 1449 luntatem
2109 1392 2281 1449 Patris
2308 1395 2423 1463 ejus
2452 1393 2666 1462 (Matth.
2701 1410 2801 1459 ιιι,
2826 1392 3038 1466 48ο50).
3080 1393 3135 1449 1η
3164 1409 3272 1465 quo
3308 1412 3411 1452 nu-

1830 1501 1979 1543 mero
2000 1486 2239 1559 profecto
2263 1488 2420 1543 etiam
2447 1488 2614 1557 ipsam
2639 1487 2857 1542 Mariam
2880 1488 3141 1559 benignus
3163 1487 3411 1555 inclusit;

1830 1578 2055 1636 faciebat
2079 1581 2221 1635 enim
2252 1589 2308 1636 et
2346 1581 2435 1635 illa
2460 1580 2784 1635 voluntatem
2829 1579 3022 1636 Patris.
3072 1580 3149 1636 lta
3180 1581 3414 1651 optimus

1831 1669 2081 1740 Magister
2104 1679 2261 1741 atque
2286 1670 2524 1738 divinus,
2551 1679 2607 1727 et
2632 1680 2931 1727 maternum
2952 1686 3168 1735 nomen,
3201 1671 3341 1741 quod
3362 1673 3415 1728 ei

1831 1762 1981 1832 quasi
2004 1762 2265 1843 privatum
2293 1762 2671 1833 propriumque
2692 1763 3082 1830 nuntiaverant,
3107 1763 3230 1835 quia
3260 1774 3421 1820 terre-

1831 1868 1959 1908 num
2001 1863 2134 1921 erat,
2180 1855 2236 1909 in
2280 1856 2678 1926 comparatione
2719 1856 2952 1912 caelestis
3001 1855 3416 1927 propinquitatis

1834 1945 2028 2015 abjecit
2059 1963 2074 2000 :
2105 1954 2159 2001 et
2187 1946 2431 2002 eamdem
2460 1947 2733 2002 caelestem
2763 1947 3210 2018 prapinquitatem
3242 1948 3294 2002 in
3333 1947 3419 2002 di-

1833 2036 2052 2105 scipulis
2078 2036 2190 2092 suis
2217 2052 2660 2102 commemorans,
2690 2053 2796 2107 quo
2822 2037 2923 2092 sibi
2957 2052 3168 2093 rursum
3194 2051 3419 2093 consor-

1835 2129 1907 2183 tio
1934 2129 2144 2199 generis
2190 2144 2310 2184 cum
2336 2130 2544 2186 caeteris
2569 2130 2766 2185 sanctis
2790 2129 2940 2201 virgo
2964 2128 3053 2185 illa
3091 2128 3421 2197 cohaereret,

1835 2222 2088 2277 ostendit.
2118 2222 2185 2277 Et
2211 2238 2277 2276 ne
2316 2224 2419 2277 isto
2444 2221 2794 2278 saluberrimo
2831 2221 3140 2292 magisterio
3163 2236 3270 2292 quo
3294 2236 3423 2278 con-

1837 2313 2001 2369 temni
2040 2314 2304 2370 carnalem
2332 2313 2579 2369 allectum
2608 2314 2659 2369 in
2688 2314 2994 2384 parentibus
3022 2312 3223 2381 docuit,
3252 2311 3425 2368 admi-

1834 2404 2068 2460 niculum
2123 2421 2276 2462 error
2320 2408 2618 2477 acciperet,
2672 2421 2779 2477 quo
2833 2416 3057 2462 matrem
3106 2405 3357 2463 habuisse
3392 2423 3427 2464 a

1841 2496 2155 2566 quibusdam
2183 2507 2421 2569 negatur,
2452 2498 2557 2553 alio
2587 2498 2706 2552 loco
2732 2497 3020 2568 discipulos
3044 2498 3250 2555 monuit
3274 2514 3343 2555 ne
3363 2514 3427 2557 se

1843 2597 2049 2657 patrem
2076 2589 2127 2643 in
2160 2589 2316 2645 terris
2340 2589 2518 2645 dicant
2543 2589 2740 2645 habere
2770 2586 2880 2662 (Id.
2911 2604 3061 2654 nm,
3094 2589 3171 2661 9),
3201 2598 3260 2645 ut
3284 2606 3423 2661 quo-

1840 2681 2001 2737 modo
2027 2681 2148 2737 illos
2173 2682 2514 2739 manifestum
2540 2691 2625 2738 est
2648 2681 2897 2737 habuisse
2918 2690 3115 2753 patres,
3142 2682 3221 2738 sic
3243 2697 3304 2737 se
3331 2681 3429 2736 ha-

1840 2773 2021 2831 buisse
2069 2785 2295 2831 matrem
2344 2775 2746 2841 manifestaret,
2790 2776 2946 2845 cujus
2991 2784 3167 2831 tamen
3214 2782 3429 2832 terrena

1838 2866 2150 2936 COgnatione
2196 2876 2521 2937 contempta,
2552 2866 3062 2923 contemnendamm
3091 2865 3277 2923 talium
3320 2880 3418 2923 ue-

1841 2957 2224 3013 cessitudinum
2255 2958 2529 3028 discipulis
2555 2958 2816 3029 praeberet
2851 2956 3177 3028 exemplum.

1913 3048 2001 3105 10.
2048 3051 2170 3106 llaec
2196 3064 2324 3121 ergo
2351 3051 2805 3120 interrumpuntur
2832 3047 3050 3105 vocibus
3086 3047 3271 3105 matris
3298 3056 3428 3118 tuze,

1844 3152 1899 3201 et
1925 3145 2062 3200 inter
2086 3144 2201 3199 inec
2226 3146 2400 3200 locum
2427 3142 2629 3199 invenit
2648 3142 3086 3199 commemoratio
3104 3144 3425 3215 praegnantis

1840 3247 2000 3308 atque
2025 3238 2290 3304 iactantis,
2335 3246 2392 3292 ut
2418 3235 2487 3292 de
2513 3236 2680 3291 Adam
2719 3245 2775 3291 et
2804 3235 2936 3303 Eva,
2976 3234 3112 3292 alius
3138 3235 3308 3292 Adam
3336 3250 3432 3292 na-

1845 3330 2072 3387 scereris
2096 3340 2149 3386 et
2178 3328 2497 3385 nutrireris?
2526 3327 2754 3398 Respice
2785 3328 2977 3398 potius,
3023 3327 3230 3399 respice
3257 3326 3428 3384 Adam

1843 3422 2133 3478 secundum
2160 3420 2228 3476 de
2251 3421 2409 3486 ctelo,
2441 3427 2496 3474 et
2521 3429 2669 3490 porta
2702 3419 2811 3489 jam
2841 3418 3076 3475 caelestis
3101 3418 3382 3489 imaginem
3411 3459 3427 3485 ,

1844 3513 1983 3569 sicut
2011 3512 2207 3568 terreni
2238 3512 2458 3583 portasti
2484 3509 2536 3583 (1
2563 3509 2681 3565 Cor.
2725 3525 2816 3574 xv,
2843 3508 3061 3581 47-49).
3102 3508 3214 3565 Iino
3240 3516 3297 3565 et
3336 3507 3426 3565 hic

1848 3603 2079 3660 habeant
2126 3604 2299 3659 locum
2335 3612 2572 3658 materna
2619 3602 2732 3671 ipsa
2771 3600 3052 3664 beneficia,
3083 3616 3201 3672 qua:
3230 3600 3322 3658 tibi
3364 3602 3433 3658 ad

1849 3697 2246 3753 enervationem
2276 3693 2453 3752 cordis
2491 3702 2868 3749 enumerantur
2899 3711 2914 3748 :
2944 3692 3173 3748 habeant
3214 3707 3432 3763 prorsus

1849 3788 2064 3854 locum;
2116 3788 2223 3843 noli
2266 3802 2387 3843 esse
2428 3786 2686 3857 ingratus,
2733 3784 2967 3857 repende
3010 3784 3235 3856 gratiam
3277 3783 3436 3841 matri

1852 3887 1975 3942 tuae,
2004 3877 2242 3947 repende
2266 3877 2556 3946 spiritualia
2587 3891 2683 3946 pro
2707 3876 3025 3940 carnalibus,
3055 3890 3150 3945 pro
3169 3884 3435 3945 tempora-

1853 3968 1993 4023 libus
2032 3968 2373 4037 sempiterna.
2406 3967 2511 4022 Sed
2542 3982 2646 4020 non
2670 3967 2782 4021 vult
2812 3966 3004 4036 sequi?
3030 3981 3135 4020 non
3157 3965 3431 4036 impediat.

1852 4058 1969 4114 Non
2000 4059 2113 4113 vult
2143 4058 2379 4115 converti
2422 4058 2476 4113 in
2513 4058 2742 4113 melius?
2771 4072 2900 4113 cave
2928 4074 2995 4113 ne
3038 4066 3091 4113 te
3120 4058 3173 4112 in
3201 4057 3438 4114 deterius

1855 4158 2141 4221 pervertat,
2170 4158 2226 4205 et
2265 4158 2489 4205 evertat.
2520 4148 2658 4216 Quid
2687 4148 2907 4205 interest
2947 4156 3125 4204 utrum
3154 4149 3205 4204 in
3234 4164 3434 4219 uxore,

1858 4256 1925 4295 an
1958 4241 2008 4295 in
2034 4248 2224 4305 matre,
2252 4239 2378 4295 dum
2407 4249 2584 4296 tamen
2612 4240 2721 4296 Eva
2749 4240 2802 4294 in
2830 4239 3066 4311 qualibet
3092 4238 3315 4297 muliere
3340 4256 3435 4297 ca-

1859 4335 2079 4390 veatur?
2106 4333 2238 4390 Nam
2268 4332 2369 4389 ista
2395 4334 2579 4389 umbra
2620 4333 2829 4404 pietatis
2856 4332 2923 4389 de
2946 4332 3086 4389 foliis
3110 4332 3250 4390 illius
3274 4334 3437 4391 arbo-

1863 4426 1940 4482 ris
1982 4425 2142 4493 venit,
2182 4425 2373 4497 quibus
2412 4441 2472 4481 se
2514 4425 2744 4496 primum
2774 4433 3019 4495 parentes
3057 4424 3223 4481 nostri
3267 4424 3323 4481 in
3352 4424 3439 4483 illa

1866 4516 2151 4573 damnabili
2178 4515 2416 4573 nuditate
2442 4525 2704 4573 texerunt.
2736 4514 2806 4572 Et
2826 4515 3079 4587 quidquid
3104 4516 3158 4571 in
3187 4515 3291 4571 illis
3315 4530 3439 4572 ver-

1860 4610 1941 4666 bis
1977 4618 2135 4682 atque
2180 4612 2518 4681 suggestione
2559 4609 2711 4682 quasi
2752 4609 2986 4665 officium
3032 4608 3124 4664 tibi
3167 4607 3440 4667 charitatis

1862 4703 2124 4770 obtendit,
2144 4712 2201 4758 ut
2225 4719 2256 4758 a
2274 4703 2674 4773 germanissima
2698 4713 2857 4773 atque
2876 4701 3233 4757 sincerissima
3262 4700 3440 4758 Evan-

1860 4795 1984 4867 gelii
2025 4793 2282 4850 charitate
2309 4804 2362 4850 te
2405 4794 2735 4864 detorqueat,
2780 4793 2845 4849 ad
2889 4792 3138 4849 astutiam
3178 4794 3443 4865 serpentis

1865 4886 2109 4958 pertinet,
2138 4894 2193 4942 et
2218 4884 2285 4942 ad
2307 4886 2668 4958 duplicitatem
2709 4886 2849 4958 regis
2874 4886 3017 4942 illius
3040 4886 3131 4958 qui
3168 4886 3328 4943 habet
3357 4888 3441 4944 vi-

1862 4979 1993 5051 ginti
2018 4978 2203 5046 millia,
2240 4993 2398 5050 quam
2428 4992 2526 5034 nos
2553 4978 2807 5035 docemur
2842 4978 3027 5035 decem
3057 4979 3305 5049 millium,
3338 4979 3444 5038 hoc

1864 5081 1969 5140 est,
1990 5071 2187 5141 cordis,
2228 5071 2281 5127 in
2322 5086 2426 5144 qua
2453 5071 2619 5127 Deum
2647 5071 2955 5144 quaerimus,
2986 5069 3322 5143 simplicitate
3345 5087 3441 5129 su-

1866 5180 2074 5237 perare.

1938 5256 2027 5310 ll.
2068 5254 2161 5311 llis
2182 5255 2359 5326 potius
2380 5252 2612 5318 intende.
2636 5252 2971 5322 charissime,
2994 5262 3052 5310 et
3076 5254 3205 5311 tolle
3228 5268 3444 5311 crucem

1868 5354 2034 5414 tuam,
2060 5354 2113 5400 et
2153 5360 2377 5416 sequere
2418 5343 2721 5401 Dominum.
2765 5342 2899 5401 Nam
2947 5359 3069 5400 cum
3109 5352 3161 5400 te
3206 5358 3444 5414 presens

1868 5436 2342 5493 animadverterem
2369 5436 2673 5492 domesticis
2699 5436 2840 5493 curis
2862 5451 2894 5491 a
2934 5435 3116 5495 divino
3151 5435 3334 5493 studio
3356 5452 3446 5494 re-

1843 5525 2089 5594 'tardari,
2120 5528 2241 5583 ferri
2271 5536 2324 5584 te
2365 5527 2540 5600 potius
2574 5538 2630 5584 et
2653 5527 2772 5584 duci
2797 5543 2827 5583 a
2857 5542 3016 5585 cruce
3053 5536 3161 5595 tua,
3195 5543 3302 5585 non
3325 5542 3446 5586 eam

1872 5628 1924 5677 te
1948 5620 2089 5677 ferre
2110 5634 2173 5675 ac
2195 5618 2389 5675 ducere
2408 5618 2723 5676 sentiebam.
2754 5620 2893 5675 Crux
2916 5618 3057 5675 enim
3087 5628 3269 5676 nostra
3284 5634 3445 5691 quam

1871 5715 2128 5772 Dominus
2152 5712 2349 5784 portari
2371 5728 2404 5769 a
2428 5711 2581 5767 nobis
2612 5711 2786 5782 jubet,
2816 5718 2875 5766 ut
2898 5725 3021 5767 eum
3057 5710 3446 5783 expedith

1820 5800 1823 5803 ’
1875 5821 2179 5880 sequamur,
2201 5803 2329 5876 quid
2353 5802 2493 5861 aliud
2519 5816 2676 5874 quam
2696 5801 3072 5862 mortalitatem
3095 5801 3272 5863 carnis
3291 5801 3450 5878 hujus

1850 5948 1955 5976 Ρζὲρξ-
1988 5952 2191 5978 κιοίςαα-κκο
