4024 6374
171 347 283 407 1061

168 462 391 522 auriculis
433 471 702 529 suspensae
745 456 1098 528 deputantur,
1147 468 1253 509 non
1296 444 1362 509 ad
1404 453 1717 524 placendum

167 553 476 617 hominibus,
518 550 615 606 sed
658 549 725 604 ad
765 548 1102 605 serviendum
1141 547 1471 603 dremonibus
1499 546 1719 601 adhibe—

167 658 257 704 tur.
309 644 430 712 Quis
455 651 629 697 autem
673 641 843 711 possit
879 640 1135 711 speciales
1171 638 1490 694 nefariarum
1529 651 1717 707 super-

170 740 417 797 stitionum
449 734 836 807 prohibitiones
878 733 931 788 in
968 732 1261 803 Scripturis
1286 732 1553 801 invenire,
1595 745 1717 786 cum

165 832 457 907 generaliter
488 829 778 900 Apostolus
804 827 981 893 dicat,
1013 825 1151 881 Nolo
1177 841 1262 879 vos
1287 825 1450 879 socios
1473 825 1585 893 ﬁeri
1614 823 1733 877 ἄιε-ν

164 927 418 983 munierunt
447 920 622 995 (lCor.
652 938 689 976 ι
712 964 725 989 ,
755 920 889 991 20)?
917 928 975 975 et
994 920 1206 987 iterum,
1237 921 1362 985 Qum
1380 919 1511 983 enim
1537 933 1717 971 conso-

164 1018 314 1076 nantia
357 1014 545 1071 Christi
586 1013 657 1066 ad
692 1011 857 1067 Belial
900 1011 965 1083 (ll
993 1010 1111 1066 Cor.
1138 1026 1228 1074 vr,
1260 1007 1388 1081 15)?
1437 1008 1549 1063 Nisi
1587 1007 1719 1063 forte

162 1111 265 1183 quia
287 1106 443 1163 Belial
471 1105 761 1161 nominavit
786 1145 802 1170 ,
842 1112 896 1158 et
934 1102 1239 1173 generalem
1278 1100 1721 1155 societatem’dae—

162 1200 433 1257 moniorum
458 1195 752 1268 prohibuit,
787 1195 909 1249 licet
942 1192 1260 1248 Christianis
1287 1190 1590 1247 sacriﬁcare
1618 1190 1722 1245 Ne-

160 1301 336 1364 ptuno,
374 1280 495 1360 quia
538 1287 670 1343 nihil
716 1286 929 1356 proprie
957 1285 1023 1340 de
1049 1280 1295 1354 Neptuno
1334 1284 1553 1339 vetitum
1592 1284 1721 1353 legi-

160 1385 290 1440 musi
338 1382 651 1437 Moneantur
701 1376 912 1434 interim
940 1377 1150 1446 miseri,
1194 1375 1324 1431 utsi
1353 1375 1722 1444 obtemperare

160 1476 322 1532 nolunt
345 1473 627 1544 praeceptis
651 1471 1039 1526 salubrioribus
1056 1511 1071 1535 ,
1098 1472 1286 1526 saltem
1326 1469 1601 1539 sacrilegia
1626 1482 1720 1524 sua

158 1586 248 1627 non
274 1567 587 1631 defendant,
622 1578 689 1621 ne
719 1566 906 1635 majbri
936 1576 997 1619 se
1021 1564 1221 1620 scelere
1250 1563 1539 1632 implicent.
1582 1560 1720 1629 Quid

158 1670 312 1717 autem
331 1668 449 1715 cum
470 1660 550 1715 eis
575 1658 839 1730 agendum
866 1658 954 1724 sit,
978 1657 1021 1711 si
1047 1655 1486 1711 solvereinau‘res
1514 1648 1718 1715 timent,

161 1761 206 1807 et
227 1752 408 1822 corpus
435 1749 634 1807 Christi
671 1764 789 1805 eum
821 1749 973 1819 signo
1010 1746 1203 1801 diaboli
1240 1745 1485 1815 accipere
1519 1758 1625 1798 non
1652 1744 1722 1797 ti-

157 1845 319 1901 ment?
348 1845 420 1900 De
438 1842 736 1899 ordinando
761 1850 936 1896 autem
963 1839 1051 1911 qui
1074 1840 1129 1893 in
1156 1847 1310 1909 parte
1332 1836 1535 1891 Donati-
1551 1835 1723 1905 baptio

157 1946 285 1993 ratus
303 1946 399 2003 est,
423 1944 609 1992 anetor
634 1933 731 1988 tibi
751 1944 869 1989 esse
892 1947 1000 1987 non
1023 1942 1240 2001 possum
1274 1947 1287 1985 :
1318 1929 1459 1984 aliud
1479 1936 1563 1985 est
1577 1927 1723 1983 enim

158 2029 312 2086 faeere
339 2029 381 2084 si
405 2028 614 2099 cogaris
634 2068 649 2091 ,
682 2025 825 2079 aliud
855 2022 1133 2079 consulere
1162 2031 1218 2077 ut
1248 2021 1428 2077 facias.

539 2115 866 2173 EPISTULA
895 2113 1143 2170 CCXLVI
1171 2119 1188 2138 '
1216 2114 1317 2183 (a).

153 2213 437 2285 Augustinus
464 2209 755 2280 Lampadio
772 2249 786 2275 ,
815 2206 1077 2261 ostendens
1104 2207 1263 2274 fatum
1288 2203 1347 2257 in
1374 2204 1586 2273 peccatis
1613 2218 1726 2273 per-

213 2314 373 2374 peram
407 2302 686 2366 excusari,
733 2300 920 2368 quippe
956 2301 1102 2367 cujus
1140 2294 1218 2349 vel
1255 2295 1353 2365 ipsi
1390 2294 1731 2353 mathematici

221 2396 407 2453 nullout
430 2394 685 2448 ramosam
708 2390 921 2443 habeant
944 2390 998 2442 in
1021 2387 1232 2443 subditis
1254 2384 1583 2457 castigandis.

601 2485 936 2539 AUGUSTINUS
974 2480 1264 2535 LAHPADIO.

222 2583 270 2637 i.
295 2581 370 2636 De
396 2578 696 2651 quaestione
724 2578 814 2631 tati
838 2592 907 2631 ae
928 2572 1171 2639 fortunae,
1196 2590 1299 2644 qua
1323 2582 1473 2629 tuum
1493 2573 1729 2628 animum

158 2682 250 2733 non
273 2676 458 2731 leviter
480 2672 709 2737 moveri,
740 2678 794 2726 et
821 2686 940 2725 cum
972 2678 1208 2740 praesens
1227 2659 1401 2724 essem
1421 2667 1643 2733 adverti,
1672 2676 1728 2722 et

162 2786 288 2827 nunc
314 2771 416 2825 tuis
454 2766 647 2822 litteris
674 2765 875 2837 gratius
900 2762 1200 2832 certiusque
1228 2761 1483 2832 cognovi,
1529 2760 1729 2816 rescri-

157 2870 293 2934 ptum
312 2863 409 2918 tibi
435 2868 541 2916 non
575 2858 722 2929 parvi
760 2856 1041 2911 voluminis
1070 2854 1278 2921 debeo;
1311 2850 1732 2925 qued‘llominus

157 2954 413 3026 praestabit
438 2962 501 3009 ut
528 2952 601 3007 ita
641 2939 1415 3022 explicem,‘quemadmodum
1456 2948 1601 3003 novit
1640 2945 1732 3003 tibi

158 3052 436 3119 congruere
480 3044 548 3099 ad
580 3043 808 3099 salutem
846 3041 967 3097 ﬁdei
1007 3049 1130 3096 tuae.
1172 3040 1292 3095 Non
1334 3040 1477 3099 enim
1507 3054 1727 3110 parvum

157 3141 343 3195 malum
364 3146 467 3203 est,
492 3136 761 3209 perversis
788 3133 1129 3203 opinionibus
1157 3147 1265 3197 non
1288 3131 1460 3186 solum
1489 3130 1554 3186 ad
1584 3145 1733 3186 com-

157 3229 463 3289 mittendum
490 3227 857 3283 blandimento
882 3224 1169 3295 voluptatis
1195 3222 1414 3287 adduci,
1455 3221 1549 3278 sed
1573 3221 1734 3277 etiam

157 3324 235 3380 ad
262 3323 658 3381 defendendum
689 3324 963 3391 peccatum
1012 3332 1042 3373 a
1085 3316 1474 3372 medicamento
1519 3314 1733 3371 confes-

156 3418 311 3473 sionis
337 3416 528 3473 averti.
552 3420 553 3427 ‘

215 3512 267 3567 2.
300 3510 435 3566 Illud
461 3525 591 3565 sane
615 3506 931 3585 quantocius
956 3520 1019 3560 ac
1038 3503 1271 3560 breviter
1287 3503 1518 3571 noveris,
1548 3516 1735 3558 omnes

153 3592 287 3676 leges
316 3606 482 3675 atque
508 3580 685 3660 omnia
716 3602 954 3659 instituta
983 3598 1278 3669 disciplinm
1300 3641 1313 3665 ,
1340 3597 1523 3676 laudes
1543 3580 1573 3663 ,h
1593 3597 1733 3650 vitu-

149 3700 471 3769 perationes,
491 3696 906 3759 exhortationes,
929 3702 1182 3757 terrores,
1202 3692 1437 3759 praemia,
1454 3674 1732 3759 supplicia,

149 3802 445 3859 cmteraque
472 3790 648 3842 omnia
670 3788 861 3855 quibus
894 3785 1183 3837 humanum
1209 3795 1373 3851 genus
1398 3781 1736 3835 administra-

149 3891 232 3940 tur
273 3889 326 3936 et
368 3879 574 3948 regitur
599 3918 613 3941 ,
667 3876 873 3946 penitus
925 3871 1227 3927 labefactari
1274 3878 1434 3939 atque
1475 3870 1732 3935 subverti,

148 3975 390 4045 nihilque
420 3969 478 4026 in
506 3970 584 4026 eis
609 3966 825 4024 omnino
845 3954 1059 4036 justilirc
1086 3975 1393 4025 remanere,
1424 3960 1524 4015 nisi
1554 3961 1736 4015 volun.

152 4078 230 4125 tas
249 4069 497 4123 sitcausa
516 4056 789 4135 peceandi.
819 4059 1026 4127 Quanto
1049 4068 1175 4125 ergo
1203 4053 1444 4107 licentius
1459 4061 1513 4107 et
1532 4051 1736 4120 aequius

156 4156 650 4217 mathematicorum
678 4138 1042 4221 improbemus
1071 4159 1301 4211 errores,
1353 4158 1508 4213 quam
1533 4140 1737 4197 divinas

160 4255 316 4326 leges,
350 4248 432 4305 vel
460 4246 619 4304 etiam
644 4245 923 4300 domorum
952 4249 1251 4295 nostrarum
1278 4242 1457 4292 curam
1484 4234 1738 4290 damnare

142 4324 311 4416 atque
349 4341 579 4411 abjicere
618 4336 883 4407 cogimur;
932 4331 1071 4405 quod
1110 4328 1334 4398 nec‘ipsi
1377 4324 1736 4382 mathematici

165 4437 396 4495 faciunt?
433 4435 562 4490 Nam
594 4447 713 4501 cum
740 4428 926 4499 aliquis
950 4440 1135 4481 eorum
1156 4422 1464 4478 hominibus
1494 4432 1736 4475 numma-

165 4533 227 4587 tis
268 4531 406 4586 fatua
449 4527 551 4582 fata
596 4521 895 4581 vendiderit
916 4518 939 4584 ;‘
982 4520 1103 4574 mOx
1135 4526 1193 4571 ut
1232 4514 1443 4570 oculum
1470 4529 1499 4567 a
1532 4511 1737 4567 tabellis

167 4618 407 4679 eburneis
427 4619 493 4673 ad
519 4619 709 4673 domus
730 4630 839 4671 sua:
866 4610 1209 4667 moderamen
1232 4622 1294 4662 ac
1321 4603 1737 4662 sollicitudinem

171 4710 541 4776 revocaverit,
585 4723 688 4763 non
738 4704 908 4761 solum
947 4700 1199 4765 vocibus,
1245 4696 1338 4752 sed
1369 4697 1527 4751 etiam
1572 4694 1739 4764 plagis

168 4804 407 4862 emendat
435 4815 689 4865 uxorem;
737 4812 841 4851 non
872 4792 991 4849 dico
1024 4792 1067 4847 si
1096 4788 1412 4861 petulantius
1448 4788 1735 4857 joeantem,

168 4897 254 4953 sed
278 4896 320 4953 si
347 4891 752 4965 immoderatius
770 4904 863 4958 per
882 4884 1167 4941 fenestram
1196 4881 1535 4951 aspicientem
1565 4879 1739 4932 anim-

166 4980 464 5043 adverterit.
504 4982 642 5052 ‘Qum
692 4990 871 5034 tamen
910 4976 955 5031 si
997 4975 1045 5030 ei
1071 4974 1231 5039 dicat,
1254 4970 1390 5039 Quid
1422 4980 1505 5024 me
1535 4968 1736 5024 credis?

167 5073 424 5135 Venerem
454 5073 597 5131 cmde
626 5072 670 5127 si
699 5074 865 5142 potes,
894 5083 924 5123 a
953 5082 1052 5138 qua
1074 5079 1235 5137 cOgor
1262 5065 1361 5117 hoc
1384 5061 1555 5116 facere
1582 5077 1597 5113 :
1630 5068 1739 5113 tum

166 5150 288 5228 vero
318 5168 414 5225 ille
439 5158 553 5223 non
577 5172 727 5222 curat
769 5177 927 5234 quam
966 5174 1099 5214 vana
1135 5157 1295 5213 verba
1322 5162 1605 5225 componat
1641 5152 1740 5206 fat.

170 5254 335 5320 leudis
377 5259 664 5323 extraneis,
718 5255 813 5313 sed
856 5268 1012 5325 quam
1049 5252 1188 5322 juSta
1242 5247 1464 5304 verbera
1498 5238 1745 5316 imponat

176 5352 496 5437 corrigendis
525 5352 655 5429 suis.
1164 5350 1169 5357 '
1732 5352 1733 5355 η

163 5459 166 5475 τ
208 5446 209 5449 “
234 5432 538 5516 inﬁtiando
565 5457 693 5513 ergo
722 5439 944 5512 quisque
963 5478 977 5502 ,
1010 5451 1129 5491 cum
1160 5431 1477 5504 reprehendi
1502 5430 1741 5501 (imperii,

172 5552 387 5596 causam
430 5535 695 5594 convertit
734 5533 797 5587 iu
828 5533 995 5585 eitum
1018 5568 1034 5596 ,
1078 5536 1135 5581 et
1176 5526 1295 5582 ideo
1320 5540 1380 5581 se
1412 5525 1614 5595 culpari
1641 5538 1746 5580 non

162 5636 297 5709 ﬂuit,
314 5635 447 5708 quia
460 5634 572 5691 fato
598 5648 655 5688 se
679 5629 821 5703 dicit
843 5634 1086 5687 coactum
1111 5622 1300 5685 iecisse
1331 5624 1383 5680 id
1411 5624 1549 5701 quod
1574 5622 1747 5695 argui-

172 5782 179 5791 ο
237 5748 256 5770 ⁸
272 5757 372 5799 non
388 5754 593 5811 repertu
607 5747 662 5797 in
678 5752 787 5795 uss.
812 5749 1020 5804 excepto
1037 5753 1137 5791 uno
1157 5739 1394 5789 Vaticano.

236 5832 305 5896 (α)
324 5832 449 5882 Alias
467 5830 560 5882 245
580 5843 593 5880 :
610 5840 721 5894 quae
734 5834 900 5881 autem
913 5824 1007 5876 246
1028 5828 1151 5888 erat,
1177 5832 1305 5874 nunc
1320 5821 1427 5875 160.

1311 337 1789 397 EPISTOLARUM
1825 337 2102 397 CLASSIS
2139 330 2227 396 Π.

3268 342 3407 407 1062

1832 462 1950 520 tur;
1982 453 2164 508 redeat
2191 453 2257 508 ad
2285 453 2549 524 seipsum,
2580 462 2755 510 servet
2779 454 2881 511 hoc
2911 456 2964 511 in
2999 459 3137 528 suis,
3168 432 3417 519 nonica:

1826 545 1983 613 stiget
2011 558 2222 599 servum
2258 544 2425 599 furem
2445 586 2460 611 ,
2493 559 2598 601 non
2636 546 2702 600 de
2725 540 3105 603 contumelioso
3131 552 3243 605 lilio
3267 568 3421 608 con»

1826 645 2105 707 queratur,
2145 637 2320 692 vicino
2366 636 2608 707 improbo
2642 653 2747 694 non
2782 639 3045 695 mittetur.
3080 643 3223 709 Quid
3256 645 3419 701 enim'

1826 727 2014 784 horum
2046 730 2265 794 faciens,
2291 730 2433 799 iuste
2453 728 2598 794 facit,
2630 730 2675 785 si
2699 744 2889 786 omnes
2914 747 2944 786 a
2973 734 3167 802 quibus
3184 735 3423 803 injurias-

1825 822 2039 894 patitur,
2062 836 2169 879 non
2189 824 2341 893 culpa
2372 837 2485 885 sua.
2507 822 2603 878 sed
2620 823 2724 877 fato
2740 823 3081 891 impelluntur
3101 836 3156 880 ut
3174 826 3402 889 faciam?

1826 915 1883 972 Si
1925 924 2103 973 autem
2141 915 2261 984 jure
2306 915 2525 985 proprio
2564 922 2619 973 et
2664 915 3060 984 patrisfamilias
3094 917 3401 989 diligentia,

1826 1023 2189 1079 quoscumque
2211 1009 2453 1067 homines
2470 1024 2570 1080 pro
2583 1017 2823 1078 tempore
2845 1012 2898 1069 in
2928 1020 3189 1081 potestate
3215 1012 3401 1080 habet,

1827 1099 2068 1156 hortatur
2099 1100 2166 1157 ad
2216 1100 2447 1169 bonum,
2489 1100 2723 1157 deterret
2758 1116 2786 1155 ιι
2818 1102 2991 1165 malo.
3027 1102 3256 1173 imperat
3294 1121 3405 1162 suae

1825 1192 2082 1247 voluntati
2134 1201 2188 1247 ut
2234 1192 2632 1262 obtemperent,
2683 1192 2907 1248 honorat
2951 1208 3043 1249 eos
3069 1195 3158 1263 qui
3188 1195 3285 1249 sibi
3338 1197 3404 1253 ad

1827 1291 2013 1338 nutum
2049 1284 2335 1351 obediuut,
2378 1283 2609 1341 vindicat
2636 1285 2684 1339 in
2726 1299 2818 1339 eos
2845 1284 3013 1354 quise
3038 1294 3402 1354 contemnunt,

1827 1378 2070 1446 rependit
2115 1379 2339 1448 gratiam
2406 1377 2686 1441 beneﬁcis,
2755 1376 2869 1433 odit
2918 1377 3186 1447 ingratos;
3239 1394 3407 1448 egone

1828 1470 2149 1538 exspectabo
2176 1478 2231 1524 ut
2260 1476 2443 1525 contra
2471 1468 2575 1523 fata
2605 1468 2869 1538 disputem
2895 1508 2909 1531 ,
2954 1483 3074 1533 cum
3108 1477 3249 1527 tanta
3283 1485 3406 1526 eum

1828 1574 1932 1613 non
1963 1559 2167 1625 verbis,
2201 1559 2293 1621 sed
2324 1558 2477 1613 factis
2515 1558 2693 1631 eloqui
2722 1558 3140 1627 deprehendam,
3163 1568 3227 1615 ut.
3247 1576 3423 1631 prope

1828 1650 2075 1711 ulantibus
2106 1651 2217 1705 suis
2241 1665 2428 1705 omnes
2458 1650 2956 1709 mathematicorum
2984 1651 3215 1720 capillos
3248 1666 3409 1723 super

1829 1744 2003 1812 capita
2028 1758 2217 1803 eorum
2241 1743 2483 1812 frangere
2510 1742 2791 1798 videatur?
2843 1742 2937 1796 llis
2958 1742 3132 1814 itaque
3162 1745 3337 1810 paucis
3362 1744 3419 1800 si,

1829 1833 2061 1895 aviditas
2090 1841 2175 1888 tua
2211 1842 2462 1888 contenta
2488 1848 2594 1889 non
2623 1841 2733 1895 est,
2764 1841 2820 1886 et
2857 1832 3052 1889 librum
3090 1833 3320 1903 aliquem
3344 1833 3412 1891 de

1830 1925 1931 1987 hac
1958 1939 2046 1992 re,
2074 1940 2232 1992 quem
2258 1924 2458 1981 diutius
2486 1924 2660 1993 legat,
2690 1922 2988 1990 desiderat;
3034 1926 3293 1993 patienter
3319 1924 3427 1981 tibi.

1828 2024 1951 2071 sunt
1991 2015 2367 2085 exspectandas
2410 2014 2712 2070 vacationes
2761 2024 2995 2079 nostrae,
3049 2022 3104 2069 et
3146 2015 3419 2085 rogandus

1728 2148 1731 2153 ι
1830 2106 1969 2165 Deus
1990 2147 2008 2174 ,
2028 2108 2138 2178 qui
2164 2116 2217 2163 et
2246 2108 2410 2162 otium
2446 2114 2503 2161 et
2528 2105 2833 2177 facultatem
2858 2104 3099 2161 satiando
3131 2104 3197 2163 de
3226 2104 3325 2161 hac
3351 2121 3411 2161 re

1832 2197 2014 2253 animo
2042 2207 2135 2253 tuo
2169 2197 2401 2253 tribuere
2430 2196 2703 2267 dignetur.
2734 2196 2842 2251 Ero
2867 2204 3042 2253 tamen
3068 2196 3293 2253 alacrior
3316 2237 3331 2261 ,
3364 2196 3413 2252 si

1833 2298 1888 2351 et
1909 2304 2053 2361 sape
2084 2303 2505 2349 commemorare
2535 2304 2621 2349 me
2657 2288 2845 2343 litteris
2886 2296 3026 2343 tuam
3054 2302 3160 2345 non
3188 2287 3415 2361 piguerit

1830 2379 2164 2457 charitatem,
2191 2379 2389 2451 etquid
2409 2379 2475 2436 de
2491 2380 2588 2435 hac
2612 2379 2830 2451 epistola
2851 2379 3049 2435 sentias
3064 2379 3411 2437 rescribendo

1831 2472 2095 2530 docueris.

2223 2584 2549 2641 EPISTOLA
2573 2582 2841 2639 CCXLV"
2875 2588 2894 2609 ‘
2921 2584 3020 2656 (a).

1834 2697 2144 2769 Augustinus
2154 2692 2427 2753 Romulum
2443 2706 2688 2769 potentem
2706 2689 2977 2765 hominem,
2992 2714 3137 2770 quem
3151 2700 3203 2754 in
3216 2699 3414 2756 Christo

1904 2798 2180 2861 genuerat,
2232 2789 2453 2843 obsecrat
2497 2786 2559 2842 ne
2606 2789 2829 2842 nimimn'
2861 2790 3069 2843 acerbus
3112 2799 3160 2845 et
3199 2792 3433 2862 injustasr

1846 2916 1851 2923 ι
1905 2890 2113 2936 emetur
2132 2882 2199 2935 sit
2232 2881 2532 2934 tributorum
2574 2878 3066 2934 administratoribus
3094 2882 3197 2935 suis
3222 2878 3431 2937 salicto;

1902 2984 2019 3026 nim
2051 2987 2071 3026 :
2097 2971 2335 3025 minitans
2361 2968 2425 3035 ei,
2456 2970 2503 3026 si
2524 2971 2784 3039 tyrannica
2808 2971 3005 3042 exigere
3030 2980 3221 3042 pergat,
3251 2981 3418 3029 extre-

1908 3082 2045 3119 mum
2064 3065 2335 3139 judicium.
2994 3078 2995 3081 ‘

1837 3178 2062 3235 Domino
2107 3176 2453 3233 dilectissimo
2496 3176 2716 3232 RouUm
2759 3173 2899 3243 lilio,
2948 3175 3320 3245 AUGUSTINUS,
3365 3149 3420 3235 in

2378 3268 2603 3323 Domino
2631 3267 2875 3323 Salutem.
2998 3260 3005 3287 ί
3100 3264 3199 3299 ’τν
3334 3296 3341 3301 .
3422 3260 3432 3281 ‘

1911 3387 1960 3441 1.
1994 3383 2199 3440 Veritas
2233 3390 2286 3438 et
2323 3381 2492 3436 dulcis
2530 3390 2611 3435 est
2646 3388 2951 3435 etamara.
2999 3376 3421 3453 Quandodulcis

1838 3472 1945 3543 est,
1982 3476 2180 3546 parcit;
2210 3485 2263 3530 et
2296 3465 2505 3545 quando
2532 3488 2742 3541 amara,
2772 3482 2944 3545 curat.
2988 3468 3041 3527 Si
3070 3463 3430 3543 non‘rccusas'

1838 3568 2021 3625 bibere
2042 3566 2180 3639 quod
2204 3567 2253 3621 in
2281 3566 2382 3622 hac
2403 3566 2623 3635 epistola
2646 3564 2831 3629 oll'ero,
2864 3561 3273 3639 probabisquod
3291 3564 3423 3624 dixi.

1841 3636 2216 3717 Utinam‘sicut
2261 3658 2390 3729 mihi
2434 3673 2538 3712 non
2571 3658 2759 3731 obest,
2803 3644 2895 3711 sic
2925 3636 3026 3713 uti;
3073 3636 3186 3727 tibi"
3212 3656 3428 3715 obesset

1840 3751 2095 3825 quidquid
2124 3750 2570 3807 contumeliarum
2600 3748 2728 3804 mihi
2758 3748 2959 3819 irrogas
2993 3744 3005 3800 ἐ
3035 3757 3088 3805 et
3114 3750 3314 3806 utinam
3344 3747 3428 3813 vel

1840 3824 2043 3899 tantum
2071 3844 2163 3900 tibi
2191 3844 2405 3898 obesset
2433 3841 2683 3911 iniquitas
2704 3856 2860 3911 quam
2885 3824 3101 3899 miseris
3118 3850 3170 3896 et
3192 3830 3429 3912 pauperi;

1839 3934 1938 3991 bus
1966 3934 2092 3988 facis
2118 3975 2133 4002 ,
2178 3943 2431 4004 quantum
2458 3933 2609 3986 obest
2636 3932 2763 4001 ipsis
2788 3931 2976 4001 quibus
3006 3947 3122 3985 eam
3156 3932 3304 3987 facis.
3350 3914 3432 3989 illi

1841 4027 1981 4081 enim
2019 4024 2085 4079 ad
2138 4030 2345 4095 tempus
2382 4022 2668 4087 laborant,
2721 4022 2775 4074 tu
2804 4029 2984 4075 autem
3023 4021 3141 4076 vide
3167 4020 3291 4091 quid
3332 4023 3427 4094 tibi

1844 4116 2169 4174 thesaurizes
2197 4114 2249 4169 in
2280 4114 2366 4169 die
2386 4113 2485 4168 ira:
2511 4121 2565 4168 ct
2593 4110 2928 4167 revelationis
2951 4110 3075 4181 justi
3095 4110 3279 4183 judicii
3307 4112 3423 4183 Dei,

1840 4209 1930 4281 qui
1961 4200 2148 4263 reddet
2189 4205 2471 4275 unicuique
2505 4201 2793 4258 secundum
2835 4218 2994 4273 opera
3036 4184 3128 4257 sua
3158 4202 3332 4273 (Rom.
3356 4221 3427 4279 11,!

1843 4304 1894 4366 5.
1926 4296 2194 4377 6)_.‘Cujus
2222 4294 2638 4354 misericordiam
2663 4292 2921 4366 deprecor
2944 4304 2999 4349 ut
3018 4284 3184 4350 hic-te
3199 4296 3429 4368 Corrigat

1843 4392 2107 4467 quomodo
2147 4392 2259 4461 ipse
2302 4384 2478 4457 novit,
2518 4385 2693 4458 potius
2732 4402 2888 4459 quam
2932 4388 3245 4443 reservetin
3277 4388 3425 4455 illum

1844 4486 1980 4542 diem
2017 4482 2228 4555 quando
2264 4480 2438 4537 nullus
2476 4480 2586 4550 jam
2621 4478 2720 4536 erit
2755 4480 3099 4536 correctionis
3138 4480 3321 4549 locus;
3369 4490 3429 4547 ut

1844 4577 1932 4650 qui
1962 4575 2052 4629 tibi
2080 4574 2225 4629 dedit
2254 4572 2497 4628 timorem
2528 4586 2701 4635 suum,
2734 4579 2949 4640 prOpter
2969 4574 3125 4639 (luem
3151 4569 3215 4623 dc
3244 4577 3295 4624 te
3322 4585 3425 4643 non

1845 4670 2071 4739 despero
2090 4709 2104 4735 ,
2131 4664 2333 4736 aperiat
2361 4663 2451 4719 tibi
2482 4678 2697 4721 sensum
2716 4705 2728 4725 ,
2762 4669 2819 4715 ut
2844 4659 3025 4715 videas
3052 4675 3168 4729 qua:
3199 4659 3345 4726 facis,
3378 4668 3431 4723 et

1843 4761 2137 4817 exhorrcas
2161 4799 2175 4823 ,
2208 4765 2261 4812 et
2296 4753 2566 4813 emendes.
2622 4752 2787 4806 Parva
2829 4752 2968 4805 enim
3013 4761 3067 4807 et
3096 4751 3245 4821 quasi
3290 4753 3429 4808 nulla

1846 4853 1937 4911 tibi
1961 4844 2205 4905 videntur
2230 4844 2251 4915 ,'
2277 4862 2394 4917 quae
2441 4854 2546 4900 tam
2572 4859 2759 4915 magna
2786 4842 2923 4897 mala
2953 4853 3106 4910 sunt,
3136 4852 3191 4903 ut
3217 4828 3428 4914 quando

1846 4955 1899 5000 te
1926 4934 2121 4998 domita
2151 4938 2413 5012 cupiditas
2439 4952 2498 4992 ea
2528 4934 2869 4992 considerare
2910 4933 3249 5006 permiserit,
3290 4935 3429 5005 i'iges

1846 5034 2095 5106 lacrymis
2134 5036 2329 5087 terram
2350 5072 2364 5098 ,
2396 5034 2454 5111 ut
2478 5028 2618 5083 Deus
2648 5026 2965 5083 misereatur
2990 5026 3082 5081 tui.
3130 5027 3234 5088 Aut
3262 5028 3304 5080 si
3330 5042 3430 5097 ego

1846 5118 2057 5198 iniquus
2083 5116 2234 5192 sum,
2277 5122 2367 5193 qui
2396 5108 2496 5176 hoc
2534 5131 2717 5181 tecum,
2742 5135 2840 5190 ago
2880 5135 2945 5174 ne
2972 5108 3151 5181 miScri
3183 5128 3234 5175 et
3274 5120 3429 5191 egeni

1849 5208 2093 5274 homines
2112 5216 2195 5271 bis
2221 5214 2445 5271 reddant
2469 5211 2609 5283 quod
2636 5211 2830 5266 debent
2851 5253 2867 5278 ,
2910 5214 3029 5266 eum
3060 5210 3232 5267 coloni
3263 5208 3429 5283 actori

1850 5316 1945 5365 suo
1972 5296 2243 5372 dederint,
2274 5298 2484 5359 subdito
2505 5303 2524 5335 ί
2558 5302 2839 5375 praeposito
2856 5304 2918 5357 ‘et
2951 5301 3157 5372 iubenti
3186 5284 3429 5357 servien-

1850 5412 1933 5458 tes
1950 5392 1973 5469 ζ
2008 5394 2111 5456 nec
2140 5396 2229 5454 ille
2270 5404 2329 5453 ‘Sc
2368 5384 2634 5471 accepisSc
2680 5411 2872 5468 negare
2916 5392 3189 5468 potuerit:
3222 5392 3265 5450 si
3303 5404 3431 5466 ergo

1851 5504 1949 5566 ego
1978 5490 2197 5565 iniquus
2236 5506 2385 5559 sum,
2416 5489 2540 5561 quia
2576 5484 2704 5544 nﬁbi
2742 5488 2949 5544 videtur
2982 5472 3431 5558 injustum'tit'bis

1917 5651 1934 5683 ι
1962 5639 3078 5719 Sicinomnitmsuss.stlnexousis,subditi.

1845 5729 1853 5735 -
1886 5733 1934 5752 η.
1953 5728 2082 5784 me
2095 5730 2466 5797 ,wmmug
2484 5726 2547 5779 ad
2564 5725 2635 5776 bi.
2655 5726 2733 5785 ob.
2754 5738 2827 5779 ve.
2848 5724 2971 5776 duos
2992 5738 3038 5776 v.
3065 5730 3117 5775 et
3136 5730 3244 5781 ιον.

1917 5822 1990 5886 (a)
2017 5819 2137 5871 Alias
2154 5818 2238 5868 2H
2256 5830 2275 5889 _:
2297 5825 2407 5878 qua
2426 5818 2593 5866 autem
2610 5810 2707 5864 347'
2724 5818 2852 5874 erat,
2868 5808 3125 5863 nunc-r164.
