4024 6380
603 411 743 471 1065

598 530 897 599 exigantur,
921 524 1011 596 qui
1040 522 1129 580 vix
1158 521 1325 580 semel
1352 521 1579 579 reddere
1604 519 1875 575 sufﬁciunt
1899 536 1913 585 ;
1942 518 2025 574 fac
2044 518 2187 589 quod

597 622 699 676 vis.
752 619 809 677 Si
846 626 1025 675 autem
1052 626 1109 672 tu
1146 616 1297 671 vides
1336 615 1459 686 quia
1499 612 1754 683 iniustum
1787 607 1903 679 est;
1938 611 2019 666 fac
2043 608 2185 681 quod

596 714 771 780 decet,
802 712 884 770 fac
910 712 1051 784 quod
1076 712 1217 767 Deus
1237 708 1425 779 jubet,
1456 717 1510 764 et
1533 722 1633 779 ego
1657 722 1805 777 rogo.

674 826 727 881 2.
754 825 869 882 Non
898 839 994 895 pro
1018 823 1122 878 illis
1146 821 1314 892 magis
1339 820 1359 893 (
1382 820 1527 875 novit
1550 819 1637 874 ille
1660 834 1819 889 quem
1850 818 2063 887 timeo),
2090 815 2185 871 sed

598 934 696 992 pro
722 919 894 988 teipso
921 917 1149 987 teipsum
1178 930 1307 984 rogo
1331 955 1347 981 ,
1375 920 1431 968 ut
1448 954 1463 978 ,
1492 910 1759 982 quomodo
1783 910 2039 980 scriptum
2080 916 2182 974 est,

600 1011 890 1068 Miserearis
924 1010 1109 1064 anima:
1146 1017 1247 1063 tute
1293 1008 1495 1078 placens
1526 1004 1632 1059 Deo
1666 1003 1854 1071 (Eccli.
1888 1019 2003 1058 xxx
2025 1044 2038 1069 ,
2067 1002 2181 1069 24).

598 1106 664 1161 Ει
693 1104 851 1159 modo
880 1102 1093 1175 quidem
1120 1118 1225 1157 non
1256 1099 1521 1172 rogandus
1541 1139 1557 1165 ,
1586 1097 1681 1153 sed
1706 1095 2064 1167 objurgandus
2087 1108 2144 1149 cs
2169 1111 2181 1146 :

597 1212 719 1253 nam
748 1205 802 1251 et
846 1197 948 1251 hoc
972 1194 1227 1264 scriptum
1254 1200 1337 1247 est
1359 1235 1375 1258 ,
1416 1190 1527 1263 Ego
1555 1206 1701 1260 quem
1729 1205 1844 1242 amo
1864 1230 1876 1252 ,
1910 1186 2181 1257 redarguo,

594 1300 641 1346 et
663 1290 853 1362 castigo
880 1288 1062 1360 (Apoc.
1090 1302 1167 1352 ιιι,
1204 1287 1315 1358 19).
1347 1285 1461 1356 Ego
1489 1293 1662 1339 tamen
1692 1284 1736 1338 si
1764 1297 1859 1352 pro
1881 1296 1964 1335 me
1990 1295 2183 1350 rogan-

594 1383 694 1439 dus
718 1396 904 1448 esses,
954 1378 1091 1435 forte
1129 1394 1235 1435 non
1279 1388 1331 1433 te
1370 1392 1608 1447 rogarem
1642 1392 1653 1428 :
1686 1375 1808 1446 quia
1844 1388 1970 1429 vero
2008 1388 2104 1443 pro
2136 1382 2186 1426 te

594 1473 861 1545 regaudns
884 1488 965 1539 es,
998 1487 1127 1545 rogo
1152 1483 1205 1527 te
1232 1472 1422 1526 iratum
1448 1479 1505 1525 ut
1524 1484 1709 1539 parcas
1731 1469 1846 1534 tibi,
1876 1477 1933 1521 ut
1961 1467 2186 1538 placcris
2236 1508 2247 1517 .

593 1566 687 1623 tibi
718 1567 758 1628 ί.
792 1574 849 1621 ιιι
870 1565 964 1621 tibi
996 1564 1235 1634 placetur
1260 1562 1349 1618 ille
1376 1576 1537 1632 quem
1570 1575 1745 1631 rogas.
1778 1560 1895 1614 Misi
1922 1559 1987 1613 ad
2022 1569 2071 1613 te
2099 1557 2185 1612 die

596 1658 823 1724 sabbati,
849 1672 970 1713 cum
997 1656 1172 1711 adhuc
1202 1653 1509 1725 pranderes,
1537 1662 1593 1707 ut
1618 1667 1721 1706 non
1752 1649 2182 1721 proliciscereris,

602 1752 705 1807 nisi
743 1767 828 1806 me
870 1750 1095 1805 vidisses
1128 1767 1142 1806 :
1172 1746 1488 1803 renuntiasti
1526 1746 1594 1799 ita
1636 1752 1690 1799 te
1735 1759 1855 1799 esse
1899 1744 2183 1798 facturum.

592 1842 883 1899 Surrexisti
900 1841 988 1897 die
1012 1839 1301 1903 dominico,
1333 1846 1408 1905 et,
1437 1846 1493 1891 ut
1511 1835 1707 1903 audivi,
1732 1835 1919 1891 venisti
1943 1836 1993 1890 in
2010 1834 2186 1891 eccle-

595 1936 751 2000 siam,
791 1942 847 1991 ct
871 1932 1054 1998 orasti,
1081 1940 1135 1986 et
1156 1929 1426 2000 profectus
1446 1942 1525 1995 es,
1556 1936 1610 1982 et
1633 1942 1721 1982 me
1740 1926 1923 1981 videre
1946 1927 2182 1982 noluisti.

559 2028 739 2084 \Dcus
766 2025 857 2081 tibi
903 2025 1162 2095 ignoscat.
1205 2021 1343 2088 Quid
1369 2021 1509 2075 enim
1551 2019 1695 2075 aliud
1721 2020 1813 2075 tibi
1841 2019 2012 2074 dicam
2037 2061 2052 2085 ,
2084 2019 2185 2073 nisi

591 2119 733 2192 quod
765 2119 879 2190 ipse
908 2118 1053 2173 novit
1077 2117 1200 2188 quia
1216 2115 1426 2185 ‘cupio?
1454 2112 1549 2169 sed
1576 2114 1686 2169 scio
1710 2114 1831 2184 quia
1858 2113 1958 2168 nisi
1988 2122 2042 2168 te
2067 2128 2188 2168 cor-

591 2212 821 2276 rexeris,
855 2210 1132 2280 illejustus
1162 2218 1261 2264 est.
1289 2208 1421 2263 Cum
1439 2216 1616 2263 autem
1640 2207 1735 2263 tibi
1753 2207 1949 2278 parcis,
1977 2216 2031 2263 et
2056 2206 2186 2261 mihi

591 2306 768 2378 parcis
796 2323 809 2359 :
842 2320 1014 2375 neque
1037 2304 1180 2360 enim
1198 2312 1307 2358 tam
1326 2303 1489 2358 miser
1508 2318 1624 2359 sum
1654 2312 1707 2357 et
1733 2302 1938 2357 alienus
1962 2317 1992 2354 a
2018 2301 2188 2357 visce-

590 2399 747 2454 ribus
770 2396 1000 2463 Christi,
1043 2404 1101 2450 ut
1128 2410 1233 2450 non
1262 2394 1577 2465 gravissimo
1606 2388 1826 2450 vulnere
1852 2394 2069 2450 feriatur
2092 2409 2187 2448 cor

591 2504 813 2556 meum,
869 2487 1084 2559 quando
1135 2486 1214 2543 sic
1258 2496 1451 2559 agunt,
1498 2502 1634 2558 quos
1673 2487 1726 2542 in
1775 2487 1889 2557 ejus
1938 2485 2183 2558 Evange-

593 2579 666 2636 lio
689 2579 868 2650 genui.

660 2674 715 2729 3.
742 2672 939 2729 lterum
963 2670 1285 2729 dicturus'es
1311 2691 1323 2727 :
1350 2671 1467 2727 Non
1493 2672 1571 2727 eis
1595 2672 1729 2742 jussi
1753 2680 1811 2728 ut
1831 2672 2021 2729 darent
2048 2673 2186 2729 Pon-

587 2766 785 2822 ticano.
836 2763 1204 2835 Respondetur
1247 2762 1343 2818 tibi
1373 2781 1385 2817 :
1414 2762 1520 2819 Sed
1571 2763 1777 2833 jussisti
1820 2775 1876 2819 ut
1918 2766 2187 2821 servirent

588 2856 879 2914 Ponticano
901 2872 918 2923 ;
938 2870 1038 2912 nec
1051 2855 1600 2926 possentdistinguere
1614 2871 1887 2928 quousque
1903 2858 2182 2924 servirent,

592 2958 648 3007 et
687 2964 965 3020 quousque
1008 2964 1117 3004 non
1164 2949 1461 3012 servirent,
1490 2949 1720 3005 maxime
1744 2964 1865 3005 cum
1893 2960 2186 3020 eapeteret

593 3057 715 3113 qua:
742 3057 801 3098 se
841 3040 1039 3097 debere
1067 3039 1323 3096 sciebant.
1370 3039 1514 3095 Tuas
1542 3048 1718 3096 autem
1757 3040 1962 3097 litteras
1988 3042 2185 3100 habere

589 3132 927 3198 debuerunt,
984 3145 1117 3201 quas
1154 3130 1456 3201 proferrent
1499 3131 1747 3197 actori’,
1800 3133 1845 3187 si
1890 3142 1939 3189 te
1972 3135 2183 3190 nolente

592 3224 875 3293 exigebat,
917 3231 973 3278 et
1014 3223 1315 3294 relegerent
1342 3224 1392 3278 ei
1423 3238 1526 3278 non
1557 3238 1614 3279 se
1653 3223 1850 3280 debere
1890 3227 2049 3293 dare,
2083 3228 2181 3283 nisi

595 3333 716 3375 cum
734 3325 852 3372 tuas
876 3315 1083 3372 litteras
1108 3317 1461 3387 accepissent.
1488 3318 1618 3372 Nam
1644 3318 1689 3372 si
1711 3319 1876 3373 verbo
1896 3321 2181 3390 aliquando

598 3408 803 3483 iussisti
829 3423 898 3466 ne
918 3407 1089 3464 actori
1117 3406 1317 3479 aliquid
1354 3408 1580 3475 darent,
1627 3409 1849 3463 multum
1879 3420 1960 3465 est
1984 3421 2040 3467 ut
2065 3428 2180 3469 me-

595 3505 883 3572 minerint;
923 3505 1153 3562 multum
1182 3514 1265 3563 est
1294 3513 1352 3560 ut
1381 3512 1436 3561 tu
1482 3505 1597 3577 ipse
1627 3506 1936 3562 memineris
1965 3521 2031 3560 an
2057 3521 2182 3562 vere

594 3598 856 3671 iusseris,
898 3615 966 3655 an
1019 3599 1152 3672 ipsis
1195 3599 1457 3669 jusseris,
1486 3615 1551 3655 an
1594 3600 1743 3667 aliis,
1789 3616 1855 3655 an
1895 3600 2179 3655 omnibus:

595 3692 830 3746 maxime
861 3691 985 3761 quia
1014 3691 1177 3746 etiam
1211 3705 1353 3744 nunc
1385 3690 1539 3745 alteri
1576 3690 1741 3744 actori
1784 3691 1974 3745 audisti
2005 3690 2181 3745 datam

597 3789 654 3838 et
671 3781 872 3837 salvam
901 3795 1022 3836 esse
1048 3781 1219 3851 ipsam
1248 3781 1550 3850 pecuniam,
1580 3790 1635 3837 et
1663 3796 1769 3836 non
1796 3782 1887 3836 tibi
1913 3782 2183 3852 diSplicuit

590 3872 713 3943 quia
743 3870 1025 3927 dederunt.
1058 3871 1165 3928 Sed
1196 3887 1316 3926 cum
1336 3886 1434 3943 ego
1460 3871 1732 3939 dixissem,
1762 3874 1899 3941 Quid
1930 3876 1974 3930 si
2005 3884 2058 3930 et
2084 3876 2183 3931 iste

591 3962 998 4030 intervertisset,
1024 3964 1092 4020 ab
1118 3963 1247 4035 ipsis
1268 3965 1456 4020 iterum
1480 3965 1796 4036 exigendum
1824 3968 1976 4024 erat?
2000 3985 2183 4024 rursus

591 4054 686 4111 tibi
706 4055 868 4126 coepit
891 4054 1174 4126 diSplicere
1198 4056 1321 4127 quia
1342 4055 1604 4113 dederunt
1630 4076 1643 4111 :
1669 4068 1723 4113 et
1745 4074 1865 4114 cum
1887 4059 2014 4114 mihi
2039 4077 2183 4131 srepe

597 4147 846 4215 dixisses,
878 4165 1146 4220 nunquam
1178 4158 1230 4205 te
1258 4148 1549 4219 injunxissc
1572 4151 1715 4205 vices
1732 4161 1847 4207 tuas
1865 4152 1949 4208 vel
1970 4152 2183 4209 Valerio

591 4240 676 4296 vel
703 4240 919 4311 Aginesi
952 4240 974 4272 ³
996 4282 1011 4306 ,
1042 4240 1218 4296 subito
1246 4256 1365 4297 cum
1388 4240 1455 4296 de
1483 4241 1608 4297 vino
1635 4253 1881 4313 ageretur
1899 4286 1914 4312 ,
1945 4245 2065 4316 quia
2088 4246 2182 4302 de-

594 4333 826 4389 buerunt
868 4333 1149 4389 ostendere
1174 4335 1218 4389 si
1246 4350 1491 4391 acescere
1526 4346 1789 4406 cmperat,
1826 4347 1879 4393 et
1918 4338 2183 4395 diceretur

596 4423 694 4480 tibi
719 4422 860 4494 quod
886 4424 1080 4480 absens
1108 4434 1253 4490 erat;
1300 4425 1463 4481 credo
1483 4468 1498 4493 ,
1537 4427 1734 4482 excidit
1779 4428 1869 4483 tibi
1897 4431 2021 4500 quid
2052 4431 2181 4485 mihi

593 4515 755 4572 toties
796 4514 1047 4583 dixeras,
1106 4524 1157 4571 et
1207 4514 1418 4578 dixisti,
1467 4517 1587 4587 quia
1630 4517 1927 4575 habuerunt
1963 4522 2181 4592 Aginesi

591 4606 911 4675 ostendere,
958 4614 1013 4663 et
1050 4621 1116 4662 ex
1148 4606 1311 4676 ipsius
1341 4622 1497 4678 agere
1521 4609 1760 4665 arbitrio.
1810 4611 1883 4666 lbi
1924 4627 2023 4684 ego
2059 4630 2179 4669 cum

591 4703 843 4760 dixissem
868 4744 884 4769 ,
920 4701 1080 4758 Certe
1101 4701 1244 4757 vices
1272 4709 1391 4757 tuas
1420 4702 1536 4758 istis
1562 4719 1667 4760 non
1698 4705 1840 4762 soles
1870 4706 2179 4778 iujungere;

592 4792 939 4866 reSpoudisti,
973 4792 1079 4850 Sed
1101 4794 1291 4849 litteras
1316 4811 1450 4849 meas
1475 4795 1684 4851 habebat
1722 4797 1950 4869 Aginesis
1983 4816 2001 4854 :
2028 4802 2179 4872 quasi

596 4901 812 4956 semper
837 4884 913 4942 illi
942 4884 1135 4957 quibus
1161 4885 1356 4957 aliquid
1388 4886 1638 4958 injungis,
1666 4889 1868 4947 litteras
1895 4900 2009 4947 tuas
2039 4894 2179 4949 rcci-

597 4986 714 5034 tent
736 4978 1019 5035 rusticanis
1046 4976 1373 5046 hominibus,
1407 4991 1464 5035 ut
1491 4980 1710 5036 credant
1731 4982 1853 5054 quia
1877 4994 1928 5038 tu
1949 4984 2175 5055 jussisti.

591 5069 697 5126 Sed
724 5069 847 5140 quia
887 5084 983 5125 eos
1007 5069 1190 5125 vident
1216 5070 1306 5126 tibi
1333 5071 1411 5126 sic
1431 5072 1579 5143 jungi
1613 5071 1635 5104 ‘
1655 5115 1671 5141 ,
1713 5089 1818 5129 non
1854 5076 2034 5147 utique
2058 5092 2179 5135 cre-

593 5164 728 5221 dunt
752 5172 954 5220 temere
983 5163 1105 5220 illos
1146 5164 1349 5236 aliquid
1390 5165 1585 5222 audere
1614 5182 1974 5239 praesumere,
2023 5171 2121 5227 nisi
2147 5187 2176 5227 a

592 5266 648 5315 te
665 5258 787 5314 data
819 5265 1099 5327 potestate.
1151 5255 1380 5329 Ideoque
1424 5259 1561 5315 inter
1600 5260 1699 5314 ista
1725 5260 1923 5317 incerta
1951 5278 2056 5319 non
2087 5280 2180 5335 ap-

591 5347 884 5423 paretquid
895 5348 1107 5419 jubeas,
1126 5362 1224 5404 nec
1244 5359 1464 5420 possunt
1483 5350 1689 5406 firmum
1707 5352 1904 5423 aliquid
1923 5354 2174 5423 retinere,

591 5441 694 5500 nisi
718 5440 923 5499 litteras
952 5450 1068 5497 tuas
1094 5438 1406 5509 habuerint,
1450 5457 1582 5513 quas
1611 5444 1859 5500 omnibus
1888 5445 2173 5523 proferant,

667 5626 682 5657 ί
700 5620 813 5672 add.
836 5622 1081 5682 omittunt,
1094 5625 1147 5672 ut
1162 5619 1368 5686 placaris
1383 5619 1488 5686 tibi.
1510 5622 1698 5686 (labent
1718 5636 1840 5674 vero
1860 5632 1964 5676 Mss.
1988 5639 2175 5680 omnes.

663 5687 684 5717 ³
700 5691 807 5754 Mss.
826 5691 1121 5754 constanter,
1329 5692 1383 5754 st
1397 5684 1509 5754 Edd.
1528 5684 1620 5754 hpc
1637 5692 1689 5736 et
1704 5688 1922 5749 proximo
1936 5686 2042 5742 loco
2056 5704 2179 5754 prte-

595 5743 777 5805 feruut,
799 5744 1049 5796 exactori:
1075 5743 1128 5796 et
1146 5745 1254 5796 aliis
1270 5745 1405 5804 locis,
1424 5744 1594 5797 actori.

669 5806 856 5873 fvetus
1001 5809 1163 5868 Corb.,
1182 5807 1486 5873 Agmesi,_hic
1506 5814 1559 5873 e_t
1578 5807 1717 5873 infra.

669 5867 813 5916 esss.
835 5865 995 5918 Gallic.
1015 5875 1069 5920 et
1086 5865 1288 5920 unus'et
1305 5865 1474 5933 vatim,
1495 5868 1565 5921 sic
1582 5869 1785 5938 arma

1876 401 1936 461 S.
1978 399 2339 463 AUGIJS’I‘INI
2378 399 2679 460 EPISCOPI

3730 413 3851 473 1061

2292 526 2348 573 et
2371 518 2583 574 nonnisi
2610 518 2712 574 tuis
2740 517 2933 575 litteris
2973 519 3195 590 prolatis
3222 521 3633 595 obtemperent,
3663 532 3852 598 quando

2293 611 2372 666 eis
2396 610 2594 681 aliquid
2619 611 2851 667 dandum
2880 620 2984 669 est.
3276 629 3278 631 ’

2361 705 2415 758 4.
2457 704 2561 759 Sed
2598 704 2726 775 quid
2752 719 2886 775 opus
2919 715 3001 761 est
3027 714 3136 763 tam
3165 708 3257 765 diu
3284 718 3459 766 tecum
3484 712 3789 784 disputare,
3809 731 3856 776 et

2291 810 2516 851 onerare
2534 796 2711 852 verbis
2737 799 3114 868 occupationes
3141 809 3286 867 tuas,
3310 786 3370 858 ut
3387 801 3529 861 forte
3552 820 3671 861 cum
3692 808 3861 867 irasce-

2291 890 2369 944 ris
2396 889 2573 944 verbis
2600 890 2757 956 meis,
2780 890 2913 946 velis
2933 892 3120 948 saevire
3144 894 3197 948 in
3220 894 3464 952 homines
3491 898 3745 955 miseros?
3767 902 3859 959 Illis

2292 982 2634 1052 imputabitur
2661 983 2727 1038 ad
2749 984 2998 1039 meritum
3025 986 3223 1041 bonum
3246 1026 3263 1054 ,
3290 988 3412 1059 quia
3443 1004 3541 1059 pro
3565 992 3724 1048 salute
3748 1002 3842 1059 tua,

2291 1068 2509 1145 propter
2538 1092 2695 1146 quam
2717 1076 2812 1132 tibi
2844 1086 2989 1133 tanta
3019 1079 3209 1150 loquor
3232 1123 3247 1147 ,
3278 1092 3330 1137 te
3358 1083 3628 1151 patiuntur
3653 1085 3856 1143 iratum:

2292 1167 2385 1221 tibi
2416 1174 2593 1222 autem
2636 1167 2763 1222 nolo
2788 1168 2985 1238 aliquid
3026 1171 3238 1240 gravius
3265 1171 3477 1240 dicere,
3509 1189 3579 1229 ne
3622 1186 3761 1244 putes
3784 1194 3860 1235 me

2292 1275 2395 1316 non
2442 1259 2711 1327 timendo,
2754 1260 2849 1316 sed
2877 1261 3017 1317 male
3062 1264 3296 1333 optando
3323 1264 3431 1320 tale
3476 1265 3672 1337 aliquid
3715 1270 3855 1339 loqui.

2291 1351 2441 1406 Time
2471 1351 2639 1406 Deum
2685 1352 2730 1406 si
2761 1367 2866 1407 non
2892 1353 2972 1409 vis
3009 1353 3186 1424 decipi
3218 1374 3231 1410 :
3262 1356 3436 1427 ipsum
3469 1367 3655 1415 testem
3693 1361 3859 1420 invoco

2291 1458 2452 1515 super
2489 1443 2721 1498 animam
2750 1459 2923 1499 meam
2946 1485 2961 1511 ,
3004 1444 3124 1514 plus
3152 1461 3238 1502 me
3267 1447 3362 1502 tibi
3402 1448 3591 1505 timere
3617 1466 3731 1507 cum
3757 1454 3855 1511 ιω

2291 1535 2410 1591 dico
2429 1578 2445 1603 ,
2495 1551 2655 1606 quam
2686 1536 2790 1592 illis
2820 1552 2917 1609 pro
2947 1538 3140 1608 quibus
3186 1540 3325 1610 apud
3352 1549 3407 1597 te
3447 1542 3762 1603 intercaiere
3785 1550 3851 1604 vi-

2290 1628 2440 1683 deor.
2470 1627 2527 1683 Si
2569 1628 2775 1697 credis,
2809 1628 2918 1684 Deo
2958 1630 3194 1700 gratias:
3226 1631 3270 1686 si
3298 1641 3476 1688 autem
3524 1650 3627 1690 non
3668 1638 3846 1708 credis,

2290 1722 2594 1777 consolatur
2648 1738 2734 1778 me
2769 1723 2910 1793 quod
2956 1723 3210 1780 Dominus
3239 1725 3343 1789 ait,
3374 1724 3575 1795 Dicite,
3621 1727 3729 1784 Pas
3750 1732 3847 1785 huic

2292 1813 2464 1867 domui
2490 1829 2508 1868 :
2535 1823 2581 1868 et
2607 1815 2653 1868 si
2678 1824 2748 1868 est
2784 1815 2871 1869 tibi
2900 1813 3039 1884 ﬁlius
3068 1816 3209 1886 pacis
3227 1857 3243 1882 ,
3287 1818 3557 1887 requiescet
3581 1836 3721 1892 super
3750 1839 3845 1876 cum

2292 1923 2394 1978 pax
2429 1917 2630 1973 vestra;
2654 1908 2696 1962 si
2724 1924 2822 1977 quo
2842 1908 3008 1963 minus
3026 1951 3042 1977 ,
3070 1908 3139 1962 ad
3158 1925 3245 1964 vos
3273 1918 3545 1965 revertetur
3570 1911 3759 1984 (Matth.
3784 1931 3839 1981 ι,

2293 1998 2379 2066 12,
2411 2001 2523 2070 13).
2556 2000 2650 2055 Dei
2675 2000 3039 2056 misericordia
3064 2010 3115 2057 te
3137 2010 3377 2069 tueatur,
3406 2003 3619 2061 domine
3642 2006 3843 2063 dilectis—

2291 2089 2427 2145 sime
2454 2088 2549 2143 ﬁli.

2426 2168 2431 2172 ’
2646 2179 2979 2236 EPISTULA
3024 2180 3322 2239 CCXLVIII
3354 2186 3372 2208 ⁶
3402 2184 3504 2257 (a).

2290 2273 2602 2344 Augustinus
2625 2271 2945 2339 Sebastiano,
2973 2274 3035 2329 de
3064 2276 3149 2346 pia
3177 2276 3380 2332 tristitia
3401 2295 3552 2348 quam
3579 2279 3687 2334 boui
3702 2279 3842 2349 ferunt

2361 2382 2425 2421 ea:
2463 2366 2720 2437 impietate
2764 2366 3035 2423 malorum.
3093 2367 3229 2423 Huic
3294 2371 3521 2442 epistola:
3586 2374 3839 2444 subscripsit

2363 2458 2598 2529 Alypius.

2290 2550 2519 2606 Domino
2542 2560 2728 2607 sancto
2753 2550 3095 2609 desiderabili
3114 2594 3130 2620 ,
3160 2562 3215 2608 et
3239 2553 3293 2608 in
3312 2553 3511 2610 Christi
3532 2554 3721 2612 honore
3742 2571 3841 2611 sua-

2360 2641 2580 2697 vissimo
2603 2642 2752 2698 fratri
2779 2643 3148 2701 Ssnxs'muo‘
3179 2646 3538 2714 Aucusrtsus,
3567 2646 3618 2702 in
3647 2646 3837 2704 Domino

2361 2735 2608 2791 salutem.

2299 2858 2303 2867 ι
2362 2826 2412 2880 1.
2440 2826 2691 2894 Quamvis
2718 2827 2786 2882 ab
2813 2828 2993 2883 animo
3016 2838 3201 2885 nostro
3228 2830 3377 2886 nullo
3400 2831 3562 2887 modo
3584 2840 3634 2889 te
3651 2848 3838 2904 separa-

2289 2927 2401 2973 tum
2430 2934 2550 2974 esse
2575 2920 3013 2987 permittatdulce
3032 2922 3300 2978 vinculum
3323 2922 3618 2993 cbaritatis,
3642 2913 3693 2982 et
3713 2926 3836 2982 iudc-

2289 3010 2527 3066 sinenter
2556 3018 2676 3066 tuos
2716 3020 2932 3066 sanctos
2957 3028 3135 3069 mores
3177 3024 3337 3086 atque
3366 3016 3627 3087 colloquia
3671 3018 3835 3074 recola-

2289 3115 2440 3166 mus;
2465 3109 2642 3157 tamen
2664 3102 2801 3157 bene
2816 3102 2985 3159 fecisti
3000 3146 3014 3169 ,
3038 3112 3093 3159 et
3109 3106 3309 3175 gratias
3332 3108 3541 3177 agimus
3563 3108 3695 3180 quod
3713 3108 3837 3164 nobis

2288 3194 2448 3249 ctiam
2476 3196 2770 3264 corporalis
2798 3196 2983 3252 salutis
3012 3205 3115 3253 tua:
3136 3200 3354 3253 nuntios
3373 3201 3555 3271 apices
3581 3202 3835 3266 mittendo,

2288 3301 2386 3341 nos
2412 3287 2697 3356 plurimum
2724 3287 3046 3344 exhilarasti.
3080 3290 3427 3348 Sensiautem
3459 3294 3513 3349 in
3544 3295 3750 3367 epistola
3768 3304 3837 3350 tua

2286 3378 2429 3449 quod
2457 3379 2668 3435 tuadium
2696 3390 2748 3436 te
2772 3381 3061 3437 detinuerit
3084 3398 3111 3435 a
3144 3385 3513 3453 peccatoribus
3534 3386 3841 3457 relinquth

2286 3470 2387 3527 bus
2411 3471 2583 3542 legem
2629 3473 2721 3527 Dei
2748 3489 2763 3528 :
2794 3473 2888 3528 illo
2927 3474 3069 3528 enim
3098 3475 3284 3544 spiritu
3313 3476 3476 3544 vivis,
3507 3478 3644 3549 quod
3670 3479 3838 3534 dictum

2287 3570 2369 3617 est
2386 3602 2402 3629 ,
2441 3560 2558 3616 Vidi
2583 3563 2862 3617 insensatos
2881 3606 2895 3628 ,
2939 3573 2986 3617 et
3015 3564 3321 3620 tabescebam
3348 3565 3519 3637 (Psal.
3542 3585 3723 3633 cxvm,
3750 3570 3838 3635 53,

2288 3655 2439 3726 158).
2492 3656 2584 3710 Pia
2609 3664 2691 3711 est
2720 3656 2817 3710 ista
2846 3656 3055 3711 tristitia
3076 3699 3091 3724 ,
3123 3667 3177 3713 et
3200 3699 3215 3723 ,
3247 3660 3291 3713 si
3330 3658 3433 3715 dici
3474 3671 3672 3732 potest,
3707 3661 3839 3718 beata

2288 3746 2499 3801 miseria
2520 3787 2535 3812 ,
2564 3746 2705 3801 vitiis
2729 3747 2918 3802 alienis
2946 3748 3213 3817 tribulari,
3264 3766 3369 3806 non
3400 3752 3682 3823 implicari;
3723 3768 3837 3811 mmo

2288 3853 2443 3904 rere,
2494 3852 2599 3893 non
2644 3838 2881 3904 haerere;
2914 3838 3099 3895 dolore
3123 3842 3400 3910 contrahi,
3434 3859 3539 3900 non
3570 3860 3737 3901 amore
3772 3854 3836 3899 at-

2287 3929 2446 3983 trahi.
2478 3930 2602 3985 Hmc
2627 3939 2708 3985 est
2736 3932 3035 4001 persecutio
3061 3949 3219 4003 quam
3266 3936 3540 4005 patiuntur
3564 3954 3736 3996 omnes
3759 3939 3833 4009 qui

2286 4020 2472 4075 volunt
2499 4021 2551 4076 in
2576 4020 2786 4076 Christo
2824 4022 2910 4092 pie
2945 4023 3160 4091 vivere,
3190 4026 3481 4082 secundum
3530 4030 3835 4099 apostolicam

2288 4113 2592 4169 mordacem
2641 4129 2990 4186 veracemquc
3034 4118 3352 4174 sententiam
3384 4119 3453 4191 (Il
3487 4121 3615 4175 Tim.
3645 4138 3718 4186 ιιι,
3745 4122 3835 4189 12).

2291 4205 2429 4273 Quid
2475 4206 2617 4261 enim
2668 4205 2754 4262 hic
2797 4207 2965 4278 magis
3010 4210 3344 4279 persequitur
3367 4212 3531 4269 vitam
3582 4214 3829 4277 bonorum,

2286 4312 2445 4369 quam
2476 4299 2580 4353 vita
2620 4298 2951 4369 iniquorum;
2983 4314 3088 4354 non
3140 4316 3259 4355 cum
3306 4302 3449 4373 cogit
3501 4306 3686 4360 imitari
3721 4304 3837 4375 quod

2287 4388 2561 4459 displicet,
2590 4388 2684 4444 sed
2713 4405 2834 4445 cum
2861 4391 3003 4460 cogit
3027 4390 3209 4447 dolere
3234 4394 3374 4463 quod
3404 4394 3587 4450 videt?
3614 4396 3837 4464 Quoniam

2290 4498 2469 4539 coram
2498 4486 2585 4554 pio
2613 4485 2802 4540 vivens
2827 4485 2986 4555 impie
3006 4526 3022 4553 ,
3045 4486 3145 4540 etsi
3174 4501 3278 4542 non
3308 4487 3510 4559 obligat
3535 4490 3838 4546 consentien-

2287 4584 2413 4642 tem,
2444 4576 2648 4632 cruciat
2671 4578 3009 4633 sentientem.
3040 4577 3172 4633 Nam
3195 4595 3337 4649 smpe
3362 4590 3417 4636 et
3441 4581 3534 4637 diu
3553 4583 3838 4654 impiorum'

2285 4667 2596 4736 corporibus
2615 4683 2645 4721 a
2674 4668 3019 4724 Stecularibus
3046 4671 3396 4739 potestatibus
3412 4682 3498 4739 ,et
3520 4674 3841 4745 quorumlibet

2284 4758 2651 4815 vexationibus
2671 4758 2931 4829 parcitur;
2960 4762 3165 4832 piorum
3191 4771 3366 4819 autem
3391 4766 3640 4822 cordibus
3657 4782 3687 4821 a
3712 4766 3841 4822 malis

2286 4854 2558 4909 hominum
2589 4854 2827 4911 moribus
2871 4871 3139 4926 nunquam
3183 4871 3349 4928 usque
3392 4858 3460 4913 ad
3510 4859 3665 4931 hujus
3688 4858 3841 4915 saeculi

2286 4946 2468 5001 ﬁnem.
2498 4946 2589 5001 Sic
2622 4960 2749 5016 ergo
2775 4945 2954 5016 potius
2989 4946 3240 5017 impletur
3267 4948 3410 5019 quod
3458 4949 3841 5008 commemoravi

2284 5037 2483 5094 dixisse
2526 5038 2868 5108 Apostolum,
2914 5040 3049 5105 Quia
3071 5057 3243 5095 omnes
3283 5042 3369 5113 qui
3398 5043 3572 5098 volunt
3596 5045 3648 5099 iu
3672 5044 3841 5099 Christo

2285 5131 2365 5202 pie
2390 5131 2548 5184 vivere
2567 5172 2583 5198 ,
2632 5131 3028 5202 persecutionem
3065 5133 3357 5203 patientur;
3386 5143 3441 5190 et
3467 5144 3612 5191 tanto
3639 5135 3841 5190 amarius

2284 5234 2482 5295 quanto
2514 5224 2733 5279 interius
2756 5266 2771 5291 ,
2803 5224 2973 5281 donec
2998 5225 3257 5282 diluvium
3302 5234 3576 5297 transeat,
3618 5230 3700 5285 ubi
3736 5242 3841 5283 arca

2284 5317 2521 5376 continet
2549 5335 2767 5374 corvum
2795 5327 2852 5374 et
2878 5318 3197 5374 columbam.
3652 5374 3653 5377 η

2353 5411 2408 5466 2.
2450 5411 2554 5469 Sed
2585 5412 2787 5468 inbuere
2806 5452 2821 5479 ,
2852 5411 3046 5480 frater,
3076 5413 3149 5467 illi
3174 5427 3205 5468 a
3227 5429 3332 5484 quo
3358 5415 3587 5483 audisti,
3628 5416 3723 5483 Qui
3735 5431 3838 5487 per-

2348 5528 2365 5559 ί
2390 5527 2473 5589 Hic
2493 5525 2543 5589 in
2560 5532 2672 5589 Mss.
2698 5526 2864 5589 Regio,
2884 5524 3042 5585 Corb.,
3058 5532 3238 5589 Germ,
3263 5534 3359 5579 etc.
3376 5527 3533 5582 abbas
3565 5538 3775 5582 vocatur:
3796 5527 3835 5577 in

2493 5587 2659 5649 indic.,
2677 5585 2932 5637 moriar/tus
3112 5600 3115 5601 '

2345 5652 2366 5683 ³
2390 5659 2494 5700 Mss.
2519 5648 2700 5713 aliquot
2722 5654 2774 5699 et
2792 5649 2913 5699 Beda
2932 5648 3155 5715 vulgatus
3175 5659 3210 5702 ll
3230 5654 3349 5703 Tim.
3367 5653 3416 5714 3,
3439 5654 3636 5715 lubeat,
3653 5650 3834 5718 piam

2347 5732 2364 5752 ⁶
2388 5738 2610 5782 Correcta
2632 5730 2691 5780 ad
2711 5745 2757 5780 a.
2775 5732 2859 5795 bg.
2883 5745 3018 5800 c._cc.
3044 5734 3121 5783 ch.
3141 5734 3191 5783 ﬁ'.
3222 5750 3273 5799 g.
3303 5750 3386 5800 gg.
3410 5751 3491 5800 gv.
3510 5738 3549 5800 j.
3581 5752 3630 5788 ιι.
3653 5751 3694 5787 r.
3715 5737 3782 5787 sb.
3802 5739 3834 5786 t.

2282 5795 2405 5846 duos
2420 5806 2493 5844 vc.
2518 5800 2724 5857 quatuor
2746 5808 2791 5843 v.
2814 5800 2867 5844 et
2884 5795 2996 5844 Edd.

2348 5878 2421 5941 (a)
2437 5877 2562 5931 Alias
2583 5879 2673 5932 115
2691 5892 2704 5930 :
2721 5892 2832 5944 quae
2852 5886 3015 5932 autem
3037 5879 3129 5932 248
3150 5890 3275 5946 crat,
3298 5897 3425 5935 nunc
3443 5884 3549 5936 363.
