4024 6376
1399 301 1800 365 EPISTOLARI

1915 300 2188 360 CLASSIS
2224 300 2311 359 ιν.
2489 362 2494 365 _
3349 308 3485 363 1066

1899 419 2061 473 animi
2086 433 2294 474 summe
2321 418 2657 492 perfecteque
2680 418 3011 492 copulantur.
3040 424 3376 484 Confortetur
3391 444 3484 484 cor

1899 517 2050 565 tuum
2075 509 2128 564 in
2157 509 2414 576 Domino,
2448 525 2656 565 memor
2681 513 2868 567 nostri.

2358 601 2690 656 EPISTOLA
2727 603 2854 658 CCL
2877 607 2897 628 ⁶
2924 605 3022 677 (a).

1899 692 2212 764 Augustinus
2236 709 2388 748 senes:
2420 693 2624 749 Auxilio
2645 696 2878 767 episcOpo
2895 699 3069 767 juveni
3094 741 3108 767 ,
3147 710 3202 755 ut
3229 713 3317 756 aut
3357 721 3484 758 ana-

220 313 350 372 i065

219 430 496 487 severaverit
513 446 670 502 usque
697 429 754 484 in
779 425 951 500 ﬁnem,
981 426 1062 482 hic
1085 426 1251 482 saluus
1276 427 1368 480 erit
1395 425 1608 496 (Matth.
1633 437 1786 490 xxrv,

222 526 336 596 15):
365 506 690 594 conjungere
738 521 1001 587 Domino,
1050 531 1109 575 ut
1157 528 1365 576 crescat
1393 520 1444 573 in
1487 518 1791 574 novissimis

219 617 318 671 vita
357 625 463 670 tua.
496 613 623 670 Scio
666 613 809 668 enim
847 627 954 668 non
991 612 1178 667 deesse
1203 611 1587 665 recreationem
1617 606 1792 662 cordis

220 705 282 760 de
306 703 552 758 fratribus
580 702 756 759 bonis.
789 701 904 758 Huc
927 703 1155 773 adjunge
1181 701 1559 772 promissiones
1591 699 1683 754 Dei
1728 697 1792 752 fi-

3497 557 3503 583 l

220 797 393 864 deles,
423 810 648 866 magnas
667 836 683 862 ,
709 804 884 852 certas
903 828 922 861 ,-
945 795 1294 865 sempiternas
1313 837 1328 861 ,
1359 794 1629 864 ipsiusque
1656 791 1792 846 tole-

220 888 397 942 rantim
416 886 908 957 imperturbabiiem
929 885 1354 956 ineﬁ‘abilemque
1370 883 1669 940 mercedem
1700 902 1713 936 :
1741 890 1796 937 et

220 977 331 1033 vide
355 992 514 1048 quam
545 993 736 1034 verum
757 978 984 1034 Domino
1006 987 1209 1044 cantes,
1242 977 1534 1033 Secundum
1563 977 1795 1030 multitu-

221 1072 378 1126 dinem
399 1071 637 1126 dolorum
653 1087 881 1126 meorum
898 1072 952 1126 in
973 1071 1124 1126 corde
1143 1087 1252 1125 meo
1271 1112 1287 1138 ,
1315 1070 1678 1126 consolationes
1697 1078 1798 1123 tute

213 1160 618 1235 jucundaverunt
644 1161 869 1217 animant
911 1178 1077 1216 meam
1102 1160 1272 1233 (Psal.
1317 1176 1479 1228 xcm,
1513 1158 1624 1229 i9).
1650 1158 1796 1213 Mitte

220 1253 360 1309 fratri
386 1253 570 1309 Firmo
594 1252 798 1309 litteras
822 1262 1052 1308 nostras.
1101 1252 1443 1309 Sanctitatem
1473 1259 1618 1304 tuam
1643 1258 1697 1305 et
1721 1249 1797 1302 fa-

221 1346 410 1401 miliam
440 1345 570 1415 Dei,
604 1361 724 1418 quae
763 1355 854 1400 tuo
881 1346 1176 1402 ministerio
1212 1346 1559 1416 gubernatur,
1604 1343 1796 1398 fratres

220 1445 268 1492 et
312 1451 525 1492 sorores
564 1453 684 1507 quae
721 1436 863 1508 apud
887 1452 986 1492 nos
1007 1447 1129 1492 sunt
1154 1437 1458 1501 nobiscum,
1491 1436 1546 1490 in
1573 1435 1796 1490 Domino

219 1525 625 1600 resalutant.(Et
639 1527 743 1582 alia
757 1544 911 1581 manu
928 1544 946 1581 :
964 1527 1294 1598 )lncolumes
1319 1543 1414 1598 pro
1437 1526 1590 1582 nobis
1611 1525 1793 1590 oretis,

220 1619 542 1676 dilectissimi
574 1631 631 1676 et
656 1621 824 1675 sancti
851 1619 1060 1676 fratres.

286 1711 394 1782 Ego
421 1710 642 1782 Alypius
669 1711 1032 1781 impensissime
1048 1711 1213 1765 saluto
1243 1711 1594 1765 Sinceritatem
1620 1719 1756 1762 tuam
1779 1751 1792 1774 ,

221 1819 474 1872 omnesque
499 1803 588 1856 tibi
620 1804 672 1856 in
690 1801 907 1857 Domino
928 1804 1220 1873 conjunctos
1234 1820 1255 1868 ;
1275 1813 1423 1870 atque
1446 1811 1499 1855 ut
1526 1801 1657 1854 hanc
1681 1811 1798 1854 tan-

219 1910 362 1965 quam
399 1909 563 1948 meam
593 1896 856 1965 epistolam
884 1896 1120 1966 deputes,
1163 1906 1276 1965 peto
1307 1911 1325 1949 :
1355 1895 1448 1949 etsi
1483 1897 1615 1948 enim
1643 1894 1800 1948 aliant

232 1987 471 2057 tropi-iam
488 1987 685 2041 mittere
700 1990 987 2058 potuissem,
1012 1997 1178 2042 tamen
1201 1988 1354 2042 malui
1373 1988 1489 2040 huic
1503 1986 1795 2053 suscribere,

221 2086 269 2130 ut
295 2078 680 2132 unanimitatcm
706 2086 926 2132 nostram
945 2095 1051 2132 una
1087 2080 1237 2132 etiam
1262 2080 1448 2150 pagina
1477 2086 1760 2132 testaretur.

635 2188 960 2245 EPISTULA
997 2186 1250 2246 CCXLIX
1276 2195 1292 2214 ‘
1316 2190 1411 2264 (a).

301 2301 618 2374 Augustinus
644 2300 896 2357 Restituto
917 2346 932 2370 ,
963 2315 1209 2373 quatenus
1233 2305 1357 2358 ntali
1383 2303 1632 2360 tolerandi
1656 2303 1708 2357 in

887 2393 1133 2450 Ecclesia.

213 2506 429 2563 Domino
475 2507 1014 2574 desiderantissimo,
1063 2518 1118 2565 et
1161 2508 1452 2563 honoriﬁca
1497 2507 1802 2563 sinceritate

279 2600 603 2656 charissima
631 2602 816 2670 fratri,
860 2612 914 2660 et
940 2602 1267 2659 condiacono
1311 2602 1650 2665 Res'rrruro,
1697 2605 1802 2656 Au-

242 2705 244 2708 '
282 2705 568 2757 cus'rmus,
597 2694 646 2745 in
674 2692 894 2747 Domino
919 2693 1166 2747 salutem.

285 2801 470 2858 Estus
497 2803 794 2859 indicantes
820 2805 960 2875 piam
981 2805 1247 2860 ﬂammam
1275 2806 1452 2862 cordis
1475 2807 1569 2873 tui,
1600 2805 1802 2860 indica-

223 2892 293 2948 vit
314 2896 442 2949 mihi
467 2895 806 2952 fidelissimus
833 2939 848 2964 ,
878 2907 935 2953 ut
959 2899 1093 2964 scis,
1121 2899 1384 2970 particeps
1413 2914 1619 2966 eorum,
1645 2899 1806 2953 frater

224 2985 551 3057 Deogratias.
575 2987 717 3059 Lege
737 2988 914 3060 itaque
938 2989 1267 3061 Tychonium
1297 3007 1453 3061 quem
1479 2991 1616 3046 bene
1642 2993 1802 3056 nosti,

225 3093 324 3132 non
350 3080 566 3150 quidem
595 3079 773 3134 omnia
813 3081 1161 3151 probaturus;
1201 3097 1323 3136 nam
1350 3097 1470 3152 qua:
1507 3083 1558 3136 in
1587 3083 1676 3136 illo
1717 3097 1806 3136 ca-

226 3171 391 3224 venda
421 3171 564 3236 sint,
619 3169 752 3225 bene
799 3172 958 3226 nosti.
994 3172 1140 3226 Hanc
1191 3183 1367 3228 tamen
1414 3173 1760 3244 quaestionem
1787 3216 1802 3239 ,

227 3260 492 3328 quomodo
539 3261 591 3314 iu
639 3260 872 3316 Ecclesia
902 3263 994 3316 Dei
1025 3263 1069 3316 si
1114 3278 1217 3333 qua
1246 3262 1392 3318 forte.
1427 3278 1678 3333 perversa
1721 3265 1804 3318 vel

225 3350 381 3404 etiam
413 3351 668 3406 scelerata
708 3352 972 3421 corrigere
1014 3363 1106 3407 aut
1131 3354 1470 3424 exstinguere
1508 3371 1616 3409 non
1660 3355 1803 3410 vale-

225 3456 369 3507 mus,
413 3445 563 3498 salvo
591 3444 804 3498 unitatis
845 3444 1054 3499 vinculo
1093 3445 1362 3500 toleranda
1407 3447 1546 3514 sint,
1589 3455 1806 3504 strenue

226 3533 434 3587 videtur
457 3533 585 3588 milii
615 3534 918 3591 tractavisse
942 3546 1099 3606 atque
1128 3537 1370 3592 solvisse.
1400 3538 1710 3610 Quanquam
1754 3540 1804 3596 in

223 3624 339 3693 ejus
403 3626 592 3682 litteris
650 3629 1014 3684 tantummodo
1066 3630 1357 3686 intentione
1391 3641 1687 3702 correcta,
1739 3633 1804 3688 ad

219 3716 364 3784 ipsos
391 3717 686 3772 divinarum
735 3719 1124 3790 Scripturarum
1171 3721 1343 3778 fontes
1388 3739 1664 3782 recurrere
1708 3741 1806 3780 nos

215 3817 470 3876 oportet,
499 3817 559 3861 ut
587 3809 656 3862 ibi
680 3811 952 3865 videamus
980 3829 1134 3881 quam
1166 3830 1328 3882 pauca
1367 3816 1434 3870 de
1457 3817 1553 3872 hac
1579 3834 1636 3872 re
1659 3821 1807 3872 testi-

216 3899 392 3952 monia
433 3900 846 3966 sententiarum,
889 3903 971 3955 vel
1015 3904 1254 3971 exempla
1284 3915 1552 3973 gestorum
1592 3911 1802 3976 posuit,

218 3998 271 4042 et
299 4004 464 4058 quam
493 4004 650 4043 nemo
695 3991 862 4060 possit
902 3992 1077 4046 omnia
1126 4008 1355 4063 ponere,
1409 3997 1509 4050 nisi
1553 3999 1640 4067 qui
1672 4014 1806 4067 pene

223 4095 414 4134 outues
442 4089 744 4135 sanctorum
775 4081 1054 4136 Librorum
1106 4085 1323 4154 paginas
1373 4086 1424 4139 in
1473 4101 1569 4141 sua
1608 4089 1803 4159 scripta

226 4171 513 4227 transferre
553 4172 778 4228 voluerit
804 4193 817 4228 :
846 4174 914 4228 ita
945 4189 1108 4246 prope
1133 4176 1275 4231 nulla
1315 4188 1398 4233 est
1425 4195 1541 4248 quae
1572 4195 1670 4236 nos
1698 4197 1805 4238 non

228 4263 543 4332 admoneat,
585 4265 725 4321 intus
770 4267 824 4322 in
877 4268 990 4337 ipsa
1041 4270 1295 4327 societate
1345 4272 1803 4332 Sacramentorum

228 4355 416 4424 quibus
443 4355 729 4410 imbuimur
748 4357 813 4411 ad
838 4359 997 4412 vitam
1019 4369 1292 4430 aeternam,
1322 4377 1440 4417 cum
1468 4364 1550 4420 his
1575 4368 1663 4436 qui
1681 4368 1807 4423 ode-

231 4456 351 4499 runt
376 4461 557 4516 pacem
575 4463 694 4504 esse
708 4448 903 4505 debere
919 4442 1190 4519 pacificos,
1218 4454 1388 4511 donec
1413 4457 1807 4527 ingemiscendo

231 4547 407 4591 nostra
431 4539 711 4610 longinqua
743 4543 1092 4611 peregrinatio
1116 4553 1350 4602 transeat
1379 4545 1548 4621 (Psal.
1577 4567 1719 4618 crux,
1754 4554 1807 4608 5-

231 4628 304 4699 7);
331 4638 490 4700 atque
528 4631 579 4684 in
618 4632 812 4686 virtute
840 4632 1132 4690 Jerusalem
1180 4641 1362 4694 matris
1389 4650 1603 4698 :eternae
1649 4659 1806 4701 secu-

233 4720 436 4774 rissima
458 4736 587 4789 pace
603 4716 965 4792 perfruamur,
995 4725 1120 4780 etin
1145 4729 1375 4786 turribus
1396 4733 1512 4800 ejus
1537 4734 1807 4791 abundan-

233 4813 299 4865 tia
332 4829 579 4868 verorum
604 4813 824 4870 fratrum
848 4815 1014 4886 (Psal.
1047 4821 1218 4894 eam),
1251 4837 1474 4891 quorum
1505 4841 1645 4898 nunc
1670 4830 1808 4884 inter

234 4905 422 4959 multos
444 4903 603 4960 falsos
621 4909 883 4978 gemimus
898 4913 1235 4978 paucitatem.
1262 4914 1390 4980 Qua:
1410 4927 1492 4971 est
1511 4929 1684 4974 autem
1703 4923 1808 4976 vir-

234 5003 313 5048 tus
341 4995 486 5050 illius
507 4998 763 5066 civitatis,
794 5001 896 5055 nisi
927 5002 1064 5057 Deus
1097 5003 1212 5073 ejus
1239 5005 1378 5060 Deus
1399 5011 1621 5065 noster?
1651 5011 1807 5069 Vides

234 5087 388 5155 igitur
409 5090 461 5142 in
490 5107 596 5158 quo
621 5093 736 5146 solo
763 5095 851 5146 fiat
876 5109 972 5163 pax
990 5137 1003 5160 ,
1033 5105 1086 5150 et
1115 5097 1334 5168 singulis
1357 5099 1656 5159 hominibus
1678 5145 1692 5172 ,
1717 5107 1807 5176 qui

234 5193 407 5232 secum
437 5179 551 5236 sine
569 5181 659 5235 illo
686 5182 1098 5255 bellumgerunl,
1121 5189 1279 5242 etiam
1310 5193 1456 5246 nullo
1481 5195 1808 5254 extrinsecus

235 5266 419 5322 oborto
438 5270 722 5338 seandalo;
753 5282 806 5326 ct
829 5275 1072 5329 omnibus
1097 5277 1288 5346 simul,
1320 5281 1410 5350 qui
1430 5299 1724 5355 quanquam
1754 5287 1807 5342 in

237 5355 330 5413 hac
354 5374 412 5416 se
433 5362 540 5416 vita
560 5362 806 5438 diligant,
835 5374 888 5419 et
915 5367 1158 5422 amicitiae
1188 5369 1305 5424 lida:
1334 5373 1558 5430 nexibus
1587 5385 1804 5434 tenean-

237 5456 344 5518 tur,
377 5459 554 5508 tamen
577 5469 676 5509 nec
718 5457 998 5523 praesentia
1027 5462 1268 5528 corporis
1315 5478 1416 5519 nec
1458 5470 1808 5530 consensione

233 5583 587 5696 “'Egeicensita
606 5587 666 5638 ad
684 5587 751 5638 bl.
788 5590 865 5640 cb.
891 5591 941 5640 ﬂ'.
966 5605 1048 5656 gg.
1075 5608 1116 5643 r.
1141 5595 1215 5644 sb.
1242 5611 1316 5648 vc.
1337 5599 1459 5650 duos
1482 5609 1516 5652 t.
1541 5602 1662 5656 duos
1683 5620 1728 5657 γ.
1756 5616 1806 5658 et

291 5725 367 5792 (α)
387 5728 511 5781 Alias
528 5729 590 5781 69
616 5745 627 5779 :
646 5746 757 5796 quae
771 5743 941 5785 autem
960 5736 1049 5785 24’!)
1073 5747 1196 5800 erat,
1209 5747 1346 5792 ‘uuue
1369 5744 1446 5796 94.

212 5871 242 5901 L
586 5814 804 5878 Sacr.
844 5820 1122 5883 Aususr.
1166 5823 1246 5885 Il.

1765 5891 1823 5935 ..εξ

1972 785 2205 839 thematis
2233 789 2531 842 sententiam
2557 789 2842 856 rescindat,
2875 797 2960 842 aut
2986 790 3162 844 doceat
3187 796 3363 862 quibus
3391 800 3488 851 ad-

1975 877 2156 932 ductus
2175 880 2340 932 causis
2355 889 2492 950 putet
2514 880 2573 934 ob
2603 881 2755 934 unius
2783 890 3045 952 peccatum
3064 892 3219 937 totam
3243 889 3490 956 familiam

1975 973 2398 1025 excommunicari
2427 989 2591 1044 posse.

1904 1060 2133 1116 Domino
2158 1062 2504 1119 dilectissimo
2523 1106 2538 1130 ,
2569 1074 2621 1120 et
2645 1066 2934 1121 venerabili
2965 1065 3116 1123 fratri
3137 1079 3191 1124 et
3209 1084 3493 1129 consacer-

1987 1151 2098 1207 doti
2127 1154 2354 1210 Auxruo
2379 1197 2395 1222 ,
2425 1157 2786 1221 Aueusnxus,
2822 1157 2872 1211 in
2904 1158 3129 1213 Domino
3157 1161 3401 1216 salutem.

1975 1246 2027 1299 1.
2071 1245 2163 1300 Vir
2181 1248 2484 1317 spectabilis
2507 1249 2644 1304 lilius
2675 1262 2856 1304 noster
2894 1251 3245 1307 Classicianus
3275 1257 3289 1286 ⁸
3320 1260 3492 1325 gravi-

1904 1345 1988 1391 ter
2005 1337 2147 1408 apud
2177 1355 2263 1394 me
2292 1339 2482 1394 litteris
2501 1351 2720 1409 questus
2745 1350 2826 1394 est
2847 1382 2860 1406 ,
2885 1341 3025 1411 quod
3052 1343 3119 1396 sit
3139 1344 3492 1403 anathematis

1903 1428 2149 1498 injuriam
2192 1447 2220 1484 a
2271 1441 2356 1486 tua
2384 1431 2673 1486 Sanctitate
2719 1449 3047 1504 perpessus:
3080 1423 3306 1493 narrans.
3350 1443 3494 1509 quod

1903 1520 2108 1574 venerit
2137 1519 2202 1574 ad
2229 1521 2508 1576 ecclesiam
2531 1523 2861 1592 apparitione
2887 1541 3174 1594 paucorum
3202 1544 3315 1584 sua:
3336 1542 3491 1599 pote-

1903 1612 2026 1665 stati
2064 1626 2297 1682 congrua
2345 1613 2626 1667 comitatus
2647 1655 2660 1679 ,
2693 1625 2747 1668 et
2775 1616 2942 1684 egerit
2969 1625 3140 1671 tecum
3165 1661 3180 1685 ,
3208 1635 3277 1676 ne
3308 1631 3493 1676 contra

1904 1704 2130 1758 salutem
2161 1719 2310 1758 suam
2349 1705 2550 1760 faveres
2576 1706 2653 1760 eis
2680 1708 2768 1776 qui
2799 1723 2893 1776 per
2919 1708 3264 1778 Evangelium
3291 1715 3311 1744 ²
3342 1715 3491 1783 peje-

1905 1794 2076 1849 rando
2096 1836 2110 1859 ,
2156 1796 2474 1864 adjutorium
2506 1797 2764 1851 violanda:
2795 1797 2914 1852 fidei
2947 1799 2998 1852 in
3039 1800 3153 1870 ipsa
3183 1801 3306 1857 fidei
3333 1803 3494 1860 domo

1904 1885 2277 1954 requirebant;
2310 1903 2444 1956 quos
2473 1897 2647 1942 tamen
2678 1889 3079 1946 considerantes
3104 1895 3228 1963 quid
3265 1897 3387 1950 mali
3412 1897 3496 1952 fe-

1905 1975 2105 2041 cerint,
2142 1991 2247 2031 non
2278 1977 2398 2031 inde
2429 1978 2685 2034 violenter
2713 1981 2998 2046 abductos,
3027 1984 3119 2038 sed
3147 1997 3334 2054 sponte
3363 1989 3496 2044 dicit

1905 2081 2180 2135 egressos,
2210 2079 2366 2137 atque
2387 2068 2512 2124 hinc
2539 2069 2949 2127 Venerationem
2978 2084 3120 2128 tuam
3145 2077 3213 2130 ita
3244 2079 3342 2134 sibi
3365 2095 3490 2136 suc-

1905 2157 2179 2212 censuisse
2203 2199 2216 2222 ,
2247 2167 2301 2212 ut
2331 2159 2811 2216 ecclesiasticarum
2842 2165 3177 2221 confectione
3207 2167 3491 2228 Gestorum

1906 2262 2029 2302 cum
2056 2250 2200 2302 omni
2231 2249 2390 2303 domo
2417 2265 2510 2305 sua
2549 2254 2901 2310 anathematis
2931 2261 3192 2314 sententia
3224 2260 3492 2320 feriretur.

1907 2338 2109 2405 Quibus
2139 2341 2326 2396 litteris
2354 2341 2466 2411 ejus
2496 2343 2646 2399 lectis
2667 2387 2680 2409 ,
2712 2361 2817 2400 non
2860 2347 3200 2406 mediocriter
3229 2363 3458 2412 mstuans
3479 2401 3493 2425 ,

1907 2431 2316 2502 cogitationibus
2345 2449 2536 2506 magna
2556 2436 2731 2491 cordis
2758 2446 3070 2509 tempestate
3096 2441 3490 2516 fluctuantibus,

1907 2523 2048 2591 apud
2081 2523 2404 2579 Charitatem
2444 2535 2588 2580 tuam
2619 2537 2796 2584 tacere
2823 2545 2930 2585 non
2957 2534 3136 2601 potui;
3176 2545 3236 2589 ut
3260 2538 3302 2591 si
3335 2537 3497 2596 habes

1910 2614 1976 2668 de
2005 2613 2104 2668 ltac
2146 2631 2204 2669 re
2244 2621 2560 2671 sententiam
2582 2619 2742 2674 certis
2772 2623 3064 2678 rationibus
3086 2626 3168 2679 vel
3197 2625 3498 2698 Scriptura-

1912 2720 2030 2758 rum
2064 2706 2381 2762 testimoniis
2410 2708 2736 2778 exploratam
2758 2752 2773 2777 ,
2824 2727 2921 2766 nos
2947 2729 3156 2785 quoque
3201 2717 3391 2774 docere
3418 2724 3498 2776 di-

1909 2797 2088 2866 gneris
2112 2798 2379 2867 quomodo
2405 2809 2549 2854 recte
2577 2801 2950 2858 anathemetur
2967 2820 3062 2874 pro
3083 2810 3246 2876 patris
3278 2825 3496 2881 peccato

1911 2887 2053 2941 filius
2073 2929 2087 2954 ,
2119 2897 2210 2942 aut
2232 2905 2330 2960 pro
2355 2892 2528 2945 mariti
2561 2907 2728 2960 uxor,
2779 2903 2869 2948 aut
2917 2911 3014 2966 pro
3045 2897 3244 2954 domini
3275 2917 3459 2959 servus
3480 2948 3494 2972 ,

1911 2988 2000 3032 aut
2022 2979 2300 3051 quisquam
2327 2982 2378 3036 in
2406 2983 2565 3040 domo
2586 2985 2746 3040 etiam
2776 2987 3009 3042 nondum
3038 3000 3212 3058 natus,
3241 2995 3284 3048 si
3309 2997 3496 3054 eodem

1913 3076 2183 3139 tempore,
2214 3088 2320 3142 quo
2367 3073 2608 3130 universa
2639 3076 2828 3132 domes
2874 3088 2955 3134 est
2979 3083 3315 3140 anathemate
3359 3088 3496 3143 obli-

1911 3171 2029 3229 gata
2055 3202 2068 3227 ,
2102 3171 2349 3217 nascatur
2367 3206 2382 3232 ,
2413 3180 2512 3220 nec
2542 3167 2589 3221 ei
2615 3169 2782 3236 possit
2802 3185 2897 3239 per
2925 3171 3191 3229 lavacrum
3212 3192 3497 3248 regenera-

1914 3250 2070 3305 tionis
2095 3253 2149 3306 in
2177 3255 2362 3309 mortis
2391 3257 2628 3326 periculo
2657 3261 2945 3317 subveniri.
2992 3265 3173 3336 Neque
3212 3270 3353 3324 enim
3383 3273 3497 3329 inec

1912 3344 2202 3412 corporalis
2234 3357 2314 3401 est
2341 3362 2494 3416 poena
2519 3366 2622 3419 qua
2645 3351 2868 3423 legimus
2891 3358 3146 3426 quosdam
3169 3374 3498 3434 contempto-

1912 3451 2002 3492 res
2034 3437 2124 3492 Dei
2156 3455 2278 3494 cum
2316 3442 2425 3496 suis
2454 3446 2726 3514 omnibus,
2781 3451 2870 3518 qui
2920 3452 3157 3521 ejusdem
3209 3458 3496 3528 impietatis

1914 3529 2201 3598 participes
2233 3545 2340 3586 non
2369 3532 2603 3603 fuerunt,
2635 3539 2836 3606 pariter
2855 3542 3180 3600 interfectos.
3211 3548 3359 3604 Tunc
3380 3555 3497 3622 qui-

1912 3617 2035 3674 dem
2062 3620 2128 3674 ad
2151 3629 2408 3677 terrorem
2438 3625 2722 3682 viventium
2755 3633 2997 3688 mortalia
3019 3651 3240 3706 corpora
3268 3617 3497 3709 perime-

1912 3708 2138 3779 bautur,
2174 3715 2489 3786 quandoque
2528 3720 2707 3791 utique
2752 3725 3007 3782 moritura
3039 3746 3050 3780 :
3083 3708 3372 3800 spiritualis
3401 3753 3498 3793 au-

1914 3812 2020 3858 tem
2061 3820 2249 3874 pinna,
2281 3824 2381 3876 qua
2413 3810 2471 3864 lit
2493 3811 2636 3880 quod
2663 3814 2915 3886 scriptum
2944 3830 3057 3888 est,
3110 3821 3236 3886 Qua:
3265 3824 3497 3897 ligaveris

1913 3899 1966 3950 in
1992 3907 2124 3951 terra
2143 3939 2158 3966 ,
2192 3911 2335 3953 erunt
2365 3903 2522 3972 ligata
2548 3915 2593 3958 et
2613 3908 2664 3960 in
2696 3911 2819 3963 cmlo
2849 3911 3060 3982 (Matth.
3090 3931 3200 3983 xw,
3236 3919 3349 3990 19),
3375 3925 3494 3977 ani-

1912 4002 2026 4040 nvas
2048 3987 2276 4058 obligat,
2310 3991 2376 4045 de
2402 3994 2592 4061 quibus
2616 3996 2814 4053 dictum
2845 4011 2927 4056 est
2947 4045 2960 4069 ,
2990 4005 3174 4059 Anima
3198 3987 3356 4077 patris
3385 4031 3497 4068 mea

1913 4085 1986 4128 est
2009 4118 2022 4141 ,
2053 4088 2100 4130 et
2125 4081 2295 4132 anima
2310 4081 2404 4148 ﬁlii
2435 4100 2543 4137 mea
2568 4096 2640 4139 est
2673 4102 2692 4141 :
2720 4091 2889 4144 anima
2915 4109 3028 4163 qua:
3053 4101 3324 4164 peccaverit
3342 4143 3358 4170 ,
3383 4105 3495 4174 ipsa

1913 4169 2150 4223 morietur
2169 4170 2380 4240 (Ezech.
2414 4190 2561 4243 xvm,
2593 4178 2668 4247 4).

1983 4261 2036 4314 2.
2066 4261 2273 4318 Audisti
2303 4266 2524 4323 fortasse
2546 4269 2750 4340 aliquos
2775 4277 2950 4345 magni
2982 4280 3212 4338 nominis
3239 4289 3488 4343 sacerdo-

1915 4361 1994 4407 tes
2020 4367 2139 4407 cum
2171 4353 2329 4409 domo
2370 4373 2462 4412 sua
2501 4362 2799 4430 quempiam
2851 4369 3224 4430 anathemasse
3271 4393 3493 4448 peccan-

1913 4443 2043 4497 tium
2078 4463 2089 4497 :
2124 4445 2218 4500 sed
2269 4446 2404 4503 forte
2446 4452 2488 4504 si
2542 4464 2719 4508 essent
2749 4457 3094 4532 interrogati,
3129 4443 3494 4538 reperirentur

1917 4534 2093 4591 idonei
2122 4537 2343 4594 reddere
2373 4541 2493 4597 inde
2520 4546 2800 4602 rationem.
2858 4551 2970 4622 Ego
2994 4534 3204 4625 autem,
3239 4563 3492 4630 quoniam

1913 4627 1954 4680 sl
1979 4629 2097 4697 quis
2122 4643 2186 4683 ex
2218 4647 2303 4685 me
2329 4645 2716 4701 qumratutrum
2745 4651 2886 4695 recte
2905 4644 3154 4715 liat,quid
3185 4651 3234 4704 ei
3256 4627 3490 4724 respon-

1913 4715 2066 4771 deam
2096 4734 2201 4772 uon
2239 4720 2484 4788 invenio;
2516 4742 2783 4796 nunquam
2829 4733 2931 4786 hoc
2969 4735 3145 4793 facere
3169 4757 3330 4798 ausus
3351 4715 3487 4812 sum,

1911 4823 2029 4862 cum
2058 4808 2126 4864 de
2141 4813 2489 4880 quorumdam
2523 4815 2843 4877 facinoribus
2886 4825 3189 4885 immaniter
3235 4808 3490 4894 adversus

1913 4901 2207 4956 Ecclesiam
2237 4909 2571 4975 perpetratis,
2596 4911 2905 4980 gravissime
2930 4932 3286 4986 permoverer.
3321 4927 3426 4984 Sed
3444 4933 3490 4985 si

1914 4992 2007 5047 tibi
2035 4993 2173 5048 forte
2203 4997 2450 5066 quoniam
2479 4998 2620 5068 juste
2646 5001 2760 5070 ﬁat,
2789 5004 3044 5064 Dominus
3091 5016 3343 5072 revelavit
3395 5038 3492 5076 ne-

1912 5097 2175 5152 quaquam
2218 5085 2509 5155 juvenilem
2548 5101 2757 5147 tetatem
2810 5105 2974 5166 tuam,
3003 5111 3056 5155 et
3082 5103 3299 5162 honoris
3322 5084 3492 5167 eccle-

1917 5174 2118 5229 siastici
2139 5177 2436 5232 rudimenta
2474 5192 2757 5239 contemno
2787 5205 2800 5240 :
2832 5203 2896 5242 en
2928 5191 3136 5263 adsum,
3160 5211 3323 5254 senex
3351 5217 3380 5254 a
3406 5203 3493 5271 ju-

1915 5281 2047 5322 vene
2095 5278 2148 5322 et
2195 5270 2477 5341 cpiscopus
2529 5282 2605 5329 tot
2639 5290 2896 5336 annorum
2940 5299 2969 5337 a
3015 5288 3216 5358 collega
3264 5270 3490 5352 necdum

1913 5357 2157 5412 anniculo
2184 5369 2396 5429 paratus
2426 5377 2540 5417 sum
2578 5364 2802 5438 discere,
2832 5376 3100 5442 quomodo
3127 5357 3208 5433 vel
3259 5380 3368 5437 Deo
3411 5388 3496 5443 vel

1975 5470 1993 5547 ξ
2018 5470 2155 5547 apud.
2171 5472 2444 5547 snselmum
2466 5479 2956 5547 Lucensemlegitur,
2979 5499 3132 5538 comes
3149 5487 3489 5547 Classicimms.

1974 5533 1994 5560 ³
2017 5531 2267 5584 Anselmus
2285 5542 2414 5595 Luc.,
2438 5549 2524 5600 per
2545 5531 2814 5606 Evmgelia:

1975 5613 2275 5690 :ttrnendata‘
2289 5615 2347 5664 ad
2368 5617 2437 5666 bl.
2453 5618 2502 5668 ϐ’.
2528 5634 2602 5670 vc.
2621 5628 2724 5673 tres
2743 5639 2789 5675 v.
2806 5627 2864 5676 ad
2888 5628 2999 5678 Edd.
3024 5638 3076 5682 et
3094 5633 3153 5682 ad
3175 5634 3384 5688 Ansclmi
3407 5617 3492 5690 Lu-

1909 5675 2070 5723 censis
2091 5674 2442 5727 collectionem.

1972 5755 2043 5819 (τι)
2068 5757 2188 5807 Alias
2203 5760 2263 5810 75
2281 5775 2290 5808 :
2307 5776 2416 5826 qua:
2450 5774 2613 5815 autem
2636 5768 2724 5818 230
2749 5778 2872 5832 erat,
2897 5787 3023 5823 nunc
3043 5777 3118 5825 95.

2640 5852 3170 5938 (Trente-quntre.
3182 5865 3208 5932 }
