4024 6376
266 209 406 271 ιω

335 322 556 384 terendo
603 320 757 379 fratri
810 318 995 376 Furor
1022 358 1038 386 ,
1101 315 1435 373 Ancusmus
1454 352 1470 381 ,
1523 312 1579 371 in
1630 309 1855 367 Domino

335 420 580 489 salutem.

325 510 494 567 Novit
513 509 712 580 optime
743 506 946 577 Religio
973 513 1057 559 tua
1087 518 1246 575 quam
1272 516 1456 558 curam
1496 497 1707 556 tuendis
1735 511 1855 551 cum

263 606 518 662 omnibus
567 602 891 667 hominibus,
942 608 1050 653 tum
1093 598 1322 652 maxime
1360 594 1574 665 pupillis
1618 590 1855 647 Ecclesia

264 699 353 755 vel
399 696 633 767 episcOpi
676 694 927 747 debeant.
975 690 1127 746 Unde
1169 689 1398 758 receptis
1424 686 1616 749 litteris
1647 684 1772 746 tuis,
1804 690 1858 737 et

271 790 526 858 exemplo
555 787 850 841 litterarum
879 784 977 836 viri
1022 781 1325 851 spectabilis
1349 778 1525 832 fratris
1562 774 1731 831 nostri
1757 772 1853 843 (α),

263 895 366 936 nec
399 880 540 950 potui
560 893 659 933 nec
687 877 843 931 debui
870 875 1064 945 passim
1097 872 1323 942 puellam
1345 870 1592 939 cuiquam
1612 866 1858 921 commit-

265 981 417 1035 tere;
452 968 746 1038 prznsertim
782 967 903 1036 quia
952 980 1069 1019 eam
1126 962 1380 1018 Ecclesiae
1426 956 1853 1027 commendavit,

262 1062 481 1117 domine
507 1058 850 1115 dilectissime
873 1056 1168 1123 meritoque
1200 1052 1548 1114 honorabilis,
1580 1058 1636 1104 et
1662 1046 1855 1118 prafe-

264 1154 435 1209 r'ende
477 1150 663 1205 frater.
696 1147 927 1205 Proinde
958 1146 1243 1200 adventum
1272 1144 1389 1213 ejus
1430 1148 1699 1210 exspecto,
1732 1148 1789 1194 ut
1811 1138 1853 1191 si

262 1245 391 1316 quid
416 1244 533 1299 fieri
558 1247 822 1311 oporteat,
865 1239 982 1309 ejus
1011 1237 1292 1308 praesentia
1336 1235 1659 1300 deliberem,
1695 1240 1749 1287 et
1776 1231 1855 1285 fa-

262 1340 401 1394 ciam
431 1336 574 1408 quod
598 1335 853 1389 Dominus
875 1331 1179 1386 faciendum
1205 1344 1324 1385 esse
1353 1327 1711 1398 inSpiraverit.

704 1444 1029 1501 EPISTOLA
1067 1442 1267 1529 CCLlll
1285 1444 1311 1469 ⁹

263 1564 574 1665 [Augustinus
598 1561 665 1637 ad
686 1540 1012 1643 Bonenatum,
1038 1559 1100 1612 de
1118 1558 1293 1647 eadem
1326 1555 1494 1626 puella
1521 1555 1539 1628 (
1560 1564 1613 1608 ut
1634 1553 1851 1631 videtur)

270 1638 323 1665 η’
352 1648 414 1737 ξιτ
447 1642 825 1707 matrimonium
849 1638 947 1705 non
971 1638 1217 1725 tradenda
1240 1650 1336 1702 nisi
1360 1650 1465 1701 viro
1491 1647 1759 1700 catholico.
1814 1640 1819 1647 λ

270 1730 503 1831 poniino
530 1744 859 1828 beatissimo,
885 1751 937 1796 et
962 1730 1248 1825 venerabili
1290 1756 1351 1793 ac
1378 1738 1715 1811 desiderabili
1744 1735 1854 1811 fra-

282 1812 297 1849 ί
336 1812 737 1915 ἰδ”Βεέιῖξιιιι-ῥ,
762 1840 814 1887 et
838 1833 925 1909 qui
954 1812 1124 1915 tecum
1144 1839 1269 1911 sunt
1290 1830 1561 1894 fratribus,
1586 1830 1849 1901 AUGUSTI-

333 1904 783 2029 ἐξιεξὶιιᾘοιηῑῇο
803 1902 1107 2015 εθξιιιρηι.³’
1166 1912 1185 1919 ”
1364 1906 1367 1917 ί
1614 1906 1617 1907 ν
1764 1920 1767 1921 ⁷

332 2045 440 2125 ger
468 2058 627 2121 quem
655 2043 827 2119 saluto
854 2039 1202 2119 Sanciitatem
1232 2048 1396 2112 tuam,
1424 2036 1491 2111 de
1525 2034 1626 2109 fide
1645 2036 1761 2104 ejus
1788 2043 1843 2101 et

253 2140 404 2213 bono
434 2138 575 2213 circa
598 2134 891 2211 Ecclesium
909 2132 1085 2209 studio
1109 2130 1453 2207 gratulamur.
1476 2128 1655 2185 Voluit
1677 2136 1853 2203 autem

559 2208 947 2305 Benignitatem
974 2208 1094 2295 cum
1139 2221 1329 2299 litteris
1358 2220 1493 2295 meis
1521 2219 1724 2283 venire,
1762 2215 1856 2271 d0-

256 2300 782 2401 rriin'e.diiectiSSiIne
818 2331 881 2391 ac
916 2300 1231 2393 venerabilis
1259 2311 1441 2387 frater.
1492 2310 1560 2367 Et
1602 2310 1853 2382 quoniam

256 2392 448 2491 audivi
470 2392 635 2487 quod
677 2392 744 2465 de
770 2392 982 2483 negotio
1009 2407 1099 2481 illo
1128 2405 1416 2491 transigere
1445 2402 1668 2473 cogitas,
1696 2403 1738 2455 si
1767 2416 1857 2455 ve-

254 2482 386 2583 rum
414 2511 495 2578 est
520 2501 701 2575 (quod
733 2482 916 2565 miror,
950 2498 992 2575 si
1022 2478 1205 2551 verum
1254 2504 1335 2549 est
1360 2474 1408 2571 j,
1440 2494 1578 2548 nosti
1604 2491 1856 2564 quemad-

250 2573 698 2676 rioqumdebeas
720 2576 1004 2668 episcopali
1036 2586 1352 2667 paternitate
1381 2584 1653 2663 catholicae
1674 2583 1855 2637 Eccle-

253 2675 358 2763 ἔξω
381 2682 665 2759 providere
689 2698 703 2746 ;
736 2690 917 2757 utnon
938 2694 1059 2734 cum
1083 2677 1318 2753 quolibet
1416 2691 1561 2745 agas,
1586 2675 1629 2753 si
1655 2684 1852 2740 tamen,

254 2757 489 2857 ut'dixi,
521 2788 701 2851 verum
734 2781 816 2826 est
839 2770 980 2853 quod
998 2771 1193 2835 audivi,
1224 2769 1316 2839 sed
1343 2768 1518 2838 potius
1548 2782 1668 2843 cum
1698 2766 1856 2820 domo

252 2870 571 2951 catholica,
618 2868 769 2945 cujus
828 2883 931 2922 non
984 2868 1156 2921 solum
1216 2866 1413 2921 nullanI
1455 2866 1852 2923 adversitalcm,

249 2950 451 3045 rerum
473 2964 631 3020 etiam
654 2962 807 3017 fidele
825 2959 1144 3031 adjutorium
1170 2959 1368 3029 habere
1396 2959 1562 3029 possit
1591 2958 1850 3011 Ecclesia.

712 3094 1044 3150 EPISTOLA
1083 3091 1281 3147 CCLIV
1316 3092 1410 3163 (c).

250 3212 577 3289 Augustinus
606 3211 672 3265 ad
699 3209 927 3264 eumdem
956 3208 1288 3273 Benenalum,
1320 3204 1600 3275 pronubnm
1630 3214 1857 3273 agentem

262 3288 381 3321 ’ων
826 3288 827 3291 η
888 3300 1084 3357 Rustici
1113 3299 1241 3367 ﬁlio.
1820 3296 1821 3299 “

252 3420 493 3495 gemino
513 3416 839 3495 beatissimo,
870 3423 923 3468 et
949 3412 1237 3468 venerabili
1260 3425 1322 3465 ac
1344 3408 1682 3465 desiderabili
1709 3407 1856 3493 fratri

292 3488 393 3566 “et
432 3490 797 3565 consacerdou
839 3506 1123 3560 [inservare
1145 3548 1158 3569 ,
1202 3512 1255 3559 et
1284 3504 1371 3573 qui
1402 3513 1572 3558 tecum
1599 3510 1721 3557 sunt
1748 3482 1856 3555 frau-

335 3601 541 3667 tribus,
576 3603 904 3669 AUGUSTINUS
935 3609 989 3653 et
1016 3598 1103 3668 qui
1142 3613 1348 3653 mecum
1390 3606 1513 3651 sunt
1551 3595 1769 3657 fratres,
1807 3595 1855 3647 in

335 3678 563 3771 Domino
588 3693 834 3747 salutem.

340 3802 521 3856 Puella
548 3800 614 3867 de
643 3816 742 3869 qua
773 3799 899 3852 mihi
926 3801 1139 3868 scripsit
1162 3800 1424 3866 Sanctitas
1450 3809 1556 3862 tua,
1597 3801 1645 3852 in
1674 3814 1733 3852 ea
1762 3814 1857 3852 vo-

260 3899 475 3951 luntate
514 3900 633 3958 est,
667 3902 724 3945 ut
749 3893 792 3944 si
818 3900 947 3944 aetas
966 3891 1020 3944 ei
1048 3892 1156 3959 jam
1199 3900 1400 3942 matura
1440 3900 1613 3955 esset,
1650 3892 1776 3943 nulli
1808 3893 1856 3943 in

262 3984 471 4055 nuptiis
497 3982 824 4037 conveniret.
859 3979 915 4034 III
941 3994 1003 4034 ea
1030 3995 1154 4034 vero
1182 3988 1335 4032 artato
1362 3988 1470 4041 est,
1513 3988 1568 4032 ut
1596 3980 1639 4032 si
1671 3980 1858 4031 volun-

264 4086 434 4135 tatem
467 4074 697 4129 nubendi
724 4072 971 4137 haberet,
1003 4070 1128 4125 nulli
1160 4069 1335 4124 adhuc
1363 4069 1476 4123 dari
1518 4070 1596 4123 vel
1626 4070 1858 4137 promitti

264 4170 511 4228 deberet.
546 4167 659 4222 Huc
696 4165 900 4221 accedit
938 4164 1057 4234 quia
1095 4179 1211 4218 eam
1254 4163 1391 4216 Deus
1428 4161 1480 4215 in
1517 4162 1752 4216 Ecclesia
1785 4162 1861 4217 sic

267 4261 470 4324 tuetur,
498 4267 756 4314 utcontra
780 4259 1051 4327 improbos
1073 4265 1306 4319 tueatur;
1335 4270 1439 4308 non
1465 4264 1520 4308 ut
1540 4256 1620 4309 cui
1644 4256 1861 4309 voluero

268 4351 409 4410 tradi
431 4352 620 4423 possit,
652 4349 745 4405 sed
768 4359 871 4403 uta
897 4364 1001 4418 quo
1026 4362 1131 4402 non
1154 4354 1382 4416 oportet,
1410 4347 1523 4416 rapi
1545 4360 1651 4400 non
1671 4347 1858 4416 possit,

266 4445 489 4503 domine
529 4442 798 4497 Benenate
840 4440 1185 4495 dilectissime
1223 4448 1275 4492 et
1317 4437 1636 4492 venerabilis
1674 4436 1859 4492 frater.

267 4536 524 4596 Conditio
550 4536 727 4605 itaque
752 4548 909 4605 quam
938 4533 1205 4587 insinuare
1230 4530 1472 4601 dignatus
1495 4545 1575 4594 es,
1602 4544 1707 4583 non
1734 4529 1862 4583 mihi

277 4629 557 4700 .lisplicet,
590 4628 635 4682 si
663 4634 886 4695 nuptura
912 4632 1035 4680 est:
1070 4635 1244 4679 utrum
1286 4633 1463 4679 autem
1511 4632 1736 4692 nuptura
1772 4623 1861 4687 sit,

268 4721 375 4779 etsi
416 4718 549 4774 illud
594 4718 734 4789 qubd
780 4719 829 4772 in
877 4731 972 4771 ore
1010 4716 1170 4771 habet
1211 4716 1379 4786 magis
1420 4724 1693 4785 optamus,
1725 4730 1866 4770 nunc

271 4827 457 4870 tamen
498 4812 836 4881 ignoramus;
868 4808 990 4880 quia
1020 4806 1082 4862 'in
1123 4808 1205 4861 his
1232 4808 1383 4862 annis
1411 4817 1518 4873 est,
1549 4810 1606 4861 ut
1634 4816 1688 4862 et
1723 4808 1864 4877 quod

269 4904 331 4963 se
372 4905 505 4960 dicit
528 4903 677 4958 velle
714 4901 833 4957 esse
871 4901 1326 4955 sanctimonialem
1348 4941 1361 4965 ,
1399 4901 1553 4970 jocus
1591 4901 1659 4954 sit
1693 4900 1866 4970 potius

270 4994 601 5069 garrientis,
641 5008 798 5063 quam
844 4993 1061 5062 sponsio
1107 4990 1418 5061 proﬁtentis.
1468 4991 1667 5046 Deinde
1706 4990 1868 5046 habet

273 5094 645 5149 materteram,
677 5086 827 5154 cujus
850 5084 931 5137 vir
955 5080 1674 5137 honorabilisfrater'noster
1698 5082 1862 5148 Felix,

272 5180 403 5236 dum
427 5177 498 5233 de
520 5176 623 5231 hac
641 5190 703 5231 re
726 5174 1067 5230 contulisSem'
1094 5186 1214 5229 cum
1242 5174 1332 5229 illo
1362 5172 1563 5247 (neque
1580 5175 1722 5228 enim
1749 5188 1869 5243 pos-

342 5393 360 5413 '
383 5397 553 5455 EpIstt.
574 5394 719 5441 DCLIII
734 5395 786 5439 et
819 5394 963 5437 ocuv
980 5400 1078 5437 non
1094 5395 1308 5450 repertae
1332 5389 1381 5435 in
1401 5393 1507 5435 Mss.
1528 5388 1619 5437 nisi
1640 5388 1718 5437 ,cb.
1748 5395 1799 5437 et
1822 5402 1866 5437 v.

342 5464 577 5604 zagForte
598 5466 790 5535 Rustici,
815 5468 891 5526 cui
914 5464 1139 5523 scribitur
1164 5466 1495 5547 epistola‘ﬂss.
1842 5482 1845 5487 ‘

360 5542 395 5591 ἡ
438 5537 843 5604 altas-mtuum
862 5544 1031 5586 autem
1052 5535 1325 5604 2.51pm
1368 5542 1495 5594 erat,
1519 5546 1645 5584 nunc
1665 5532 1774 5595 π,
1822 5548 1845 5586 e

360 5532 418 5601 ᾖ)
441 5532 843 5601 Alias-Saizquaa
862 5544 1031 5586 autem
1052 5532 1325 5601 2.51pm
1368 5542 1495 5594 erat,
1519 5546 1645 5584 nunc
1665 5532 1774 5595 237,
1822 5542 1873 5586 et

280 5598 409 5669 quin:
431 5602 523 5669 23:5
552 5598 765 5669 secunda
789 5607 912 5658 erat,
928 5611 1073 5669 nunc
1076 5598 1186 5669 195.

346 5664 422 5730 (ο)
443 5662 568 5715 Alias
585 5662 680 5714 233
694 5675 836 5727 :qure
859 5668 1027 5712 autem
1045 5659 1139 5711 254
1161 5665 1287 5721 erat,
1308 5671 1438 5710 nunc
1456 5658 1565 5710 10L

1798 5769 1913 5778 .,.-_..
1938 5769 1955 5772 -

1433 189 1911 261 Εριπθιιιιωιι
1946 190 2221 258 αιΑειειε
2250 190 2339 257 W-

3410 197 3549 269 ιρῖο

1964 318 2076 367 sem
2105 304 2278 371 aliter.
2310 301 2398 367 vel
2422 300 2699 383 deberem)
2723 316 2833 371 non
2860 304 3076 384 quidem
3103 304 3302 377 intritae
3321 313 3546 380 accepti.

1963 399 2071 457 imo
2101 397 2259 457 etiam
2288 396 2581 474 gratulatus
2606 404 2722 474 est;
2761 397 2857 461 sed
2885 397 3005 466 jure
3034 401 3276 477 amicitia:
3307 415 3417 469 non
3445 404 3548 471 nn-

1961 499 2189 563 portune
2215 490 2379 551 doluit
2418 472 2559 560 quod
2589 490 2667 549 eis
2696 472 2827 549 nihil
2859 490 2981 571 inde
3011 491 3081 546 sit
3107 472 3381 562 scriptum.
3411 478 3546 571 sui-

1965 582 2120 644 tassis
2141 582 2280 638 enim
2303 597 2419 651 qua:
2441 597 2582 643 nunc
2604 597 2709 659 non
2729 566 2968 650 apparet,
2988 585 3261 653 apparebit
3279 596 3334 641 et
3354 566 3545 659 mater,

1964 675 2117 745 cujus
2156 676 2483 731 voluntatem
2526 676 2577 730 in
2620 656 2873 733 tradenda
2902 675 3038 738 ﬁlia,
3070 679 3345 745 omnibus,
3375 654 3546 741 m5};

1964 767 2152 832 bitror,
2185 778 2372 822 natura
2404 767 2692 836 praeponit;
2726 765 2827 842 nisi
2857 765 3042 841 eadem
3069 770 3240 836 puella
3273 770 3325 851 in
3354 787 3416 831 ea
3438 772 3547 841 jam

1964 868 2121 913 aetate
2164 859 2354 923 fuerit,
2387 868 2443 912 ut
2467 858 2585 927 jure
2616 858 2890 915 licentiore
2919 858 3019 933 sibi
3060 858 3220 927 eligat
3258 859 3369 929 ipsa
3409 864 3549 937 qupd

1963 951 2110 1017 velit.
2141 950 2272 1010 ιιιυά
2298 966 2507 1021 quoque
2533 950 2729 1021 cogitet
2753 949 3042 1011 Sinceritas
3070 958 3177 1017 tua,
3204 951 3323 1021 quia
3350 952 3397 1016 si
3422 956 3552 1021 mihi

1963 1042 2031 1099 de
2059 1044 2255 1113 nuptiis
2284 1016 2398 1113 ejus
2421 1016 2661 1113 potestas
2685 1056 2893 1099 summa
2920 1057 2981 1115 ac
3011 1052 3117 1103 tota
3142 1016 3402 1117 tribuatur
3421 1016 3553 1114 ,‘at-

1962 1152 2065 1208 que
2108 1137 2221 1206 ipsa
2264 1151 2474 1206 quoque
2514 1136 2623 1205 jam
2665 1146 2870 1191 matura
2907 1144 2961 1191 et
2990 1135 3193 1193 nubere
3221 1138 3439 1207 volens,
3468 1144 3551 1197 cui

1966 1228 2187 1283 voluero
2215 1243 2273 1282 se
2309 1226 2616 1283 tradendam
2660 1227 2757 1283 sub
2798 1226 2904 1283 Deo
2939 1227 3123 1295 judice
3148 1228 3281 1285 mihi
3306 1232 3554 1289 commit-

1964 1327 2073 1385 tat;
2104 1321 2181 1374 sic
2208 1320 2347 1384 dico,
2377 1328 2433 1374 et
2458 1335 2641 1374 verum
2673 1319 2814 1385 dico,
2847 1320 2975 1377 mihi
3006 1320 3212 1388 placere
3242 1323 3396 1397 istam
3424 1302 3553 1381 con-

1962 1412 2252 1478 ditionem,
2299 1422 2357 1465 ut
2412 1420 2627 1491 propter
2682 1412 2853 1489 [genui
2904 1411 3134 1491 iudicem
3193 1429 3298 1469 non
3352 1417 3552 1485 possim

1962 1519 2215 1573 respuere
2241 1506 2513 1585 meliorem
2539 1523 2552 1558 :
2580 1519 2697 1585 quae
2724 1513 2897 1585 utrum
2927 1504 3217 1585 adventura
3250 1509 3339 1575 sit,
3369 1510 3554 1580 utique

1962 1598 2223 1681 incertum
2270 1572 2372 1653 cst.
2418 1572 2933 1671 Quapropternvidet
2962 1573 3217 1653 Charitas
3234 1584 3321 1655 tua
3356 1572 3554 1673 quanta

1962 1669 2346 1745 consideranda
2371 1682 2718 1756 concurrant,
2755 1698 2811 1742 ut
2836 1694 2981 1767 nunc;
3000 1686 3037 1743 a'
3055 1706 3140 1765 me
3163 1669 3556 1764 cuiquampi‘rd-

1962 1782 2099 1837 mitti
2128 1782 2344 1837 omnino
2374 1772 2480 1835 non
2513 1772 2697 1849 possit".
2800 1776 2805 1781 ⁷
2862 1776 2869 1779 ⁴
2954 1760 2979 1777 ”
3022 1774 3028 1781 ’

2389 1868 2721 1944 EPISTOLA
2760 1889 2935 1946 CCLV
2962 1896 2979 1915 ί
3010 1893 3109 1963 (α).

1962 2004 2273 2097 {iuﬂusiinus
2298 2003 2365 2097 ad
2392 2002 2685 2091 Rusticum,
2718 2002 2781 2056 de
2808 2004 2975 2079 puella
3015 2006 3067 2059 in
3105 2007 3409 2097 connuoium
3444 2012 3554 2085 ejus

2050 2094 2056 2100 ’
2144 2076 2151 2091 ’
2235 2095 2238 2099 ’
2304 2080 2343 2099 ’Ἴ
2594 2088 2909 2165 ῥιὶοῤεὶτα.
3024 2086 3065 2107 ”
3114 2084 3121 2095 ’
3460 2076 3511 2097 Ἠ

1961 2210 2188 2283 Domino
2214 2208 2589 2281 dilectissimo,
2622 2216 2678 2277 et
2710 2210 2900 2263 merito
2939 2209 3260 2281 praedicabili
3288 2227 3353 2271 ac
3380 2215 3554 2286 suspi-

2032 2301 2223 2371 ciendo
2259 2301 2366 2365 lilio
2407 2300 2670 2369 ἣυετιεο,
2702 2296 3073 2374 AUGUSTINUs,
3106 2303 3159 2373 in
3198 2303 3427 2371 Domino
3461 2320 3549 2361 sa-

2032 2396 2213 2450 lutem.

2032 2506 2286 2573 Quamvis
2324 2506 2416 2561 tibi
2454 2514 2509 2560 et
2547 2504 2809 2561 universae
2844 2504 3026 2560 domui
3064 2514 3167 2561 tum
3205 2509 3381 2562 omnia
3414 2508 3553 2571 bona

1962 2612 2176 2671 optem,
2210 2615 2309 2656 nec
2352 2608 2555 2653 tantum
2592 2598 2666 2653 'ad
2714 2599 3017 2653 felicitatem
3061 2602 3335 2667 p'r'arsentis
3373 2603 3555 2658 saeculi

1963 2694 2301 2764 pertinentia,
2326 2706 2510 2747 verum
2532 2691 2691 2746 etiam
2717 2690 2782 2744 ad
2805 2691 2967 2744 vitam
2990 2690 3217 2745 futtiram
3238 2701 3397 2761 atque
3420 2692 3554 2748 sem-

1964 2785 2222 2855 piternam
2245 2825 2258 2849 ,
2292 2799 2409 2852 qua:
2455 2781 2547 2837 tibi
2592 2780 2827 2835 nondum
2863 2780 3127 2835 credenda
3156 2796 3405 2850 persuasa
3433 2793 3549 2849 est;

1965 2885 2139 2930 tamen
2180 2890 2298 2944 qua:
2328 2888 2413 2928 me
2453 2881 2728 2937 moveant,
2766 2882 2822 2926 ιιι
2857 2872 2924 2927 de
2970 2872 3144 2941 puella
3188 2888 3344 2942 quam
3390 2876 3548 2943 petis,

1965 2968 2093 3022 nihil
2114 2967 2287 3021 adhuc
2310 2965 2533 3020 audeam
2555 2964 2815 3034 polliceri.
2835 2974 3090 3033 quantum
3113 2965 3357 3019 sufficere
3376 2966 3552 3020 visum

1962 3068 2072 3122 est.
2102 3067 2287 3113 sancto
2314 3058 2461 3112 fratri
2492 3066 2545 3112 et
2569 3057 2885 3125 coepiscopo
2915 3070 3035 3110 meo
3061 3054 3331 3112 Benenato
3358 3060 3553 3113 rescri-

1962 3154 2063 3223 psi,
2092 3152 2307 3207 domine
2326 3151 2670 3207 dilectissime
2690 3160 2743 3205 et
2762 3151 3079 3205 venerabilis
3101 3152 3194 3206 fili.
3223 3151 3279 3207 Si
3304 3153 3447 3207 enim
3469 3163 3547 3221 tu,

1962 3260 2082 3300 cum
2120 3244 2417 3300 certissime
2454 3244 2689 3308 noveris,
2721 3243 2929 3299 etiamsi
2968 3252 3167 3298 nosuae
3198 3244 3455 3300 absolutae
3482 3246 3553 3301 sit

1964 3334 2238 3407 potestatis
2272 3336 2561 3405 quamlibet
2604 3336 2832 3404 puellam
2873 3336 2926 3390 in
2970 3336 3272 3406 eonjugium
3316 3338 3548 3404 tradere,

1965 3428 2099 3483 tradi
2131 3444 2159 3481 a
2187 3428 2340 3481 nobis
2373 3428 2717 3482 christianam
2757 3427 2858 3481 nisi
2897 3428 3186 3482 christiano
3215 3444 3319 3483 non
3352 3444 3549 3499 posse;

1963 3520 2095 3579 nihil
2126 3532 2302 3577 tamen
2331 3523 2459 3577 mihi
2492 3524 2595 3577 tale
2622 3520 2689 3575 de
2721 3516 2829 3575 filio
2856 3531 2974 3588 tuo,
3003 3524 3160 3591 quem
3189 3522 3363 3577 adhuc
3393 3538 3553 3594 paga-

1964 3631 2091 3670 num
2133 3610 2319 3680 audio,
2361 3615 2671 3684 promittere
2708 3613 2919 3667 voluisti
2954 3616 3548 3685 :quanto'magis'ego,

1964 3715 2181 3779 prepter
2210 3702 2296 3761 illa
2327 3718 2444 3776 qua:
2474 3707 2525 3759 in
2556 3705 2777 3775 epistola
2811 3707 3087 3760 memorati
3118 3694 3295 3760 fratris
3324 3708 3433 3762 mei
3475 3708 3555 3762 ie-

1963 3818 2089 3871 gere
2135 3802 2361 3871 poteris,
2410 3800 2695 3870 quidquam
2743 3799 2809 3854 de
2858 3800 2997 3855 illius
3049 3801 3235 3870 puellae
3278 3788 3549 3858 connubio

1964 3892 2229 3977 spondere
2270 3906 2376 3945 non
2402 3892 2605 3957 debeo,
2639 3892 2844 3945 etiamsi
2884 3892 3025 3961 quod
3058 3892 3166 3949 dixi
3205 3892 3273 3947 de
3311 3893 3420 3947 filio
3461 3903 3551 3949 tuo

1966 3996 2071 4063 non
2094 3991 2294 4061 tantum
2317 3982 2635 4061 promissum
2659 3989 2917 4047 tenerem,
2936 3980 3031 4035 sed
3047 3980 3156 4049 jam
3172 3981 3333 4036 etiam
3353 3981 3551 4037 factum

1965 4056 2085 4151 esse
2102 4056 2436 4152 gauderem?
3190 4056 3191 4059 “
3240 4058 3243 4059 7
3506 4056 3513 4061 ”

2419 4159 2748 4216 EPlSTOLA
2785 4160 2982 4216 CCLVI
3013 4160 3107 4230 (ὁ).

2136 4277 2365 4351 Oﬂiciose
2403 4273 2711 4359 Attgusiinus
2747 4272 2816 4326 ad
2853 4271 3164 4337 Christinum

1969 4392 2193 4449 Domino
2218 4389 2410 4453 merito
2439 4385 2796 4458 prmdicando,
2830 4385 3210 4457 Sinceriterque
3238 4387 3555 4453 charissima

2039 4499 2102 4540 ac
2125 4481 2613 4539 desiderantissime
2650 4479 2800 4535 fratri
2826 4479 3152 4547 CnaIerno,
3198 4480 3552 4549 AUGUSTINUS,

2041 4578 2093 4651 in
2122 4576 2345 4655 Domino
2370 4573 2613 4653 salutem.

2043 4690 2333 4759 Epistolam
2372 4700 2546 4741 meam
2578 4684 2882 4740 desiderare
2913 4694 3000 4751 te,
3046 4684 3177 4739 mihi
3217 4693 3305 4741 tua
3334 4686 3557 4755 epistola

1972 4782 2249 4836 nuntiavit.
2291 4777 2476 4847 Frater
2509 4784 2685 4831 autem
2715 4775 2942 4830 Jacobus
2979 4776 3095 4845 ejus
3137 4776 3390 4832 desiderii
3433 4792 3555 4847 erga

1971 4887 2069 4928 nos
2097 4872 2175 4925 tui
2199 4868 2514 4938 locupletior
2540 4867 2688 4923 testis
2714 4865 2965 4933 accessit,
3001 4867 3122 4936 quia
3153 4866 3303 4936 plura
3331 4867 3459 4922 mihi
3490 4869 3559 4924 de

1974 4979 2026 5024 te
2058 4965 2235 5022 suavia
2277 4972 2436 5033 atque
2475 4964 2529 5017 in
2557 4962 2735 5031 scipso
2758 4968 2977 5030 experta
3006 4960 3212 5015 locutus
3241 4971 3323 5017 est
3342 5004 3358 5029 ,
3400 4977 3560 5032 quam

1973 5060 2061 5114 illa
2090 5068 2251 5130 parva
2277 5056 2516 5112 chartula
2546 5054 2732 5125 potuit.
2770 5051 2922 5108 Unde
2952 5060 3058 5107 tua:
3088 5053 3401 5124 benignitati
3426 5069 3559 5109 eon-

1972 5152 2243 5225 gratnlor,
2273 5158 2327 5205 et
2361 5149 2429 5204 de
2469 5156 2560 5202 tuo
2595 5155 2812 5217 pectore
2848 5144 3139 5200 christiano
3179 5146 3405 5201 Domino
3451 5146 3562 5201 Deo

1975 5255 2188 5312 nostro,
2219 5244 2371 5312 cujus
2413 5242 2527 5295 haec
2568 5239 2706 5294 dona
2748 5246 2898 5305 sunt,
2943 5238 3140 5308 gratias
3175 5253 3310 5307 ago,
3342 5237 3560 5293 domine

1974 5324 2165 5393 merito
2194 5332 2549 5406 praedicande,
2582 5330 2965 5401 Sinceriterque
2994 5329 3305 5385 cbarissime
3331 5328 3393 5385 ac
3418 5328 3559 5386 desi-

2039 5506 2058 5526 ‘
2081 5504 2245 5566 Epistt.
2270 5506 2397 5549 CCLV
2422 5504 2474 5548 et
2493 5503 2639 5546 CCLVI
2676 5496 2735 5546 ad
2760 5505 2864 5546 Mss.
2889 5458 3110 5545 duos/ch.
3130 5501 3250 5545 etv.
3274 5497 3563 5561 recognite.

2061 5592 2112 5645 a)
2132 5589 2253 5638 Alias
2274 5584 2365 5634 254
2384 5597 2396 5632 :
2417 5596 2527 5645 quae
2551 5580 2713 5632 autem
2858 5586 2985 5639 erat,
3002 5577 3257 5645 nune‘iqg.
3286 5594 3287 5599 η

2061 5605 2091 5640 a
2132 5592 2253 5638 Alias
2274 5592 2365 5634 $54
2384 5597 2396 5632 ε
2417 5596 2527 5645 quae
2551 5592 2713 5632 autem
2734 5592 2829 5631 255
2858 5592 2985 5639 erat,
3002 5592 3131 5628 nunc
3147 5592 3257 5628 ωδ.

2039 5592 2115 5719 £0;
2136 5651 2260 5703 Alias
2279 5646 2370 5697 298
2390 5662 2401 5695 :
2419 5660 2530 5711 quas
2551 5652 2725 5700 autem
2739 5642 2834 5695 2‘56
2854 5650 2981 5705 erat.
2998 5654 3129 5694 me
3145 5640 3261 5695 216.
