4024 6390
462 204 595 271 1071

459 319 829 378 derantissime
853 316 1036 372 frater.
1065 314 1218 384 Quod
1249 319 1426 370 autem
1464 314 1634 383 petis,
1665 322 1722 366 ut
1759 313 1949 368 litteris
1989 321 2040 369 te

459 427 728 483 quaeram;
769 425 867 480 ego
907 418 959 462 te
999 405 1189 462 aﬂ‘ectu
1230 419 1444 476 quaero,
1489 404 1580 475 qui
1615 418 1801 458 omnes
1837 405 2038 460 litteras

461 515 675 577 superat
699 523 711 558 :
735 513 789 560 et
812 502 901 557 ubi
928 511 978 556 te
1003 515 1235 571 qum-ram
1261 500 1398 568 quod
1426 497 1561 552 bene
1586 497 1865 568 intelligas,
1894 498 2035 552 novi.

457 599 722 667 Quantum
763 603 938 651 autem
975 592 1041 648 ad
1075 607 1161 646 me
1197 590 1473 661 legendum
1504 589 1722 656 attinet,
1752 589 1919 658 magis
1944 604 2036 642 ve-

456 705 582 744 reor
619 689 672 742 in
711 686 953 742 manibus
989 681 1179 737 vestris
1221 681 1590 750 loquacitatem
1635 695 1809 734 meam
1851 694 2036 747 repre-

456 781 640 844 hendi,
668 792 822 848 quam
843 775 1108 844 eloquium
1134 773 1347 843 requiri.
1378 771 1509 826 Illud
1536 772 1764 826 breviter
1787 771 2032 836 dixerim,

455 870 597 941 quod
618 868 864 922 diuturna
888 863 1205 934 cogitatione
1230 863 1273 916 si
1299 863 1670 926 ruminaveris,
1694 863 1889 916 senties
1909 859 2035 930 quid

449 963 622 1032 sapiat
647 979 658 1014 :
682 976 801 1016 cum
825 960 875 1012 in
897 958 1086 1012 itinere
1108 957 1200 1011 Dei
1225 956 1456 1010 faciliora
1482 964 1535 1010 et
1561 955 1827 1010 fructuosa
1850 956 2033 1024 ignava

450 1052 736 1110 formidine
761 1050 1050 1120 fugiuntur,
1076 1049 1128 1102 in
1155 1048 1345 1102 itinere
1366 1047 1603 1101 saeculari
1625 1046 1836 1100 duriora
1857 1055 1912 1099 et
1929 1054 2035 1100 ste-

449 1145 565 1199 rilia
586 1155 886 1198 aerumnosa
907 1140 1088 1194 labore
1107 1138 1418 1194 tolerantur.
1444 1137 1726 1191 Incolumis
1748 1139 1798 1191 in
1818 1136 2033 1192 Christo

448 1235 628 1305 vigeas
653 1241 708 1288 et
735 1231 1011 1303 proficias,
1052 1230 1268 1284 domine
1305 1231 1494 1284 merito
1525 1229 1859 1298 praedicande
1879 1271 1892 1295 ,
1926 1229 2034 1283 sin-

449 1327 745 1396 ceriterque
772 1323 1083 1380 cbarissime
1109 1337 1171 1377 ac
1195 1322 1682 1377 desiderantissime
1707 1321 1886 1376 frater.

870 1434 1200 1492 EPISTOLA
1238 1433 1602 1509 CCLVII‘(a).

695 1548 1003 1619 Augustinus
1035 1545 1242 1601 Orontio
1263 1589 1276 1614 ,
1309 1547 1590 1601 resalutans
1616 1546 1779 1599 illum.

444 1663 672 1719 Domino
712 1662 905 1717 eximio
933 1663 1228 1730 meritoque
1253 1661 1548 1715 honorabili
1571 1703 1584 1727 ,
1613 1671 1665 1716 et
1688 1660 2028 1730 suscipiendo

849 1752 960 1807 filio
985 1752 1246 1818 Onormo,
1279 1753 1628 1808 AUGUSTINUS.

516 1865 632 1935 Ago
655 1863 854 1934 gratias
879 1863 1020 1934 quod
1047 1863 1329 1918 adventum
1355 1863 1691 1918 Eximietatis
1714 1874 1817 1918 tua;
1839 1863 2026 1920 litteris

443 1955 604 2010 etiam
631 1955 923 2024 praevenire
949 1955 1194 2024 dignatus
1227 1970 1286 2009 es
1307 1997 1321 2022 ,
1353 1965 1405 2008 et
1431 1964 1554 2010 ante
1591 1957 1882 2010 contuitum
1922 1957 2025 2010 mi-

442 2046 558 2100 sisti
597 2045 951 2115 colloquium,
1001 2055 1058 2099 ut
1101 2055 1191 2099 tuo
1226 2045 1373 2116 prius
1407 2043 1566 2099 atl‘atu
1609 2061 1767 2115 quam
1807 2056 2026 2116 aspectu

440 2136 776 2202 frueremur,
822 2145 877 2190 et
923 2136 1013 2190 diu
1058 2136 1409 2191 desideratam
1463 2137 1702 2191 notitiam
1753 2137 2024 2207 epistolari

439 2229 630 2283 solatio
679 2227 1071 2298 quodammodo
1125 2237 1540 2298 prmgustantes,
1593 2238 2024 2299 exspectaremus

438 2320 643 2376 avidius
671 2329 725 2375 et
749 2320 1050 2386 ardentius,
1094 2320 1233 2389 quod
1269 2320 1554 2389 jucundius
1595 2321 1898 2391 gratiusque
1937 2338 2024 2377 ca-

437 2427 689 2482 peremus
711 2453 724 2477 ,
754 2411 970 2466 domine
999 2412 1193 2466 eximie
1233 2411 1530 2480 meritoque
1570 2411 1927 2480 honorabilis,
1970 2423 2024 2468 et

438 2503 774 2572 suspiciende
814 2503 907 2556 fili.
937 2501 1121 2556 Reddo
1150 2502 1326 2572 itaque
1352 2503 1553 2556 meritis
1582 2504 1681 2557 tuis
1711 2512 1764 2558 et
1792 2520 2023 2574 praecur-

436 2596 677 2652 rentibus
725 2595 912 2649 ofliciis
961 2595 1194 2650 debitum
1251 2596 1641 2650 resalutatiouis
1684 2596 2018 2667 obsequium,

436 2687 852 2743 incolumitatem
895 2695 1036 2740 tuam
1084 2687 1321 2757 gaudens
1358 2688 1685 2754 nuntiatam,
1727 2699 2020 2760 optansque

435 2778 760 2832 continuam.
804 2777 870 2831 Et
911 2776 1052 2846 quod
1096 2777 1350 2846 rescripta
1391 2777 1693 2846 exiguitatis
1737 2795 1868 2834 mete
1901 2781 2020 2848 jure

434 2878 744 2940 praerogatzn
762 2869 1151 2924 benevolentiae
1176 2870 1504 2939 reposcendo
1525 2871 1794 2938 addidisti,
1813 2872 2015 2937 dicens,

436 2959 499 3015 Si
541 2969 705 3014 tamen
746 2961 798 3013 id
840 2961 900 3014 de
939 2970 1075 3014 tanta
1104 2963 1366 3015 sanctitate
1405 2979 1669 3030 possumus
1707 2968 2017 3033 promereri;

434 3051 581 3106 nullo
607 3051 766 3105 modo
793 3051 964 3106 audeo
991 3052 1295 3122 desperare,
1323 3055 1615 3108 sanctitatis
1640 3056 1900 3126 ejusdem,
1926 3073 2018 3111 cu-

430 3144 519 3212 jus
545 3143 732 3197 haustu
772 3158 867 3210 pro
893 3152 1076 3198 nostro
1114 3145 1331 3200 modulo
1359 3147 1554 3216 aliquid
1593 3164 1809 3216 sumus,
1843 3151 2014 3220 ipsum

432 3232 634 3287 fontem
663 3247 768 3286 non
787 3235 959 3288 solum
983 3234 1326 3302 laudandum,
1349 3252 1532 3291 verum
1557 3239 1716 3292 etiam
1739 3240 2014 3295 nobiscum

430 3322 874 3393 participandum,
899 3332 953 3378 et
977 3332 1078 3377 tuae
1106 3326 1394 3392 prudentia:
1421 3328 1766 3396 placiturum;
1795 3340 1852 3384 ut
1875 3331 2015 3386 Deus

429 3415 914 3484 incomparabiliter
950 3425 1106 3486 atque
1148 3417 1646 3474 incommutabiliter
1684 3423 1882 3488 bonus,
1924 3424 2014 3493 qui

431 3524 530 3579 per
567 3524 714 3564 suam
744 3508 1032 3578 potentiam
1065 3520 1169 3564 tam
1197 3510 1348 3565 bona:
1380 3521 1480 3566 tua:
1511 3514 1703 3568 mentis
1742 3524 1824 3568 est
1862 3515 2012 3570 insti-

431 3609 574 3654 tutor
593 3641 608 3666 ,
637 3601 706 3653 sit
729 3600 890 3654 etiam
922 3615 1015 3669 per
1039 3601 1260 3669 gratiam
1288 3603 1580 3656 restitutor.
1610 3604 1934 3660 Incolumem
1964 3619 2014 3662 te

433 3688 576 3744 Deus
601 3691 939 3759 omnipotens
969 3691 1363 3761 felicioremque
1395 3703 1629 3762 tueatur,
1663 3696 1874 3752 domine
1899 3701 2012 3754 exi.-

433 3781 541 3834 mie
568 3780 865 3849 meritoque
890 3780 1234 3849 honorabilis,
1266 3798 1329 3836 ac
1355 3785 1685 3853 suscipiende
1715 3787 1807 3840 fili.

853 3891 1176 3949 EPISTOLA
1219 3893 1458 3950 CCLVIII
1479 3895 1632 3969 “(1’).

433 4009 741 4081 Augustinus
773 4008 1025 4062 Martiano
1050 4009 1198 4062 veteri
1223 4011 1412 4077 amico,
1442 4013 1726 4081 gratulatur
1761 4015 1894 4080 quod
1928 4032 2013 4068 ca-

505 4101 827 4155 techumenus
854 4101 917 4156 sit
948 4103 1110 4171 factus
1127 4142 1142 4168 ,
1173 4101 1376 4156 hortans
1404 4101 1549 4155 illum
1577 4112 1630 4156 ut
1661 4104 1886 4172 ﬁdelium
1913 4107 2012 4160 Sa-

501 4203 756 4249 cramenta
788 4195 1047 4265 percipiat.

435 4311 660 4365 Domino
684 4311 872 4363 merito
893 4309 1249 4378 suscipiendo,
1277 4319 1332 4364 et
1356 4309 1408 4363 in
1432 4309 1642 4366 Christo
1665 4310 2010 4366 dilectissimo

504 4415 568 4455 ac
604 4398 1092 4454 desiderantissimo
1133 4401 1280 4454 fratri
1317 4400 1626 4468 MABTIANO,
1658 4402 2005 4470 AUGUSTINUS,

503 4493 557 4548 in
583 4491 807 4546 Domino
835 4491 1077 4546 salutem.

506 4606 560 4660 1.
601 4602 840 4673 Abripui,
872 4602 953 4656 vel
979 4601 1151 4671 potius
1174 4602 1376 4670 obripui
1396 4643 1412 4669 ,
1441 4613 1494 4658 et
1518 4604 1906 4671 quodammodo
1932 4605 2010 4660 fu-

434 4688 580 4750 ratus
616 4708 733 4747 sum
774 4692 1141 4761 memetipsum
1179 4692 1355 4746 multis
1389 4695 1820 4763 occupationibus
1857 4697 2006 4763 meis,

435 4795 494 4841 ut
534 4784 626 4840 tibi
667 4783 954 4838 scriberem
990 4782 1355 4852 antiquissimo
1393 4785 1594 4849 amico,
1635 4801 1792 4854 quem
1836 4797 2009 4842 tamen

434 4892 539 4930 non
560 4874 842 4938 habebam,
868 4873 1116 4943 quamdiu
1145 4873 1196 4926 in
1217 4872 1428 4927 Christo
1450 4889 1553 4929 non
1579 4877 1840 4929 tenebam.
1864 4878 2009 4931 Nosti

435 4967 631 5036 quippe
655 4974 713 5020 ut
734 4965 997 5020 delinierit
1025 4965 1310 5019 amicitiam
1335 4965 1572 5032 Romani,
1606 4977 1664 5021 ut
1685 4969 1757 5021 ait
1775 4969 2006 5038 quidam,

437 5060 685 5114 maximus
707 5069 881 5112 auctor
908 5059 1102 5114 Tullius
1127 5060 1309 5128 eloquii
1339 5058 1614 5129 (Lucanus,
1647 5062 1735 5115 lib.
1759 5064 1831 5132 7).
1869 5064 2011 5119 Dixit

435 5152 597 5216 enim,
629 5159 686 5206 et
706 5152 980 5206 verissime
1009 5151 1184 5209 dixit:
1217 5152 1448 5206 Amicitia
1473 5163 1545 5207 est
1573 5171 1740 5207 rerum
1765 5155 2012 5208 humana-

502 5312 517 5326 '
546 5308 804 5372 Recensita
834 5306 892 5354 ad
926 5319 971 5354 a.
1011 5305 1077 5354 bl.
1104 5320 1146 5355 c.
1173 5308 1248 5355 ch.
1275 5308 1324 5356 if.
1351 5323 1400 5371 g.
1419 5323 1498 5371 gv.
1521 5310 1557 5371 j.
1585 5323 1631 5356 η.
1659 5323 1699 5356 r.
1726 5321 1764 5356 s.
1793 5310 1865 5357 sli.
1891 5323 2009 5372 (ιιιξι-

437 5377 544 5420 tuor
564 5384 610 5420 v.
639 5375 690 5418 et
711 5368 823 5417 Edd.

503 5433 541 5449 "
562 5431 638 5480 Ad'
664 5445 712 5480 τι.
735 5431 822 5493 bg.
848 5429 918 5478 bl.
938 5442 1078 5494 c.7cc.
1099 5431 1175 5479 cl).
1203 5431 1249 5478 tl‘.
1277 5446 1326 5494 g.
1351 5446 1432 5494 gg.
1460 5447 1541 5494 gv.
1567 5447 1615 5479 n.
1635 5446 1728 5480 r.s.
1746 5432 1822 5481 sb.
1841 5439 1874 5481 t.
1891 5433 2013 5484 duos

437 5502 514 5543 vc‘.
539 5502 742 5557 quatuor
760 5508 807 5542 v.
836 5499 887 5540 et
909 5493 1017 5540 ladd.

520 5576 570 5636 a)
593 5575 716 5637 Alias
748 5575 837 5623 125
855 5590 867 5623 :
886 5587 996 5637 quas
1019 5582 1180 5623 autem
1197 5575 1285 5625 %7
1309 5583 1430 5637 erat,
1450 5590 1576 5625 nune
1594 5577 1699 5626 142.

520 5576 570 5636 a)
593 5575 716 5625 Alias
748 5575 837 5623 125
855 5590 867 5623 :
886 5587 996 5637 quas
1019 5582 1180 5623 autem
1197 5575 1285 5625 %7
1309 5583 1430 5637 erat,
1450 5590 1576 5625 nune
1594 5577 1698 5626 142.

497 5575 569 5700 ἑὸ)
595 5636 718 5687 Alias
743 5637 831 5689 15ὅ
849 5650 861 5685 :
882 5649 992 5700 quae
1013 5643 1175 5688 autem
1195 5637 1286 5688 258
1304 5645 1426 5706 era;
1447 5652 1572 5688 nunc
1595 5640 1698 5689 158.

1692 201 1752 259 S.
1791 192 2160 258 AUGUSTINI
2196 198 2497 260 EPISCOPI

3589 218 3721 276 1072

2144 331 2256 368 rum
2281 325 2327 368 et
2351 315 2634 371 divinarum
2654 333 2768 372 cum
2790 319 3123 377 benevolentia
3144 333 3190 378 et
3209 326 3454 382 charitate
3470 345 3724 387 consensui

2151 406 2362 480 (Cicero,
2385 408 2514 464 Lael.
2536 409 2648 481 20).
2671 410 2749 466 Tu
2773 421 2971 480 autem,
2995 415 3066 469 mi
3087 416 3420 487 charissime,
3444 421 3723 492 aliquando

2147 499 2274 554 mihi
2304 502 2674 558 consentiebas
2711 504 2765 558 in
2806 506 2964 560 rebus
3003 505 3279 573 humanis,
3321 527 3442 566 cum
3471 516 3550 568 eis
3578 531 3724 574 more

2144 591 2282 661 vulgi
2315 593 2413 646 frui
2437 609 2720 664 cuperem;
2751 604 2804 651 et
2829 597 2958 651 mihi
2981 598 3046 652 ad
3068 614 3130 654 ea
3153 603 3478 670 capessenda
3502 622 3723 675 quorum

2142 700 2229 740 me
2255 687 2473 754 pcenitet
2491 728 2504 752 ,
2540 686 2764 743 favendo
2783 689 3116 755 velificabas,
3147 692 3255 748 imo
3280 711 3407 749 vero
3435 696 3551 752 vela
3574 701 3722 769 cupi-

2143 776 2362 831 ditatum
2392 794 2650 846 mearum,
2667 795 2795 860 cum
2821 783 3028 837 caeteris
3056 795 3179 839 tunc
3202 785 3550 843 dilectoribus
3570 792 3721 860 meis,

2142 866 2281 922 inter
2313 869 2603 939 praecipuos
2630 857 2757 926 aura
2784 871 2952 927 laudis
2979 873 3217 929 inﬂabas.
3265 876 3429 931 Porro
3469 879 3524 933 in
3565 882 3724 938 rebus

2141 957 2365 1025 divinis,
2397 977 2620 1030 quarum
2649 963 2776 1017 mihi
2803 963 2893 1018 illo
2925 974 3160 1034 tempore
3195 968 3340 1022 nulla
3371 969 3614 1025 eluxerat
3637 988 3721 1028 ve-

2141 1050 2288 1117 ritas,
2323 1053 2501 1122 utique
2531 1053 2582 1106 in
2615 1054 2817 1122 majore
2844 1053 2988 1109 illius
3012 1056 3337 1114 definitionis
3363 1071 3517 1129 parte
3545 1073 3720 1118 nostra

2139 1141 2369 1195 amicitia
2405 1143 2731 1198 claudicabat
2769 1162 2781 1196 :
2818 1152 2932 1199 erat
2959 1146 3098 1200 enim
3141 1163 3318 1202 rerum
3357 1154 3721 1209 tantummodo

2140 1229 2507 1300 humanarum,
2542 1249 2646 1288 non
2673 1236 2832 1289 etiam
2859 1237 3178 1306 divinarum,
3212 1242 3454 1310 quamvis
3479 1257 3605 1298 cum
3627 1245 3718 1300 be-

2139 1325 2435 1380 nevolentia
2465 1336 2516 1381 et
2545 1327 2802 1382 charitate
2830 1331 3131 1385 consensio.

2207 1413 2261 1466 2.
2304 1413 2373 1469 Et
2410 1425 2752 1486 posteaquam
2793 1418 2881 1472 illa
2923 1434 3118 1489 cupere
3163 1420 3370 1490 destiti,
3412 1434 3468 1478 tu
3507 1425 3718 1494 quidem

2138 1521 2510 1579 perseverante
2547 1513 2913 1580 benevolentia
2932 1557 2947 1581 ,
2979 1518 3183 1571 salvum
3214 1534 3299 1572 me
3329 1534 3447 1574 esse
3471 1523 3720 1589 cupiebas

2136 1604 2304 1657 salute
2326 1605 2551 1669 mortali,
2575 1613 2627 1658 et
2647 1621 2708 1660 ea
2731 1621 2910 1660 rerum
2932 1609 3284 1677 prosperitate
3310 1609 3542 1677 felicem,
3562 1627 3720 1682 quam

2134 1695 2364 1750 mundus
2394 1706 2578 1766 optare
2604 1699 2898 1752 consuevit.
2941 1699 3009 1754 Et
3042 1701 3149 1770 jam
3176 1702 3251 1756 sic
3278 1702 3455 1773 itaque
3481 1704 3724 1775 aliquan-

2135 1793 2242 1838 tum
2274 1787 2364 1840 tibi
2392 1799 2508 1842 erat
2533 1804 2740 1844 mecum
2778 1806 2953 1844 rerum
2982 1790 3330 1846 humanarum
3373 1793 3631 1850 benevola
3667 1807 3722 1852 et

2133 1875 2290 1930 chara
2333 1880 2635 1933 consensio.
2680 1880 2832 1935 Nunc
2859 1896 2987 1936 vero
3029 1893 3282 1952 quantum
3312 1883 3380 1939 de
3411 1893 3460 1940 te
3488 1887 3716 1956 gaudeo,

2132 1969 2325 2036 quibus
2351 1973 2608 2039 explicem
2647 1973 2850 2039 verbis,
2896 1975 3106 2045 quando
3144 1991 3266 2032 eum
3309 1995 3463 2049 quem
3503 1995 3720 2051 quoquo

2132 2060 2290 2114 modo
2321 2062 2479 2116 habui
2511 2064 2598 2118 diu
2628 2067 2878 2132 amicum,
2905 2068 3072 2124 habeo
3097 2068 3207 2138 jam
3231 2085 3416 2126 verum
3447 2074 3721 2130 amicum?

2131 2152 2368 2206 Accessit
2419 2156 2560 2210 enim
2607 2159 2768 2212 etiam
2818 2175 3002 2214 rerum
3050 2165 3331 2218 consensio
3374 2165 3714 2235 divinarum;

2129 2243 2375 2311 quoniam
2405 2247 2490 2314 qui
2521 2261 2727 2302 mecum
2760 2252 3103 2319 temporalem
3135 2253 3296 2308 vitam
3339 2256 3603 2325 quondam
3628 2258 3718 2326 ju-

2129 2333 2448 2388 cundissima
2477 2337 2800 2407 benignitate
2827 2339 3042 2408 duxisti,
3071 2358 3212 2397 nunc
3237 2359 3332 2414 spe
3354 2347 3474 2399 vita:
3495 2356 3716 2403 mterna":

2129 2439 2335 2478 meeum
2365 2441 2484 2481 esse
2513 2429 2741 2498 coepisti.
2773 2429 2928 2485 Modo
2953 2447 3079 2487 vero
3116 2435 3276 2488 etiam
3312 2435 3379 2490 de
3417 2437 3573 2491 rebus
3609 2437 3713 2492 hu-

2127 2521 2297 2574 manis
2337 2521 2474 2576 inter
2518 2537 2616 2577 nos
2659 2525 2798 2577 nulla
2840 2525 3102 2582 dissensio
3128 2537 3243 2594 est,
3275 2530 3364 2598 qui
3395 2545 3484 2585 cas
3528 2547 3714 2587 rerum

2127 2611 2422 2666 divinarum
2467 2616 2768 2684 cognitione
2798 2632 3118 2686 pensamus,
3152 2635 3218 2672 ne
3246 2619 3360 2689 plus
3398 2621 3474 2674 eis
3510 2623 3713 2678 tribua-

2126 2716 2262 2765 mus,
2287 2719 2443 2772 quam
2473 2705 2660 2760 modus
2681 2722 2862 2760 carum
2885 2708 3177 2776 justissime
3203 2711 3459 2778 postulat;
3489 2727 3588 2766 nec
3616 2728 3714 2768 eas

2127 2795 2177 2846 in
2208 2795 2384 2864 aliquo
2417 2806 2724 2868 contemptu
2758 2799 3054 2869 abjiciendo
3075 2843 3089 2866 ,
3119 2803 3342 2857 creatori
3379 2819 3561 2858 earum
3596 2807 3710 2860 Do-

2124 2887 2269 2940 mino
2311 2905 2488 2942 rerum
2533 2891 2828 2946 caelestium
2872 2902 3028 2963 atque
3071 2898 3400 2951 terrestrium
3445 2898 3710 2955 faciamus

2124 2977 2387 3047 injuriam.
2418 2979 2492 3034 lta
2523 2981 2577 3034 fit
2609 2991 2664 3036 ut
2689 2983 2828 3038 inter
2862 3001 2995 3054 quos
3028 2987 3228 3040 amicos
3267 3004 3372 3042 non
3415 2998 3494 3044 est
3520 3006 3707 3046 rerum

2123 3073 2402 3124 consensio
2448 3071 2777 3139 divinarum,
2835 3091 2932 3130 nec
2982 3077 3327 3132 humanarum
3377 3080 3532 3149 plena
3581 3097 3709 3137 esse

2123 3163 2288 3229 possit
2313 3179 2376 3217 ac
2400 3180 2542 3218 vera.
2575 3165 2803 3221 Necesse
2831 3176 2912 3222 est
2938 3169 3076 3223 enim
3106 3179 3162 3224 ut
3184 3171 3336 3226 aliter
3359 3189 3514 3243 quam
3541 3190 3709 3244 opor-

2124 3261 2197 3306 tet
2226 3253 2450 3308 humana
2483 3258 2707 3310 aestimet
2735 3258 2821 3326 qui
2848 3258 3022 3313 divina
3053 3265 3362 3329 contemnit,
3401 3281 3498 3320 nec
3527 3265 3708 3322 homi-

2122 3359 2242 3397 nem
2281 3357 2420 3398 reetc
2450 3347 2669 3416 diligere
2711 3352 2917 3404 noverit
2953 3353 3188 3422 quisquis
3225 3370 3344 3409 eum
3381 3371 3486 3410 non
3525 3357 3704 3428 diligit

2120 3435 2207 3502 qui
2244 3435 2507 3488 hominem
2537 3438 2680 3491 fecit.
2707 3438 2934 3494 Proinde
2965 3456 3069 3495 non
3096 3443 3233 3506 dico,
3263 3460 3402 3499 nunc
3427 3447 3555 3500 mihi
3579 3449 3702 3517 ple-

2120 3523 2239 3576 nius
2260 3526 2458 3580 amicus
2485 3542 2542 3580 es
2562 3570 2575 3593 ,
2606 3528 2693 3597 qui
2719 3544 2836 3583 eras
2861 3546 2924 3584 ex
2953 3542 3129 3600 parte;
3159 3534 3249 3588 sed
3277 3546 3527 3604 quantum
3558 3540 3700 3594 ratio

2120 3615 2348 3682 indit-at,
2387 3633 2482 3671 nec
2526 3634 2587 3671 ex
2638 3629 2786 3688 parte
2833 3637 2985 3688 eras,
3038 3624 3248 3692 quando
3296 3642 3395 3680 nec
3441 3628 3492 3681 in
3532 3629 3698 3684 rebus

2120 3704 2362 3761 humanis
2400 3723 2605 3762 mecum
2653 3709 2936 3765 amicitiam
2985 3729 3163 3768 veram
3212 3718 3447 3772 tenebas.
3493 3717 3698 3774 Rerum

2118 3798 2310 3866 quippe
2331 3798 2646 3864 divinarum,
2672 3816 2732 3854 ex
2757 3802 2946 3870 quibus
2967 3815 3110 3859 recte
3132 3805 3357 3860 humana
3381 3818 3695 3878 pensantur,

2117 3887 2293 3941 socius
2335 3888 2462 3942 mihi
2507 3890 2740 3944 nondum
2785 3909 2935 3958 cras;
2967 3894 3078 3949 sive
3114 3898 3322 3965 quando
3353 3913 3452 3952 nec
3490 3899 3606 3968 ipse
3647 3901 3703 3954 in

2117 3978 2195 4032 eis
2223 3995 2367 4033 eram
2386 4023 2400 4047 ,
2435 3981 2547 4035 sive
2573 3992 2913 4053 posteaquam
2939 4000 3038 4054 ego
3065 4001 3156 4040 eas
3190 3995 3472 4058 utcumque
3506 4006 3703 4061 sapere

2117 4056 2274 4139 ἀωρὶ,
2307 4086 2337 4123 a
2366 4073 2554 4141 quibus
2588 4083 2641 4127 tu
2672 4074 2824 4143 longe
2854 4076 3198 4133 abhorrebas.

2191 4163 2242 4215 5.
2274 4162 2406 4216 Nolo
2431 4174 2607 4218 autem
2639 4180 2972 4229 succenseas,
3001 4183 3100 4221 nec
3125 4170 3215 4221 tibi
3249 4170 3491 4224 videatur
3509 4171 3702 4226 absur-

2116 4251 2241 4306 dum
2282 4253 2421 4321 quod
2460 4254 2548 4306 illo
2591 4263 2826 4324 tempore
2871 4271 2990 4309 cum
3035 4259 3085 4310 in
3130 4274 3260 4312 vana
3305 4260 3462 4328 hujus
3507 4264 3697 4317 mundi

2119 4354 2423 4409 aestuarem,
2453 4347 2691 4414 quamvis
2714 4362 2798 4400 me
2824 4348 3040 4401 multum
3066 4364 3244 4403 amare
3265 4350 3545 4418 videreris,
3569 4368 3700 4408 non-

2118 4436 2242 4491 dum
2270 4453 2388 4492 eras
2417 4440 2617 4492 amicus
2645 4455 2822 4504 meus;
2847 4440 3054 4508 quando
3077 4458 3174 4496 nec
3196 4443 3304 4511 ipse
3332 4445 3459 4496 mihi
3488 4445 3697 4501 amicus

2115 4544 2260 4583 eram
2287 4571 2301 4596 ,
2335 4529 2428 4584 sed
2456 4531 2627 4598 potius
2657 4531 2897 4586 inimicus
2927 4550 2938 4584 :
2968 4532 3248 4602 diligebam
3278 4537 3472 4604 quippe
3502 4537 3700 4606 iniqui-

2117 4630 2277 4676 tatem
2304 4639 2317 4686 ;
2347 4631 2399 4676 et
2424 4637 2547 4676 vera
2576 4623 2788 4692 quidem
2818 4624 2990 4677 divina
3021 4627 3279 4679 sententia
3310 4635 3392 4680 est
3420 4643 3523 4697 qua
3554 4629 3696 4682 seri-

2114 4723 2259 4783 ptum
2287 4721 2369 4768 est
2393 4713 2444 4766 in
2479 4714 2676 4768 sanctis
2699 4714 2875 4768 Libris
2895 4755 2907 4777 ,
2940 4715 3038 4779 Qui
3067 4726 3231 4769 autem
3259 4717 3422 4786 diligit
3449 4720 3696 4773 iniouita-

2117 4816 2244 4872 tem,
2292 4808 2397 4859 odit
2442 4807 2664 4860 animam
2711 4825 2854 4860 suam
2905 4806 3074 4877 (Psal.
3125 4826 3157 4863 χ
3183 4851 3195 4874 ,
3240 4810 3318 4881 6).
3371 4810 3504 4865 Cum
3563 4829 3696 4882 ergo

2116 4898 2347 4953 odissem
2389 4899 2620 4953 animam
2667 4914 2872 4963 meam,
2905 4883 3106 4954 ‘verum
3153 4903 3377 4956 amicum
3422 4905 3696 4972 quomodo

2116 4989 2312 5043 habere
2349 4998 2606 5058 poteram,
2649 5005 2710 5044 ea
2764 4990 2890 5044 mihi
2934 5001 3202 5059 optantem
3246 4995 3297 5046 in
3341 4994 3530 5063 quibus
3576 4996 3696 5065 ipse

2117 5082 2374 5150 meipsum
2406 5080 2645 5150 patiebar
2671 5081 2984 5136 inimicum?
3007 5081 3137 5136 Cum
3166 5097 3289 5137 vero
3311 5083 3610 5153 benignitas
3640 5095 3696 5140 et

2116 5174 2282 5243 gratia
2327 5171 2615 5227 Salvatoris
2651 5174 2816 5227 nostri
2859 5173 3029 5228 illuxit
3055 5175 3218 5241 mihi,
3260 5190 3365 5230 non
3393 5176 3692 5231 secundum

2115 5267 2305 5321 merita
2333 5282 2449 5320 mea
2471 5307 2483 5329 ,
2514 5265 2607 5319 sed
2640 5265 2928 5320 secundum
2959 5267 3120 5335 ipsius
3147 5266 3602 5329 misericordiam;
3636 5277 3693 5322 tu

2117 5359 2182 5412 ab
2210 5359 2308 5411 hac
2334 5359 2559 5433 alienus,
2593 5357 2857 5430 quomodo
2886 5373 3004 5413 esse
3031 5367 3240 5427 poteras
3266 5358 3467 5412 amicus
3497 5374 3652 5413 meus
3675 5401 3691 5426 ,

2105 5430 2205 5519 qui
2245 5449 2382 5503 unde
2408 5430 2592 5522 beatus
2607 5433 2749 5526 ..'es.se
2776 5464 2984 5518 possem
3027 5451 3237 5519 penitus
3274 5450 3594 5518 ignorabas,
3639 5461 3698 5506 et

2118 5557 2221 5596 non
2253 5542 2302 5594 in
2334 5540 2434 5594 hoc
2462 5555 2548 5595 me
2576 5529 2822 5606 amabas,
2855 5541 2904 5593 in
2931 5555 3035 5610 quo
3060 5540 3184 5595 mihi
3211 5541 3322 5610 ipse
3339 5540 3450 5610 jam
3478 5543 3690 5600 fueram

2119 5643 2400 5704 utcumque
2421 5646 2620 5688 amicus
2646 5630 2905 5720 effectus"?
2941 5699 2954 5714 .
3295 5621 3298 5628 ’
