4024 6372
292 489 430 551 1075

360 605 414 659 4.
443 600 651 659 Gratias
674 600 852 669 itaque
894 596 1004 652 Deo
1032 636 1047 661 ,
1087 593 1226 664 quod
1267 602 1321 647 te
1359 591 1491 646 mihi
1518 591 1747 645 amicum
1786 589 1872 644 fa-

289 710 413 751 cere
464 692 675 748 tandem
717 689 997 761 aliquando
1037 687 1303 757 dignatur.
1335 685 1486 739 Nunc
1532 684 1674 738 enim
1722 682 1875 739 nobis

289 796 371 842 est
397 799 579 839 rerum
608 782 956 836 humanarum
988 787 1041 834 et
1068 778 1363 833 divinarum
1396 792 1516 831 cum
1546 775 1875 830 benevolen-

288 878 358 931 tia
411 884 467 930 et
504 874 764 930 charitate
802 870 1084 927 consensio
1128 869 1182 923 in
1224 866 1437 922 Christo
1483 868 1608 923 Jesu
1649 868 1875 921 Domino

288 977 509 1033 nostro,
539 964 817 1021 verissima
847 978 976 1033 pace
1004 970 1201 1016 nostra.
1232 961 1333 1029 Qui
1361 961 1567 1015 duobus
1595 960 1876 1029 przeceptis

288 1068 481 1115 cuncta
531 1056 796 1128 prmeonia
840 1055 1019 1109 divina
1065 1053 1363 1118 conclusit,
1418 1052 1649 1107 dicens:
1684 1052 1877 1123 Diliges

287 1153 567 1206 Dominum
595 1148 762 1202 Deum
785 1157 924 1199 tuum
953 1162 1014 1199 ea:
1040 1153 1141 1198 toto
1168 1144 1318 1198 corde
1341 1153 1447 1209 tuo,
1478 1153 1522 1198 et
1548 1161 1608 1198 ea:
1636 1154 1738 1197 tota
1764 1146 1876 1197 ani-

286 1261 373 1297 ma
400 1252 524 1307 tua,
566 1249 611 1294 et
650 1256 711 1293 ea:
738 1249 842 1292 tota
885 1246 1043 1291 mente
1067 1245 1185 1299 tua;
1222 1246 1308 1301 et,
1359 1234 1550 1305 Diliges
1592 1236 1877 1305 proximum

289 1346 434 1390 tuum
463 1343 702 1402 tanquam
750 1331 983 1400 teipsum.
1032 1328 1097 1382 In
1139 1329 1201 1381 iis
1235 1327 1431 1381 duobus
1478 1328 1736 1397 prwceptis
1772 1336 1877 1380 tota

287 1430 401 1483 Lea:
427 1427 608 1498 pendet
637 1434 682 1479 et
712 1423 981 1493 PrOphetw
1009 1420 1220 1491 (Matth.
1250 1436 1359 1473 xxu
1384 1461 1398 1485 ,
1429 1419 1643 1489 57-40).
1692 1418 1749 1472 In
1785 1419 1877 1474 illo

288 1520 467 1590 primo
497 1532 675 1572 rerum
704 1514 1022 1576 divinarum,
1053 1511 1107 1565 in
1141 1510 1243 1565 hoc
1282 1510 1515 1565 secundo
1558 1526 1735 1564 rerum
1775 1509 1877 1564 hu-

287 1624 573 1665 manarum
593 1616 676 1661 est
695 1621 815 1660 cum
837 1602 1205 1658 benevolentia
1225 1612 1279 1656 et
1298 1599 1554 1655 charitate
1575 1602 1875 1655 consensio.

288 1702 421 1756 Haec
450 1701 557 1755 duo
596 1699 641 1752 si
680 1712 889 1752 mecum
920 1695 1225 1748 firmissime
1265 1704 1445 1748 teneas
1468 1736 1481 1759 ,
1520 1692 1750 1747 amicitia
1780 1707 1878 1746 no-

288 1806 406 1851 stra
432 1810 557 1849 vera
585 1808 646 1846 ac
672 1791 1000 1861 sempiterna
1027 1788 1158 1853 erit;
1192 1795 1246 1841 et
1275 1802 1380 1841 non
1411 1786 1583 1840 solum
1613 1800 1710 1839 nos
1741 1784 1879 1839 invi-

290 1902 413 1942 cem
436 1926 451 1952 ,
480 1884 573 1939 sed
600 1882 701 1953 ipsi
730 1882 892 1937 etiam
920 1879 1147 1934 Domino
1176 1878 1418 1932 sociabit.

367 1978 424 2031 5.
454 1975 605 2044 Quod
628 1982 683 2029 ut
710 1974 821 2039 fiat,
850 1972 1106 2027 exhortor
1129 1969 1445 2040 gravitatem
1473 1975 1527 2021 et
1548 1966 1882 2036 prudentiam

290 2078 445 2125 tuam
468 2076 527 2122 ut
564 2067 673 2137 jam
715 2064 875 2119 etiam
919 2062 1150 2117 fidelium
1190 2061 1529 2116 Sacramenta
1574 2057 1834 2127 percipias
1867 2074 1881 2110 :

292 2161 459 2217 decet
481 2158 623 2214 enim
648 2165 881 2220 aetatem,
910 2162 964 2209 et
992 2153 1261 2223 congruit,
1286 2159 1539 2221 quantum
1562 2149 1743 2213 credo,
1770 2163 1885 2201 mo-

293 2254 450 2308 ribus
492 2250 615 2304 tuis.
656 2247 920 2303 Memento
963 2243 1091 2315 quid
1137 2242 1267 2296 mihi
1309 2241 1506 2295 dixeris
1543 2239 1880 2309 profecturo,

294 2348 568 2402 comicum
612 2341 826 2412 quidem
867 2339 934 2393 de
963 2337 1215 2393 Terentio
1241 2378 1256 2402 ,
1298 2335 1342 2388 si
1381 2333 1606 2398 recolis,
1636 2346 1882 2397 versum,

296 2436 400 2492 sed
432 2444 605 2489 tamen
639 2430 973 2501 aptissimum
1000 2437 1053 2483 et
1080 2426 1422 2482 utilissimum
1456 2442 1468 2475 :

366 2558 497 2598 nunc
516 2548 596 2597 hic
615 2545 723 2595 dies
744 2545 892 2593 vitam
913 2542 1055 2591 aliam
1084 2539 1244 2598 affert,
1269 2537 1389 2586 alios
1412 2547 1573 2585 mores
1596 2532 1822 2598 postulat.

1077 2603 1205 2665 (Ter.
1232 2594 1381 2649 )mdr.
1408 2605 1508 2647 .4ct.
1537 2594 1672 2657 l,ISc.
1693 2594 1765 2657 2.)

298 2713 461 2783 Quod
501 2712 545 2767 si
586 2708 847 2765 veraciter
880 2705 1089 2770 dixisti,
1123 2705 1257 2759 sicut
1300 2702 1367 2757 de
1413 2712 1463 2755 te
1502 2700 1743 2754 dubitare
1783 2713 1889 2753 non

299 2809 508 2870 debeo;
532 2805 641 2874 jam
682 2802 922 2871 profecto
951 2800 1027 2854 sic
1053 2797 1185 2851 vivis
1221 2805 1274 2850 ut
1301 2796 1373 2850 sis
1407 2794 1596 2864 dignus
1625 2792 1891 2861 Baptismo

301 2898 531 2956 salutari
559 2894 927 2949 remissionem
959 2889 1345 2961 praeteritorum
1376 2886 1616 2955 accipere
1643 2892 1889 2953 peccato-

303 3008 452 3050 rum.
480 2990 611 3045 Nam
634 2987 853 3042 omnino
872 2998 977 3038 non
1001 2991 1082 3037 est
1107 2982 1190 3035 cui
1218 2979 1371 3034 alteri
1394 2986 1585 3047 praeter
1611 2975 1893 3029 Dominum

305 3085 581 3142 Christum
613 3080 754 3135 dicat
776 3091 942 3147 genus
977 3075 1265 3129 humanum
1299 3089 1311 3124 :

436 3203 503 3244 Te
516 3193 640 3242 duce
657 3191 697 3242 si
720 3202 815 3253 qua
835 3192 1035 3253 manent
1054 3182 1259 3253 sceleris
1284 3181 1489 3253 vestigia
1511 3178 1679 3237 nostri,

438 3257 572 3305 Irrita
593 3245 831 3316 perpetua
849 3250 1040 3299 solvent
1061 3245 1321 3316 formidine
1337 3251 1511 3316 terias.

1239 3304 1395 3368 (Virg.
1408 3302 1565 3365 Eclog.
1582 3302 1652 3365 4.)

312 3402 468 3471 Quod
496 3416 561 3456 ex
593 3399 827 3460 Cum-.20,
859 3394 909 3448 id
942 3401 1043 3459 est,
1074 3406 1136 3445 ex
1159 3389 1421 3460 Sibyllino
1449 3388 1683 3441 carmine
1714 3400 1771 3440 se
1793 3383 1899 3439 fas-

316 3510 409 3551 sus
431 3501 511 3548 est
536 3488 872 3544 transtulisse
898 3483 1179 3554 Virgilius;
1206 3480 1453 3551 quoniam
1481 3478 1719 3533 fortassis
1740 3477 1900 3531 etiam

319 3586 408 3640 illa
439 3592 586 3637 vates
616 3579 809 3649 aliquid
837 3577 903 3631 de
929 3576 1084 3629 unico
1115 3574 1389 3628 Salvatorc
1416 3572 1467 3625 in
1499 3571 1685 3640 spiritu
1715 3568 1899 3622 audie-

319 3686 432 3738 rat,
463 3672 603 3742 quod
629 3686 848 3727 necesse
874 3668 1059 3722 habuit
1090 3666 1348 3721 confiteri.
1382 3664 1506 3718 Hzcc
1533 3664 1661 3723 tibi,
1687 3661 1901 3716 domine

325 3765 515 3820 merito
545 3761 903 3829 suscipiende,
932 3770 983 3813 et
1021 3760 1073 3811 in
1102 3757 1314 3813 Christo
1344 3757 1687 3810 dilectissime
1715 3770 1775 3808 ac
1804 3754 1901 3810 de-

326 3852 742 3909 siderantissime
778 3850 960 3913 frater,
987 3849 1097 3900 sive
1124 3863 1307 3915 pauca,
1348 3848 1456 3899 sive
1488 3846 1713 3900 forsitan
1738 3846 1902 3899 multa

328 3945 466 4009 sint,
507 3951 793 4011 utcumque
834 3938 1273 4007 occupatissimus
1311 3937 1498 4004 scripsi
1532 3954 1543 3989 :
1580 3946 1665 3989 tua
1695 3950 1905 3990 sumere

329 4035 585 4104 rescripta
612 4031 879 4096 desidero,
911 4038 963 4082 et
994 4036 1044 4082 te
1070 4042 1260 4081 nomen
1285 4025 1493 4080 dedisse
1522 4026 1660 4079 inter
1689 4038 1905 4092 compe-

332 4137 535 4194 tentes,
585 4124 669 4179 vel
717 4122 965 4176 daturum
1011 4134 1160 4183 esse,
1206 4117 1526 4187 jamjamque
1564 4128 1903 4185 cognoscere.

333 4222 588 4277 Dominus
629 4218 770 4272 Deus
796 4221 1005 4277 noster,
1038 4212 1089 4265 in
1117 4226 1275 4281 quem
1306 4208 1607 4273 credidisti,
1645 4216 1699 4261 et
1737 4206 1823 4261 hic
1855 4214 1912 4261 et

336 4315 389 4368 in
418 4311 594 4366 futuro
636 4306 829 4363 saeculo
857 4313 908 4359 te
933 4310 1238 4361 conservet,
1270 4299 1486 4353 domine
1524 4298 1713 4352 merito
1740 4297 1909 4350 susci-

338 4404 547 4474 piende,
572 4382 627 4457 et
656 4401 708 4455 in
739 4397 950 4455 Christo
974 4394 1317 4451 dilectissime
1343 4406 1405 4446 ac
1423 4389 1912 4446 desiderantissime

337 4496 517 4550 frater.

762 4600 1085 4659 EPISTOLA
1128 4597 1329 4654 CCLIX
1392 4596 1463 4669 (a)
1477 4638 1489 4649 .

341 4721 651 4793 Augustinus
680 4716 911 4772 Cornelio
944 4714 1120 4769 scortis
1145 4713 1312 4765 dedito
1338 4753 1352 4777 ,
1394 4711 1666 4765 admonens
1691 4709 1835 4763 illum
1862 4717 1915 4761 ut

416 4812 684 4883 Cypriane:
726 4808 898 4862 uxoris
942 4806 1193 4875 defuncta:
1235 4803 1526 4873 pudicitiam
1572 4802 1831 4865 imitetur,
1873 4800 1917 4853 si

415 4903 528 4957 velit
555 4901 691 4955 illius
716 4901 982 4969 impetrare
1007 4896 1201 4949 laudes.

349 4995 572 5049 Domino
601 4990 949 5046 dilectissimo
970 5031 983 5052 ,
1012 4996 1066 5042 et
1096 4985 1391 5040 honorabili
1433 4984 1581 5038 fratri
1609 4984 1877 5038 Coaxeuo
1899 5025 1914 5051 ,

954 5082 1305 5137 Aucusrmus.

425 5182 473 5234 1.
499 5176 766 5247 Scripsisti
794 5174 922 5229 mihi
946 5182 1003 5227 ut
1028 5172 1096 5227 ad
1122 5182 1172 5228 te
1194 5173 1423 5241 aliquam
1450 5171 1706 5240 prolixam
1734 5170 1924 5239 episto-

352 5276 454 5328 lam
481 5270 890 5327 consolatoriam
919 5266 1120 5329 darem,
1147 5264 1287 5333 quod
1309 5264 1538 5333 graviter
1562 5263 1772 5330 optima:
1796 5277 1926 5315 uxo-

354 5368 428 5421 ris
472 5371 642 5418 morte
690 5360 1015 5421 movereris,
1066 5358 1203 5411 sicut
1248 5365 1485 5409 sanctum
1536 5354 1815 5409 Paulinum
1861 5354 1926 5409 ad

356 5456 639 5511 Macarium
668 5451 858 5506 fecisse
889 5448 1195 5505 meministi.
1222 5446 1289 5500 Et
1314 5446 1400 5499 illa
1428 5445 1639 5514 quidem
1670 5446 1847 5499 anima
1874 5445 1926 5499 in

358 5546 665 5603 societatem
690 5550 901 5611 recepta
938 5539 1168 5595 fidelium
1206 5547 1363 5608 atque
1409 5548 1707 5604 castarum,
1746 5537 1930 5592 laudes

362 5652 461 5693 nec
503 5646 690 5701 curat,
734 5649 832 5689 nec
869 5632 1061 5704 quaerit
1098 5631 1385 5694 humanas;
1430 5629 1521 5684 sed
1552 5630 1673 5699 quia
1714 5640 1931 5700 propter

427 5774 444 5792 '
468 5780 687 5824 correcta
724 5772 783 5821 ad
817 5786 863 5821 .
897 5772 981 5834 bg.
1008 5768 1073 5818 bl.
1100 5782 1143 5818 c.
1169 5780 1237 5817 oc.
1266 5766 1314 5815 if.
1342 5782 1390 5830 g.
1418 5782 1497 5831 gv.
1520 5769 1555 5829 j.
1584 5782 1631 5815 n.
1658 5782 1701 5817 r.
1724 5783 1766 5820 s.
1792 5770 1866 5820 sb.
1893 5776 1929 5819 t.

365 5850 439 5888 vc.
461 5842 666 5899 quatuor
690 5850 736 5883 .
763 5841 815 5883 et
835 5834 947 5883 Edd.

429 5924 503 5985 ()
520 5922 641 5972 Alias
667 5921 753 5971 125
770 5935 781 5971 :
800 5933 910 5986 quae
931 5926 1095 5970 autem
1117 5919 1207 5968 259
1232 5925 1354 5979 erat,
1380 5931 1504 5966 nunc
1536 5920 1637 5968 151.

1438 475 1919 535 EPISTOLARUM
1955 476 2232 536 CLASSIS
2273 480 2361 535 IV.

3418 492 3557 550 1

1978 605 2073 645 eos
2113 590 2246 645 fiunt
2271 593 2398 657 ista,
2438 593 2529 663 qui
2556 595 2779 663 vivunt,
2807 597 2955 666 prius
2974 604 3059 654 est
3085 604 3144 654 ut
3182 607 3271 668 tu,
3302 603 3391 672 qui
3425 619 3559 658 con-

1980 685 2143 739 solari
2169 685 2285 755 ejus
2313 686 2469 742 laude
2499 689 2791 756 desideras,
2824 690 2896 744 ita
2922 692 3090 760 vivas,
3114 700 3171 748 ut
3196 694 3303 749 illic
3328 696 3560 765 ubiipsa

1980 785 2064 831 est
2083 818 2097 840 ,
2126 791 2244 831 esse
2273 779 2547 833 merearis.
2575 779 2757 849 Neque
2784 782 2924 835 enim
2945 781 3129 837 dubito
3148 784 3288 853 quod
3308 801 3423 840 eam
3451 800 3562 840 non

1980 865 2170 920 credas
2196 867 2267 921 ibi
2295 882 2435 935 esse,
2470 870 2555 925 ubi
2580 871 2683 925 illa:
2711 880 2835 926 sunt
2853 888 2971 941 quae
2993 873 3077 927 vel
3108 873 3381 932 adulteriis
3406 879 3545 935 lectu

1980 956 2090 1010 lum
2115 958 2445 1027 conjugalem
2474 961 2812 1029 polluerunt,
2851 963 2933 1017 vel
2973 962 3115 1017 nullo
3154 965 3400 1036 conjugio
3425 967 3563 1025 deli-

1980 1059 2116 1118 gata:
2157 1048 2503 1106 fornicatione
2542 1052 2827 1109 uxerunt.
2872 1055 3085 1122 Quare,
3132 1056 3199 1111 de
3239 1057 3382 1113 illius
3409 1060 3564 1119 laude

1981 1140 2095 1194 viro
2138 1141 2292 1211 longe
2322 1142 2565 1196 dissimili
2611 1145 2762 1213 quasi
2806 1144 2986 1215 fugare
3038 1146 3175 1200 velle
3220 1149 3561 1217 mmstitiam,

1980 1229 2213 1285 adulatio
2236 1240 2337 1298 est,
2358 1248 2461 1287 non
2479 1236 2793 1289 consolatio.
2818 1236 2947 1290 Nam
2975 1237 3018 1291 si
3044 1224 3160 1292 eam
3183 1240 3429 1309 diligeres
3459 1243 3563 1297 sic-

1980 1329 2039 1374 ut
2064 1322 2177 1391 ipsa
2210 1331 2260 1377 te
2318 1324 2521 1390 dilexit,
2554 1340 2823 1381 servasses
2857 1327 2908 1382 ei
2936 1328 3075 1397 quod
3106 1330 3197 1384 tibi
3225 1330 3337 1399 ipsa
3375 1347 3562 1387 serva-

1983 1415 2075 1469 vit.
2123 1415 2333 1470 Etcum
2361 1417 2471 1484 illa,
2506 1419 2551 1471 si
2590 1420 2735 1488 prior
2757 1419 2981 1475 obiisses
3004 1462 3019 1488 ,
3064 1422 3210 1476 nullo
3252 1424 3409 1477 modo
3446 1441 3564 1481 cre-

1984 1509 2155 1564 denda
2205 1512 2274 1565 sit
2315 1513 2559 1582 cuiquam
2608 1513 2769 1567 fuisse
2820 1523 3077 1584 nuptura;
3132 1532 3309 1571 nonne
3353 1518 3395 1571 si
3440 1534 3567 1574 vere

1984 1601 2185 1655 obitum
2223 1603 2339 1672 ejus
2382 1604 2625 1659 laudibus
2660 1605 2776 1674 ejus
2817 1607 3171 1661 consolandus
3208 1608 3417 1664 doleres
3440 1650 3454 1675 ,
3498 1625 3568 1664 nc

1989 1707 2143 1745 unam
2176 1695 2389 1764 quidem
2431 1710 2494 1749 ac
2533 1695 2728 1750 licitam
2776 1706 2894 1765 post
2932 1697 3076 1751 illam
3106 1698 3385 1769 conjugem
3412 1714 3562 1769 qua:-

1986 1798 2134 1839 rercs
2153 1785 2176 1837 ?

2056 1880 2110 1931 2.
2142 1878 2237 1932 llic
2262 1886 2315 1932 tu
2355 1877 2591 1933 dicturus
2618 1894 2675 1932 es
2708 1898 2722 1933 :
2753 1878 2888 1945 Quid
2931 1895 3136 1935 mecum
3175 1895 3364 1951 aspere
3403 1882 3563 1951 agis?

1987 1969 2111 2038 quid
2138 1968 2268 2022 dure
2293 1968 2585 2036 objurgas?
2611 1969 2798 2023 Nonne
2824 1971 2962 2025 inter
2991 1972 3104 2025 haec
3136 1973 3297 2026 verba
3326 1988 3452 2028 ecce
3482 1990 3569 2029 se-

1988 2060 2228 2122 nuimus,
2259 2058 2382 2112 dum
2413 2061 2517 2112 vita
2543 2059 2752 2113 ducitur
2790 2061 2934 2129 prius
2964 2062 3191 2115 finienda
3217 2078 3373 2132 quam
3402 2067 3571 2119 corri-

1988 2147 2200 2219 genda?
2251 2147 2343 2202 Vis
2393 2156 2448 2202 ut
2493 2150 2761 2218 ignoscam
2806 2151 3061 2205 exitiabili
3103 2153 3369 2205 securitati
3421 2162 3565 2207 tuae:

1990 2252 2188 2313 quanto
2216 2242 2382 2296 satius
2422 2252 2476 2295 tu
2508 2242 2770 2313 ignoscis,
2803 2244 2847 2297 si
2886 2260 2990 2298 non
3020 2245 3265 2311 amabili,
3298 2255 3441 2300 certe
3466 2247 3566 2300 mi-

1992 2332 2207 2387 serabili
2256 2332 2598 2385 sollicitudini
2646 2332 2820 2386 meat?
2867 2332 3085 2387 Inimico
3135 2332 3345 2402 quidem
3390 2335 3569 2389 animo

1994 2423 2197 2476 Tullius
2223 2422 2587 2487 invehebatur,
2617 2434 2668 2477 et
2691 2424 2847 2493 longe
2867 2424 2966 2476 alia
2991 2433 3105 2478 erat
3130 2433 3393 2479 terrenam
3423 2441 3570 2480 rem-

1994 2515 2256 2584 publicam
2282 2515 2623 2583 gubernantis
2653 2515 2894 2579 intentio,
2920 2524 2974 2569 ct
3003 2524 3178 2569 tamen
3219 2516 3293 2569 ait
3324 2534 3337 2569 :
3371 2513 3529 2584 Cupio
3549 2557 3565 2579 ,

1994 2603 2180 2658 Patres
2206 2605 2473 2673 conscripti
2498 2645 2511 2667 ,
2554 2620 2633 2656 me
2657 2620 2761 2657 esse
2796 2605 3113 2667 clementem;
3143 2605 3291 2674 cupio
3333 2607 3387 2657 in
3418 2607 3568 2660 tantis

1994 2696 2283 2765 reipublica:
2311 2696 2545 2765 periculis
2582 2712 2679 2747 non
2712 2695 3009 2749 dissolutum
3046 2696 3199 2748 videri
3239 2696 3363 2767 (Cic.
3388 2714 3479 2767 pro
3506 2697 3569 2753 S.

1996 2786 2196 2855 Rosa).
2235 2786 2444 2851 Quanto
2479 2786 2675 2853 justius
2720 2800 2818 2855 ego
2859 2786 3009 2852 dico,
3052 2803 3171 2841 cum
3212 2788 3325 2857 ipse
3359 2790 3571 2845 noveris

1998 2894 2155 2948 quam
2184 2879 2275 2932 tibi
2306 2879 2531 2932 amicum
2562 2878 2793 2932 animum
2823 2895 3001 2948 geram
3020 2920 3033 2942 ,
3071 2880 3124 2933 in
3154 2888 3367 2935 -[
3391 2883 3576 2938 civita-

1998 2968 2068 3021 tis
2096 2968 2313 3023 servitio
2342 2969 2660 3022 constitutus
2698 2968 2938 3023 minister
2979 2970 3127 3025 verbi
3154 2973 3576 3042 sacramentique

2000 3057 2164 3113 divini
2194 3077 2206 3112 :
2234 3059 2410 3127 cupio,
2452 3058 2614 3113 frater
2647 3058 2894 3125 Corneli,
2938 3075 3022 3115 me
3062 3076 3181 3115 esse
3223 3063 3574 3130 clementem;

2001 3149 2157 3218 cupio
2186 3150 2242 3203 in
2266 3149 2427 3204 tantis
2453 3148 2558 3203 tuis
2586 3149 2821 3219 meisque
2850 3152 3098 3219 periculis
3124 3166 3230 3207 non
3258 3153 3576 3211 dissolutum

2001 3241 2167 3296 videri
2190 3242 2211 3293 ?

2074 3335 2127 3389 5.
2160 3335 2317 3389 Plebs
2345 3335 2629 3389 mulierum
2659 3337 2884 3392 excubat
2919 3336 3168 3393 lateribus
3211 3340 3345 3406 tuis,
3389 3342 3580 3396 crescit

2004 3426 2057 3480 in
2102 3427 2216 3482 dies
2262 3428 2509 3497 pellicum
2553 3445 2833 3495 numerus;
2879 3430 3117 3498 ejusdem
3155 3442 3330 3487 autem
3373 3434 3577 3489 numeri

2005 3518 2278 3573 dominum
2302 3561 2317 3585 ,
2347 3520 2453 3573 imo
2482 3535 2610 3575 vero
2640 3536 2850 3575 servum
2880 3522 3158 3576 insatiabili
3192 3539 3283 3592 per
3310 3534 3387 3577 tot
3405 3535 3580 3580 scorta

2006 3610 2223 3665 libidine
2249 3610 2598 3675 diffluentem,
2630 3622 2684 3666 et
2713 3612 2893 3667 laudes
2921 3612 3178 3667 defuncta:
3207 3623 3365 3668 casta:
3394 3618 3581 3685 conju-

2006 3703 2087 3773 gis
2128 3719 2157 3757 a
2188 3702 2340 3758 nobis
2364 3745 2378 3767 ,
2409 3704 2556 3757 velut
2581 3704 2647 3757 ad
2688 3704 3026 3773 mitigandam
3066 3707 3367 3761 maestitiam
3393 3723 3538 3761 suam
3562 3752 3578 3772 ,

2005 3795 2125 3865 jure
2153 3796 2400 3850 amicitiae
2424 3796 2745 3866 agitantem
2767 3796 3000 3866 episcopi
3028 3798 3285 3866 patienter
3304 3798 3584 3853 audimus?

2010 3886 2110 3951 Qui
2140 3902 2260 3939 cum
2288 3901 2456 3951 esses,
2486 3902 2589 3940 non
2619 3888 2790 3940 dicam
2820 3887 3231 3941 catechumenus
3250 3929 3263 3951 ,
3295 3888 3387 3941 sed
3417 3889 3468 3941 in
3495 3906 3583 3943 cr-

2010 3992 2134 4031 rore
2178 3977 2454 4031 nobiscum
2500 3979 2947 4046 perniciosissimo
2990 3982 3307 4035 constitutus
3343 3981 3583 4048 juvenis,

2008 4066 2307 4136 junioribus
2338 4067 2489 4121 nobis
2508 4109 2521 4131 ,
2545 4068 2612 4121 ab
2638 4067 2738 4121 hoc
2767 4076 2819 4122 te
2844 4068 2971 4121 vitio
2996 4071 3473 4137 temperantissima
3503 4086 3587 4124 vo-

2016 4157 2217 4210 luntate
2242 4170 2571 4221 correxeras,
2602 4172 2707 4225 quo
2734 4172 2837 4211 non
2862 4166 2977 4225 post
3002 4158 3213 4228 longum
3236 4168 3441 4228 tempus
3472 4174 3589 4212 sor

2015 4246 2189 4301 didius
2229 4247 2528 4313 revolutus,
2576 4246 2769 4301 deinde
2817 4248 2868 4301 in
2913 4256 3152 4303 extremo
3195 4249 3314 4303 vita:
3352 4250 3589 4318 periculo

2015 4337 2332 4407 baptizatus,
2367 4353 2470 4391 non
2501 4337 2694 4404 dicam,
2721 4346 2771 4392 te
2796 4353 2943 4406 sene,
2973 4338 3063 4393 sed
3090 4340 3248 4394 etiam
3274 4339 3426 4395 nobis
3445 4350 3590 4396 certe

2013 4432 2122 4502 jam
2154 4433 2367 4487 senibus
2389 4440 2441 4486 et
2463 4432 2677 4503 insuper
2697 4432 2980 4502 episcopis,
3007 4432 3240 4486 nondum
3266 4432 3588 4486 emendaris.

2020 4523 2113 4578 Vis
2143 4524 2209 4578 de
2233 4524 2385 4577 boum
2409 4530 2591 4578 uxoris
2621 4534 2790 4579 morte
2816 4541 2908 4594 per
2933 4539 3030 4578 nos
3059 4524 3323 4579 consolari
3353 4542 3363 4575 :
3396 4538 3492 4577 nos
3520 4524 3588 4578 de

2020 4615 2121 4671 hac
2150 4626 2234 4670 tua
2270 4618 2476 4670 veriore
2506 4626 2676 4672 morte
2704 4619 2821 4687 quis
2845 4616 3188 4671 consolatur?
3215 4616 3295 4670 An
3334 4617 3455 4685 quia
3485 4632 3590 4670 non

2021 4722 2303 4777 possumus
2339 4708 2582 4761 oblivisci
2621 4716 2764 4761 tanta
2804 4723 2926 4776 erga
2958 4722 3054 4760 nos
3098 4706 3285 4760 merita
3315 4714 3400 4759 tua
3426 4746 3440 4770 ,
3469 4706 3591 4760 ideo

2022 4796 2286 4850 cruciandi
2336 4796 2507 4849 adhuc
2554 4812 2735 4851 sumus
2788 4798 3022 4850 moribus
3064 4797 3200 4863 tuis,
3250 4795 3368 4849 ideo
3413 4806 3595 4849 conte-

2024 4887 2240 4942 mnendi
2265 4929 2277 4948 ,
2310 4895 2363 4941 et
2389 4902 2483 4955 pro
2510 4887 2674 4940 nihilo
2701 4888 2927 4942 habendi
2954 4929 2969 4952 ,
3000 4887 3210 4957 quando
3247 4887 3504 4956 gemimus
3528 4889 3593 4942 ad

2028 4988 2077 5034 te
2102 4979 2168 5033 de
2195 4978 2287 5032 te?
2316 4977 2419 5033 Sed
2446 4977 2672 5033 fatemur
2693 4994 2791 5033 nos
2814 4992 2917 5031 non
2948 4992 3065 5033 esse
3088 4978 3282 5047 aliquid
3307 4978 3373 5044 ad
3401 4987 3451 5033 te
3472 4994 3593 5033 cor-

2025 5069 2299 5140 rigendum
2329 5084 2393 5125 ac
2420 5069 2751 5125 sanandum:
2800 5070 2937 5123 Deus
2978 5068 3307 5134 attendatur,
3350 5068 3592 5122 Christus

2028 5161 2287 5229 cogitetur
2308 5200 2320 5223 ,
2366 5159 2651 5228 Apostolus
2695 5158 2935 5211 audiatur
2980 5158 3163 5212 dicens
3193 5177 3205 5211 :
3234 5158 3438 5212 Tollens
3478 5175 3595 5228 ergo

2030 5251 2251 5305 membra
2278 5248 2481 5314 Christi,
2511 5250 2691 5319 faciam
2722 5250 2941 5303 membra
2971 5250 3237 5304 meretricis
3274 5247 3293 5319 (
3361 5246 3476 5300 Cor.
3508 5264 3560 5301 Vl
3580 5290 3595 5315 ,

2034 5344 2150 5415 15)?
2176 5344 2229 5399 Si
2256 5344 2650 5412 qualiscumque
2674 5343 2908 5412 episcopi
2936 5342 3089 5395 amici
3119 5341 3193 5394 tui
3213 5340 3371 5394 verba
3393 5341 3603 5410 spernis

2035 5440 2087 5493 in
2114 5437 2274 5493 corde
2310 5446 2420 5503 tuo,
2468 5450 2661 5505 corpus
2705 5434 2914 5489 Domini
2961 5434 3033 5486 tui
3071 5431 3240 5502 cogita
3283 5432 3335 5485 in
3381 5446 3604 5501 corpore

2037 5539 2129 5584 tuo
2176 5546 2188 5581 :
2240 5537 2546 5599 postremo,
2597 5525 2901 5596 quomodo
2953 5522 3023 5599 de
3072 5522 3158 5577 die
3209 5523 3261 5576 in
3312 5522 3452 5577 diem
3498 5521 3604 5576 dif-

2038 5618 2256 5675 ferendo
2317 5632 2543 5688 peccas,
2606 5634 2727 5673 cum
2776 5624 3070 5671 extremum
3116 5613 3258 5669 diem
3312 5622 3458 5668 tuum
3510 5629 3607 5668 ne-

2040 5710 2179 5765 scias
2198 5709 2220 5761 ?

2075 5864 2238 5974 315$.
2254 5862 2470 5926 quinque
2492 5860 2649 5912 Gallic.
2663 5868 2714 5912 et
2734 5860 2829 5911 duo
2850 5860 3016 5921 vatim,
3033 5860 3269 5926 quoniam.
3285 5860 3369 5911 Alii
3391 5865 3615 5923 quatuor,

2041 5937 2171 5984 qm.
