4024 6374
583 330 722 407 to79

577 455 701 517 post
730 444 1115 515 quantumlibet
1137 452 1345 514 tempus
1372 457 1458 499 me
1485 442 1847 499 consuluisses
1868 484 1883 510 ,
1912 443 2044 497 nihil
2075 443 2168 497 tibi

581 538 726 593 aliud
757 537 1161 607 responderem,
1182 538 1284 590 nisi
1310 535 1451 606 quod
1468 536 1542 589 ait
1566 534 1877 606 Apostolus,
1910 534 2052 590 Uxor
2068 552 2169 590 non

580 630 729 684 habet
759 638 1050 699 potestatem
1075 628 1300 698 corporis
1326 629 1426 692 sui,
1447 626 1534 681 sed
1553 627 1629 680 vir
1651 643 1669 680 :
1695 626 1762 682 de
1786 642 1888 697 qua
1908 636 2166 697 potestate

574 725 650 778 sic
679 722 770 777 tibi
794 724 904 792 jam
929 722 1241 791 permiserat
1264 721 1669 788 continentiam,
1692 729 1752 777 ut
1770 736 1888 777 eam
1916 731 2090 777 tecum
2113 731 2166 778 et

573 815 691 884 ipse
717 816 1028 883 susciperet.

650 906 705 960 4.
748 905 854 959 Sed
876 905 1002 959 illud
1019 914 1100 960 est
1114 905 1254 976 quod
1272 906 1449 959 minus
1462 914 1511 961 te
1523 906 1835 963 observasse
1850 908 2159 974 contristor,

574 998 696 1067 quia
738 1005 885 1051 tanto
924 997 1173 1052 humilius
1203 1006 1256 1052 et
1293 997 1628 1053 obedientius
1656 998 1705 1053 ei
1733 998 1957 1069 obsequi
1983 1000 2036 1053 in
2062 999 2161 1053 do-

575 1089 795 1143 mestica
814 1091 1218 1144 conversatione
1244 1088 1493 1156 debuisti,
1524 1098 1721 1160 quanto
1749 1090 1840 1145 ille
1865 1090 2163 1161 religiosius

572 1182 667 1237 tibi
709 1193 838 1236 rem'
868 1191 974 1236 tam
1014 1198 1258 1252 magnam
1305 1183 1465 1237 etiam
1511 1184 1768 1239 imitando
1797 1195 2155 1241 concesserat.

569 1273 683 1329 Non
712 1276 854 1329 enim
898 1275 1018 1344 quia
1064 1276 1257 1344 pariter
1292 1277 1664 1345 temperabatis
1707 1293 1736 1332 a
1779 1281 2158 1335 commixtione

569 1369 790 1431 carnali,
839 1368 957 1423 ideo
989 1378 1108 1423 tuus
1139 1371 1357 1425 maritus
1391 1386 1511 1426 esse
1536 1371 1847 1439 destiterat;
1892 1374 2000 1427 imo
2028 1389 2156 1429 vero

568 1469 717 1515 tanto
747 1462 980 1515 sanctius
1011 1463 1149 1517 inter
1174 1479 1269 1518 vos
1296 1465 1547 1533 eonjngcs
1578 1466 1873 1520 manebatis
1895 1506 1911 1531 ,
1957 1477 2154 1537 quanto

564 1553 827 1607 sanctiora
858 1554 1190 1608 concorditer
1218 1556 1405 1623 placita
1432 1555 1745 1610 servabatis.
1768 1556 1909 1611 Nihil
1937 1574 2064 1629 ergo
2086 1560 2153 1615 de

565 1652 653 1696 tua
678 1653 846 1710 veste,
875 1644 1003 1697 nihil
1034 1644 1099 1698 de
1118 1653 1206 1698 tuo
1230 1660 1360 1697 auro
1377 1646 1457 1698 vel
1476 1654 1697 1715 argento
1718 1648 1800 1701 vel
1821 1663 2153 1720 quacumque

564 1734 808 1805 pecunia,
842 1743 932 1787 aut
953 1735 1112 1789 rebus
1138 1735 1257 1788 ullis
1280 1735 1505 1790 terrenis
1533 1737 1636 1791 tuis
1658 1738 1774 1792 sine
1800 1739 2020 1797 arbitrio
2036 1741 2151 1811 ejus

564 1823 741 1879 facere
768 1824 1036 1889 debuisti,
1070 1842 1135 1880 ne
1164 1826 1554 1882 scandalizares
1598 1829 1870 1884 hominem
1909 1832 1995 1901 qui
2040 1832 2150 1887 Deo

563 1922 739 1970 tecum
765 1916 968 1985 majora
995 1927 1229 1983 voverat,
1260 1926 1314 1972 et
1342 1919 1408 1972 ab
1433 1934 1496 1973 eo
1522 1920 1662 1989 quod
1689 1921 1758 1976 de
1783 1930 1869 1977 tua
1898 1938 2058 1979 carne
2082 1925 2148 1979 li-

563 2006 665 2060 cita
693 2015 952 2076 potestate
980 2016 1160 2077 posset
1184 2010 1415 2079 exigere,
1438 2011 1772 2067 continenter
1798 2014 2143 2070 abstinuerat.

632 2097 685 2152 5.
727 2098 965 2168 Denique
1012 2098 1207 2154 factum
1252 2110 1333 2155 est
1372 2112 1431 2156 ut
1474 2103 1737 2158 vinculum
1781 2106 2141 2174 continentiae,

562 2204 668 2259 quo
697 2204 756 2244 se
780 2190 1002 2245 dilectus
1043 2192 1133 2245 ille
1176 2192 1517 2259 innexuerat,
1562 2202 1898 2265 contemptus
1927 2198 2145 2253 abrum-

558 2290 730 2352 peret,
756 2290 810 2335 et
834 2282 999 2336 iratus
1024 2283 1113 2337 tibi
1137 2299 1239 2337 non
1269 2294 1509 2353 parceret
1534 2286 1652 2339 sibi.
1682 2286 1829 2341 Sicut
1849 2289 1988 2343 enim
2014 2290 2144 2345 mihi

556 2374 737 2428 retulit
775 2375 1013 2443 perlator
1049 2374 1286 2443 epistolae
1329 2385 1462 2441 ture,
1496 2391 1614 2429 cum
1641 2380 1976 2447 cognovisset
2002 2380 2140 2450 quod

555 2465 733 2518 omnia
764 2466 846 2518 vel
890 2480 1026 2533 pene
1060 2466 1235 2519 omnia
1264 2482 1382 2536 quas
1413 2467 1644 2523 habebas
1665 2510 1679 2533 ,
1727 2473 1907 2524 nescio
1950 2472 2141 2540 quibus

555 2557 761 2611 duobus
792 2560 1183 2613 transeuntibus
1211 2561 1487 2615 monachis
1528 2570 1777 2631 tanquam
1818 2566 2140 2634 pauperibus

554 2649 817 2718 eroganda
842 2649 1153 2717 donaveris;
1188 2661 1312 2705 tunc
1338 2653 1427 2707 ille
1453 2652 1721 2708 detestans
1741 2670 1835 2710 eos
1866 2664 2060 2723 tecum,
2087 2665 2141 2713 et

552 2755 657 2793 non
704 2740 797 2794 Dei
841 2756 1057 2807 servos,
1105 2743 1197 2797 sed
1234 2744 1423 2798 domus
1446 2745 1633 2801 alienae
1665 2757 2051 2816 penetratores,
2085 2758 2141 2805 et

552 2837 671 2883 tuos
684 2831 1512 2903 captivatoresetdepraedatores
1530 2849 1741 2906 putans,
1768 2848 1873 2893 tam
1896 2851 2137 2897 sanctam

548 2922 809 2977 sarcinam
834 2940 991 2994 quam
1020 2934 1190 2980 tecum
1219 2927 1469 2994 subierat,
1497 2930 1799 3001 indignatus
1820 2933 2029 3002 abjecit.
2052 2936 2137 2989 In-

546 3013 732 3068 firmus
756 3017 897 3070 enim
924 3026 1069 3083 erat,
1096 3028 1151 3073 et
1182 3019 1301 3075 ideo
1328 3021 1456 3088 tibi,
1486 3038 1604 3093 qua:
1634 3022 1686 3076 in
1713 3028 1981 3079 communi
2009 3042 2134 3096 pro-

546 3108 719 3174 posito
746 3107 935 3162 fortior
965 3110 1229 3165 videbaris
1250 3153 1264 3179 ,
1303 3129 1409 3167 non
1436 3124 1550 3170 erat
1578 3119 1991 3188 praesumptione
2018 3127 2133 3173 tur-

544 3194 781 3259 bandus,
832 3198 925 3252 sed
971 3200 1254 3256 dilectione
1305 3204 1632 3273 portandus:
1664 3208 1785 3277 quia
1821 3209 2029 3264 etiamsi
2064 3210 2133 3265 ad

545 3285 690 3355 ipsas
714 3287 1081 3360 cleemosynas
1104 3292 1299 3362 largius
1326 3294 1594 3350 faciendas
1624 3296 1761 3353 forte
1785 3300 1985 3369 pigrius
2014 3317 2129 3355 mo-

542 3374 787 3443 vebatur,
820 3387 1000 3447 posset
1020 3390 1073 3434 et
1095 3382 1194 3435 ista
1221 3384 1565 3451 condiscere,
1610 3388 1656 3441 si
1702 3390 1806 3444 tuis
1845 3391 2130 3460 inopinatis

541 3484 650 3524 non
695 3470 944 3527 feriretur
984 3476 1264 3544 expensis,
1310 3478 1403 3533 sed
1442 3481 1761 3549 exspectatis
1817 3484 2130 3540 invitaretur

540 3563 844 3634 obsequiis,
897 3574 955 3621 ut
995 3569 1153 3622 etiam
1194 3568 1295 3624 hoc
1336 3570 1477 3640 quod
1529 3581 1729 3629 temere
1766 3576 1878 3629 sola
1923 3576 2123 3647 fecisti,

542 3657 711 3710 multo
736 3659 1027 3714 consultius
1054 3660 1339 3717 dilectione
1363 3664 1635 3731 concordi,
1677 3667 1950 3737 multoque
1976 3669 2126 3723 ordi-

540 3748 715 3802 natius
752 3758 807 3803 et
845 3750 1121 3807 honestius
1163 3754 1321 3809 ambo
1348 3754 1629 3822 faceretis;
1663 3773 1761 3813 nec
1788 3759 2126 3831 blasphema-

516 3848 725 3894 rentur
767 3843 908 3896 servi
952 3844 1080 3911 Dei,
1127 3847 1172 3900 si
1214 3854 1390 3902 tamen
1431 3849 1532 3904 hoc
1562 3849 1794 3919 fuerunt,
1818 3853 1906 3924 qui
1932 3856 2123 3911 marito

517 3930 758 4006 absente
787 3942 945 4004 atque
963 3937 1253 4004 nesciente,
1275 3940 1342 3995 ab
1359 3940 1534 4011 ignota
1552 3942 1774 3999 muliere
1792 3953 1847 4000 et
1862 3945 1929 4001 ab
1949 3947 2121 4003 aliena

514 4040 704 4097 .uxore
734 4034 874 4080 tanta
900 4039 1268 4099 sumpserunt;
1318 4042 1369 4087 et
1399 4032 1703 4089 laudaretur
1731 4037 1873 4093 Deus
1904 4038 1957 4093 in
1988 4055 2119 4109 ope-

513 4117 682 4172 ribus
708 4120 919 4184 vestris,
952 4136 1176 4190 quorum
1197 4132 1340 4179 esset
1366 4133 1470 4179 tam
1501 4126 1601 4181 fida
1627 4129 1874 4198 societas,
1902 4139 2006 4185 uta
2027 4148 2119 4188 vo-

642 4214 993 4268 communiter
1021 4224 1311 4284 teneretur,
1335 4233 1440 4273 non
1460 4220 1632 4276 solum
1653 4237 1859 4278 summa
1880 4227 2113 4295 castitas,

532 4316 721 4355 verum
751 4304 908 4358 etiam
934 4306 1161 4375 gloriosa
1192 4320 1491 4379 paupertas.

606 4392 658 4446 6.
699 4391 850 4447 Nunc
890 4403 1063 4451 autem
1112 4400 1503 4456 inconsiderata
1541 4404 1875 4462 festinatione
1904 4410 2115 4464 attende

534 4480 659 4549 quid
688 4481 893 4538 feceris.
928 4484 996 4541 Ut
1022 4487 1162 4541 enim
1190 4489 1257 4543 de
1285 4490 1387 4545 illis
1418 4493 1721 4559 monachis,
1754 4512 1783 4547 a
1828 4498 2018 4567 quibus
2064 4508 2115 4554 te

532 4574 645 4641 ipse
675 4590 781 4629 non
802 4576 1145 4645 mdificatam,
1178 4580 1270 4635 sed
1300 4582 1574 4650 spoliatam
1607 4600 1725 4640 esse
1749 4592 2108 4659 conqueritur,

531 4679 630 4734 ego
650 4664 786 4721 bene
818 4670 1065 4735 sentiam,
1095 4687 1197 4726 nec
1216 4672 1415 4727 homini
1442 4688 1551 4742 prae
1582 4677 1658 4731 ira
1687 4679 1953 4736 turbatum
1980 4698 2110 4738 ocu-

528 4758 639 4812 lum
668 4758 913 4825 habenti,
945 4771 1128 4818 contra
1157 4766 1249 4819 Dei
1277 4765 1503 4822 fortasse
1543 4768 1768 4826 famulos
1796 4772 1950 4830 facile
1978 4792 2110 4832 con-

528 4851 783 4918 sentiam;
817 4855 1067 4924 numqnid
1092 4865 1294 4912 tantum
1319 4858 1514 4912 bonum
1534 4871 1635 4925 est,
1660 4865 1799 4933 quod
1819 4882 2109 4937 pauperum

528 4954 740 4995 carnem
782 4944 1100 5014 largioribus
1140 4948 1494 5021 eleemosynis
1537 4953 1802 5020 refecisti,
1852 4970 2107 5029 quantum

525 5032 727 5084 malum
759 5043 860 5100 est,
893 5037 1032 5105 quod
1064 5039 1161 5093 viri
1191 5041 1261 5095 tui
1294 5052 1523 5097 mentem
1554 5059 1583 5097 a
1614 5054 1718 5100 tam
1747 5049 1888 5105 bono
1908 5067 2106 5123 propo-

524 5124 626 5178 sito
665 5126 953 5181 subruisti?
1000 5130 1077 5183 An
1120 5132 1428 5203 cujusquam
1478 5136 1570 5191 tibi
1618 5142 1920 5208 temporalis
1961 5148 2106 5202 salus

520 5217 735 5271 charior
765 5232 886 5273 esse
912 5219 1186 5290 debuerat,
1215 5238 1372 5292 quam
1402 5225 1557 5298 hujus
1581 5233 1819 5285 aeterna?
1842 5233 2028 5291 Nonne
2058 5238 2103 5292 si

519 5310 833 5379 ampliorem
878 5315 1295 5374 misericordiam
1330 5324 1597 5393 cogitans,
1642 5325 1760 5380 ideo
1786 5330 2103 5397 pauperibus

515 5417 602 5457 res
643 5411 761 5459 tuas
802 5421 1022 5477 erogare
1066 5409 1340 5481 ditferres,
1382 5430 1449 5471 ne
1471 5417 1852 5475 scandalizatus
1882 5422 2101 5479 maritus

519 5506 639 5553 tuus
661 5500 770 5555 Deo
796 5501 1017 5569 periret,
1046 5503 1315 5562 uberiores
1334 5508 1426 5564 tibi
1452 5510 1591 5565 Deus
1608 5511 1974 5585 eleemosynas
1996 5516 2098 5571 im-

518 5590 764 5658 putaret?
793 5591 1023 5650 Proinde
1051 5595 1096 5650 si
1123 5597 1313 5653 recolis
1338 5600 1464 5669 quid
1482 5604 1860 5673 acquisiveras,
1886 5609 2099 5678 quando

517 5684 716 5737 lucrata
748 5683 923 5741 fueras
942 5688 1110 5744 virum
1134 5700 1302 5758 tuum,
1322 5701 1380 5748 ut
1401 5702 1573 5750 tecum
1594 5696 1805 5754 Christo
1832 5703 2097 5758 sanctiore

516 5775 759 5830 castitate
775 5782 1027 5846 serviret;
1053 5785 1284 5853 intellige
1307 5802 1400 5857 per
1422 5788 1537 5843 illas
1561 5790 1927 5864 eleemosynas
1954 5804 2087 5862 tuas,

1816 325 1875 381 S.
1916 322 2283 382 AUGUSTINI
2323 326 2623 387 EPISCOPI

3709 356 3826 419 1080

2280 446 2468 515 quibus
2496 463 2589 503 cor
2608 449 2724 519 ejus
2753 466 3002 510 eversum
3031 461 3134 524 est,
3175 466 3371 528 quanto
3396 462 3633 533 graviore
3653 466 3821 532 damno

2279 553 2527 609 percussa
2570 541 2765 609 fueris,
2808 560 2967 616 quam
3004 557 3130 604 sunt
3169 550 3257 606 illa
3295 552 3460 621 lucra,
3483 573 3601 627 quae
3620 562 3821 625 omletia

2277 630 2566 699 cogitabas.
2610 633 2666 689 Si
2714 634 2857 691 enim
2902 637 3061 695 habet
3104 640 3175 695 ibi
3209 658 3459 713 magnum
3497 648 3662 707 locum
3696 659 3821 725 panis

2276 722 2471 778 fractus
2497 727 2771 795 esurienti,
2803 739 3057 800 quantum
3086 732 3257 788 locum
3281 734 3348 791 ibi
3374 738 3632 796 credenda
3656 722 3727 800 est
3744 746 3818 804 ha-

2273 813 2401 869 bere
2446 817 2844 887 misericordia,
2891 837 2993 891 qua
3038 822 3199 879 homo
3226 825 3448 896 eripitur
3474 828 3693 900 diabolo,
3723 846 3820 893 tan-

2272 922 2431 976 quam
2457 908 2596 964 leoni
2624 912 2874 983 rugienti,
2905 924 2959 969 et
2983 930 3143 985 quem
3168 917 3389 975 devoret
3407 921 3714 993 inquirenti?

2344 1020 2395 1072 7.
2434 1019 2619 1092 Neque
2647 1022 2748 1079 hoc
2772 1025 2843 1079 ita
2869 1025 3114 1094 dicimus,
3144 1038 3203 1084 ut
3221 1032 3265 1085 si
3291 1033 3567 1105 quisquam
3591 1042 3816 1101 scandali-

2269 1118 2419 1166 zatus
2442 1112 2600 1168 fuerit
2623 1114 2690 1169 de
2712 1114 2867 1172 bonis
2890 1120 3141 1188 operibus
3162 1124 3377 1189 nostris,
3407 1125 3476 1179 ab
3492 1128 3567 1183 eis
3591 1130 3815 1189 desisten-

2268 1200 2395 1256 dum
2427 1214 2705 1272 putemus;
2738 1207 2833 1263 sed
2860 1210 2961 1264 alia
2986 1226 3143 1266 causa
3174 1223 3257 1267 est
3280 1215 3591 1285 alienarum,
3619 1223 3709 1277 alia
3734 1242 3812 1281 ne-

2265 1295 2615 1350 cessariarum
2676 1299 2728 1351 in
2787 1300 3042 1357 societate
3090 1304 3264 1374 aliqua
3317 1322 3687 1377 personarum;
3730 1316 3811 1371 alia

2264 1384 2468 1452 fidelis,
2511 1387 2611 1441 alia
2660 1388 2920 1456 infidelis;
2963 1393 3065 1445 alia
3103 1405 3380 1463 parentum
3406 1414 3531 1468 erga
3562 1402 3703 1468 filios,
3727 1408 3810 1463 alia

2262 1475 2491 1531 filiorum
2518 1494 2639 1549 erga
2674 1492 2919 1548 parentes
2944 1502 2956 1536 :
2989 1483 3090 1538 alia
3120 1497 3394 1555 postremo
3425 1505 3508 1557 ea,
3544 1508 3653 1558 qua:
3678 1496 3721 1550 in
3748 1497 3813 1555 his

2261 1568 2420 1622 rebus
2468 1570 2552 1624 vel
2590 1572 2822 1628 maxime
2869 1575 3122 1631 intuenda
3158 1589 3273 1647 est,
3306 1581 3409 1636 viri
3449 1593 3502 1638 et
3531 1589 3712 1654 uxoris,
3739 1591 3810 1646 ubi

2258 1661 2538 1717 mulierem
2583 1664 2921 1736 conjugatam
2967 1684 3073 1723 non
3114 1670 3236 1725 licet
3274 1671 3492 1741 dicere,
3529 1676 3678 1733 Facio
3696 1682 3809 1750 quod

2258 1752 2378 1805 volo
2404 1753 2471 1807 de
2494 1770 2647 1821 meo;
2680 1773 2799 1811 cum
2830 1769 2884 1813 et
2912 1760 3026 1830 ipsa
3054 1777 3161 1816 non
3180 1763 3249 1818 sit
3272 1778 3393 1831 sua,
3419 1767 3513 1822 sed
3536 1771 3707 1837 capitis
3724 1772 3807 1841 sui,

2258 1841 2358 1897 hoc
2384 1855 2465 1899 est
2491 1846 2588 1900 viri
2618 1849 2699 1901 sui
2726 1848 2885 1919 (Eph.
2925 1868 2981 1917 v,
3025 1852 3138 1924 23).
3188 1854 3329 1909 Nam
3379 1859 3453 1912 sic
3494 1857 3727 1936 quadam,
3764 1876 3810 1922 ut

2256 1953 2637 1999 commemorat
2661 1948 2933 2015 apostolus
2960 1948 3165 2016 Petrus,
3197 1953 3437 2009 mulieres
3462 1966 3641 2012 sanch
3654 1975 3749 2028 qua:
3765 1961 3806 2015 in

2254 2033 2420 2088 Deum
2446 2037 2734 2105 sperabant,
2767 2041 3011 2095 ornabant
3038 2060 3109 2110 se,
3140 2046 3383 2118 subjecta:
3405 2049 3511 2103 suis
3536 2051 3647 2105 viris
3668 2068 3682 2105 :
3704 2054 3806 2107 sicut

2254 2124 2390 2180 Sara
2409 2127 2766 2195 obsequebatur
2784 2131 3020 2200 Abraltw,
3040 2136 3298 2191 dominum
3314 2156 3430 2193 eum
3452 2157 3643 2208 vocans,
3664 2146 3801 2214 cujus,

2252 2217 2441 2287 inquit,
2474 2224 2622 2290 facta:
2645 2223 2761 2276 estis
2784 2222 2906 2291 lia:
2934 2223 2976 2297 (
2995 2223 3137 2280 Petr.
3162 2244 3239 2293 nt,
3265 2230 3321 2297 5,
3349 2230 3436 2302 6);
3465 2248 3582 2288 cum
3599 2234 3661 2288 ad
3674 2235 3801 2291 Chri-

2250 2311 2468 2379 stianas,
2496 2328 2603 2368 non
2628 2315 2697 2369 ad
2722 2315 2933 2373 Judteas
2955 2319 3181 2375 feminas
3206 2322 3541 2393 loqueretur.

2319 2425 2371 2481 8.
2410 2424 2550 2493 Quid
2578 2438 2758 2485 autem
2787 2432 2981 2487 mirum
3020 2434 3066 2487 si
3106 2446 3255 2505 pater
3282 2453 3622 2499 communem
3662 2445 3798 2501 filium

2248 2516 2461 2571 nolebat
2484 2517 2641 2587 hujus
2668 2520 2790 2576 vita:
2806 2527 3183 2582 sustentaculis
3202 2544 3230 2583 a
3253 2540 3432 2589 matre
3458 2534 3653 2602 nudari,
3675 2539 3798 2608 igno-

2246 2623 2371 2663 rans
2396 2610 2520 2680 quid
2548 2620 2847 2669 sectaturus
2871 2627 3033 2683 esset,
3061 2634 3182 2674 cum
3213 2621 3263 2675 in
3293 2632 3458 2681 mtate
3474 2627 3796 2696 grandiuscula

2245 2715 2364 2757 esse
2393 2706 2675 2774 coepisset;
2707 2718 2882 2763 utrum
2922 2713 3169 2768 monachi
3194 2715 3581 2785 professionem
3600 2763 3615 2788 ,
3642 2739 3701 2777 an
3724 2739 3797 2779 ec-

2244 2793 2597 2851 clesiasticum
2635 2800 2991 2857 ministerium
3012 2845 3029 2871 ,
3060 2821 3126 2860 an
3157 2808 3458 2880 eonjugalis
3486 2816 3796 2871 necessitudi-

2244 2889 2327 2939 nis
2356 2886 2663 2943 vinculum?
2690 2891 2943 2959 Quamvis
2969 2897 3112 2950 enim
3143 2897 3211 2952 ad
3241 2900 3470 2957 meliora
3496 2905 3732 2961 excitandi
3753 2917 3795 2961 et

2241 2978 2521 3034 erudiendi
2542 2982 2648 3035 sint
2663 2983 2755 3037 filii
2778 2995 3104 3055 sanctorum,
3128 2994 3499 3062 unusquisque
3518 3004 3679 3053 tamen
3696 3013 3793 3069 pro-

2241 3069 2412 3138 prium
2443 3071 2641 3128 donum
2672 3074 2833 3131 habet
2858 3093 2888 3132 a
2914 3079 3058 3145 Deo;
3090 3082 3223 3137 alius
3242 3085 3348 3153 sic,
3382 3088 3518 3144 alius
3543 3100 3699 3148 autem
3731 3093 3790 3147 sic

2242 3158 2284 3229 (1
2313 3160 2429 3216 Cor.
2461 3179 2553 3231 vu,
2589 3165 2665 3236 7).
2695 3166 2805 3223 Nisi
2835 3169 2972 3226 forte
3000 3173 3123 3228 talia
3166 3180 3505 3248 prospiciens
3541 3193 3595 3239 et
3621 3199 3787 3255 prmo:-

2238 3267 2367 3307 vens
2395 3256 2865 3324 reprehendendus
2885 3273 2968 3318 est
2994 3274 3163 3335 pater,
3191 3284 3313 3325 cum
3337 3271 3527 3330 beatus
3548 3278 3787 3347 Apostolus

2237 3342 2415 3399 dicat:
2453 3346 2689 3418 Quisquis
2728 3361 2894 3407 autem
2934 3358 3040 3410 suis
3078 3368 3126 3411 et
3169 3363 3397 3419 maxime
3421 3366 3683 3423 dantesticis
3706 3386 3786 3423 non

2236 3439 2489 3505 providet,
2522 3441 2673 3508 dem
2704 3443 2944 3517 denegat,
2981 3458 3029 3503 et
3056 3462 3128 3506 est
3155 3452 3355 3523 indeli
3384 3458 3593 3516 deterior
3614 3461 3650 3532 (
3677 3460 3781 3516 Tim.

2235 3544 2287 3595 v,
2321 3530 2396 3599 8).
2419 3530 2549 3586 Cum
2572 3550 2699 3590 vero
2721 3536 2787 3591 de
2813 3538 3070 3596 faciendis
3092 3543 3221 3612 ipsis
3243 3547 3601 3623 eleemosynis
3622 3530 3782 3621 loqueo

2234 3631 2399 3688 retur,
2427 3624 2501 3677 ait
2526 3643 2538 3678 :
2573 3624 2693 3680 Non
2725 3637 2778 3681 ut
2806 3630 2923 3685 aliis
2947 3634 3151 3701 refectio
3178 3637 3275 3706 sit,
3308 3642 3455 3697 vobis
3478 3652 3625 3697 autem
3645 3660 3780 3714 angu-

2232 3714 2328 3767 stia
2359 3713 2420 3786 (ll
2449 3714 2565 3771 Cor.
2597 3734 2706 3785 VIII,
2742 3722 2851 3791 l3).
2879 3724 3084 3784 Pariter
3107 3744 3236 3801 ergo
3256 3736 3541 3792 consilium
3564 3737 3621 3792 de
3637 3713 3779 3792 omini-

2230 3806 2327 3861 bus
2359 3808 2624 3866 haberetis
2645 3852 2659 3876 ,
2690 3815 2889 3882 pariter
2918 3819 3333 3879 moderaremini
3383 3829 3507 3899 quid
3551 3829 3775 3886 thesauri-

2229 3902 2453 3957 zandum
2481 3914 2623 3960 esset
2648 3907 2698 3961 in
2720 3909 2877 3978 cado,
2900 3912 3024 3981 quid
3045 3914 3111 3969 ad
3127 3917 3248 3972 vitze
3270 3919 3433 3992 hujus
3452 3926 3774 3981 sufficientiam

2227 3992 2379 4047 vobis
2404 4004 2459 4050 et
2485 3998 2676 4054 vestris
2700 4010 2982 4073 vestroque
3002 4004 3112 4060 filio
3140 4009 3570 4081 relinquendum,
3596 4032 3655 4073 ne
3675 4016 3771 4071 aliis

2225 4094 2368 4140 esset
2392 4085 2635 4156 refectio,
2660 4091 2810 4147 vobis
2839 4103 3015 4151 autem
3040 4101 3303 4169 angustia.
3340 4104 3411 4160 Et
3444 4106 3496 4160 in
3523 4106 3600 4161 his
3620 4106 3769 4177 dispo-

2225 4176 2413 4231 nendis
2436 4187 2594 4248 atque
2622 4180 2895 4252 faciendis,
2924 4186 2969 4241 si
2994 4189 3121 4259 quid
3148 4192 3242 4247 tibi
3273 4194 3416 4252 forte
3444 4199 3625 4254 melius
3648 4198 3767 4254 vide~

2224 4276 2389 4333 retur,
2418 4287 2729 4342 suggereres
2758 4277 2873 4332 viro
2898 4292 3227 4352 reverenter,
3254 4287 3598 4363 ejusdemque
3614 4301 3766 4346 aucto-

2222 4358 2433 4415 ritatem
2464 4373 2709 4434 tanquam
2738 4368 2814 4423 tui
2836 4372 3022 4440 capitis
3049 4378 3350 4446 sequereris
3379 4358 3672 4439 obedienter
3690 4400 3701 4447 ;
3722 4390 3766 4435 ut

2221 4464 2406 4507 omnes
2437 4456 2523 4523 qui
2557 4471 2743 4512 sanum
2772 4463 3000 4531 sapiunt,
3026 4464 3092 4519 ad
3120 4482 3253 4536 quos
3274 4482 3457 4538 posset
3479 4473 3575 4529 hoc
3599 4474 3762 4528 bonum

2220 4553 2455 4599 vestrum
2479 4547 2615 4603 fama
2639 4551 2895 4620 perferre,
2919 4554 2985 4610 de
3004 4556 3194 4614 domus
3209 4570 3406 4619 vestrae
3418 4564 3581 4620 fructu
3594 4580 3649 4619 ac
3660 4578 3765 4634 pace

2216 4636 2529 4705 gauderent,
2562 4648 2617 4694 et
2641 4641 2975 4701 adversarius
2997 4660 3335 4708 revereretur
3358 4654 3490 4710 nihil
3512 4655 3695 4710 habens
3710 4653 3763 4707 de

2216 4728 2366 4785 vobis
2395 4730 2573 4787 dicere
2602 4735 2770 4802 pravi.

2285 4846 2339 4900 9.
2380 4846 2548 4903 Porro
2575 4848 2621 4903 si
2643 4849 2709 4906 de
2733 4850 2986 4909 faciendis
3011 4836 3365 4930 eleemosynis
3383 4871 3437 4917 et
3456 4863 3507 4917 in
3532 4876 3760 4934 pauperes

2216 4937 2583 5007 impendendis
2613 4942 2773 4997 rebus
2798 4946 2924 5012 tuis,
2954 4947 3020 5003 de
3044 4964 3151 5020 quo
3174 4950 3315 5006 bono
3335 4967 3497 5024 opere
3519 4963 3570 5010 et
3595 4966 3758 5023 magno

2214 5039 2322 5086 tam
2348 5032 2610 5089 evidentia
2638 5046 2902 5107 praecepta
2942 5049 3067 5095 sunt
3108 5042 3345 5110 Domini,
3385 5060 3504 5100 cum
3542 5045 3644 5101 viro
3683 5053 3757 5097 tuo

2213 5124 2356 5180 fideli
2385 5137 2440 5181 et
2465 5137 2638 5183 tecum
2659 5140 2840 5185 sancta
2856 5135 3195 5192 continentia:
3220 5148 3373 5208 pacta
3398 5149 3632 5196 servante
3648 5152 3755 5194 eon-

2211 5218 2387 5272 silium
2416 5221 2812 5279 communicare
2837 5224 3063 5284 deberes
3080 5270 3095 5296 ,
3134 5230 3474 5303 ejusdemque
3500 5248 3597 5287 non
3623 5245 3752 5300 sper-

2211 5324 2339 5365 nere
2355 5312 2675 5369 voluntatem
2697 5333 2711 5382 ;
2734 5327 2931 5387 quanto
2947 5322 3113 5391 magis
3132 5322 3199 5379 de
3218 5324 3394 5380 habitu
3414 5336 3568 5398 atque
3586 5322 3751 5380 vestitu

2210 5401 2342 5456 nihil
2368 5403 2462 5458 tibi
2493 5414 2685 5474 prmter
2713 5409 2827 5479 ejus
2854 5413 3132 5469 arbitrium
3159 5418 3460 5474 mutandum
3499 5420 3577 5474 vel
3616 5432 3748 5472 usur-

2208 5494 2441 5564 pandum
2470 5494 2588 5563 fuit,
2614 5499 2752 5555 unde
2776 5502 2905 5557 nihil
2933 5504 3187 5563 divinitus
3205 5509 3421 5582 legimus
3442 5508 3750 5583 imperatum?

2208 5585 2473 5657 Scriptum
2499 5597 2581 5644 est
2605 5592 2837 5660 quidem,
2869 5597 3117 5654 mulieres
3147 5594 3275 5657 esse
3300 5602 3488 5658 debere
3514 5603 3565 5657 in
3588 5600 3747 5656 habitu

2206 5691 2429 5748 ornato;
2480 5684 2699 5756 aurique
2731 5687 3149 5762 'circumpositio,
3198 5704 3250 5751 et
3289 5697 3494 5752 intortio
3522 5696 3740 5757 crinium.

2204 5781 2257 5829 et
2285 5783 2475 5830 caetera
2499 5776 2799 5845 hujnsmodi
2834 5796 2951 5850 qua:
2976 5785 3059 5839 vel
3087 5786 3152 5840 ad
3184 5787 3387 5845 inanem
3416 5802 3646 5858 pompam
3672 5784 3742 5838 vel
