4024 6380
249 351 381 413 ῑθΒΙ

246 469 315 523 ad
344 466 648 524 illecebram
671 464 858 522 formae
885 462 1122 535 adhiberi
1148 463 1320 521 solent
1350 465 1391 531 ¹,
1418 464 1612 520 merito
1635 478 1817 534 repre-

245 561 409 617 hensa
434 568 560 614 sunt
588 558 630 630 (ι
660 558 791 612 Tim.
818 573 876 624 ιι,
904 554 982 630 9).
1007 556 1112 624 Sed
1137 565 1221 612 est
1246 555 1456 627 quidam
1482 571 1579 625 pro
1603 554 1819 610 modulo

244 668 489 725 persona:
514 651 721 706 habitus
746 650 1055 705 matronalis
1077 665 1108 704 a
1130 649 1322 704 viduali
1347 658 1492 704 veste
1516 648 1815 715 distinctus,

241 744 331 813 qui
358 750 534 812 potest
566 740 808 796 ﬁdelibus
837 741 1130 812 conjugatis
1160 741 1302 796 salva
1336 740 1599 810 religionis
1633 739 1817 794 obser-

241 835 416 888 vantia
444 833 747 888 convenire.
776 833 927 888 llunc
953 842 1005 888 te
1030 833 1251 888 maritus
1273 834 1318 888 si
1335 833 1601 902 deponere
1625 831 1816 896 noluit,

240 940 311 980 ne
336 932 389 979 te
409 924 553 979 velut
570 924 781 979 viduam
802 924 895 979 illo
918 924 1127 978 vivente
1148 924 1397 993 jactares,
1428 932 1553 993 puto
1574 923 1692 993 quia
1712 936 1819 976 non

238 1016 417 1072 fuerat
440 1016 494 1071 in
522 1016 621 1071 hac
641 1032 700 1071 re
720 1031 887 1086 usque
906 1016 971 1071 ad
994 1016 1339 1071 dissensionis
1364 1015 1669 1070 scandalum
1698 1029 1819 1084 per-

238 1107 538 1171 ducendus.
567 1108 733 1178 magis
759 1107 1127 1162 inobedientize
1156 1108 1313 1173 malo,
1332 1122 1487 1177 quam
1512 1107 1670 1161 ullius
1692 1106 1817 1161 abs-

238 1200 479 1254 tinentia:
507 1200 667 1254 bono.
723 1198 860 1266 Quid
894 1199 1033 1253 enim
1074 1208 1155 1253 est
1188 1198 1489 1265 absurdius,
1516 1214 1674 1267 quam
1702 1214 1819 1253 mu-

237 1293 427 1348 lierem
455 1292 522 1346 de
550 1291 735 1345 humili
762 1300 909 1346 veste
931 1292 1044 1345 viro
1073 1291 1346 1361 superbire
1366 1333 1379 1355 ,
1422 1291 1506 1345 cui
1552 1300 1602 1345 te
1643 1291 1818 1360 potius

235 1383 515 1451 expediret
536 1382 903 1452 obtemperare
927 1382 1164 1437 candidis
1186 1383 1444 1448 moribus,
1468 1397 1624 1452 quam
1650 1382 1818 1451 nigel-

233 1472 298 1528 lis
325 1473 567 1527 vestibus
590 1473 921 1542 repuguare?
951 1473 1083 1538 Quia
1112 1474 1212 1528 etsi
1243 1480 1293 1527 te
1319 1472 1683 1526 indumentum
1702 1486 1819 1525 mo-

232 1562 425 1618 nachae
472 1563 801 1629 delectabat,
849 1564 1005 1617 etiam
1039 1563 1140 1618 hoc
1181 1563 1381 1633 gratius
1408 1572 1588 1632 posset
1625 1563 1816 1617 marito

230 1653 519 1708 observato
544 1661 869 1724 exoratoque
890 1653 1047 1720 sumi,
1075 1669 1230 1723 quam
1254 1653 1343 1708 illo
1365 1654 1663 1707 inconsulto
1688 1669 1816 1708 con-

228 1754 544 1816 temptoque
588 1747 857 1815 praesumi.
906 1746 1057 1814 Quod
1102 1748 1145 1801 si
1184 1748 1402 1801 omnino
1443 1762 1551 1801 non
1594 1747 1812 1815 sineret,

228 1836 359 1906 quid
386 1845 476 1891 tuo
497 1837 767 1906 proposito
787 1837 1090 1908 deperiret?
1116 1838 1264 1892 Absit
1286 1847 1345 1893 ut
1366 1838 1487 1893 hinc
1505 1838 1816 1908 displiceres

230 1929 367 1991 Deo,
399 1928 540 1999 quod
566 1930 790 1999 conjuge
816 1938 905 1984 tuo
930 1930 1165 1984 nondum
1190 1928 1463 1997 defuncto,
1490 1945 1596 1985 non
1624 1930 1814 1987 indue-

230 2021 375 2077 reris
404 2021 541 2076 sicut
565 2021 737 2087 Anna,
770 2021 863 2076 sed
886 2021 1022 2076 sicut
1045 2021 1304 2076 Susanna.

226 2146 240 2164 τ
300 2113 398 2169 10.
427 2112 608 2182 Neque
638 2113 779 2167 enim
821 2122 875 2168 et
924 2114 1041 2178 ille,
1085 2115 1173 2184 qui
1213 2123 1388 2170 tecum
1424 2116 1531 2185 jam
1574 2124 1815 2185 coeperat

227 2205 506 2261 custodire
534 2215 642 2260 tam
668 2221 912 2276 magnum
952 2207 1291 2262 continentia:
1335 2208 1552 2274 bonum,
1608 2209 1815 2265 etiamsi

166 2342 169 2345 γ
227 2300 351 2369 conj
362 2300 515 2369 ugale
530 2316 637 2354 non
656 2300 864 2356 viduale
890 2301 1143 2356 voluisset
1166 2309 1221 2355 ut
1249 2302 1517 2371 acciperes
1536 2302 1817 2357 indumen—

227 2402 370 2457 tum,
402 2391 469 2446 ad
500 2392 835 2447 indecentem
864 2408 1074 2463 quoque
1102 2401 1152 2447 te
1172 2394 1514 2463 compulisset
1533 2403 1810 2449 ornatum:

225 2498 337 2553 quo
368 2482 472 2537 etsi
500 2482 672 2551 aliqua
701 2481 833 2535 dura
861 2481 1162 2537 conditione
1187 2483 1475 2553 cogereris,
1509 2497 1689 2552 posses
1720 2482 1814 2536 ha-

225 2573 363 2630 bere
408 2573 463 2626 in
509 2572 735 2640 superbo
766 2571 911 2625 cultu
937 2586 1029 2626 cor
1056 2571 1274 2626 humile.
1307 2572 1505 2642 Nempe
1543 2572 1680 2642 apud
1721 2588 1815 2642 pa-

227 2672 367 2729 tres,
410 2661 607 2718 Esther
644 2662 729 2716 illa
759 2662 941 2732 regina
968 2662 1134 2717 Deum
1163 2662 1375 2727 timens,
1402 2662 1568 2716 Deum
1591 2662 1771 2717 colens
1797 2704 1812 2728 ,

227 2757 344 2811 Deo
388 2752 620 2819 subdita,
671 2752 862 2807 marito
902 2753 1012 2823 regi
1064 2752 1373 2821 alienigena:
1416 2767 1521 2806 non
1573 2752 1816 2807 eumdem

226 2862 421 2903 secum
453 2845 649 2900 colenti
678 2845 864 2910 Deum,
894 2852 1070 2899 tamen
1109 2844 1342 2913 subjecta
1380 2843 1670 2908 serviebat;
1700 2860 1817 2913 quae

228 2954 359 2994 cum
393 2938 450 2991 in
471 2945 713 2991 extremo
740 2936 994 3005 periculo,
1028 2950 1131 2990 non
1162 2951 1258 2990 suo
1285 2945 1507 3003 tantum,
1536 2936 1627 2991 sed
1654 2938 1815 2992 etiam

226 3030 410 3102 gentis
435 3043 564 3094 sum,
593 3029 681 3099 qui
711 3036 835 3083 tunc
873 3037 985 3083 erat
1024 3028 1251 3099 p0pulus
1292 3028 1403 3092 Dei,
1435 3028 1658 3082 Domino
1688 3044 1814 3097 pro-

228 3128 571 3177 sterneretur
590 3119 811 3184 oraudo,
836 3118 889 3173 in
918 3119 1028 3188 ipsa
1058 3118 1296 3173 oratione
1322 3134 1417 3172 sua
1444 3118 1596 3184 dixit,
1622 3120 1689 3171 ita
1711 3118 1815 3173 sibi

229 3228 359 3269 esse
394 3221 636 3266 ornatum
668 3211 871 3281 regium
896 3253 911 3278 ,
964 3212 1101 3265 sicut
1153 3226 1384 3281 pannum
1433 3212 1813 3266 menstrualem

233 3304 452 3379 (Esther
476 3320 583 3372 xw,
609 3301 727 3375 16);
755 3312 808 3357 et
837 3303 907 3357 ita
932 3311 1170 3357 orantem
1200 3302 1479 3357 confestim
1508 3304 1809 3369 exaudivit,

228 3398 325 3468 qui
369 3395 544 3450 cordis
589 3395 856 3464 inspector
896 3408 1015 3449 eam
1054 3408 1236 3447 verum
1285 3392 1463 3448 dicere
1525 3394 1695 3449 scivit.
1749 3396 1817 3450 Et

228 3491 421 3559 utique
449 3492 696 3542 maritum
728 3485 953 3541 habebat
982 3485 1263 3539 multarum
1299 3485 1581 3539 mulierum
1623 3485 1813 3551 virum,

229 3590 286 3636 et
309 3579 534 3647 deorum
553 3578 847 3633 alienorum
869 3577 1225 3646 falsorumque
1246 3575 1520 3630 cultorem.
1540 3573 1618 3629 'l‘u
1639 3582 1815 3629 autem

228 3673 278 3729 si
308 3680 365 3727 et
392 3671 480 3725 ille
507 3671 558 3725 in
594 3671 867 3741 proposito
896 3669 1037 3740 quod
1061 3676 1237 3725 tecum
1266 3677 1591 3737 susceperat,
1626 3667 1818 3737 perdu-

228 3769 413 3824 raret,
457 3775 556 3812 nec
594 3775 623 3811 a
666 3767 720 3813 te
745 3761 978 3814 oll'ensus
1006 3761 1058 3813 in
1088 3758 1339 3828 ﬂagitium
1371 3761 1677 3822 corruisset,
1705 3775 1815 3814 ma-

230 3852 402 3906 ritum
445 3845 678 3900 habebas
720 3862 828 3900 non
874 3849 1044 3900 solum
1087 3846 1327 3909 ﬁdelem,
1355 3857 1409 3901 et
1433 3864 1615 3902 verum
1648 3850 1815 3902 Deum

231 3948 418 3994 tecum
443 3935 725 4000 colentem,
767 3935 860 3990 sed
897 3936 1056 3989 etiam
1095 3936 1488 3999 continentem;
1518 3936 1606 4004 qui
1636 3938 1816 4005 procul

232 4030 405 4087 dubio
435 4028 687 4099 propositi
704 4028 862 4083 vestri
886 4044 988 4084 non
1013 4026 1309 4093 immemor,
1328 4028 1426 4082 etsi
1442 4028 1507 4082 ad
1526 4028 1816 4098 conjugalia

234 4136 292 4181 te
325 4130 538 4193 cogeret
564 4120 888 4187 indumenta,
919 4120 985 4175 ad
1016 4120 1240 4190 superba
1287 4128 1463 4174 tamen
1507 4130 1815 4176 ornamenta

234 4231 348 4273 non
376 4221 605 4282 cogeret.

314 4308 403 4361 Η.
437 4305 560 4360 Haec
600 4304 691 4360 tibi
733 4304 958 4374 scripsi,
1011 4302 1260 4374 quoniam
1307 4318 1393 4358 me
1435 4302 1815 4359 consulendum

235 4398 477 4473 putasti,
523 4411 628 4451 non
676 4406 734 4452 ut
775 4406 920 4451 tuum
970 4404 1169 4450 rectum
1224 4395 1520 4449 institutum
1571 4409 1817 4451 sermone

236 4506 364 4547 meo
397 4489 711 4558 frangerem,
757 4486 852 4542 sed
895 4485 1034 4557 quod
1074 4493 1125 4540 te
1184 4484 1464 4540 iuorditate
1514 4494 1569 4540 et
1610 4486 1818 4541 incaute
1870 4522 1873 4523 ν

238 4590 457 4654 agente,
486 4581 584 4635 viri
613 4581 687 4634 tui
718 4580 908 4633 factum
932 4575 1006 4648 (a)
1038 4577 1294 4632 dolerem.
1325 4577 1401 4631 De
1429 4579 1578 4646 cujus
1606 4592 1817 4644 repara-

240 4678 394 4731 tione
417 4674 581 4729 debes
608 4672 1072 4727 vehementissime
1091 4670 1343 4741 cogitare,
1361 4669 1406 4722 si
1429 4686 1553 4725 vere
1573 4670 1637 4725 ad
1657 4669 1817 4725 Cbri-
1874 4724 1877 4727 γ

237 4775 383 4821 stum
412 4765 492 4818 vis
522 4764 803 4832 pertinere.
834 4761 997 4815 ludue
1023 4761 1197 4829 itaque
1224 4760 1571 4816 humilitatem
1601 4762 1811 4827 mentis,

236 4867 294 4914 et
321 4866 379 4913 ut
406 4865 458 4911 te
484 4857 623 4911 Deus
648 4864 926 4911 conservet
954 4862 1400 4924 perseverantem,
1430 4854 1535 4908 noli
1571 4853 1817 4908 maritum

237 4958 585 5006 contemnere
631 4954 961 5016 pereuntem.
988 4943 1172 4998 Funde
1199 4959 1294 5014 pro
1324 4945 1414 4998 illo
1452 4946 1566 5014 pias
1594 4953 1647 4999 et
1682 4946 1818 4999 assi-

238 5042 377 5097 duas
402 5042 689 5107 orationes,
728 5038 963 5094 sacriﬁca
995 5038 1254 5107 lacrymas
1287 5046 1532 5107 tanquam
1558 5039 1820 5092 vulnerati

239 5132 553 5202 sanguinem
583 5130 778 5185 cordis.
820 5129 887 5183 Et
918 5127 1091 5184 scribe
1118 5128 1185 5182 ad
1210 5144 1330 5183 eum
1372 5129 1779 5183 satisfactionem
1802 5170 1817 5195 ,

239 5235 431 5296 petens
458 5224 687 5287 veniam,
736 5222 857 5292 quia
897 5222 948 5274 in
977 5236 1097 5275 eum
1144 5220 1411 5289 peccasti,
1456 5220 1595 5289 quod
1626 5231 1821 5290 praeter

308 5381 325 5411 ι
351 5380 424 5428 sic
580 5383 757 5444 Amaet
772 5382 848 5444 Er.
863 5375 1037 5444 quibus
1052 5373 1373 5444 suffragantur
1392 5382 1500 5424 Mss.
1518 5388 1691 5444 magno
1705 5389 1820 5426 con-

241 5454 413 5510 sensu,
446 5440 538 5489 nisi
556 5438 703 5510 quod
736 5436 897 5510 Gallici
934 5437 1117 5510 habent
1150 5436 1386 5510 ordinato,
1427 5450 1514 5510 pro
1550 5436 1733 5510 ornato.
1768 5446 1823 5488 At

240 5503 375 5575 apud
394 5498 504 5551 Lov.
528 5498 607 5551 sic'
620 5502 754 5550 locus
776 5500 869 5569 iste
890 5498 1133 5568 refertur:
1152 5498 1477 5567 scriptumest
1506 5498 1698 5569 quidem
1720 5512 1823 5549 mu-

244 5563 390 5615 lieres
408 5575 511 5615 esse
538 5575 630 5612 non
653 5560 827 5611 debere
841 5573 904 5622 mg
915 5558 1078 5622 habitu
1092 5565 1273 5620 ornato,
1295 5572 1494 5622 aurique
1512 5571 1821 5622 Circumeunt-

244 5597 1036 5691 Wﬁlﬁio‘iiﬁe'mmm“
915 5597 1575 5685 '"""','ei'c'Elé'r’a"c}?z3,“€t&T,
1585 5597 1823 5673 ἓῗῆιὲἶῖέὶο

244 5686 539 5751 reprehensa
554 5691 680 5736 sunt.

310 5767 385 5831 (a)
401 5774 556 5830 Forte,
572 5766 797 5830 fractum,
819 5765 1004 5819 scilicet
1024 5772 1211 5818 rectum
1234 5765 1502 5818 institutum
1525 5764 1629 5815 viri.

1420 345 1895 429 EPISTOLARUM
1934 348 2204 407 CLASSIS
2244 351 2330 407 Iv.

3365 367 3503 426 1083

1925 466 2041 538 ejus
2066 468 2344 523 consilium
2374 476 2428 525 et
2455 470 2782 530 voluntatem
2819 457 2906 531 de
2932 457 3097 534 rebus
3136 466 3252 535 tuis
3296 480 3498 550 fecisti,

1923 558 2064 629 quod
2089 558 2386 615 faciendum
2417 564 2641 632 putasti,
2669 579 2777 619 non
2804 573 2863 619 ut
2890 573 2943 621 te
2968 567 3223 636 paeniteat
3246 570 3496 628 tribuisse

1923 650 2277 721 pauperibus,
2326 651 2419 707 sed
2453 668 2575 708 eum
2618 654 2695 708 tui
2734 654 2858 710 boni
2885 657 3063 725 operis
3094 658 3401 728 participem
3443 670 3500 716 et

1922 740 2312 798 moderatorem
2349 742 2546 799 habere
2573 744 2826 800 noluisse.
2856 746 3113 802 Promitte
3136 746 3205 802 de
3224 757 3417 803 caetero
3441 750 3496 805 in

1922 835 2187 906 adjutorio
2214 838 2440 905 Domini,
2474 839 2519 893 si
2556 847 2611 894 et
2647 838 2796 893 illum
2825 855 2935 894 suae
2960 840 3298 910 turpitudinis
3321 842 3498 911 poeni-

1922 928 2100 992 tuerit,
2133 937 2187 982 et
2211 929 2589 984 continentiam
2627 945 2784 999 quam
2815 929 3050 985 deseruit
3087 931 3411 1000 repetiverit,
3445 940 3498 988 te

1924 1018 2019 1083 illi,
2050 1018 2188 1075 sicut
2215 1020 2386 1086 decet,
2420 1019 2470 1075 iu
2505 1022 2752 1076 omnibus
2778 1021 3127 1087 servituram;
3156 1037 3226 1077 ne
3254 1021 3408 1089 forte,
3440 1034 3499 1077 ut

1921 1109 1996 1163 ait
2022 1110 2328 1178 Apostolus,
2355 1111 2444 1166 det
2469 1111 2543 1166 illi
2572 1113 2709 1167 Deus
2733 1113 3119 1182 paenitentiam,
3138 1121 3194 1169 et
3219 1113 3498 1183 resipiscat

1921 1198 1988 1253 de
2016 1198 2209 1254 diaboli
2250 1200 2470 1270 laqueis,
2504 1216 2532 1254 a
2561 1217 2665 1272 quo
2694 1203 2932 1271 captivus
2968 1213 3178 1258 tenetur
3201 1203 3491 1259 secundum

1922 1288 2093 1359 ipsius
2136 1290 2457 1345 voluntatem
2492 1290 2557 1361 (ll
2582 1291 2715 1345 Tim.
2745 1309 2799 1356 ιι,
2829 1291 2918 1357 25,
2954 1293 3065 1364 26).
3092 1292 3281 1347 Filium
3311 1302 3489 1348 autem

1922 1390 2178 1448 vestrum,
2200 1383 2446 1451 quoniam
2469 1383 2535 1438 de
2557 1384 2804 1453 legitimis
2817 1399 2937 1439 eum
2964 1394 3017 1438 et
3042 1384 3277 1439 honestis
3296 1385 3492 1453 nuptiis

1922 1471 2248 1541 suscepistis,
2270 1473 2436 1542 magis
2452 1473 2503 1526 in
2527 1474 2692 1542 patris
2711 1488 2867 1542 quam
2893 1473 2944 1527 in
2974 1481 3061 1527 tua
3084 1486 3204 1528 esse
3233 1482 3493 1543 potestate

1919 1563 2038 1632 quis
2063 1563 2299 1617 nesciat?
2317 1564 2385 1617 Et
2410 1563 2531 1619 ideo
2556 1563 2604 1617 ei
2636 1563 2813 1632 negari
2839 1579 2943 1616 non
2969 1570 3160 1633 potest,
3176 1563 3491 1633 ubicumque

1921 1654 2067 1708 illum
2093 1669 2213 1710 esse
2238 1654 2571 1725 cognoverit,
2597 1663 2650 1708 et
2672 1654 2791 1723 jure
2815 1654 3112 1722 poposcerit
3140 1669 3153 1705 :
3181 1668 3243 1708 ac
3270 1668 3364 1721 per
3390 1653 3492 1708 hoc

1920 1755 1978 1799 ut
2006 1744 2293 1800 secundum
2337 1753 2479 1799 tuam
2519 1744 2840 1797 voluntatem
2880 1745 2931 1796 in
2972 1742 3269 1813 Deipossit
3303 1742 3492 1797 nutriri

1919 1843 1976 1890 et
2002 1835 2199 1889 erudiri
2229 1834 2505 1904 sapientia,
2546 1832 2842 1889 necessaria
2868 1841 2951 1889 est
2989 1833 3062 1888 illi
3105 1833 3264 1890 etiam
3314 1840 3489 1890 vestra

1919 1926 2219 1982 concordia.

2338 2038 2663 2094 EPISTOLA
2702 2036 2947 2094 CCLXIII
2975 2040 2996 2063 θ
3025 2034 3122 2109 (a).

1917 2170 2222 2244 Augustinus
2253 2172 2461 2244 Sapidte
2486 2173 2685 2245 virgini,
2713 2173 2965 2228 renuntiat
2998 2188 3052 2228 se
3076 2174 3325 2245 accepisse
3350 2172 3489 2229 tuni-

1990 2283 2100 2319 cam
2124 2266 2283 2336 ipsius
2300 2265 2525 2320 manibus
2541 2274 2823 2319 contextam
2848 2266 3015 2334 fratri,
3047 2282 3193 2336 quem
3215 2265 3327 2335 ipsa
3352 2282 3492 2320 mor-

1992 2366 2134 2411 tuum
2161 2356 2388 2427 lugebat;
2407 2357 2616 2426 jamque
2636 2372 2765 2419 eam,
2784 2355 2916 2425 quod
2938 2354 3135 2425 Sapida
3161 2355 3368 2425 praeberi
3395 2355 3489 2409 sibi

1989 2449 2222 2503 solatium
2244 2448 2533 2518 expetierat,
2558 2447 2779 2501 induisse
2810 2463 2827 2500 :
2850 2455 3083 2500 caeterum
3131 2446 3404 2499 adhortans
3423 2444 3491 2497 ad

1990 2540 2264 2593 uberiorem
2284 2538 2621 2608 verioremque
2643 2538 3031 2593 consolationem
3056 2536 3400 2607 usurpandum
3428 2550 3491 2590 ea:

1991 2629 2371 2700 Scripturarum
2397 2630 2679 2683 divinarum
2702 2629 2822 2698 ﬁde.

1923 2783 2157 2838 Dominae
2185 2783 2597 2853 religiosissima:
2626 2791 2680 2838 et
2718 2792 2914 2837 sanctae
2952 2781 3071 2837 ﬁlire
3105 2781 3336 2847 Sume,
3378 2780 3487 2835 Ao-

2238 2890 2513 2941 cusrmus,
2540 2876 2593 2930 in
2622 2875 2848 2930 Domino
2874 2874 3118 2930 salutem.

1994 3035 2046 3088 1.
2069 3031 2263 3102 Accepi
2293 3030 2433 3102 quod
2460 3030 2526 3085 de
2548 3030 2703 3101 justis
2730 3037 2783 3085 et
2807 3029 2907 3098 piis
2929 3025 3200 3081 laboribus
3238 3039 3488 3079 manuum

1922 3134 2129 3181 tuarum
2158 3140 2246 3180 me
2268 3122 2510 3194 accipere
2531 3122 2763 3186 voluisti,
2791 3135 2858 3175 ne
2884 3126 2938 3174 te
2972 3118 3182 3187 gravius
3206 3115 3488 3171 contrista-

1920 3233 2055 3283 rem,
2095 3231 2252 3287 quam
2289 3216 2463 3285 potius
2487 3211 2863 3269 consolandam
2888 3208 3125 3263 viderem
3154 3225 3167 3260 :
3195 3206 3489 3277 praesertim

1921 3311 2043 3381 quia
2076 3309 2176 3364 hoc
2205 3308 2375 3377 ipsum
2402 3315 2548 3361 tuum
2573 3319 2677 3358 non
2719 3316 2936 3372 parvum
2966 3298 3227 3367 deputasti
3255 3312 3375 3352 esse
3407 3310 3493 3349 so-

1921 3399 2126 3463 latium,
2150 3398 2194 3451 si
2211 3412 2348 3461 eam,
2368 3411 2523 3466 quam
2540 3408 2792 3463 germano
2818 3400 2907 3446 tuo
2934 3398 3117 3445 sancto
3136 3388 3233 3443 Dei
3255 3387 3493 3441 ministro

1921 3492 2125 3548 feceras
2171 3489 2399 3544 tunicam
2424 3530 2437 3552 ,
2486 3501 2583 3556 ego
2624 3485 2908 3547 induerer;
2964 3496 3083 3536 cum
3127 3479 3237 3549 jam
3279 3493 3311 3531 a
3353 3486 3492 3533 terra

1921 3581 2258 3637 morientium
2283 3576 2538 3633 recedens
2568 3575 2728 3629 nullis
2756 3573 2915 3628 rebus
2942 3567 3370 3639 corruptibilibus
3407 3567 3493 3620 in-

1920 3673 2142 3743 digeret.
2173 3670 2293 3725 Feci
2323 3683 2449 3739 ergo
2477 3666 2615 3737 quod
2661 3663 2998 3729 desiderasti,
3028 3670 3083 3717 et
3110 3660 3491 3730 qualecumque

1922 3767 2024 3820 hoc
2036 3764 2275 3820 existima
2290 3762 2447 3827 veris,
2467 3760 2548 3814 vel
2564 3757 3097 3828 quantulumcumque
3112 3752 3378 3816 solatium,
3402 3760 3493 3805 tuo

1921 3871 2046 3924 erga
2059 3853 2272 3907 fratrem
2288 3852 2484 3921 pectori
2503 3867 2604 3905 non
2628 3848 2831 3916 negavi.
2848 3846 3058 3902 Missam
3081 3846 3174 3899 abs
3194 3853 3245 3899 te
3264 3843 3492 3898 tunicam

1920 3944 2120 4011 accepi,
2164 3950 2218 3995 et
2253 3940 2463 4008 quando
2503 3938 2635 3993 haec
2660 3938 2725 3991 ad
2768 3945 2821 3990 te
2863 3935 3070 4005 scripsi,
3098 3948 3159 3987 ea
3190 3947 3275 3986 me
3300 3925 3495 3986 vestire

1916 4035 2028 4105 jam
2057 4046 2341 4101 coeperam.
2374 4031 2521 4083 Bono
2548 4029 2725 4081 animo
2750 4034 2901 4089 esto;
2934 4025 3029 4079 sed
3066 4024 3230 4078 multo
3258 4023 3493 4077 meliori-

1921 4127 2039 4191 bus,
2094 4124 2365 4193 multoque
2412 4118 2700 4190 majoribus
2745 4114 3194 4172 consolationibus
3235 4121 3404 4176 utere,
3435 4120 3496 4167 ut

1924 4215 2159 4271 nubilum
2190 4213 2263 4267 tui
2304 4210 2480 4266 cordis
2514 4211 2741 4263 humana
2777 4205 3080 4261 infirmitate
3121 4210 3448 4257 contractum
3473 4244 3487 4266 ,

1924 4313 2199 4363 serenctur
2243 4301 2554 4357 auctoritate
2600 4298 2776 4353 divina
2827 4314 2840 4348 :
2886 4304 2941 4351 et
2979 4301 3379 4365 perseveranter
3422 4292 3492 4347 ita

1924 4398 2062 4462 vive,
2094 4404 2152 4449 ut
2192 4408 2310 4448 cum
2356 4390 2519 4447 fratre
2545 4390 2719 4451 vivas;
2762 4387 3013 4458 quoniam
3041 4387 3119 4439 sic
3146 4393 3383 4440 mortuus
3411 4390 3495 4440 est

1926 4496 2046 4542 tuus
2075 4485 2253 4549 frater,
2286 4492 2342 4537 ut
2371 4483 2531 4537 vivat.
2898 4487 2903 4492 ‘

1992 4580 2048 4632 2.
2076 4577 2173 4632 Est
2195 4575 2406 4645 quidem
2434 4571 2683 4628 materies
2712 4571 3084 4641 lacrymarum,
3113 4564 3252 4636 quod
3281 4579 3491 4633 genua-

1924 4684 2051 4725 num
2094 4667 2403 4722 dilectorem
2451 4672 2619 4727 tuum,
2654 4670 2807 4729 teque
2836 4658 3118 4727 plurimum
3152 4668 3248 4724 pro
3278 4663 3364 4708 tua
3389 4653 3493 4707 vita

1924 4771 1978 4818 et
2021 4776 2187 4816 sacra:
2224 4755 2540 4827 virginitatis
2567 4751 2897 4823 professione
2926 4756 3278 4810 reverentem,
3318 4745 3497 4799 diacoo

1926 4868 2051 4909 num
2071 4846 2499 4917 Carthaginiensis
2518 4843 2771 4898 Ecclesiae
2790 4854 2894 4894 nou
2916 4837 3085 4901 vides,
3109 4837 3244 4890 sicut
3263 4834 3493 4897 solebas,

1927 4946 2212 4999 intrantem
2249 4948 2302 4994 et
2344 4945 2644 4997 exeuntem,
2692 4941 2746 4987 et
2772 4932 2822 4985 iu
2854 4930 2933 4984 sui
2960 4926 3301 4983 ecclesiastici
3341 4924 3497 4978 ofﬁcii

1928 5032 2241 5090 strenuitate
2281 5039 2612 5091 versantem;
2643 5034 2699 5080 et
2724 5022 3011 5077 honoriﬁca
3039 5020 3126 5073 illa
3156 5018 3223 5071 ab
3248 5033 3311 5072 eo
3337 5017 3497 5070 verba

1927 5141 2034 5182 non
2051 5123 2221 5185 audis,
2243 5135 2359 5191 qua:
2386 5129 2488 5174 tuae
2514 5114 2876 5187 germanitatis
2902 5108 3186 5173 sanctitati,
3214 5107 3496 5176 morigero,

1928 5218 2016 5288 pio
2044 5224 2097 5270 et
2125 5213 2362 5267 oflicioso
2410 5207 2746 5278 impendebat
2786 5204 2997 5259 aﬁ‘ectu.
3042 5201 3167 5256 Haec
3208 5213 3328 5253 cum
3358 5198 3496 5268 cogi-

1932 5314 2128 5368 tantur,
2158 5312 2211 5359 et
2236 5298 2636 5356 consuetudinis
2685 5295 2932 5351 violentia
2975 5291 3262 5361 requiritur
3288 5288 3383 5357 (b),
3410 5302 3502 5340 cor

1932 5399 2196 5470 pungitur,
2229 5404 2282 5450 et
2312 5403 2562 5462 tanquam
2604 5388 2815 5457 sanguis
2843 5384 3021 5440 cordis
3046 5383 3202 5437 fletus
3242 5377 3502 5470 exoritur.

1872 5536 1875 5537 ν
1932 5468 2273 5545 Ξεάέυιδυιιι
2298 5483 2368 5538 sit
2390 5496 2504 5547 cor,
2540 5488 2594 5536 et
2621 5478 2747 5534 sicci
2776 5484 2932 5532 erunt
2959 5472 3119 5528 oculi.
3144 5471 3324 5541 Neque
3353 5468 3499 5524 enim

1994 5619 2011 5637 ‘
2035 5625 2132 5667 Non
2154 5620 2353 5677 reperta
2382 5613 2434 5662 in
2456 5619 2583 5671 Mss,
2609 5614 2817 5670 excepto
2837 5616 2936 5655 uno
2956 5602 3104 5653 vatio.

1870 5754 1873 5757 ,
2012 5714 2044 5749 a
2081 5698 2204 5747 Alias
2224 5696 2315 5745 248
2336 5709 2347 5743 :
2366 5708 2475 5759 quae
2492 5700 2654 5744 autem
2675 5690 2768 5741 263
2790 5694 2912 5749 erat,
2930 5682 3178 5739 uanam.

1991 5700 2066 5824 ib;
2083 5767 2238 5821 Forte,
2272 5755 2495 5810 recurrit.

2083 5767 2238 5821 Forte,
2272 5755 2495 5810 recurrit.
