  <div class='ocr_page' id='page_1' title='image "/cluster/home/n/w/nwhite01/storage/ocr_20150623/33/uva.x000669810/557.png"; bbox 0 0 4024 6378; ppageno 0'>
   <div class='ocr_carea' id='block_1_1' title="bbox 589 352 725 408">
    <p class='ocr_par' dir='ltr' id='par_1_1' title="bbox 589 352 725 408">
     <span class='ocr_line' id='line_1_1' title="bbox 589 352 725 408; baseline 0.007 -1"><span class='ocrx_word' id='word_1_1' title='bbox 589 352 725 408; x_wconf 76' lang='grc'><strong>1085</strong></span> 
     </span>
    </p>
   </div>
   <div class='ocr_carea' id='block_1_2' title="bbox 586 456 2174 539">
    <p class='ocr_par' dir='ltr' id='par_1_2' title="bbox 586 456 2174 539">
     <span class='ocr_line' id='line_1_2' title="bbox 586 456 2174 539; baseline -0.011 -16"><span class='ocrx_word' id='word_1_2' title='bbox 586 468 705 539; x_wconf 85' lang='lat' dir='ltr'><strong>quia</strong></span> <span class='ocrx_word' id='word_1_3' title='bbox 736 468 852 529; x_wconf 87' lang='lat' dir='ltr'><strong>ista,</strong></span> <span class='ocrx_word' id='word_1_4' title='bbox 886 478 1005 535; x_wconf 84' lang='lat' dir='ltr'><strong>quae</strong></span> <span class='ocrx_word' id='word_1_5' title='bbox 1035 463 1126 519; x_wconf 90' lang='lat' dir='ltr'><strong>tibi</strong></span> <span class='ocrx_word' id='word_1_6' title='bbox 1153 476 1353 519; x_wconf 80' lang='lat' dir='ltr'><strong>mreres</strong></span> <span class='ocrx_word' id='word_1_7' title='bbox 1377 473 1497 515; x_wconf 88' lang='lat' dir='ltr'><strong>esse</strong></span> <span class='ocrx_word' id='word_1_8' title='bbox 1520 456 1813 523; x_wconf 87' lang='lat' dir='ltr'><strong>subtracta,</strong></span> <span class='ocrx_word' id='word_1_9' title='bbox 1840 467 1938 513; x_wconf 87' lang='lat' dir='ltr'><strong>suo</strong></span> <span class='ocrx_word' id='word_1_10' title='bbox 1963 462 2174 525; x_wconf 90' lang='lat' dir='ltr'><strong>tempo-</strong></span> 
     </span>
    </p>
   </div>
   <div class='ocr_carea' id='block_1_3' title="bbox 586 545 2177 626">
    <p class='ocr_par' dir='ltr' id='par_1_3' title="bbox 586 545 2177 626">
     <span class='ocr_line' id='line_1_3' title="bbox 586 545 2177 626; baseline -0.014 -7"><span class='ocrx_word' id='word_1_11' title='bbox 586 561 682 619; x_wconf 76' lang='lat' dir='ltr'><strong>rali</strong></span> <span class='ocrx_word' id='word_1_12' title='bbox 714 574 868 613; x_wconf 80' lang='lat' dir='ltr'><strong>cursu</strong></span> <span class='ocrx_word' id='word_1_13' title='bbox 898 556 1288 626; x_wconf 77' lang='lat' dir='ltr'><strong>praeteriemnt,</strong></span> <span class='ocrx_word' id='word_1_14' title='bbox 1334 551 1455 611; x_wconf 88' lang='lat' dir='ltr'><strong>ideo</strong></span> <span class='ocrx_word' id='word_1_15' title='bbox 1495 550 1653 620; x_wconf 88' lang='lat' dir='ltr'><strong>periit</strong></span> <span class='ocrx_word' id='word_1_16' title='bbox 1699 548 1789 603; x_wconf 87' lang='lat' dir='ltr'><strong>illa</strong></span> <span class='ocrx_word' id='word_1_17' title='bbox 1813 545 2049 602; x_wconf 81' lang='lat' dir='ltr'><strong>Charitas</strong></span> <span class='ocrx_word' id='word_1_18' title='bbox 2073 559 2177 617; x_wconf 72' lang='lat' dir='ltr'><strong>qua</strong></span> 
     </span>
    </p>
   </div>
   <div class='ocr_carea' id='block_1_4' title="bbox 590 636 2178 717">
    <p class='ocr_par' dir='ltr' id='par_1_4' title="bbox 590 636 2178 717">
     <span class='ocr_line' id='line_1_4' title="bbox 590 636 2178 717; baseline -0.01 -10"><span class='ocrx_word' id='word_1_19' title='bbox 590 648 1006 717; x_wconf 85' lang='lat' dir='ltr'><strong>Tituotbeus.(a)</strong></span> <span class='ocrx_word' id='word_1_20' title='bbox 1034 646 1282 717; x_wconf 84' lang='lat' dir='ltr'><strong>Sapidam</strong></span> <span class='ocrx_word' id='word_1_21' title='bbox 1308 643 1514 708; x_wconf 82' lang='lat' dir='ltr'><strong>dilexit,</strong></span> <span class='ocrx_word' id='word_1_22' title='bbox 1545 651 1602 698; x_wconf 89' lang='lat' dir='ltr'><strong>et</strong></span> <span class='ocrx_word' id='word_1_23' title='bbox 1622 640 1791 711; x_wconf 86' lang='lat' dir='ltr'><strong>diligit</strong></span> <span class='ocrx_word' id='word_1_24' title='bbox 1818 658 1832 693; x_wconf 90' lang='lat'><strong>:</strong></span> <span class='ocrx_word' id='word_1_25' title='bbox 1864 646 2044 713; x_wconf 79' lang='lat' dir='ltr'><strong>manet</strong></span> <span class='ocrx_word' id='word_1_26' title='bbox 2078 636 2178 713; x_wconf 60' lang='lat' dir='ltr'><strong>illa</strong></span> 
     </span>
    </p>
   </div>
   <div class='ocr_carea' id='block_1_5' title="bbox 590 729 2179 801">
    <p class='ocr_par' dir='ltr' id='par_1_5' title="bbox 590 729 2179 801">
     <span class='ocr_line' id='line_1_5' title="bbox 590 729 2179 801; baseline -0.011 -3"><span class='ocrx_word' id='word_1_27' title='bbox 590 752 799 799; x_wconf 82' lang='lat' dir='ltr'><strong>serrata</strong></span> <span class='ocrx_word' id='word_1_28' title='bbox 822 743 873 796; x_wconf 92' lang='lat' dir='ltr'><strong>in</strong></span> <span class='ocrx_word' id='word_1_29' title='bbox 894 740 1147 795; x_wconf 75' lang='lat' dir='ltr'><strong>thesauro</strong></span> <span class='ocrx_word' id='word_1_30' title='bbox 1168 752 1286 801; x_wconf 91' lang='lat' dir='ltr'><strong>suo,</strong></span> <span class='ocrx_word' id='word_1_31' title='bbox 1306 744 1356 790; x_wconf 92' lang='lat' dir='ltr'><strong>et</strong></span> <span class='ocrx_word' id='word_1_32' title='bbox 1378 732 1686 789; x_wconf 88' lang='lat' dir='ltr'><strong>abscondita</strong></span> <span class='ocrx_word' id='word_1_33' title='bbox 1712 741 1793 786; x_wconf 91' lang='lat' dir='ltr'><strong>est</strong></span> <span class='ocrx_word' id='word_1_34' title='bbox 1818 745 1939 786; x_wconf 89' lang='lat' dir='ltr'><strong>cum</strong></span> <span class='ocrx_word' id='word_1_35' title='bbox 1967 729 2179 783; x_wconf 77' lang='lat' dir='ltr'><strong>Christo</strong></span> 
     </span>
    </p>
   </div>
   <div class='ocr_carea' id='block_1_6' title="bbox 592 821 2181 902">
    <p class='ocr_par' dir='ltr' id='par_1_6' title="bbox 592 821 2181 902">
     <span class='ocr_line' id='line_1_6' title="bbox 592 821 2181 902; baseline -0.009 -13"><span class='ocrx_word' id='word_1_36' title='bbox 592 836 644 889; x_wconf 93' lang='lat' dir='ltr'><strong>in</strong></span> <span class='ocrx_word' id='word_1_37' title='bbox 695 834 936 888; x_wconf 89' lang='lat' dir='ltr'><strong>Domino.</strong></span> <span class='ocrx_word' id='word_1_38' title='bbox 980 832 1080 902; x_wconf 86' lang='lat' dir='ltr'><strong>Qui</strong></span> <span class='ocrx_word' id='word_1_39' title='bbox 1129 830 1356 900; x_wconf 88' lang='lat' dir='ltr'><strong>diligunt</strong></span> <span class='ocrx_word' id='word_1_40' title='bbox 1402 841 1613 891; x_wconf 88' lang='lat' dir='ltr'><strong>aurum,</strong></span> <span class='ocrx_word' id='word_1_41' title='bbox 1646 823 1914 893; x_wconf 89' lang='lat' dir='ltr'><strong>.numquid</strong></span> <span class='ocrx_word' id='word_1_42' title='bbox 1954 821 2181 891; x_wconf 87' lang='lat' dir='ltr'><strong>perdunt</strong></span> 
     </span>
    </p>
   </div>
   <div class='ocr_carea' id='block_1_7' title="bbox 591 916 2180 996">
    <p class='ocr_par' dir='ltr' id='par_1_7' title="bbox 591 916 2180 996">
     <span class='ocr_line' id='line_1_7' title="bbox 591 916 2180 996; baseline -0.008 -17"><span class='ocrx_word' id='word_1_43' title='bbox 591 924 804 996; x_wconf 86' lang='lat' dir='ltr'><strong>quando</strong></span> <span class='ocrx_word' id='word_1_44' title='bbox 858 921 1193 991; x_wconf 78' lang='lat' dir='ltr'><strong>recondunt?</strong></span> <span class='ocrx_word' id='word_1_45' title='bbox 1246 935 1423 991; x_wconf 86' lang='lat' dir='ltr'><strong>nonne</strong></span> <span class='ocrx_word' id='word_1_46' title='bbox 1469 927 1595 973; x_wconf 93' lang='lat' dir='ltr'><strong>tunc</strong></span> <span class='ocrx_word' id='word_1_47' title='bbox 1630 916 1697 971; x_wconf 91' lang='lat' dir='ltr'><strong>de</strong></span> <span class='ocrx_word' id='word_1_48' title='bbox 1745 916 1878 982; x_wconf 91' lang='lat' dir='ltr'><strong>illo,</strong></span> <span class='ocrx_word' id='word_1_49' title='bbox 1926 922 2180 985; x_wconf 89' lang='lat' dir='ltr'><strong>quantum</strong></span> 
     </span>
    </p>
   </div>
   <div class='ocr_carea' id='block_1_8' title="bbox 594 1006 2178 1086">
    <p class='ocr_par' dir='ltr' id='par_1_8' title="bbox 594 1006 2178 1086">
     <span class='ocr_line' id='line_1_8' title="bbox 594 1006 2178 1086; baseline -0.008 -13"><span class='ocrx_word' id='word_1_50' title='bbox 594 1018 710 1073; x_wconf 89' lang='lat' dir='ltr'><strong>ﬁeri</strong></span> <span class='ocrx_word' id='word_1_51' title='bbox 759 1026 952 1086; x_wconf 88' lang='lat' dir='ltr'><strong>potest,</strong></span> <span class='ocrx_word' id='word_1_52' title='bbox 1006 1015 1302 1069; x_wconf 83' lang='lat' dir='ltr'><strong>securiores</strong></span> <span class='ocrx_word' id='word_1_53' title='bbox 1345 1013 1498 1076; x_wconf 91' lang='lat' dir='ltr'><strong>ﬁunt,</strong></span> <span class='ocrx_word' id='word_1_54' title='bbox 1532 1026 1653 1066; x_wconf 87' lang='lat' dir='ltr'><strong>cum</strong></span> <span class='ocrx_word' id='word_1_55' title='bbox 1699 1018 1967 1065; x_wconf 89' lang='lat' dir='ltr'><strong>remotum</strong></span> <span class='ocrx_word' id='word_1_56' title='bbox 1996 1023 2027 1061; x_wconf 91' lang='lat' dir='ltr'><strong>a</strong></span> <span class='ocrx_word' id='word_1_57' title='bbox 2068 1006 2178 1061; x_wconf 83' lang='lat' dir='ltr'><strong>suis</strong></span> 
     </span>
    </p>
   </div>
   <div class='ocr_carea' id='block_1_9' title="bbox 592 1103 2181 1164">
    <p class='ocr_par' dir='ltr' id='par_1_9' title="bbox 592 1103 2181 1164">
     <span class='ocr_line' id='line_1_9' title="bbox 592 1103 2181 1164; baseline -0.008 -1"><span class='ocrx_word' id='word_1_58' title='bbox 592 1108 760 1164; x_wconf 84' lang='lat' dir='ltr'><strong>oculis</strong></span> <span class='ocrx_word' id='word_1_59' title='bbox 808 1110 938 1163; x_wconf 91' lang='lat' dir='ltr'><strong>locis</strong></span> <span class='ocrx_word' id='word_1_60' title='bbox 990 1108 1276 1162; x_wconf 87' lang='lat' dir='ltr'><strong>tutioribus</strong></span> <span class='ocrx_word' id='word_1_61' title='bbox 1326 1105 1573 1162; x_wconf 81' lang='lat' dir='ltr'><strong>servant?</strong></span> <span class='ocrx_word' id='word_1_62' title='bbox 1621 1103 1768 1157; x_wconf 87' lang='lat' dir='ltr'><strong>Itane</strong></span> <span class='ocrx_word' id='word_1_63' title='bbox 1809 1116 1937 1156; x_wconf 89' lang='lat' dir='ltr'><strong>vero</strong></span> <span class='ocrx_word' id='word_1_64' title='bbox 1969 1110 2181 1155; x_wconf 90' lang='lat' dir='ltr'><strong>terrena</strong></span> 
     </span>
    </p>
   </div>
   <div class='ocr_carea' id='block_1_10' title="bbox 594 1190 2183 1271">
    <p class='ocr_par' dir='ltr' id='par_1_10' title="bbox 594 1190 2183 1271">
     <span class='ocr_line' id='line_1_10' title="bbox 594 1190 2183 1271; baseline -0.008 -14"><span class='ocrx_word' id='word_1_65' title='bbox 594 1201 855 1271; x_wconf 78' lang='lat' dir='ltr'><strong>cupiditas</strong></span> <span class='ocrx_word' id='word_1_66' title='bbox 895 1201 1149 1255; x_wconf 82' lang='lat' dir='ltr'><strong>munitius</strong></span> <span class='ocrx_word' id='word_1_67' title='bbox 1189 1214 1248 1252; x_wconf 91' lang='lat' dir='ltr'><strong>se</strong></span> <span class='ocrx_word' id='word_1_68' title='bbox 1276 1198 1475 1252; x_wconf 89' lang='lat' dir='ltr'><strong>habere</strong></span> <span class='ocrx_word' id='word_1_69' title='bbox 1506 1201 1675 1265; x_wconf 80' lang='lat' dir='ltr'><strong>putat,</strong></span> <span class='ocrx_word' id='word_1_70' title='bbox 1714 1194 1761 1248; x_wconf 88' lang='lat' dir='ltr'><strong>si</strong></span> <span class='ocrx_word' id='word_1_71' title='bbox 1792 1210 1896 1247; x_wconf 93' lang='lat' dir='ltr'><strong>non</strong></span> <span class='ocrx_word' id='word_1_72' title='bbox 1925 1192 2101 1246; x_wconf 89' lang='lat' dir='ltr'><strong>videat</strong></span> <span class='ocrx_word' id='word_1_73' title='bbox 2130 1190 2183 1245; x_wconf 90' lang='lat' dir='ltr'><strong>id</strong></span> 
     </span>
    </p>
   </div>
   <div class='ocr_carea' id='block_1_11' title="bbox 594 1282 2182 1364">
    <p class='ocr_par' dir='ltr' id='par_1_11' title="bbox 594 1282 2182 1364">
     <span class='ocr_line' id='line_1_11' title="bbox 594 1282 2182 1364; baseline -0.008 -17"><span class='ocrx_word' id='word_1_74' title='bbox 594 1292 739 1364; x_wconf 84' lang='lat' dir='ltr'><strong>quod</strong></span> <span class='ocrx_word' id='word_1_75' title='bbox 764 1292 938 1356; x_wconf 84' lang='lat' dir='ltr'><strong>amat&#39;;</strong></span> <span class='ocrx_word' id='word_1_76' title='bbox 972 1300 1024 1346; x_wconf 92' lang='lat' dir='ltr'><strong>et</strong></span> <span class='ocrx_word' id='word_1_77' title='bbox 1052 1289 1286 1347; x_wconf 74' lang='lat' dir='ltr'><strong>ctelestis</strong></span> <span class='ocrx_word' id='word_1_78' title='bbox 1311 1287 1542 1343; x_wconf 88' lang='lat' dir='ltr'><strong>charitas</strong></span> <span class='ocrx_word' id='word_1_79' title='bbox 1568 1286 1735 1351; x_wconf 85' lang='lat' dir='ltr'><strong>dolet,</strong></span> <span class='ocrx_word' id='word_1_80' title='bbox 1768 1295 2019 1354; x_wconf 77' lang='lat' dir='ltr'><strong>tanquam</strong></span> <span class='ocrx_word' id='word_1_81' title='bbox 2046 1282 2182 1349; x_wconf 84' lang='lat' dir='ltr'><strong>ami-</strong></span> 
     </span>
    </p>
   </div>
   <div class='ocr_carea' id='block_1_12' title="bbox 596 1372 2180 1452">
    <p class='ocr_par' dir='ltr' id='par_1_12' title="bbox 596 1372 2180 1452">
     <span class='ocr_line' id='line_1_12' title="bbox 596 1372 2180 1452; baseline -0.009 -12"><span class='ocrx_word' id='word_1_82' title='bbox 596 1384 729 1440; x_wconf 87' lang='lat' dir='ltr'><strong>serit</strong></span> <span class='ocrx_word' id='word_1_83' title='bbox 770 1383 910 1452; x_wconf 91' lang='lat' dir='ltr'><strong>quod</strong></span> <span class='ocrx_word' id='word_1_84' title='bbox 958 1383 1010 1436; x_wconf 95' lang='lat' dir='ltr'><strong>in</strong></span> <span class='ocrx_word' id='word_1_85' title='bbox 1063 1381 1254 1435; x_wconf 88' lang='lat' dir='ltr'><strong>horrea</strong></span> <span class='ocrx_word' id='word_1_86' title='bbox 1304 1393 1533 1448; x_wconf 86' lang='lat' dir='ltr'><strong>superna</strong></span> <span class='ocrx_word' id='word_1_87' title='bbox 1585 1375 1919 1446; x_wconf 70' lang='lat' dir='ltr'><strong>prmmiserit.</strong></span> <span class='ocrx_word' id='word_1_88' title='bbox 1968 1372 2180 1442; x_wconf 87' lang='lat' dir='ltr'><strong>Sapida,</strong></span> 
     </span>
    </p>
   </div>
   <div class='ocr_carea' id='block_1_13' title="bbox 598 1463 2185 1545">
    <p class='ocr_par' dir='ltr' id='par_1_13' title="bbox 598 1463 2185 1545">
     <span class='ocr_line' id='line_1_13' title="bbox 598 1463 2185 1545; baseline -0.008 -16"><span class='ocrx_word' id='word_1_89' title='bbox 598 1475 741 1545; x_wconf 84' lang='lat' dir='ltr'><strong>quod</strong></span> <span class='ocrx_word' id='word_1_90' title='bbox 766 1474 974 1529; x_wconf 84' lang='lat' dir='ltr'><strong>vocaris</strong></span> <span class='ocrx_word' id='word_1_91' title='bbox 998 1472 1232 1536; x_wconf 89' lang='lat' dir='ltr'><strong>attende,</strong></span> <span class='ocrx_word' id='word_1_92' title='bbox 1260 1478 1459 1540; x_wconf 74' lang='lat' dir='ltr'><strong>etquae</strong></span> <span class='ocrx_word' id='word_1_93' title='bbox 1500 1484 1712 1523; x_wconf 87' lang='lat' dir='ltr'><strong>sursum</strong></span> <span class='ocrx_word' id='word_1_94' title='bbox 1748 1474 1876 1521; x_wconf 92' lang='lat' dir='ltr'><strong>sunt</strong></span> <span class='ocrx_word' id='word_1_95' title='bbox 1917 1480 2065 1535; x_wconf 83' lang='lat' dir='ltr'><strong>sape,</strong></span> <span class='ocrx_word' id='word_1_96' title='bbox 2098 1463 2185 1518; x_wconf 89' lang='lat' dir='ltr'><strong>ubi</strong></span> 
     </span>
    </p>
   </div>
   <div class='ocr_carea' id='block_1_14' title="bbox 597 1555 2183 1628">
    <p class='ocr_par' dir='ltr' id='par_1_14' title="bbox 597 1555 2183 1628">
     <span class='ocr_line' id='line_1_14' title="bbox 597 1555 2183 1628; baseline -0.008 -7"><span class='ocrx_word' id='word_1_97' title='bbox 597 1566 841 1621; x_wconf 83' lang='lat' dir='ltr'><strong>Christus</strong></span> <span class='ocrx_word' id='word_1_98' title='bbox 858 1573 941 1619; x_wconf 90' lang='lat' dir='ltr'><strong>est</strong></span> <span class='ocrx_word' id='word_1_99' title='bbox 968 1564 1033 1617; x_wconf 89' lang='lat' dir='ltr'><strong>ad</strong></span> <span class='ocrx_word' id='word_1_100' title='bbox 1060 1565 1335 1618; x_wconf 78' lang='lat' dir='ltr'><strong>dexteram</strong></span> <span class='ocrx_word' id='word_1_101' title='bbox 1367 1562 1459 1615; x_wconf 87' lang='lat' dir='ltr'><strong>Dei</strong></span> <span class='ocrx_word' id='word_1_102' title='bbox 1488 1560 1679 1615; x_wconf 89' lang='lat' dir='ltr'><strong>sedens</strong></span> <span class='ocrx_word' id='word_1_103' title='bbox 1698 1559 1911 1628; x_wconf 79' lang='lat' dir='ltr'><strong>(Coloss.</strong></span> <span class='ocrx_word' id='word_1_104' title='bbox 1938 1572 2015 1622; x_wconf 85' lang='lat' dir='ltr'><strong>tu,</strong></span> <span class='ocrx_word' id='word_1_105' title='bbox 2042 1555 2183 1625; x_wconf 74' lang='lat'><strong>1-5);</strong></span> 
     </span>
    </p>
   </div>
   <div class='ocr_carea' id='block_1_15' title="bbox 597 1646 2185 1728">
    <p class='ocr_par' dir='ltr' id='par_1_15' title="bbox 597 1646 2185 1728">
     <span class='ocr_line' id='line_1_15' title="bbox 597 1646 2185 1728; baseline -0.009 -16"><span class='ocrx_word' id='word_1_106' title='bbox 597 1659 686 1728; x_wconf 88' lang='lat' dir='ltr'><strong>qui</strong></span> <span class='ocrx_word' id='word_1_107' title='bbox 716 1672 812 1727; x_wconf 91' lang='lat' dir='ltr'><strong>pro</strong></span> <span class='ocrx_word' id='word_1_108' title='bbox 845 1657 1000 1711; x_wconf 89' lang='lat' dir='ltr'><strong>nobis</strong></span> <span class='ocrx_word' id='word_1_109' title='bbox 1032 1655 1279 1725; x_wconf 82' lang='lat' dir='ltr'><strong>dignatus</strong></span> <span class='ocrx_word' id='word_1_110' title='bbox 1305 1654 1387 1707; x_wconf 83' lang='lat' dir='ltr'><strong>est</strong></span> <span class='ocrx_word' id='word_1_111' title='bbox 1424 1652 1593 1715; x_wconf 88' lang='lat' dir='ltr'><strong>mori,</strong></span> <span class='ocrx_word' id='word_1_112' title='bbox 1621 1658 1681 1703; x_wconf 90' lang='lat' dir='ltr'><strong>ut</strong></span> <span class='ocrx_word' id='word_1_113' title='bbox 1704 1650 2003 1702; x_wconf 82' lang='lat' dir='ltr'><strong>viveremus</strong></span> <span class='ocrx_word' id='word_1_114' title='bbox 2028 1646 2185 1699; x_wconf 90' lang='lat' dir='ltr'><strong>etiam</strong></span> 
     </span>
    </p>
   </div>
   <div class='ocr_carea' id='block_1_16' title="bbox 598 1740 2188 1813">
    <p class='ocr_par' dir='ltr' id='par_1_16' title="bbox 598 1740 2188 1813">
     <span class='ocr_line' id='line_1_16' title="bbox 598 1740 2188 1813; baseline -0.008 -11"><span class='ocrx_word' id='word_1_115' title='bbox 598 1740 827 1809; x_wconf 85' lang='lat' dir='ltr'><strong>mortui;</strong></span> <span class='ocrx_word' id='word_1_116' title='bbox 856 1758 909 1802; x_wconf 88' lang='lat' dir='ltr'><strong>et</strong></span> <span class='ocrx_word' id='word_1_117' title='bbox 946 1762 1013 1800; x_wconf 87' lang='lat' dir='ltr'><strong>ne</strong></span> <span class='ocrx_word' id='word_1_118' title='bbox 1058 1742 1205 1799; x_wconf 83' lang='lat' dir='ltr'><strong>mors</strong></span> <span class='ocrx_word' id='word_1_119' title='bbox 1248 1745 1360 1813; x_wconf 90' lang='lat' dir='ltr'><strong>ipsa</strong></span> <span class='ocrx_word' id='word_1_120' title='bbox 1400 1742 1468 1796; x_wconf 91' lang='lat' dir='ltr'><strong>ab</strong></span> <span class='ocrx_word' id='word_1_121' title='bbox 1510 1740 1744 1802; x_wconf 87' lang='lat' dir='ltr'><strong>homine,</strong></span> <span class='ocrx_word' id='word_1_122' title='bbox 1774 1748 2024 1807; x_wconf 83' lang='lat' dir='ltr'><strong>tanquam</strong></span> <span class='ocrx_word' id='word_1_123' title='bbox 2052 1751 2188 1791; x_wconf 92' lang='lat' dir='ltr'><strong>con-</strong></span> 
     </span>
    </p>
   </div>
   <div class='ocr_carea' id='block_1_17' title="bbox 598 1833 2183 1910">
    <p class='ocr_par' dir='ltr' id='par_1_17' title="bbox 598 1833 2183 1910">
     <span class='ocr_line' id='line_1_17' title="bbox 598 1833 2183 1910; baseline -0.007 -16"><span class='ocrx_word' id='word_1_124' title='bbox 598 1839 872 1910; x_wconf 76' lang='lat' dir='ltr'><strong>sumptum</strong></span> <span class='ocrx_word' id='word_1_125' title='bbox 927 1834 1238 1901; x_wconf 86' lang='lat' dir='ltr'><strong>hominem,</strong></span> <span class='ocrx_word' id='word_1_126' title='bbox 1285 1837 1609 1897; x_wconf 88' lang='lat' dir='ltr'><strong>timeretur;</strong></span> <span class='ocrx_word' id='word_1_127' title='bbox 1683 1833 1782 1888; x_wconf 85' lang='lat' dir='ltr'><strong>nec</strong></span> <span class='ocrx_word' id='word_1_128' title='bbox 1852 1840 2183 1885; x_wconf 89' lang='lat' dir='ltr'><strong>mortuorum</strong></span> 
     </span>
    </p>
   </div>
   <div class='ocr_carea' id='block_1_18' title="bbox 598 1921 2187 2001">
    <p class='ocr_par' dir='ltr' id='par_1_18' title="bbox 598 1921 2187 2001">
     <span class='ocr_line' id='line_1_18' title="bbox 598 1921 2187 2001; baseline -0.006 -17"><span class='ocrx_word' id='word_1_129' title='bbox 598 1931 896 2001; x_wconf 85' lang='lat' dir='ltr'><strong>quisquam,</strong></span> <span class='ocrx_word' id='word_1_130' title='bbox 928 1944 1023 1999; x_wconf 86' lang='lat' dir='ltr'><strong>pro</strong></span> <span class='ocrx_word' id='word_1_131' title='bbox 1043 1928 1233 1998; x_wconf 89' lang='lat' dir='ltr'><strong>quibus</strong></span> <span class='ocrx_word' id='word_1_132' title='bbox 1253 1927 1359 1981; x_wconf 90' lang='lat' dir='ltr'><strong>vita</strong></span> <span class='ocrx_word' id='word_1_133' title='bbox 1385 1937 1591 1979; x_wconf 85' lang='lat' dir='ltr'><strong>mortua</strong></span> <span class='ocrx_word' id='word_1_134' title='bbox 1616 1933 1717 1988; x_wconf 89' lang='lat' dir='ltr'><strong>est,</strong></span> <span class='ocrx_word' id='word_1_135' title='bbox 1748 1926 1996 1992; x_wconf 82' lang='lat' dir='ltr'><strong>tanquam</strong></span> <span class='ocrx_word' id='word_1_136' title='bbox 2024 1921 2187 1975; x_wconf 89' lang='lat' dir='ltr'><strong>vitam</strong></span> 
     </span>
    </p>
   </div>
   <div class='ocr_carea' id='block_1_19' title="bbox 600 2012 2189 2091">
    <p class='ocr_par' dir='ltr' id='par_1_19' title="bbox 600 2012 2189 2091">
     <span class='ocr_line' id='line_1_19' title="bbox 600 2012 2189 2091; baseline -0.006 -16"><span class='ocrx_word' id='word_1_137' title='bbox 600 2021 911 2090; x_wconf 84' lang='lat' dir='ltr'><strong>perdiderit,</strong></span> <span class='ocrx_word' id='word_1_138' title='bbox 944 2020 1236 2091; x_wconf 81' lang='lat' dir='ltr'><strong>deleretur.</strong></span> <span class='ocrx_word' id='word_1_139' title='bbox 1268 2017 1393 2085; x_wconf 64' lang='lat' dir='ltr'><strong>Hice</strong></span> <span class='ocrx_word' id='word_1_140' title='bbox 1432 2025 1592 2086; x_wconf 88' lang='lat' dir='ltr'><strong>atque</strong></span> <span class='ocrx_word' id='word_1_141' title='bbox 1632 2012 1935 2084; x_wconf 90' lang='lat' dir='ltr'><strong>hujusmodi</strong></span> <span class='ocrx_word' id='word_1_142' title='bbox 1970 2021 2056 2066; x_wconf 88' lang='lat' dir='ltr'><strong>tua</strong></span> <span class='ocrx_word' id='word_1_143' title='bbox 2084 2012 2189 2066; x_wconf 92' lang='lat' dir='ltr'><strong>sint</strong></span> 
     </span>
    </p>
   </div>
   <div class='ocr_carea' id='block_1_20' title="bbox 599 2100 2189 2189">
    <p class='ocr_par' dir='ltr' id='par_1_20' title="bbox 599 2100 2189 2189">
     <span class='ocr_line' id='line_1_20' title="bbox 599 2100 2189 2189; baseline -0.004 -23"><span class='ocrx_word' id='word_1_144' title='bbox 599 2112 781 2189; x_wconf 82' lang='lat' dir='ltr'><strong>divina</strong></span> <span class='ocrx_word' id='word_1_145' title='bbox 811 2100 997 2165; x_wconf 87' lang='lat' dir='ltr'><strong>solatia</strong></span> <span class='ocrx_word' id='word_1_146' title='bbox 1027 2110 1218 2180; x_wconf 89' lang='lat' dir='ltr'><strong>quibus</strong></span> <span class='ocrx_word' id='word_1_147' title='bbox 1240 2108 1520 2163; x_wconf 89' lang='lat' dir='ltr'><strong>erubescat</strong></span> <span class='ocrx_word' id='word_1_148' title='bbox 1546 2116 1600 2162; x_wconf 91' lang='lat' dir='ltr'><strong>et</strong></span> <span class='ocrx_word' id='word_1_149' title='bbox 1629 2105 1783 2161; x_wconf 87' lang='lat' dir='ltr'><strong>cedat</strong></span> <span class='ocrx_word' id='word_1_150' title='bbox 1822 2105 2052 2159; x_wconf 89' lang='lat' dir='ltr'><strong>humana</strong></span> <span class='ocrx_word' id='word_1_151' title='bbox 2095 2104 2189 2159; x_wconf 86' lang='lat' dir='ltr'><strong>tri-</strong></span> 
     </span>
    </p>
   </div>
   <div class='ocr_carea' id='block_1_21' title="bbox 600 2190 763 2257">
    <p class='ocr_par' dir='ltr' id='par_1_21' title="bbox 600 2190 763 2257">
     <span class='ocr_line' id='line_1_21' title="bbox 600 2190 763 2257; baseline -0.012 0"><span class='ocrx_word' id='word_1_152' title='bbox 600 2190 763 2257; x_wconf 82' lang='lat' dir='ltr'><strong>stitia.</strong></span> 
     </span>
    </p>
   </div>
   <div class='ocr_carea' id='block_1_22' title="bbox 620 2278 2189 2363">
    <p class='ocr_par' dir='ltr' id='par_1_22' title="bbox 620 2278 2189 2363">
     <span class='ocr_line' id='line_1_22' title="bbox 620 2278 2189 2363; baseline -0.005 -15"><span class='ocrx_word' id='word_1_153' title='bbox 620 2354 623 2357; x_wconf 29' lang='grc' dir='ltr'><strong>η</strong></span> <span class='ocrx_word' id='word_1_154' title='bbox 673 2284 725 2349; x_wconf 69' lang='lat'><strong>5.</strong></span> <span class='ocrx_word' id='word_1_155' title='bbox 748 2282 861 2347; x_wconf 76' lang='lat' dir='ltr'><strong>Non</strong></span> <span class='ocrx_word' id='word_1_156' title='bbox 884 2282 1095 2363; x_wconf 75' lang='lat' dir='ltr'><strong>quidem</strong></span> <span class='ocrx_word' id='word_1_157' title='bbox 1123 2278 1545 2347; x_wconf 67' lang='lat' dir='ltr'><strong>SuccenSendttni</strong></span> <span class='ocrx_word' id='word_1_158' title='bbox 1572 2287 1735 2344; x_wconf 90' lang='lat' dir='ltr'><strong>estde</strong></span> <span class='ocrx_word' id='word_1_159' title='bbox 1762 2282 1938 2343; x_wconf 85' lang='lat' dir='ltr'><strong>charis</strong></span> <span class='ocrx_word' id='word_1_160' title='bbox 1963 2282 2189 2341; x_wconf 73' lang='lat' dir='ltr'><strong>&#39;mo‘rtuis</strong></span> 
     </span>
    </p>
   </div>
   <div class='ocr_carea' id='block_1_23' title="bbox 601 2366 2192 2469">
    <p class='ocr_par' dir='ltr' id='par_1_23' title="bbox 601 2366 2192 2469">
     <span class='ocr_line' id='line_1_23' title="bbox 601 2366 2192 2469; baseline -0.004 -28"><span class='ocrx_word' id='word_1_161' title='bbox 601 2386 774 2469; x_wconf 74' lang='lat' dir='ltr'><strong>dolori</strong></span> <span class='ocrx_word' id='word_1_162' title='bbox 826 2372 1157 2465; x_wconf 77' lang='lat' dir='ltr'><strong>mortalium;</strong></span> <span class='ocrx_word' id='word_1_163' title='bbox 1203 2376 1297 2439; x_wconf 82' lang='lat' dir='ltr'><strong>sed</strong></span> <span class='ocrx_word' id='word_1_164' title='bbox 1346 2370 1628 2438; x_wconf 85' lang='lat' dir='ltr'><strong>diuturnus</strong></span> <span class='ocrx_word' id='word_1_165' title='bbox 1676 2372 1832 2436; x_wconf 86' lang='lat' dir='ltr'><strong>dolor</strong></span> <span class='ocrx_word' id='word_1_166' title='bbox 1878 2397 1982 2435; x_wconf 90' lang='lat' dir='ltr'><strong>non</strong></span> <span class='ocrx_word' id='word_1_167' title='bbox 2033 2366 2192 2435; x_wconf 85' lang='lat' dir='ltr'><strong>debet</strong></span> 
     </span>
    </p>
   </div>
   <div class='ocr_carea' id='block_1_24' title="bbox 602 2459 2194 2549">
    <p class='ocr_par' dir='ltr' id='par_1_24' title="bbox 602 2459 2194 2549">
     <span class='ocr_line' id='line_1_24' title="bbox 602 2459 2194 2549; baseline -0.004 -16"><span class='ocrx_word' id='word_1_168' title='bbox 602 2466 721 2533; x_wconf 88' lang='lat' dir='ltr'><strong>esse</strong></span> <span class='ocrx_word' id='word_1_169' title='bbox 750 2459 1009 2531; x_wconf 72' lang='lat' dir='ltr'><strong>ﬁdelium.</strong></span> <span class='ocrx_word' id='word_1_170' title='bbox 1036 2460 1095 2531; x_wconf 79' lang='lat' dir='ltr'><strong>Si</strong></span> <span class='ocrx_word' id='word_1_171' title='bbox 1118 2459 1574 2549; x_wconf 2' lang='lat' dir='ltr'><strong>crgoqcontristata</strong></span> <span class='ocrx_word' id='word_1_172' title='bbox 1599 2476 1678 2539; x_wconf 89' lang='lat' dir='ltr'><strong>es,</strong></span> <span class='ocrx_word' id='word_1_173' title='bbox 1699 2462 1807 2542; x_wconf 82' lang='lat' dir='ltr'><strong>jam</strong></span> <span class='ocrx_word' id='word_1_174' title='bbox 1834 2473 1902 2526; x_wconf 89' lang='lat' dir='ltr'><strong>sit</strong></span> <span class='ocrx_word' id='word_1_175' title='bbox 1923 2472 2071 2536; x_wconf 80' lang='lat' dir='ltr'><strong>satis;</strong></span> <span class='ocrx_word' id='word_1_176' title='bbox 2091 2486 2194 2527; x_wconf 87' lang='lat' dir='ltr'><strong>nec</strong></span> 
     </span>
    </p>
   </div>
   <div class='ocr_carea' id='block_1_25' title="bbox 596 2552 2191 2643">
    <p class='ocr_par' dir='ltr' id='par_1_25' title="bbox 596 2552 2191 2643">
     <span class='ocr_line' id='line_1_25' title="bbox 596 2552 2191 2643; baseline -0.003 -21"><span class='ocrx_word' id='word_1_177' title='bbox 596 2569 677 2623; x_wconf 86' lang='lat' dir='ltr'><strong>sic</strong></span> <span class='ocrx_word' id='word_1_178' title='bbox 693 2552 1021 2625; x_wconf 64' lang='lat' dir='ltr'><strong>contristeris</strong></span> <span class='ocrx_word' id='word_1_179' title='bbox 1041 2554 1489 2637; x_wconf 17' lang='lat' dir='ltr'><strong>qU‘e‘m‘adm‘Odum</strong></span> <span class='ocrx_word' id='word_1_180' title='bbox 1516 2554 1734 2632; x_wconf 83' lang='lat' dir='ltr'><strong>Gentes,</strong></span> <span class='ocrx_word' id='word_1_181' title='bbox 1762 2556 1881 2634; x_wconf 68' lang='lat' dir='ltr'><strong>qua:</strong></span> <span class='ocrx_word' id='word_1_182' title='bbox 1910 2554 2060 2643; x_wconf 76' lang='lat' dir='ltr'><strong>spent</strong></span> <span class='ocrx_word' id='word_1_183' title='bbox 2086 2580 2191 2619; x_wconf 91' lang='lat' dir='ltr'><strong>non</strong></span> 
     </span>
    </p>
   </div>
   <div class='ocr_carea' id='block_1_26' title="bbox 602 2646 2189 2731">
    <p class='ocr_par' dir='ltr' id='par_1_26' title="bbox 602 2646 2189 2731">
     <span class='ocr_line' id='line_1_26' title="bbox 602 2646 2189 2731; baseline -0.002 -17"><span class='ocrx_word' id='word_1_184' title='bbox 602 2660 801 2716; x_wconf 86' lang='lat' dir='ltr'><strong>habent</strong></span> <span class='ocrx_word' id='word_1_185' title='bbox 840 2662 854 2692; x_wconf 75' lang='grc' dir='ltr'>ί</span> <span class='ocrx_word' id='word_1_186' title='bbox 897 2660 953 2731; x_wconf 89' lang='grc'><strong>(1</strong></span> <span class='ocrx_word' id='word_1_187' title='bbox 1003 2660 1178 2716; x_wconf 85' lang='lat' dir='ltr'><strong>Thess.</strong></span> <span class='ocrx_word' id='word_1_188' title='bbox 1226 2676 1297 2725; x_wconf 81' lang='lat' dir='ltr'><strong>IV,</strong></span> <span class='ocrx_word' id='word_1_189' title='bbox 1347 2652 1459 2728; x_wconf 67' lang='lat'><strong>12).</strong></span> <span class='ocrx_word' id='word_1_190' title='bbox 1500 2646 1618 2713; x_wconf 77' lang='lat' dir='ltr'><strong>Non</strong></span> <span class='ocrx_word' id='word_1_191' title='bbox 1663 2650 1806 2712; x_wconf 83' lang='lat' dir='ltr'><strong>enim</strong></span> <span class='ocrx_word' id='word_1_192' title='bbox 1856 2648 2189 2711; x_wconf 85' lang='lat' dir='ltr'><strong>constristari</strong></span> 
     </span>
    </p>
   </div>
   <div class='ocr_carea' id='block_1_27' title="bbox 604 2748 2191 2837">
    <p class='ocr_par' dir='ltr' id='par_1_27' title="bbox 604 2748 2191 2837">
     <span class='ocr_line' id='line_1_27' title="bbox 604 2748 2191 2837; baseline -0.004 -29"><span class='ocrx_word' id='word_1_193' title='bbox 604 2753 874 2837; x_wconf 73' lang='lat' dir='ltr'><strong>prohibuit</strong></span> <span class='ocrx_word' id='word_1_194' title='bbox 900 2752 1101 2825; x_wconf 82' lang='lat' dir='ltr'><strong>Paulus</strong></span> <span class='ocrx_word' id='word_1_195' title='bbox 1125 2751 1422 2827; x_wconf 76' lang='lat' dir='ltr'><strong>apostolus,</strong></span> <span class='ocrx_word' id='word_1_196' title='bbox 1456 2766 1579 2827; x_wconf 88' lang='lat' dir='ltr'><strong>cum</strong></span> <span class='ocrx_word' id='word_1_197' title='bbox 1612 2749 1962 2829; x_wconf 81' lang='lat' dir='ltr'><strong>hocdiceret,</strong></span> <span class='ocrx_word' id='word_1_198' title='bbox 1994 2748 2191 2823; x_wconf 38' lang='lat' dir='ltr'><strong>sedisic</strong></span> 
     </span>
    </p>
   </div>
   <div class='ocr_carea' id='block_1_28' title="bbox 599 2826 2193 2921">
    <p class='ocr_par' dir='ltr' id='par_1_28' title="bbox 599 2826 2193 2921">
     <span class='ocr_line' id='line_1_28' title="bbox 599 2826 2193 2921; baseline -0.004 -22"><span class='ocrx_word' id='word_1_199' title='bbox 599 2826 900 2900; x_wconf 76' lang='lat' dir='ltr'><strong>contristari</strong></span> <span class='ocrx_word' id='word_1_200' title='bbox 930 2826 1374 2921; x_wconf 74' lang='lat' dir='ltr'><strong>quemadmodum</strong></span> <span class='ocrx_word' id='word_1_201' title='bbox 1402 2841 1622 2917; x_wconf 69' lang='lat' dir='ltr'><strong>Gentes,</strong></span> <span class='ocrx_word' id='word_1_202' title='bbox 1649 2826 1775 2921; x_wconf 63' lang='lat' dir='ltr'><strong>quin</strong></span> <span class='ocrx_word' id='word_1_203' title='bbox 1797 2857 1944 2911; x_wconf 91' lang='lat' dir='ltr'><strong>spem</strong></span> <span class='ocrx_word' id='word_1_204' title='bbox 1969 2856 2072 2893; x_wconf 92' lang='lat' dir='ltr'><strong>non</strong></span> <span class='ocrx_word' id='word_1_205' title='bbox 2100 2840 2193 2893; x_wconf 84' lang='lat' dir='ltr'><strong>ha-</strong></span> 
     </span>
    </p>
   </div>
   <div class='ocr_carea' id='block_1_29' title="bbox 603 2924 2187 3011">
    <p class='ocr_par' dir='ltr' id='par_1_29' title="bbox 603 2924 2187 3011">
     <span class='ocr_line' id='line_1_29' title="bbox 603 2924 2187 3011; baseline -0.006 -19"><span class='ocrx_word' id='word_1_206' title='bbox 603 2937 749 2992; x_wconf 90' lang='lat' dir='ltr'><strong>bent.</strong></span> <span class='ocrx_word' id='word_1_207' title='bbox 771 2936 899 3011; x_wconf 77' lang='lat' dir='ltr'><strong>Natn</strong></span> <span class='ocrx_word' id='word_1_208' title='bbox 927 2946 981 2989; x_wconf 88' lang='lat' dir='ltr'><strong>et</strong></span> <span class='ocrx_word' id='word_1_209' title='bbox 1011 2934 1213 2989; x_wconf 84' lang='lat' dir='ltr'><strong>Martha</strong></span> <span class='ocrx_word' id='word_1_210' title='bbox 1244 2942 1299 2989; x_wconf 90' lang='lat' dir='ltr'><strong>et</strong></span> <span class='ocrx_word' id='word_1_211' title='bbox 1318 2934 1502 2999; x_wconf 83' lang='lat' dir='ltr'><strong>Maria,</strong></span> <span class='ocrx_word' id='word_1_212' title='bbox 1529 2924 1629 3002; x_wconf 72' lang='lat' dir='ltr'><strong>pia:</strong></span> <span class='ocrx_word' id='word_1_213' title='bbox 1659 2946 1874 2986; x_wconf 89' lang='lat' dir='ltr'><strong>sorores</strong></span> <span class='ocrx_word' id='word_1_214' title='bbox 1900 2941 1952 2985; x_wconf 90' lang='lat' dir='ltr'><strong>et</strong></span> <span class='ocrx_word' id='word_1_215' title='bbox 1982 2930 2187 2998; x_wconf 85' lang='lat' dir='ltr'><strong>fideles,</strong></span> 
     </span>
    </p>
   </div>
   <div class='ocr_carea' id='block_1_30' title="bbox 603 3023 2187 3093">
    <p class='ocr_par' dir='ltr' id='par_1_30' title="bbox 603 3023 2187 3093">
     <span class='ocr_line' id='line_1_30' title="bbox 603 3023 2187 3093; baseline -0.006 -10"><span class='ocrx_word' id='word_1_216' title='bbox 603 3026 1019 3084; x_wconf 80' lang='lat' dir='ltr'><strong>resurrecturum</strong></span> <span class='ocrx_word' id='word_1_217' title='bbox 1042 3026 1195 3081; x_wconf 82' lang='lat' dir='ltr'><strong>suum</strong></span> <span class='ocrx_word' id='word_1_218' title='bbox 1224 3026 1444 3080; x_wconf 78' lang='lat' dir='ltr'><strong>fratre’m</strong></span> <span class='ocrx_word' id='word_1_219' title='bbox 1464 3024 1724 3093; x_wconf 83' lang='lat' dir='ltr'><strong>Lazarum</strong></span> <span class='ocrx_word' id='word_1_220' title='bbox 1752 3023 1971 3089; x_wconf 87' lang='lat' dir='ltr'><strong>ﬂebant,</strong></span> <span class='ocrx_word' id='word_1_221' title='bbox 1996 3036 2187 3091; x_wconf 85' lang='lat' dir='ltr'><strong>quam-</strong></span> 
     </span>
    </p>
   </div>
   <div class='ocr_carea' id='block_1_31' title="bbox 602 3115 2187 3173">
    <p class='ocr_par' dir='ltr' id='par_1_31' title="bbox 602 3115 2187 3173">
     <span class='ocr_line' id='line_1_31' title="bbox 602 3115 2187 3173; baseline -0.002 -3"><span class='ocrx_word' id='word_1_222' title='bbox 602 3120 681 3173; x_wconf 86' lang='lat' dir='ltr'><strong>vis</strong></span> <span class='ocrx_word' id='word_1_223' title='bbox 706 3134 827 3173; x_wconf 91' lang='lat' dir='ltr'><strong>eum</strong></span> <span class='ocrx_word' id='word_1_224' title='bbox 856 3120 979 3171; x_wconf 88' lang='lat' dir='ltr'><strong>tunc</strong></span> <span class='ocrx_word' id='word_1_225' title='bbox 998 3117 1065 3171; x_wconf 87' lang='lat' dir='ltr'><strong>ad</strong></span> <span class='ocrx_word' id='word_1_226' title='bbox 1086 3118 1221 3171; x_wconf 88' lang='lat' dir='ltr'><strong>hanc</strong></span> <span class='ocrx_word' id='word_1_227' title='bbox 1242 3118 1403 3170; x_wconf 83' lang='lat' dir='ltr'><strong>vitam</strong></span> <span class='ocrx_word' id='word_1_228' title='bbox 1422 3116 1716 3170; x_wconf 89' lang='lat' dir='ltr'><strong>rediturum</strong></span> <span class='ocrx_word' id='word_1_229' title='bbox 1742 3129 1860 3169; x_wconf 90' lang='lat' dir='ltr'><strong>esse</strong></span> <span class='ocrx_word' id='word_1_230' title='bbox 1888 3115 2187 3170; x_wconf 84' lang='lat' dir='ltr'><strong>nescirent:</strong></span> 
     </span>
    </p>
   </div>
   <div class='ocr_carea' id='block_1_32' title="bbox 603 3204 2186 3277">
    <p class='ocr_par' dir='ltr' id='par_1_32' title="bbox 603 3204 2186 3277">
     <span class='ocr_line' id='line_1_32' title="bbox 603 3204 2186 3277; baseline -0.003 -15"><span class='ocrx_word' id='word_1_231' title='bbox 603 3217 657 3262; x_wconf 89' lang='lat' dir='ltr'><strong>et</strong></span> <span class='ocrx_word' id='word_1_232' title='bbox 678 3209 788 3277; x_wconf 86' lang='lat' dir='ltr'><strong>ipse</strong></span> <span class='ocrx_word' id='word_1_233' title='bbox 818 3210 1071 3262; x_wconf 90' lang='lat' dir='ltr'><strong>Dominus</strong></span> <span class='ocrx_word' id='word_1_234' title='bbox 1086 3208 1357 3272; x_wconf 77' lang='lat' dir='ltr'><strong>&#39;e&#39;umde‘m,</strong></span> <span class='ocrx_word' id='word_1_235' title='bbox 1372 3222 1528 3277; x_wconf 89' lang='lat' dir='ltr'><strong>quem</strong></span> <span class='ocrx_word' id='word_1_236' title='bbox 1553 3206 1723 3261; x_wconf 81' lang='lat' dir='ltr'><strong>fuerat</strong></span> <span class='ocrx_word' id='word_1_237' title='bbox 1751 3204 2186 3269; x_wconf 91' lang='lat' dir='ltr'><strong>resuscitaturns,</strong></span> 
     </span>
    </p>
   </div>
   <div class='ocr_carea' id='block_1_33' title="bbox 603 3295 2191 3369">
    <p class='ocr_par' dir='ltr' id='par_1_33' title="bbox 603 3295 2191 3369">
     <span class='ocr_line' id='line_1_33' title="bbox 603 3295 2191 3369; baseline -0.002 -16"><span class='ocrx_word' id='word_1_238' title='bbox 603 3300 861 3353; x_wconf 84' lang='lat' dir='ltr'><strong>Lazarum</strong></span> <span class='ocrx_word' id='word_1_239' title='bbox 890 3299 1033 3353; x_wconf 83' lang='lat' dir='ltr'><strong>ﬂevit</strong></span> <span class='ocrx_word' id='word_1_240' title='bbox 1060 3299 1241 3369; x_wconf 80' lang='lat' dir='ltr'><strong>(Joan.</strong></span> <span class='ocrx_word' id='word_1_241' title='bbox 1268 3315 1344 3360; x_wconf 77' lang='lat' dir='ltr'><strong>xi,</strong></span> <span class='ocrx_word' id='word_1_242' title='bbox 1370 3299 1594 3369; x_wconf 73' lang='lat'><strong>19-35);</strong></span> <span class='ocrx_word' id='word_1_243' title='bbox 1619 3298 1870 3351; x_wconf 88' lang='lat' dir='ltr'><strong>nimirum</strong></span> <span class='ocrx_word' id='word_1_244' title='bbox 1894 3305 1951 3349; x_wconf 91' lang='lat' dir='ltr'><strong>ut</strong></span> <span class='ocrx_word' id='word_1_245' title='bbox 1970 3295 2191 3369; x_wconf 84' lang='lat' dir='ltr'><strong>fleamus</strong></span> 
     </span>
    </p>
   </div>
   <div class='ocr_carea' id='block_1_34' title="bbox 603 3388 2190 3459">
    <p class='ocr_par' dir='ltr' id='par_1_34' title="bbox 603 3388 2190 3459">
     <span class='ocr_line' id='line_1_34' title="bbox 603 3388 2190 3459; baseline -0.004 -13"><span class='ocrx_word' id='word_1_246' title='bbox 603 3391 761 3446; x_wconf 85' lang='lat' dir='ltr'><strong>etiam</strong></span> <span class='ocrx_word' id='word_1_247' title='bbox 784 3405 882 3445; x_wconf 93' lang='lat' dir='ltr'><strong>nos</strong></span> <span class='ocrx_word' id='word_1_248' title='bbox 906 3388 1000 3445; x_wconf 84' lang='lat' dir='ltr'><strong>eos</strong></span> <span class='ocrx_word' id='word_1_249' title='bbox 1030 3400 1269 3444; x_wconf 91' lang='lat' dir='ltr'><strong>mortuos</strong></span> <span class='ocrx_word' id='word_1_250' title='bbox 1293 3404 1427 3459; x_wconf 87' lang='lat' dir='ltr'><strong>quos</strong></span> <span class='ocrx_word' id='word_1_251' title='bbox 1452 3388 1518 3443; x_wconf 89' lang='lat' dir='ltr'><strong>ad</strong></span> <span class='ocrx_word' id='word_1_252' title='bbox 1544 3403 1725 3443; x_wconf 82' lang='lat' dir='ltr'><strong>veram</strong></span> <span class='ocrx_word' id='word_1_253' title='bbox 1758 3388 1917 3442; x_wconf 85' lang='lat' dir='ltr'><strong>vitam</strong></span> <span class='ocrx_word' id='word_1_254' title='bbox 1946 3400 2190 3441; x_wconf 88' lang='lat' dir='ltr'><strong>resurre-</strong></span> 
     </span>
    </p>
   </div>
   <div class='ocr_carea' id='block_1_35' title="bbox 602 3476 2193 3548">
    <p class='ocr_par' dir='ltr' id='par_1_35' title="bbox 602 3476 2193 3548">
     <span class='ocr_line' id='line_1_35' title="bbox 602 3476 2193 3548; baseline -0.004 -12"><span class='ocrx_word' id='word_1_255' title='bbox 602 3486 781 3536; x_wconf 74' lang='lat' dir='ltr'><strong>cturos</strong></span> <span class='ocrx_word' id='word_1_256' title='bbox 811 3480 1109 3547; x_wconf 84' lang='lat' dir='ltr'><strong>credimus,</strong></span> <span class='ocrx_word' id='word_1_257' title='bbox 1143 3480 1241 3535; x_wconf 84' lang='lat' dir='ltr'><strong>etsi</strong></span> <span class='ocrx_word' id='word_1_258' title='bbox 1273 3494 1377 3533; x_wconf 93' lang='lat' dir='ltr'><strong>non</strong></span> <span class='ocrx_word' id='word_1_259' title='bbox 1404 3478 1565 3548; x_wconf 88' lang='lat' dir='ltr'><strong>jussit</strong></span> <span class='ocrx_word' id='word_1_260' title='bbox 1598 3486 1883 3547; x_wconf 74' lang='lat' dir='ltr'><strong>praecepto,</strong></span> <span class='ocrx_word' id='word_1_261' title='bbox 1926 3476 2193 3535; x_wconf 86' lang='lat' dir='ltr'><strong>concessit</strong></span> 
     </span>
    </p>
   </div>
   <div class='ocr_carea' id='block_1_36' title="bbox 601 3566 2191 3644">
    <p class='ocr_par' dir='ltr' id='par_1_36' title="bbox 601 3566 2191 3644">
     <span class='ocr_line' id='line_1_36' title="bbox 601 3566 2191 3644; baseline -0.004 -15"><span class='ocrx_word' id='word_1_262' title='bbox 601 3566 867 3644; x_wconf 63' lang='lat' dir='ltr'><strong>ekempl&#39;o.</strong></span> <span class='ocrx_word' id='word_1_263' title='bbox 912 3573 1025 3627; x_wconf 80' lang='lat' dir='ltr'><strong>Nec</strong></span> <span class='ocrx_word' id='word_1_264' title='bbox 1064 3573 1259 3626; x_wconf 84' lang='lat' dir='ltr'><strong>frustra</strong></span> <span class='ocrx_word' id='word_1_265' title='bbox 1304 3571 1577 3641; x_wconf 88' lang='lat' dir='ltr'><strong>Scriptura</strong></span> <span class='ocrx_word' id='word_1_266' title='bbox 1603 3570 1731 3624; x_wconf 88' lang='lat' dir='ltr'><strong>dicit</strong></span> <span class='ocrx_word' id='word_1_267' title='bbox 1761 3570 1814 3624; x_wconf 93' lang='lat' dir='ltr'><strong>in</strong></span> <span class='ocrx_word' id='word_1_268' title='bbox 1842 3570 1977 3627; x_wconf 87' lang='lat' dir='ltr'><strong>libro</strong></span> <span class='ocrx_word' id='word_1_269' title='bbox 2005 3568 2191 3624; x_wconf 85' lang='lat' dir='ltr'><strong>Eccle-</strong></span> 
     </span>
    </p>
   </div>
   <div class='ocr_carea' id='block_1_37' title="bbox 601 3661 2188 3732">
    <p class='ocr_par' dir='ltr' id='par_1_37' title="bbox 601 3661 2188 3732">
     <span class='ocr_line' id='line_1_37' title="bbox 601 3661 2188 3732; baseline -0.004 -13"><span class='ocrx_word' id='word_1_270' title='bbox 601 3665 834 3727; x_wconf 86' lang='lat' dir='ltr'><strong>siastico,</strong></span> <span class='ocrx_word' id='word_1_271' title='bbox 863 3664 930 3718; x_wconf 82' lang='lat' dir='ltr'><strong>In</strong></span> <span class='ocrx_word' id='word_1_272' title='bbox 951 3662 1146 3717; x_wconf 78' lang='lat' dir='ltr'><strong>niortito</strong></span> <span class='ocrx_word' id='word_1_273' title='bbox 1172 3663 1364 3732; x_wconf 84' lang='lat' dir='ltr'><strong>produc</strong></span> <span class='ocrx_word' id='word_1_274' title='bbox 1391 3663 1663 3731; x_wconf 81' lang='lat' dir='ltr'><strong>lacrymas,</strong></span> <span class='ocrx_word' id='word_1_275' title='bbox 1693 3670 1738 3714; x_wconf 88' lang='lat' dir='ltr'><strong>et</strong></span> <span class='ocrx_word' id='word_1_276' title='bbox 1769 3661 1913 3730; x_wconf 71' lang='lat' dir='ltr'><strong>quasi</strong></span> <span class='ocrx_word' id='word_1_277' title='bbox 1937 3661 2048 3712; x_wconf 84' lang='lat' dir='ltr'><strong>dira</strong></span> <span class='ocrx_word' id='word_1_278' title='bbox 2072 3674 2188 3728; x_wconf 81' lang='lat' dir='ltr'><strong>per-</strong></span> 
     </span>
    </p>
   </div>
   <div class='ocr_carea' id='block_1_38' title="bbox 603 3749 2192 3824">
    <p class='ocr_par' dir='ltr' id='par_1_38' title="bbox 603 3749 2192 3824">
     <span class='ocr_line' id='line_1_38' title="bbox 603 3749 2192 3824; baseline -0.003 -16"><span class='ocrx_word' id='word_1_279' title='bbox 603 3772 775 3824; x_wconf 83' lang='lat' dir='ltr'><strong>pessas</strong></span> <span class='ocrx_word' id='word_1_280' title='bbox 798 3749 969 3823; x_wconf 69' lang='lat' dir='ltr'><strong>incipe</strong></span> <span class='ocrx_word' id='word_1_281' title='bbox 1011 3754 1418 3808; x_wconf 78' lang='lat' dir='ltr'><strong>lamentatiOnem</strong></span> <span class='ocrx_word' id='word_1_282' title='bbox 1449 3769 1467 3805; x_wconf 90' lang='lat'><strong><em>:</em></strong></span> <span class='ocrx_word' id='word_1_283' title='bbox 1494 3753 1586 3807; x_wconf 77' lang='lat' dir='ltr'><strong>sed</strong></span> <span class='ocrx_word' id='word_1_284' title='bbox 1623 3754 1781 3821; x_wconf 83' lang='lat' dir='ltr'><strong>paulo</strong></span> <span class='ocrx_word' id='word_1_285' title='bbox 1824 3759 1948 3820; x_wconf 84' lang='lat' dir='ltr'><strong>post</strong></span> <span class='ocrx_word' id='word_1_286' title='bbox 1991 3752 2097 3817; x_wconf 85' lang='lat' dir='ltr'><strong>ait,</strong></span> <span class='ocrx_word' id='word_1_287' title='bbox 2146 3760 2192 3805; x_wconf 84' lang='lat' dir='ltr'><strong>et</strong></span> 
     </span>
    </p>
   </div>
   <div class='ocr_carea' id='block_1_39' title="bbox 603 3841 2192 3917">
    <p class='ocr_par' dir='ltr' id='par_1_39' title="bbox 603 3841 2192 3917">
     <span class='ocr_line' id='line_1_39' title="bbox 603 3841 2192 3917; baseline -0.004 -15"><span class='ocrx_word' id='word_1_288' title='bbox 603 3847 863 3902; x_wconf 62' lang='lat' dir='ltr'><strong>consolare</strong></span> <span class='ocrx_word' id='word_1_289' title='bbox 902 3842 1109 3917; x_wconf 75' lang='lat' dir='ltr'><strong>propter</strong></span> <span class='ocrx_word' id='word_1_290' title='bbox 1146 3841 1436 3909; x_wconf 69' lang='lat' dir='ltr'><strong>Yrist&#39;itiam;</strong></span> <span class='ocrx_word' id='word_1_291' title='bbox 1484 3862 1517 3899; x_wconf 90' lang='lat' dir='ltr'><strong>a</strong></span> <span class='ocrx_word' id='word_1_292' title='bbox 1555 3845 1758 3899; x_wconf 78' lang='lat' dir='ltr'><strong>tristitia</strong></span> <span class='ocrx_word' id='word_1_293' title='bbox 1794 3844 1927 3897; x_wconf 82' lang='lat' dir='ltr'><strong>enim</strong></span> <span class='ocrx_word' id='word_1_294' title='bbox 1969 3843 2192 3913; x_wconf 78' lang='lat' dir='ltr'><strong>procedit</strong></span> 
     </span>
    </p>
   </div>
   <div class='ocr_carea' id='block_1_40' title="bbox 600 3931 2181 4009">
    <p class='ocr_par' dir='ltr' id='par_1_40' title="bbox 600 3931 2181 4009">
     <span class='ocr_line' id='line_1_40' title="bbox 600 3931 2181 4009; baseline -0.003 -16"><span class='ocrx_word' id='word_1_295' title='bbox 600 3938 766 4005; x_wconf 51' lang='lat' dir='ltr'><strong>‘mor‘s’,</strong></span> <span class='ocrx_word' id='word_1_296' title='bbox 822 3946 867 3994; x_wconf 68' lang='lat' dir='ltr'><strong>&#39;e&#39;t</strong></span> <span class='ocrx_word' id='word_1_297' title='bbox 908 3931 1112 3993; x_wconf 70' lang='lat' dir='ltr'><strong>tristitid</strong></span> <span class='ocrx_word' id='word_1_298' title='bbox 1156 3938 1323 3993; x_wconf 76' lang='lat' dir='ltr'><strong>cora’is</strong></span> <span class='ocrx_word' id='word_1_299' title='bbox 1376 3939 1538 4009; x_wconf 76' lang='lat' dir='ltr'><strong>ﬂectet</strong></span> <span class='ocrx_word' id='word_1_300' title='bbox 1580 3937 1930 4009; x_wconf 78' lang='lat' dir='ltr'><strong>fortitudinem</strong></span> <span class='ocrx_word' id='word_1_301' title='bbox 1979 3935 2181 4006; x_wconf 83' lang='lat' dir='ltr'><strong>(Eccli.</strong></span> 
     </span>
    </p>
   </div>
   <div class='ocr_carea' id='block_1_41' title="bbox 602 4020 2133 4102">
    <p class='ocr_par' dir='ltr' id='par_1_41' title="bbox 602 4020 2133 4102">
     <span class='ocr_line' id='line_1_41' title="bbox 602 4020 2133 4102; baseline -0.014 -12"><span class='ocrx_word' id='word_1_302' title='bbox 602 4020 822 4097; x_wconf 63' lang='lat' dir='ltr'><strong>ixivm,</strong></span> <span class='ocrx_word' id='word_1_303' title='bbox 849 4032 1061 4102; x_wconf 74' lang='lat'><strong>16-19).</strong></span> <span class='ocrx_word' id='word_1_304' title='bbox 2128 4094 2133 4099; x_wconf 91' lang='lat'><em>_</em></span> 
     </span>
    </p>
   </div>
   <div class='ocr_carea' id='block_1_42' title="bbox 676 4120 2186 4190">
    <p class='ocr_par' dir='ltr' id='par_1_42' title="bbox 676 4120 2186 4190">
     <span class='ocr_line' id='line_1_42' title="bbox 676 4120 2186 4190; baseline -0.003 -10"><span class='ocrx_word' id='word_1_305' title='bbox 676 4125 730 4180; x_wconf 61' lang='grc'><strong>1.</strong></span> <span class='ocrx_word' id='word_1_306' title='bbox 775 4122 967 4180; x_wconf 75' lang='lat' dir='ltr'><strong>Frater</strong></span> <span class='ocrx_word' id='word_1_307' title='bbox 1006 4120 1153 4190; x_wconf 49' lang='lat' dir='ltr'><strong>tu&#39;tis’,</strong></span> <span class='ocrx_word' id='word_1_308' title='bbox 1197 4124 1325 4189; x_wconf 83' lang='lat' dir='ltr'><strong>lilia,</strong></span> <span class='ocrx_word' id='word_1_309' title='bbox 1372 4120 1552 4178; x_wconf 80' lang='lat' dir='ltr'><strong>mente</strong></span> <span class='ocrx_word' id='word_1_310' title='bbox 1581 4122 1725 4187; x_wconf 84' lang='lat' dir='ltr'><strong>vivit,</strong></span> <span class='ocrx_word' id='word_1_311' title='bbox 1760 4126 1919 4176; x_wconf 88' lang='lat' dir='ltr'><strong>carne</strong></span> <span class='ocrx_word' id='word_1_312' title='bbox 1948 4120 2186 4185; x_wconf 86' lang='lat' dir='ltr'><strong>dormit;</strong></span> 
     </span>
    </p>
   </div>
   <div class='ocr_carea' id='block_1_43' title="bbox 604 4209 2186 4286">
    <p class='ocr_par' dir='ltr' id='par_1_43' title="bbox 604 4209 2186 4286">
     <span class='ocr_line' id='line_1_43' title="bbox 604 4209 2186 4286; baseline -0.004 -16"><span class='ocrx_word' id='word_1_313' title='bbox 604 4214 858 4286; x_wconf 68' lang='lat' dir='ltr'><strong>numquid</strong></span> <span class='ocrx_word' id='word_1_314' title='bbox 879 4216 973 4286; x_wconf 56' lang='lat' dir='ltr'><strong>&#39;q‘ui</strong></span> <span class='ocrx_word' id='word_1_315' title='bbox 1004 4213 1220 4280; x_wconf 78' lang='lat' dir='ltr'><strong>dormit,</strong></span> <span class='ocrx_word' id='word_1_316' title='bbox 1250 4209 1358 4268; x_wconf 83' lang='lat' dir='ltr'><strong>non</strong></span> <span class='ocrx_word' id='word_1_317' title='bbox 1384 4214 1596 4283; x_wconf 86' lang='lat' dir='ltr'><strong>adjiciet</strong></span> <span class='ocrx_word' id='word_1_318' title='bbox 1631 4210 1693 4266; x_wconf 87' lang='lat' dir='ltr'><strong>&#39;ut</strong></span> <span class='ocrx_word' id='word_1_319' title='bbox 1733 4214 1976 4282; x_wconf 82' lang='lat' dir='ltr'><strong>resurgat</strong></span> <span class='ocrx_word' id='word_1_320' title='bbox 2014 4210 2186 4285; x_wconf 80' lang='lat' dir='ltr'><strong>&#39;(Psal.</strong></span> 
     </span>
    </p>
   </div>
   <div class='ocr_carea' id='block_1_44' title="bbox 606 4299 2192 4379">
    <p class='ocr_par' dir='ltr' id='par_1_44' title="bbox 606 4299 2192 4379">
     <span class='ocr_line' id='line_1_44' title="bbox 606 4299 2192 4379; baseline -0.003 -18"><span class='ocrx_word' id='word_1_321' title='bbox 606 4300 695 4373; x_wconf 62' lang='lat' dir='ltr'><strong>in,</strong></span> <span class='ocrx_word' id='word_1_322' title='bbox 722 4302 817 4379; x_wconf 74' lang='lat'><strong>9)?</strong></span> <span class='ocrx_word' id='word_1_323' title='bbox 844 4306 985 4363; x_wconf 89' lang='lat' dir='ltr'><strong>Deus</strong></span> <span class='ocrx_word' id='word_1_324' title='bbox 1014 4307 1103 4377; x_wconf 88' lang='lat' dir='ltr'><strong>qui</strong></span> <span class='ocrx_word' id='word_1_325' title='bbox 1126 4299 1373 4375; x_wconf 76' lang='lat' dir='ltr'><strong>&#39;spi&#39;rituni</strong></span> <span class='ocrx_word' id='word_1_326' title='bbox 1401 4302 1515 4375; x_wconf 83' lang='lat' dir='ltr'><strong>ejus</strong></span> <span class='ocrx_word' id='word_1_327' title='bbox 1530 4304 1639 4374; x_wconf 84' lang='lat' dir='ltr'><strong>jam</strong></span> <span class='ocrx_word' id='word_1_328' title='bbox 1668 4305 1919 4372; x_wconf 88' lang='lat' dir='ltr'><strong>suscepit,</strong></span> <span class='ocrx_word' id='word_1_329' title='bbox 1949 4304 2192 4357; x_wconf 88' lang='lat' dir='ltr'><strong>restituet</strong></span> 
     </span>
    </p>
   </div>
   <div class='ocr_carea' id='block_1_45' title="bbox 605 4392 2190 4469">
    <p class='ocr_par' dir='ltr' id='par_1_45' title="bbox 605 4392 2190 4469">
     <span class='ocr_line' id='line_1_45' title="bbox 605 4392 2190 4469; baseline -0.001 -15"><span class='ocrx_word' id='word_1_330' title='bbox 605 4399 656 4454; x_wconf 84' lang='lat' dir='ltr'><strong>ei</strong></span> <span class='ocrx_word' id='word_1_331' title='bbox 696 4397 894 4469; x_wconf 68' lang='lat' dir='ltr'><strong>corpus</strong></span> <span class='ocrx_word' id='word_1_332' title='bbox 938 4404 1123 4463; x_wconf 73' lang='lat' dir='ltr'><strong>Suum;</strong></span> <span class='ocrx_word' id='word_1_333' title='bbox 1158 4400 1296 4469; x_wconf 70' lang='lat' dir='ltr'><strong>quod</strong></span> <span class='ocrx_word' id='word_1_334' title='bbox 1331 4404 1434 4454; x_wconf 86' lang='lat' dir='ltr'><strong>non</strong></span> <span class='ocrx_word' id='word_1_335' title='bbox 1465 4392 1794 4468; x_wconf 81' lang='lat' dir='ltr'><strong>perdendum</strong></span> <span class='ocrx_word' id='word_1_336' title='bbox 1824 4398 2063 4461; x_wconf 88' lang='lat' dir='ltr'><strong>abstulit,</strong></span> <span class='ocrx_word' id='word_1_337' title='bbox 2096 4397 2190 4452; x_wconf 89' lang='lat' dir='ltr'><strong>sed</strong></span> 
     </span>
    </p>
   </div>
   <div class='ocr_carea' id='block_1_46' title="bbox 604 4486 2191 4561">
    <p class='ocr_par' dir='ltr' id='par_1_46' title="bbox 604 4486 2191 4561">
     <span class='ocr_line' id='line_1_46' title="bbox 604 4486 2191 4561; baseline -0.002 -14"><span class='ocrx_word' id='word_1_338' title='bbox 604 4492 934 4548; x_wconf 89' lang='lat' dir='ltr'><strong>reddendum</strong></span> <span class='ocrx_word' id='word_1_339' title='bbox 979 4491 1201 4544; x_wconf 90' lang='lat' dir='ltr'><strong>distulit.</strong></span> <span class='ocrx_word' id='word_1_340' title='bbox 1244 4492 1395 4545; x_wconf 85' lang='lat' dir='ltr'><strong>Nulla</strong></span> <span class='ocrx_word' id='word_1_341' title='bbox 1444 4499 1527 4546; x_wconf 89' lang='lat' dir='ltr'><strong>est</strong></span> <span class='ocrx_word' id='word_1_342' title='bbox 1568 4486 1727 4561; x_wconf 73' lang='lat' dir='ltr'><strong>igitur</strong></span> <span class='ocrx_word' id='word_1_343' title='bbox 1768 4504 1925 4545; x_wconf 90' lang='lat' dir='ltr'><strong>causa</strong></span> <span class='ocrx_word' id='word_1_344' title='bbox 1961 4488 2191 4544; x_wconf 68' lang='lat' dir='ltr'><strong>tristitia:</strong></span> 
     </span>
    </p>
   </div>
   <div class='ocr_carea' id='block_1_47' title="bbox 602 4574 2186 4653">
    <p class='ocr_par' dir='ltr' id='par_1_47' title="bbox 602 4574 2186 4653">
     <span class='ocr_line' id='line_1_47' title="bbox 602 4574 2186 4653; baseline -0.003 -15"><span class='ocrx_word' id='word_1_345' title='bbox 602 4578 884 4647; x_wconf 60' lang='lat' dir='ltr'><strong>amnium,</strong></span> <span class='ocrx_word' id='word_1_346' title='bbox 916 4578 1042 4653; x_wconf 56' lang='lat' dir='ltr'><strong>quia</strong></span> <span class='ocrx_word' id='word_1_347' title='bbox 1073 4580 1248 4653; x_wconf 64' lang='lat' dir='ltr'><strong>potior</strong></span> <span class='ocrx_word' id='word_1_348' title='bbox 1284 4578 1372 4637; x_wconf 70' lang='lat' dir='ltr'><strong>est</strong></span> <span class='ocrx_word' id='word_1_349' title='bbox 1413 4574 1571 4635; x_wconf 84' lang='lat' dir='ltr'><strong>causa</strong></span> <span class='ocrx_word' id='word_1_350' title='bbox 1600 4580 1800 4634; x_wconf 63' lang='lat' dir='ltr'><strong>laetitiae</strong></span> <span class='ocrx_word' id='word_1_351' title='bbox 1831 4576 2186 4648; x_wconf 67' lang='lat' dir='ltr'><strong>sempiternae.</strong></span> 
     </span>
    </p>
   </div>
   <div class='ocr_carea' id='block_1_48' title="bbox 604 4670 2187 4745">
    <p class='ocr_par' dir='ltr' id='par_1_48' title="bbox 604 4670 2187 4745">
     <span class='ocr_line' id='line_1_48' title="bbox 604 4670 2187 4745; baseline -0.002 -16"><span class='ocrx_word' id='word_1_352' title='bbox 604 4672 1040 4745; x_wconf 79' lang='lat' dir='ltr'><strong>Quandoquidem</strong></span> <span class='ocrx_word' id='word_1_353' title='bbox 1070 4672 1308 4744; x_wconf 77' lang='lat' dir='ltr'><strong>‘gcrma‘ni</strong></span> <span class='ocrx_word' id='word_1_354' title='bbox 1350 4673 1421 4727; x_wconf 91' lang='lat' dir='ltr'><strong>tui</strong></span> <span class='ocrx_word' id='word_1_355' title='bbox 1465 4678 1564 4725; x_wconf 82' lang='lat' dir='ltr'><strong>nec</strong></span> <span class='ocrx_word' id='word_1_356' title='bbox 1592 4670 1718 4741; x_wconf 76' lang='lat' dir='ltr'><strong>pars</strong></span> <span class='ocrx_word' id='word_1_357' title='bbox 1754 4671 1867 4740; x_wconf 87' lang='lat' dir='ltr'><strong>ipsa</strong></span> <span class='ocrx_word' id='word_1_358' title='bbox 1896 4672 2139 4726; x_wconf 87' lang='lat' dir='ltr'><strong>mortalis</strong></span> <span class='ocrx_word' id='word_1_359' title='bbox 2171 4714 2187 4739; x_wconf 97' lang='lat'><strong>,</strong></span> 
     </span>
    </p>
   </div>
   <div class='ocr_carea' id='block_1_49' title="bbox 605 4749 2192 4837">
    <p class='ocr_par' dir='ltr' id='par_1_49' title="bbox 605 4749 2192 4837">
     <span class='ocr_line' id='line_1_49' title="bbox 605 4749 2192 4837; baseline -0.001 -18"><span class='ocrx_word' id='word_1_360' title='bbox 605 4762 724 4837; x_wconf 65' lang='lat' dir='ltr'><strong>quae</strong></span> <span class='ocrx_word' id='word_1_361' title='bbox 752 4768 802 4821; x_wconf 91' lang='lat' dir='ltr'><strong>in</strong></span> <span class='ocrx_word' id='word_1_362' title='bbox 834 4762 972 4821; x_wconf 75' lang='lat' dir='ltr'><strong>terra</strong></span> <span class='ocrx_word' id='word_1_363' title='bbox 996 4764 1210 4836; x_wconf 76' lang='lat' dir='ltr'><strong>sepulta</strong></span> <span class='ocrx_word' id='word_1_364' title='bbox 1234 4749 1339 4829; x_wconf 77' lang='lat' dir='ltr'><strong>est,</strong></span> <span class='ocrx_word' id='word_1_365' title='bbox 1366 4754 1462 4819; x_wconf 77' lang='lat' dir='ltr'><strong>tibi</strong></span> <span class='ocrx_word' id='word_1_366' title='bbox 1495 4756 1720 4833; x_wconf 85' lang='lat' dir='ltr'><strong>peribit;</strong></span> <span class='ocrx_word' id='word_1_367' title='bbox 1745 4764 1799 4817; x_wconf 91' lang='lat' dir='ltr'><strong>in</strong></span> <span class='ocrx_word' id='word_1_368' title='bbox 1822 4773 1923 4833; x_wconf 82' lang='lat' dir='ltr'><strong>’qna</strong></span> <span class='ocrx_word' id='word_1_369' title='bbox 1947 4764 2039 4816; x_wconf 88' lang='lat' dir='ltr'><strong>tibi</strong></span> <span class='ocrx_word' id='word_1_370' title='bbox 2062 4778 2192 4833; x_wconf 74' lang='lat' dir='ltr'><strong>pra:-</strong></span> 
     </span>
    </p>
   </div>
   <div class='ocr_carea' id='block_1_50' title="bbox 604 4846 2191 4930">
    <p class='ocr_par' dir='ltr' id='par_1_50' title="bbox 604 4846 2191 4930">
     <span class='ocr_line' id='line_1_50' title="bbox 604 4846 2191 4930; baseline -0.002 -16"><span class='ocrx_word' id='word_1_371' title='bbox 604 4846 932 4927; x_wconf 74' lang='lat' dir='ltr'><strong>sen&#39;tabatui&#39;,</strong></span> <span class='ocrx_word' id='word_1_372' title='bbox 963 4852 1058 4929; x_wconf 89' lang='lat' dir='ltr'><strong>per</strong></span> <span class='ocrx_word' id='word_1_373' title='bbox 1086 4858 1243 4930; x_wconf 88' lang='lat' dir='ltr'><strong>quam</strong></span> <span class='ocrx_word' id='word_1_374' title='bbox 1276 4868 1326 4913; x_wconf 90' lang='lat' dir='ltr'><strong>te</strong></span> <span class='ocrx_word' id='word_1_375' title='bbox 1353 4857 1738 4927; x_wconf 74' lang='lat' dir='ltr'><strong>altequebatur,</strong></span> <span class='ocrx_word' id='word_1_376' title='bbox 1768 4854 2049 4924; x_wconf 82' lang='lat' dir='ltr'><strong>tecumque</strong></span> <span class='ocrx_word' id='word_1_377' title='bbox 2081 4857 2191 4911; x_wconf 89' lang='lat' dir='ltr'><strong>col-</strong></span> 
     </span>
    </p>
   </div>
   <div class='ocr_carea' id='block_1_51' title="bbox 607 4944 2191 5021">
    <p class='ocr_par' dir='ltr' id='par_1_51' title="bbox 607 4944 2191 5021">
     <span class='ocr_line' id='line_1_51' title="bbox 607 4944 2191 5021; baseline -0.003 -16"><span class='ocrx_word' id='word_1_378' title='bbox 607 4944 948 5021; x_wconf 82' lang='lat' dir='ltr'><strong>loqnebatur;</strong></span> <span class='ocrx_word' id='word_1_379' title='bbox 980 4960 1041 5005; x_wconf 74' lang='lat' dir='ltr'><strong>ex</strong></span> <span class='ocrx_word' id='word_1_380' title='bbox 1070 4948 1169 5020; x_wconf 85' lang='lat' dir='ltr'><strong>qna</strong></span> <span class='ocrx_word' id='word_1_381' title='bbox 1198 4944 1479 5020; x_wconf 80' lang='lat' dir='ltr'><strong>promebat</strong></span> <span class='ocrx_word' id='word_1_382' title='bbox 1506 4962 1691 5002; x_wconf 84' lang='lat' dir='ltr'><strong>vocem</strong></span> <span class='ocrx_word' id='word_1_383' title='bbox 1722 4947 1801 5002; x_wconf 90' lang='lat' dir='ltr'><strong>sic</strong></span> <span class='ocrx_word' id='word_1_384' title='bbox 1838 4947 1939 5001; x_wconf 89' lang='lat' dir='ltr'><strong>tuis</strong></span> <span class='ocrx_word' id='word_1_385' title='bbox 1978 4947 2191 5001; x_wconf 88' lang='lat' dir='ltr'><strong>auribus</strong></span> 
     </span>
    </p>
   </div>
   <div class='ocr_carea' id='block_1_52' title="bbox 607 5034 2187 5113">
    <p class='ocr_par' dir='ltr' id='par_1_52' title="bbox 607 5034 2187 5113">
     <span class='ocr_line' id='line_1_52' title="bbox 607 5034 2187 5113; baseline -0.002 -18"><span class='ocrx_word' id='word_1_386' title='bbox 607 5051 786 5095; x_wconf 88' lang='lat' dir='ltr'><strong>notam</strong></span> <span class='ocrx_word' id='word_1_387' title='bbox 812 5084 824 5107; x_wconf 95' lang='lat'><strong>,</strong></span> <span class='ocrx_word' id='word_1_388' title='bbox 873 5034 1319 5113; x_wconf 74' lang='lat' dir='ltr'><strong>quemadmodum</strong></span> <span class='ocrx_word' id='word_1_389' title='bbox 1350 5038 1537 5095; x_wconf 79' lang='lat' dir='ltr'><strong>faeic&#39;m</strong></span> <span class='ocrx_word' id='word_1_390' title='bbox 1568 5040 1669 5093; x_wconf 82' lang='lat' dir='ltr'><strong>luis</strong></span> <span class='ocrx_word' id='word_1_391' title='bbox 1700 5039 1867 5093; x_wconf 80' lang='lat' dir='ltr'><strong>oeulis</strong></span> <span class='ocrx_word' id='word_1_392' title='bbox 1895 5038 2187 5104; x_wconf 73' lang='lat' dir='ltr'><strong>offerebat,</strong></span> 
     </span>
    </p>
   </div>
   <div class='ocr_carea' id='block_1_53' title="bbox 608 5130 2194 5203">
    <p class='ocr_par' dir='ltr' id='par_1_53' title="bbox 608 5130 2194 5203">
     <span class='ocr_line' id='line_1_53' title="bbox 608 5130 2194 5203; baseline -0.003 -15"><span class='ocrx_word' id='word_1_393' title='bbox 608 5136 676 5188; x_wconf 86' lang='lat' dir='ltr'><strong>ita</strong></span> <span class='ocrx_word' id='word_1_394' title='bbox 710 5143 766 5189; x_wconf 89' lang='lat' dir='ltr'><strong>ut</strong></span> <span class='ocrx_word' id='word_1_395' title='bbox 795 5130 1111 5203; x_wconf 84' lang='lat' dir='ltr'><strong>ubicumque</strong></span> <span class='ocrx_word' id='word_1_396' title='bbox 1154 5132 1451 5198; x_wconf 83' lang='lat' dir='ltr'><strong>so&#39;nnisset,</strong></span> <span class='ocrx_word' id='word_1_397' title='bbox 1499 5132 1656 5187; x_wconf 80' lang='lat' dir='ltr'><strong>etiam</strong></span> <span class='ocrx_word' id='word_1_398' title='bbox 1690 5139 1793 5184; x_wconf 90' lang='lat' dir='ltr'><strong>non</strong></span> <span class='ocrx_word' id='word_1_399' title='bbox 1824 5130 1967 5183; x_wconf 74' lang='lat' dir='ltr'><strong>visits</strong></span> <span class='ocrx_word' id='word_1_400' title='bbox 1997 5131 2194 5184; x_wconf 88' lang='lat' dir='ltr'><strong>soleret</strong></span> 
     </span>
    </p>
   </div>
   <div class='ocr_carea' id='block_1_54' title="bbox 605 5215 2189 5297">
    <p class='ocr_par' dir='ltr' id='par_1_54' title="bbox 605 5215 2189 5297">
     <span class='ocr_line' id='line_1_54' title="bbox 605 5215 2189 5297; baseline -0.006 -14"><span class='ocrx_word' id='word_1_401' title='bbox 605 5218 842 5297; x_wconf 82' lang='lat' dir='ltr'><strong>agnosci.</strong></span> <span class='ocrx_word' id='word_1_402' title='bbox 888 5215 1011 5279; x_wconf 74' lang='lat' dir='ltr'><strong>llaec</strong></span> <span class='ocrx_word' id='word_1_403' title='bbox 1049 5222 1188 5279; x_wconf 78' lang='lat' dir='ltr'><strong>enim</strong></span> <span class='ocrx_word' id='word_1_404' title='bbox 1232 5218 1471 5278; x_wconf 80' lang='lat' dir='ltr'><strong>vivorum</strong></span> <span class='ocrx_word' id='word_1_405' title='bbox 1502 5222 1743 5277; x_wconf 82' lang='lat' dir='ltr'><strong>sensibus</strong></span> <span class='ocrx_word' id='word_1_406' title='bbox 1772 5220 2152 5275; x_wconf 89' lang='lat' dir='ltr'><strong>subtrahuntur</strong></span> <span class='ocrx_word' id='word_1_407' title='bbox 2175 5262 2189 5285; x_wconf 92' lang='lat'><strong>,</strong></span> 
     </span>
    </p>
   </div>
   <div class='ocr_carea' id='block_1_55' title="bbox 607 5310 2194 5395">
    <p class='ocr_par' dir='ltr' id='par_1_55' title="bbox 607 5310 2194 5395">
     <span class='ocr_line' id='line_1_55' title="bbox 607 5310 2194 5395; baseline -0.005 -20"><span class='ocrx_word' id='word_1_408' title='bbox 607 5328 665 5375; x_wconf 88' lang='lat' dir='ltr'><strong>ut</strong></span> <span class='ocrx_word' id='word_1_409' title='bbox 693 5310 933 5375; x_wconf 84' lang='lat' dir='ltr'><strong>dolorem</strong></span> <span class='ocrx_word' id='word_1_410' title='bbox 966 5314 1121 5395; x_wconf 86' lang='lat' dir='ltr'><strong>faciat</strong></span> <span class='ocrx_word' id='word_1_411' title='bbox 1158 5314 1396 5371; x_wconf 80' lang='lat' dir='ltr'><strong>abSentia</strong></span> <span class='ocrx_word' id='word_1_412' title='bbox 1440 5322 1793 5369; x_wconf 86' lang='lat' dir='ltr'><strong>mortuorum.</strong></span> <span class='ocrx_word' id='word_1_413' title='bbox 1844 5312 1948 5368; x_wconf 90' lang='lat' dir='ltr'><strong>Sed</strong></span> <span class='ocrx_word' id='word_1_414' title='bbox 1981 5312 2194 5382; x_wconf 85' lang='lat' dir='ltr'><strong>quando</strong></span> 
     </span>
    </p>
   </div>
   <div class='ocr_carea' id='block_1_56' title="bbox 606 5404 2193 5483">
    <p class='ocr_par' dir='ltr' id='par_1_56' title="bbox 606 5404 2193 5483">
     <span class='ocr_line' id='line_1_56' title="bbox 606 5404 2193 5483; baseline -0.007 -13"><span class='ocrx_word' id='word_1_415' title='bbox 606 5430 709 5470; x_wconf 89' lang='lat' dir='ltr'><strong>nec</strong></span> <span class='ocrx_word' id='word_1_416' title='bbox 735 5414 844 5483; x_wconf 77' lang='lat' dir='ltr'><strong>ipsa</strong></span> <span class='ocrx_word' id='word_1_417' title='bbox 877 5413 927 5465; x_wconf 94' lang='lat' dir='ltr'><strong>in</strong></span> <span class='ocrx_word' id='word_1_418' title='bbox 962 5404 1216 5465; x_wconf 45' lang='lat' dir='ltr'><strong>aiter&#39;nuni</strong></span> <span class='ocrx_word' id='word_1_419' title='bbox 1246 5409 1468 5478; x_wconf 82' lang='lat' dir='ltr'><strong>c0rpora</strong></span> <span class='ocrx_word' id='word_1_420' title='bbox 1498 5406 1766 5479; x_wconf 84' lang='lat' dir='ltr'><strong>p‘eribnnt,</strong></span> <span class='ocrx_word' id='word_1_421' title='bbox 1800 5408 1875 5461; x_wconf 80' lang='lat' dir='ltr'><strong>‘uti</strong></span> <span class='ocrx_word' id='word_1_422' title='bbox 1901 5422 2001 5461; x_wconf 92' lang='lat' dir='ltr'><strong>nec</strong></span> <span class='ocrx_word' id='word_1_423' title='bbox 2025 5407 2193 5477; x_wconf 88' lang='lat' dir='ltr'><strong>capil-</strong></span> 
     </span>
    </p>
   </div>
   <div class='ocr_carea' id='block_1_57' title="bbox 604 5488 2190 5575">
    <p class='ocr_par' dir='ltr' id='par_1_57' title="bbox 604 5488 2190 5575">
     <span class='ocr_line' id='line_1_57' title="bbox 604 5488 2190 5575; baseline -0.007 -13"><span class='ocrx_word' id='word_1_424' title='bbox 604 5505 689 5563; x_wconf 85' lang='lat' dir='ltr'><strong>ius</strong></span> <span class='ocrx_word' id='word_1_425' title='bbox 718 5492 906 5575; x_wconf 81' lang='lat' dir='ltr'><strong>capitis</strong></span> <span class='ocrx_word' id='word_1_426' title='bbox 932 5488 1125 5573; x_wconf 81' lang='lat' dir='ltr'><strong>peribit</strong></span> <span class='ocrx_word' id='word_1_427' title='bbox 1150 5492 1305 5572; x_wconf 60' lang='grc' dir='ltr'><strong>(ωε.</strong></span> <span class='ocrx_word' id='word_1_428' title='bbox 1334 5500 1445 5567; x_wconf 63' lang='lat' dir='ltr'><strong>xxi,</strong></span> <span class='ocrx_word' id='word_1_429' title='bbox 1478 5500 1590 5571; x_wconf 76' lang='lat' dir='ltr'><strong>is),</strong></span> <span class='ocrx_word' id='word_1_430' title='bbox 1621 5504 1674 5557; x_wconf 87' lang='lat' dir='ltr'><strong>et</strong></span> <span class='ocrx_word' id='word_1_431' title='bbox 1695 5496 1765 5554; x_wconf 89' lang='lat' dir='ltr'><strong>&#39;ad</strong></span> <span class='ocrx_word' id='word_1_432' title='bbox 1792 5502 2003 5569; x_wconf 75' lang='lat' dir='ltr'><strong>tempus</strong></span> <span class='ocrx_word' id='word_1_433' title='bbox 2022 5494 2190 5568; x_wconf 65' lang='grc' dir='ltr'><strong>Ἀρβο-</strong></span> 
     </span>
    </p>
   </div>
   <div class='ocr_carea' id='block_1_58' title="bbox 670 5606 2192 5677">
    <p class='ocr_par' dir='ltr' id='par_1_58' title="bbox 670 5606 2192 5677">
     <span class='ocr_line' id='line_1_58' title="bbox 670 5606 2192 5677; baseline -0.003 -10"><span class='ocrx_word' id='word_1_434' title='bbox 670 5621 686 5651; x_wconf 88' lang='grc'>¹</span> <span class='ocrx_word' id='word_1_435' title='bbox 717 5626 764 5667; x_wconf 88' lang='grc' dir='ltr'><strong>ιιι</strong></span> <span class='ocrx_word' id='word_1_436' title='bbox 786 5626 896 5667; x_wconf 86' lang='lat' dir='ltr'><strong>I.ov.</strong></span> <span class='ocrx_word' id='word_1_437' title='bbox 924 5606 1136 5667; x_wconf 77' lang='lat' dir='ltr'><strong>edltiOne</strong></span> <span class='ocrx_word' id='word_1_438' title='bbox 1162 5615 1313 5664; x_wconf 82' lang='lat' dir='ltr'><strong>verba</strong></span> <span class='ocrx_word' id='word_1_439' title='bbox 1333 5615 1555 5677; x_wconf 69' lang='lat' dir='ltr'><strong>quaedam</strong></span> <span class='ocrx_word' id='word_1_440' title='bbox 1588 5614 1671 5663; x_wconf 89' lang='lat' dir='ltr'><strong>hic</strong></span> <span class='ocrx_word' id='word_1_441' title='bbox 1718 5613 2020 5673; x_wconf 78' lang='lat' dir='ltr'><strong>exciderant,</strong></span> <span class='ocrx_word' id='word_1_442' title='bbox 2048 5612 2192 5662; x_wconf 90' lang='lat' dir='ltr'><strong>resti-</strong></span> 
     </span>
    </p>
   </div>
   <div class='ocr_carea' id='block_1_59' title="bbox 625 5676 1667 5742">
    <p class='ocr_par' dir='ltr' id='par_1_59' title="bbox 625 5676 1667 5742">
     <span class='ocr_line' id='line_1_59' title="bbox 625 5676 1667 5742; baseline -0.006 -13"><span class='ocrx_word' id='word_1_443' title='bbox 625 5689 705 5731; x_wconf 85' lang='lat' dir='ltr'><strong>uta</strong></span> <span class='ocrx_word' id='word_1_444' title='bbox 729 5694 818 5742; x_wconf 88' lang='lat' dir='ltr'><strong>per</strong></span> <span class='ocrx_word' id='word_1_445' title='bbox 842 5683 1020 5729; x_wconf 58' lang='lat' dir='ltr'><strong>noscit</strong></span> <span class='ocrx_word' id='word_1_446' title='bbox 1044 5676 1511 5742; x_wconf 41' lang='lat' dir='ltr'><strong>Vaticaexemplari.</strong></span> <span class='ocrx_word' id='word_1_447' title='bbox 1582 5718 1585 5723; x_wconf 83' lang='lat'><strong>.</strong></span> <span class='ocrx_word' id='word_1_448' title='bbox 1660 5712 1667 5735; x_wconf 57' lang='grc' dir='ltr'>ε</span> 
     </span>
    </p>
   </div>
   <div class='ocr_carea' id='block_1_60' title="bbox 669 5701 2189 5803">
    <p class='ocr_par' dir='ltr' id='par_1_60' title="bbox 669 5701 2189 5803">
     <span class='ocr_line' id='line_1_60' title="bbox 669 5701 2009 5742; baseline -0.006 -11"><span class='ocrx_word' id='word_1_449' title='bbox 669 5701 705 5731; x_wconf 61' lang='lat' dir='ltr'><strong>ta</strong></span> <span class='ocrx_word' id='word_1_450' title='bbox 731 5701 818 5742; x_wconf 69' lang='lat' dir='ltr'><strong>per</strong></span> <span class='ocrx_word' id='word_1_451' title='bbox 845 5701 1020 5729; x_wconf 58' lang='lat' dir='ltr'><strong>tuus</strong></span> <span class='ocrx_word' id='word_1_452' title='bbox 1044 5701 1511 5738; x_wconf 50' lang='grc' dir='ltr'><strong>ιλιιιυιςξλεωνῳινι.</strong></span> <span class='ocrx_word' id='word_1_453' title='bbox 1582 5718 1585 5723; x_wconf 85' lang='grc'><strong>.</strong></span> <span class='ocrx_word' id='word_1_454' title='bbox 1660 5712 1667 5735; x_wconf 60' lang='grc' dir='ltr'>ε</span> <span class='ocrx_word' id='word_1_455' title='bbox 1710 5713 1715 5717; x_wconf 62' lang='grc' dir='ltr'><em>η</em></span> <span class='ocrx_word' id='word_1_456' title='bbox 1742 5729 1745 5734; x_wconf 74' lang='lat'><em>_</em></span> <span class='ocrx_word' id='word_1_457' title='bbox 1810 5714 1821 5723; x_wconf 42' lang='grc' dir='ltr'><strong>η.</strong></span> <span class='ocrx_word' id='word_1_458' title='bbox 1858 5714 1887 5737; x_wconf 40' lang='grc' dir='ltr'><strong>,η</strong></span> <span class='ocrx_word' id='word_1_459' title='bbox 1950 5728 1951 5731; x_wconf 28' lang='grc' dir='ltr'><strong>η</strong></span> <span class='ocrx_word' id='word_1_460' title='bbox 1998 5701 2009 5723; x_wconf 68' lang='grc' dir='ltr'><em>ί</em></span> 
     </span>
     <span class='ocr_line' id='line_1_61' title="bbox 669 5732 2189 5803; baseline -0.002 -14"><span class='ocrx_word' id='word_1_461' title='bbox 669 5742 741 5803; x_wconf 91' lang='lat' dir='ltr'><strong>(a)</strong></span> <span class='ocrx_word' id='word_1_462' title='bbox 760 5743 989 5790; x_wconf 82' lang='lat' dir='ltr'><strong>laudatur</strong></span> <span class='ocrx_word' id='word_1_463' title='bbox 1007 5740 1282 5789; x_wconf 75' lang='lat' dir='ltr'><strong>Timotheus</strong></span> <span class='ocrx_word' id='word_1_464' title='bbox 1296 5739 1525 5803; x_wconf 72' lang='lat' dir='ltr'><strong>diaconus</strong></span> <span class='ocrx_word' id='word_1_465' title='bbox 1540 5740 1685 5803; x_wconf 73' lang='lat' dir='ltr'><strong>supra</strong></span> <span class='ocrx_word' id='word_1_466' title='bbox 1708 5734 1757 5789; x_wconf 86' lang='lat' dir='ltr'><strong>in</strong></span> <span class='ocrx_word' id='word_1_467' title='bbox 1776 5734 1920 5802; x_wconf 71' lang='lat' dir='ltr'><strong>e&#39;piSt.</strong></span> <span class='ocrx_word' id='word_1_468' title='bbox 1946 5732 2050 5798; x_wconf 72' lang='lat'><strong>110&#39;,</strong></span> <span class='ocrx_word' id='word_1_469' title='bbox 2072 5749 2124 5786; x_wconf 77' lang='grc' dir='ltr'><strong>η.</strong></span> <span class='ocrx_word' id='word_1_470' title='bbox 2144 5737 2189 5799; x_wconf 80' lang='grc'><strong>1;</strong></span> 
     </span>
    </p>
   </div>
   <div class='ocr_carea' id='block_1_61' title="bbox 607 5799 1620 5865">
    <p class='ocr_par' dir='ltr' id='par_1_61' title="bbox 607 5799 1620 5865">
     <span class='ocr_line' id='line_1_62' title="bbox 607 5799 1620 5865; baseline -0.004 -14"><span class='ocrx_word' id='word_1_471' title='bbox 607 5799 800 5853; x_wconf 61' lang='grc' dir='ltr'>ίοιίιέίιιι</span> <span class='ocrx_word' id='word_1_472' title='bbox 818 5804 897 5853; x_wconf 86' lang='lat' dir='ltr'><strong>hic</strong></span> <span class='ocrx_word' id='word_1_473' title='bbox 914 5804 1021 5865; x_wconf 89' lang='lat' dir='ltr'><strong>ipse</strong></span> <span class='ocrx_word' id='word_1_474' title='bbox 1039 5803 1187 5852; x_wconf 82' lang='lat' dir='ltr'><strong>frater</strong></span> <span class='ocrx_word' id='word_1_475' title='bbox 1208 5800 1390 5863; x_wconf 72' lang='lat' dir='ltr'><strong>Sapida:</strong></span> <span class='ocrx_word' id='word_1_476' title='bbox 1406 5799 1620 5863; x_wconf 72' lang='lat' dir='ltr'><strong>virginis.</strong></span> 
     </span>
    </p>
   </div>
   <div class='ocr_carea' id='block_1_62' title="bbox 1819 330 2629 395">
    <p class='ocr_par' dir='ltr' id='par_1_62' title="bbox 1819 330 2629 395">
     <span class='ocr_line' id='line_1_63' title="bbox 1819 330 2629 395; baseline -0.01 0"><span class='ocrx_word' id='word_1_477' title='bbox 1819 338 1879 395; x_wconf 91' lang='lat' dir='ltr'><strong>S.</strong></span> <span class='ocrx_word' id='word_1_478' title='bbox 1919 330 2288 393; x_wconf 81' lang='lat' dir='ltr'><strong>AUGUSTINI</strong></span> <span class='ocrx_word' id='word_1_479' title='bbox 2326 330 2629 387; x_wconf 72' lang='lat' dir='ltr'><strong>EPISCOP!</strong></span> 
     </span>
    </p>
   </div>
   <div class='ocr_carea' id='block_1_63' title="bbox 3714 346 3836 407">
    <p class='ocr_par' dir='ltr' id='par_1_63' title="bbox 3714 346 3836 407">
     <span class='ocr_line' id='line_1_64' title="bbox 3714 346 3836 407; baseline 0.033 -4"><span class='ocrx_word' id='word_1_480' title='bbox 3714 346 3836 407; x_wconf 67' lang='grc'><strong>1081</strong></span> 
     </span>
    </p>
   </div>
   <div class='ocr_carea' id='block_1_64' title="bbox 2282 448 3834 535">
    <p class='ocr_par' dir='ltr' id='par_1_64' title="bbox 2282 448 3834 535">
     <span class='ocr_line' id='line_1_65' title="bbox 2282 448 3834 535; baseline 0.012 -30"><span class='ocrx_word' id='word_1_481' title='bbox 2282 448 2383 509; x_wconf 78' lang='lat' dir='ltr'><strong>sita</strong></span> <span class='ocrx_word' id='word_1_482' title='bbox 2407 448 2484 504; x_wconf 90' lang='lat' dir='ltr'><strong>sic</strong></span> <span class='ocrx_word' id='word_1_483' title='bbox 2505 448 2844 518; x_wconf 80' lang='lat' dir='ltr'><strong>recipientur,</strong></span> <span class='ocrx_word' id='word_1_484' title='bbox 2866 458 2925 506; x_wconf 90' lang='lat' dir='ltr'><strong>ut</strong></span> <span class='ocrx_word' id='word_1_485' title='bbox 2964 462 3233 523; x_wconf 85' lang='lat' dir='ltr'><strong>nunquam</strong></span> <span class='ocrx_word' id='word_1_486' title='bbox 3262 456 3479 515; x_wconf 85' lang='lat' dir='ltr'><strong>ulterius</strong></span> <span class='ocrx_word' id='word_1_487' title='bbox 3502 459 3834 535; x_wconf 83' lang='lat' dir='ltr'><strong>deponantur,</strong></span> 
     </span>
    </p>
   </div>
   <div class='ocr_carea' id='block_1_65' title="bbox 2281 538 3839 627">
    <p class='ocr_par' dir='ltr' id='par_1_65' title="bbox 2281 538 3839 627">
     <span class='ocr_line' id='line_1_66' title="bbox 2281 538 3839 627; baseline 0.016 -36"><span class='ocrx_word' id='word_1_488' title='bbox 2281 538 2378 596; x_wconf 85' lang='lat' dir='ltr'><strong>sed</strong></span> <span class='ocrx_word' id='word_1_489' title='bbox 2398 539 2455 597; x_wconf 89' lang='lat' dir='ltr'><strong>in</strong></span> <span class='ocrx_word' id='word_1_490' title='bbox 2478 540 2667 599; x_wconf 91' lang='lat' dir='ltr'><strong>melius</strong></span> <span class='ocrx_word' id='word_1_491' title='bbox 2687 541 2958 600; x_wconf 90' lang='lat' dir='ltr'><strong>demutata</strong></span> <span class='ocrx_word' id='word_1_492' title='bbox 2993 544 3308 614; x_wconf 82' lang='lat' dir='ltr'><strong>firmentur;</strong></span> <span class='ocrx_word' id='word_1_493' title='bbox 3332 550 3568 619; x_wconf 88' lang='lat' dir='ltr'><strong>profecto</strong></span> <span class='ocrx_word' id='word_1_494' title='bbox 3586 556 3747 627; x_wconf 85' lang='lat' dir='ltr'><strong>major</strong></span> <span class='ocrx_word' id='word_1_495' title='bbox 3770 571 3839 618; x_wconf 82' lang='lat' dir='ltr'><strong>est</strong></span> 
     </span>
    </p>
   </div>
   <div class='ocr_carea' id='block_1_66' title="bbox 2282 632 3836 722">
    <p class='ocr_par' dir='ltr' id='par_1_66' title="bbox 2282 632 3836 722">
     <span class='ocr_line' id='line_1_67' title="bbox 2282 632 3836 722; baseline 0.014 -34"><span class='ocrx_word' id='word_1_496' title='bbox 2282 646 2441 688; x_wconf 89' lang='lat' dir='ltr'><strong>causa</strong></span> <span class='ocrx_word' id='word_1_497' title='bbox 2469 634 2840 704; x_wconf 72' lang='lat' dir='ltr'><strong>gratulationis</strong></span> <span class='ocrx_word' id='word_1_498' title='bbox 2869 636 2922 691; x_wconf 94' lang='lat' dir='ltr'><strong>in</strong></span> <span class='ocrx_word' id='word_1_499' title='bbox 2958 651 3055 707; x_wconf 87' lang='lat' dir='ltr'><strong>spe</strong></span> <span class='ocrx_word' id='word_1_500' title='bbox 3094 632 3481 701; x_wconf 82' lang='lat' dir='ltr'><strong>inaestimabilis</strong></span> <span class='ocrx_word' id='word_1_501' title='bbox 3509 652 3803 710; x_wconf 65' lang='lat' dir='ltr'><strong>aeternitatis</strong></span> <span class='ocrx_word' id='word_1_502' title='bbox 3822 697 3836 722; x_wconf 94' lang='lat'><strong>,</strong></span> 
     </span>
    </p>
   </div>
   <div class='ocr_carea' id='block_1_67' title="bbox 2283 728 3840 809">
    <p class='ocr_par' dir='ltr' id='par_1_67' title="bbox 2283 728 3840 809">
     <span class='ocr_line' id='line_1_68' title="bbox 2283 728 3840 809; baseline 0.017 -32"><span class='ocrx_word' id='word_1_503' title='bbox 2283 740 2444 794; x_wconf 89' lang='lat' dir='ltr'><strong>quam</strong></span> <span class='ocrx_word' id='word_1_504' title='bbox 2470 739 2626 783; x_wconf 85' lang='lat' dir='ltr'><strong>causa</strong></span> <span class='ocrx_word' id='word_1_505' title='bbox 2654 728 2904 785; x_wconf 72' lang='lat' dir='ltr'><strong>mmroris</strong></span> <span class='ocrx_word' id='word_1_506' title='bbox 2930 729 2983 784; x_wconf 93' lang='lat' dir='ltr'><strong>in</strong></span> <span class='ocrx_word' id='word_1_507' title='bbox 3011 746 3071 786; x_wconf 88' lang='lat' dir='ltr'><strong>re</strong></span> <span class='ocrx_word' id='word_1_508' title='bbox 3095 732 3395 791; x_wconf 86' lang='lat' dir='ltr'><strong>brevissimi</strong></span> <span class='ocrx_word' id='word_1_509' title='bbox 3423 743 3694 809; x_wconf 86' lang='lat' dir='ltr'><strong>temporis.</strong></span> <span class='ocrx_word' id='word_1_510' title='bbox 3717 745 3840 805; x_wconf 83' lang='lat' dir='ltr'><strong>Hanc</strong></span> 
     </span>
    </p>
   </div>
   <div class='ocr_carea' id='block_1_68' title="bbox 2284 818 3842 907">
    <p class='ocr_par' dir='ltr' id='par_1_68' title="bbox 2284 818 3842 907">
     <span class='ocr_line' id='line_1_69' title="bbox 2284 818 3842 907; baseline 0.015 -36"><span class='ocrx_word' id='word_1_511' title='bbox 2284 830 2434 886; x_wconf 83' lang='lat' dir='ltr'><strong>spem</strong></span> <span class='ocrx_word' id='word_1_512' title='bbox 2457 832 2564 873; x_wconf 92' lang='lat' dir='ltr'><strong>non</strong></span> <span class='ocrx_word' id='word_1_513' title='bbox 2589 818 2788 892; x_wconf 76' lang='lat' dir='ltr'><strong>habent</strong></span> <span class='ocrx_word' id='word_1_514' title='bbox 2810 819 3030 890; x_wconf 87' lang='lat' dir='ltr'><strong>Gentes,</strong></span> <span class='ocrx_word' id='word_1_515' title='bbox 3054 825 3354 881; x_wconf 88' lang='lat' dir='ltr'><strong>nescientes</strong></span> <span class='ocrx_word' id='word_1_516' title='bbox 3375 826 3671 901; x_wconf 86' lang='lat' dir='ltr'><strong>Scripturas</strong></span> <span class='ocrx_word' id='word_1_517' title='bbox 3693 850 3842 907; x_wconf 86' lang='lat' dir='ltr'><strong>neque</strong></span> 
     </span>
    </p>
   </div>
   <div class='ocr_carea' id='block_1_69' title="bbox 2286 908 3843 992">
    <p class='ocr_par' dir='ltr' id='par_1_69' title="bbox 2286 908 3843 992">
     <span class='ocr_line' id='line_1_70' title="bbox 2286 908 3843 992; baseline 0.013 -30"><span class='ocrx_word' id='word_1_518' title='bbox 2286 908 2535 963; x_wconf 90' lang='lat' dir='ltr'><strong>virtutem</strong></span> <span class='ocrx_word' id='word_1_519' title='bbox 2566 909 2657 965; x_wconf 88' lang='lat' dir='ltr'><strong>Dei</strong></span> <span class='ocrx_word' id='word_1_520' title='bbox 2685 909 2909 981; x_wconf 62' lang='lat' dir='ltr'><strong>(Matth.</strong></span> <span class='ocrx_word' id='word_1_521' title='bbox 2928 929 3057 978; x_wconf 68' lang='grc' dir='ltr'>χχιι,</span> <span class='ocrx_word' id='word_1_522' title='bbox 3084 912 3208 988; x_wconf 71' lang='lat'><strong>29);</strong></span> <span class='ocrx_word' id='word_1_523' title='bbox 3234 918 3328 987; x_wconf 82' lang='lat' dir='ltr'><strong>qui</strong></span> <span class='ocrx_word' id='word_1_524' title='bbox 3354 924 3531 987; x_wconf 81' lang='lat' dir='ltr'><strong>potest</strong></span> <span class='ocrx_word' id='word_1_525' title='bbox 3553 925 3747 992; x_wconf 87' lang='lat' dir='ltr'><strong>perdita</strong></span> <span class='ocrx_word' id='word_1_526' title='bbox 3770 945 3843 984; x_wconf 83' lang='lat' dir='ltr'><strong>re-</strong></span> 
     </span>
    </p>
   </div>
   <div class='ocr_carea' id='block_1_70' title="bbox 2286 1003 3840 1089">
    <p class='ocr_par' dir='ltr' id='par_1_70' title="bbox 2286 1003 3840 1089">
     <span class='ocr_line' id='line_1_71' title="bbox 2286 1003 3840 1089; baseline 0.014 -35"><span class='ocrx_word' id='word_1_527' title='bbox 2286 1016 2495 1071; x_wconf 85' lang='lat' dir='ltr'><strong>parare,</strong></span> <span class='ocrx_word' id='word_1_528' title='bbox 2517 1010 2571 1057; x_wconf 90' lang='lat' dir='ltr'><strong>et</strong></span> <span class='ocrx_word' id='word_1_529' title='bbox 2597 1003 2869 1060; x_wconf 81' lang='lat' dir='ltr'><strong>viviﬁcare</strong></span> <span class='ocrx_word' id='word_1_530' title='bbox 2889 1015 3117 1074; x_wconf 88' lang='lat' dir='ltr'><strong>mortua,</strong></span> <span class='ocrx_word' id='word_1_531' title='bbox 3146 1017 3200 1063; x_wconf 91' lang='lat' dir='ltr'><strong>ct</strong></span> <span class='ocrx_word' id='word_1_532' title='bbox 3223 1009 3589 1083; x_wconf 76' lang='lat' dir='ltr'><strong>redintegrare</strong></span> <span class='ocrx_word' id='word_1_533' title='bbox 3606 1016 3840 1089; x_wconf 80' lang='lat' dir='ltr'><strong>corrupta,</strong></span> 
     </span>
    </p>
   </div>
   <div class='ocr_carea' id='block_1_71' title="bbox 2286 1095 3842 1178">
    <p class='ocr_par' dir='ltr' id='par_1_71' title="bbox 2286 1095 3842 1178">
     <span class='ocr_line' id='line_1_72' title="bbox 2286 1095 3842 1178; baseline 0.012 -29"><span class='ocrx_word' id='word_1_534' title='bbox 2286 1101 2341 1149; x_wconf 85' lang='lat' dir='ltr'><strong>et</strong></span> <span class='ocrx_word' id='word_1_535' title='bbox 2367 1103 2610 1163; x_wconf 89' lang='lat' dir='ltr'><strong>separata</strong></span> <span class='ocrx_word' id='word_1_536' title='bbox 2640 1095 2833 1152; x_wconf 89' lang='lat' dir='ltr'><strong>iterum</strong></span> <span class='ocrx_word' id='word_1_537' title='bbox 2870 1096 3117 1168; x_wconf 84' lang='lat' dir='ltr'><strong>jungere&#39;,</strong></span> <span class='ocrx_word' id='word_1_538' title='bbox 3159 1106 3216 1156; x_wconf 85' lang='lat' dir='ltr'><strong>et</strong></span> <span class='ocrx_word' id='word_1_539' title='bbox 3251 1114 3504 1174; x_wconf 85' lang='lat' dir='ltr'><strong>corrupta</strong></span> <span class='ocrx_word' id='word_1_540' title='bbox 3533 1116 3687 1178; x_wconf 84' lang='lat' dir='ltr'><strong>atque</strong></span> <span class='ocrx_word' id='word_1_541' title='bbox 3720 1111 3842 1168; x_wconf 85' lang='lat' dir='ltr'><strong>ﬁnita</strong></span> 
     </span>
    </p>
   </div>
   <div class='ocr_carea' id='block_1_72' title="bbox 2287 1185 3843 1260">
    <p class='ocr_par' dir='ltr' id='par_1_72' title="bbox 2287 1185 3843 1260">
     <span class='ocr_line' id='line_1_73' title="bbox 2287 1185 3843 1260; baseline 0.013 -20"><span class='ocrx_word' id='word_1_542' title='bbox 2287 1185 2539 1255; x_wconf 83' lang='lat' dir='ltr'><strong>deinceps</strong></span> <span class='ocrx_word' id='word_1_543' title='bbox 2590 1187 2707 1244; x_wconf 88' lang='lat' dir='ltr'><strong>sine</strong></span> <span class='ocrx_word' id='word_1_544' title='bbox 2752 1188 2858 1244; x_wconf 88' lang='lat' dir='ltr'><strong>ﬁne</strong></span> <span class='ocrx_word' id='word_1_545' title='bbox 2904 1205 3143 1247; x_wconf 86' lang='lat' dir='ltr'><strong>servare.</strong></span> <span class='ocrx_word' id='word_1_546' title='bbox 3189 1193 3316 1250; x_wconf 81' lang='lat' dir='ltr'><strong>Haec</strong></span> <span class='ocrx_word' id='word_1_547' title='bbox 3356 1195 3617 1253; x_wconf 84' lang='lat' dir='ltr'><strong>facturum</strong></span> <span class='ocrx_word' id='word_1_548' title='bbox 3654 1214 3710 1257; x_wconf 87' lang='lat' dir='ltr'><strong>se</strong></span> <span class='ocrx_word' id='word_1_549' title='bbox 3744 1217 3843 1260; x_wconf 85' lang='lat' dir='ltr'><strong>esse</strong></span> 
     </span>
    </p>
   </div>
   <div class='ocr_carea' id='block_1_73' title="bbox 2290 1279 3845 1361">
    <p class='ocr_par' dir='ltr' id='par_1_73' title="bbox 2290 1279 3845 1361">
     <span class='ocr_line' id='line_1_74' title="bbox 2290 1279 3845 1361; baseline 0.014 -31"><span class='ocrx_word' id='word_1_550' title='bbox 2290 1279 2672 1349; x_wconf 85' lang='lat' dir='ltr'><strong>promisit,.qui</strong></span> <span class='ocrx_word' id='word_1_551' title='bbox 2701 1296 2768 1335; x_wconf 80' lang='lat' dir='ltr'><strong>cx</strong></span> <span class='ocrx_word' id='word_1_552' title='bbox 2798 1281 2879 1336; x_wconf 89' lang='lat' dir='ltr'><strong>his</strong></span> <span class='ocrx_word' id='word_1_553' title='bbox 2923 1281 3081 1337; x_wconf 90' lang='lat' dir='ltr'><strong>ﬁdem</strong></span> <span class='ocrx_word' id='word_1_554' title='bbox 3127 1285 3270 1352; x_wconf 90' lang='lat' dir='ltr'><strong>fecit,</strong></span> <span class='ocrx_word' id='word_1_555' title='bbox 3311 1292 3430 1357; x_wconf 66' lang='lat' dir='ltr'><strong>qlia:</strong></span> <span class='ocrx_word' id='word_1_556' title='bbox 3461 1288 3576 1358; x_wconf 80' lang='lat' dir='ltr'><strong>jam</strong></span> <span class='ocrx_word' id='word_1_557' title='bbox 3618 1296 3845 1361; x_wconf 86' lang='lat' dir='ltr'><strong>promissa</strong></span> 
     </span>
    </p>
   </div>
   <div class='ocr_carea' id='block_1_74' title="bbox 2291 1369 3844 1454">
    <p class='ocr_par' dir='ltr' id='par_1_74' title="bbox 2291 1369 3844 1454">
     <span class='ocr_line' id='line_1_75' title="bbox 2291 1369 3844 1454; baseline 0.013 -31"><span class='ocrx_word' id='word_1_558' title='bbox 2291 1369 2528 1438; x_wconf 82' lang='lat' dir='ltr'><strong>perfecit.</strong></span> <span class='ocrx_word' id='word_1_559' title='bbox 2562 1371 2685 1427; x_wconf 69' lang='grc' dir='ltr'><strong>Ητηο</strong></span> <span class='ocrx_word' id='word_1_560' title='bbox 2712 1379 2888 1427; x_wconf 89' lang='lat' dir='ltr'><strong>tecum</strong></span> <span class='ocrx_word' id='word_1_561' title='bbox 2915 1376 3302 1432; x_wconf 89' lang='lat' dir='ltr'><strong>sermocinetur</strong></span> <span class='ocrx_word' id='word_1_562' title='bbox 3331 1378 3467 1435; x_wconf 89' lang='lat' dir='ltr'><strong>ﬁdes</strong></span> <span class='ocrx_word' id='word_1_563' title='bbox 3495 1391 3602 1449; x_wconf 89' lang='lat' dir='ltr'><strong>tua,</strong></span> <span class='ocrx_word' id='word_1_564' title='bbox 3629 1387 3844 1454; x_wconf 83' lang='lat' dir='ltr'><strong>quoniam</strong></span> 
     </span>
    </p>
   </div>
   <div class='ocr_carea' id='block_1_75' title="bbox 2291 1460 3845 1535">
    <p class='ocr_par' dir='ltr' id='par_1_75' title="bbox 2291 1460 3845 1535">
     <span class='ocr_line' id='line_1_76' title="bbox 2291 1460 3845 1535; baseline 0.014 -21"><span class='ocrx_word' id='word_1_565' title='bbox 2291 1475 2399 1515; x_wconf 93' lang='lat' dir='ltr'><strong>non</strong></span> <span class='ocrx_word' id='word_1_566' title='bbox 2421 1460 2751 1517; x_wconf 87' lang='lat' dir='ltr'><strong>fraudabitur</strong></span> <span class='ocrx_word' id='word_1_567' title='bbox 2778 1477 2902 1532; x_wconf 78' lang='lat' dir='ltr'><strong>spes</strong></span> <span class='ocrx_word' id='word_1_568' title='bbox 2930 1473 3039 1529; x_wconf 88' lang='lat' dir='ltr'><strong>tua,</strong></span> <span class='ocrx_word' id='word_1_569' title='bbox 3062 1467 3162 1521; x_wconf 91' lang='lat' dir='ltr'><strong>etsi</strong></span> <span class='ocrx_word' id='word_1_570' title='bbox 3193 1483 3334 1523; x_wconf 92' lang='lat' dir='ltr'><strong>nunc</strong></span> <span class='ocrx_word' id='word_1_571' title='bbox 3354 1470 3634 1528; x_wconf 76' lang='lat' dir='ltr'><strong>dilferattir</strong></span> <span class='ocrx_word' id='word_1_572' title='bbox 3650 1474 3845 1535; x_wconf 59' lang='lat' dir='ltr'><strong>chanTas</strong></span> 
     </span>
    </p>
   </div>
   <div class='ocr_carea' id='block_1_76' title="bbox 2293 1546 3844 1629">
    <p class='ocr_par' dir='ltr' id='par_1_76' title="bbox 2293 1546 3844 1629">
     <span class='ocr_line' id='line_1_77' title="bbox 2293 1546 3844 1629; baseline 0.014 -22"><span class='ocrx_word' id='word_1_573' title='bbox 2293 1563 2381 1608; x_wconf 89' lang='lat' dir='ltr'><strong>tua</strong></span> <span class='ocrx_word' id='word_1_574' title='bbox 2409 1571 2423 1608; x_wconf 90' lang='lat'><strong>:</strong></span> <span class='ocrx_word' id='word_1_575' title='bbox 2453 1546 2570 1610; x_wconf 64' lang='lat' dir='ltr'><strong>hinc</strong></span> <span class='ocrx_word' id='word_1_576' title='bbox 2596 1556 2889 1624; x_wconf 83' lang='lat' dir='ltr'><strong>meditare;</strong></span> <span class='ocrx_word' id='word_1_577' title='bbox 2921 1558 3002 1612; x_wconf 90' lang='lat' dir='ltr'><strong>bis</strong></span> <span class='ocrx_word' id='word_1_578' title='bbox 3032 1560 3245 1615; x_wconf 88' lang='lat' dir='ltr'><strong>uberius</strong></span> <span class='ocrx_word' id='word_1_579' title='bbox 3284 1572 3338 1617; x_wconf 90' lang='lat' dir='ltr'><strong>et</strong></span> <span class='ocrx_word' id='word_1_580' title='bbox 3364 1566 3549 1621; x_wconf 74' lang='lat' dir='ltr'><strong>Verius</strong></span> <span class='ocrx_word' id='word_1_581' title='bbox 3586 1566 3844 1629; x_wconf 78' lang='lat' dir='ltr'><strong>consolare.</strong></span> 
     </span>
    </p>
   </div>
   <div class='ocr_carea' id='block_1_77' title="bbox 2292 1644 3850 1731">
    <p class='ocr_par' dir='ltr' id='par_1_77' title="bbox 2292 1644 3850 1731">
     <span class='ocr_line' id='line_1_78' title="bbox 2292 1644 3850 1731; baseline 0.013 -32"><span class='ocrx_word' id='word_1_582' title='bbox 2292 1644 2348 1700; x_wconf 89' lang='lat' dir='ltr'><strong>Si</strong></span> <span class='ocrx_word' id='word_1_583' title='bbox 2375 1645 2536 1711; x_wconf 91' lang='lat' dir='ltr'><strong>enim,</strong></span> <span class='ocrx_word' id='word_1_584' title='bbox 2570 1647 2691 1716; x_wconf 89' lang='lat' dir='ltr'><strong>quia</strong></span> <span class='ocrx_word' id='word_1_585' title='bbox 2720 1647 2917 1702; x_wconf 88' lang='lat' dir='ltr'><strong>vestior</strong></span> <span class='ocrx_word' id='word_1_586' title='bbox 2950 1649 3223 1719; x_wconf 82' lang='lat' dir='ltr'><strong>(quoniam</strong></span> <span class='ocrx_word' id='word_1_587' title='bbox 3277 1654 3366 1709; x_wconf 89' lang='lat' dir='ltr'><strong>ille</strong></span> <span class='ocrx_word' id='word_1_588' title='bbox 3419 1670 3531 1711; x_wconf 93' lang='lat' dir='ltr'><strong>non</strong></span> <span class='ocrx_word' id='word_1_589' title='bbox 3585 1660 3759 1731; x_wconf 82' lang='lat' dir='ltr'><strong>potuit)</strong></span> <span class='ocrx_word' id='word_1_590' title='bbox 3797 1678 3850 1719; x_wconf 81' lang='lat' dir='ltr'><strong>ea</strong></span> 
     </span>
    </p>
   </div>
   <div class='ocr_carea' id='block_1_78' title="bbox 2292 1739 3846 1821">
    <p class='ocr_par' dir='ltr' id='par_1_78' title="bbox 2292 1739 3846 1821">
     <span class='ocr_line' id='line_1_79' title="bbox 2292 1739 3846 1821; baseline 0.013 -30"><span class='ocrx_word' id='word_1_591' title='bbox 2292 1746 2441 1793; x_wconf 88' lang='lat' dir='ltr'><strong>veste</strong></span> <span class='ocrx_word' id='word_1_592' title='bbox 2477 1753 2635 1808; x_wconf 89' lang='lat' dir='ltr'><strong>quam</strong></span> <span class='ocrx_word' id='word_1_593' title='bbox 2688 1739 2835 1793; x_wconf 82' lang='lat' dir='ltr'><strong>fratri</strong></span> <span class='ocrx_word' id='word_1_594' title='bbox 2885 1749 3168 1809; x_wconf 80' lang='lat' dir='ltr'><strong>texueras,</strong></span> <span class='ocrx_word' id='word_1_595' title='bbox 3220 1746 3273 1800; x_wconf 84' lang='lat' dir='ltr'><strong>te</strong></span> <span class='ocrx_word' id='word_1_596' title='bbox 3316 1748 3521 1817; x_wconf 89' lang='lat' dir='ltr'><strong>aliquid</strong></span> <span class='ocrx_word' id='word_1_597' title='bbox 3548 1754 3846 1821; x_wconf 78' lang='lat' dir='ltr'><strong>consolatur;</strong></span> 
     </span>
    </p>
   </div>
   <div class='ocr_carea' id='block_1_79' title="bbox 2291 1828 3850 1913">
    <p class='ocr_par' dir='ltr' id='par_1_79' title="bbox 2291 1828 3850 1913">
     <span class='ocr_line' id='line_1_80' title="bbox 2291 1828 3850 1913; baseline 0.013 -31"><span class='ocrx_word' id='word_1_598' title='bbox 2291 1839 2490 1899; x_wconf 92' lang='lat' dir='ltr'><strong>quanto</strong></span> <span class='ocrx_word' id='word_1_599' title='bbox 2526 1828 2690 1885; x_wconf 86' lang='lat' dir='ltr'><strong>debes</strong></span> <span class='ocrx_word' id='word_1_600' title='bbox 2726 1833 2952 1901; x_wconf 85' lang='lat' dir='ltr'><strong>amplius</strong></span> <span class='ocrx_word' id='word_1_601' title='bbox 2994 1844 3049 1889; x_wconf 91' lang='lat' dir='ltr'><strong>et</strong></span> <span class='ocrx_word' id='word_1_602' title='bbox 3076 1836 3273 1891; x_wconf 82' lang='lat' dir='ltr'><strong>certius</strong></span> <span class='ocrx_word' id='word_1_603' title='bbox 3299 1836 3602 1907; x_wconf 74' lang='lat' dir='ltr'><strong>censoIari,</strong></span> <span class='ocrx_word' id='word_1_604' title='bbox 3644 1836 3750 1913; x_wconf 79' lang='lat' dir='ltr'><strong>quia</strong></span> <span class='ocrx_word' id='word_1_605' title='bbox 3782 1849 3850 1903; x_wconf 82' lang='lat' dir='ltr'><strong>’cui</strong></span> 
     </span>
    </p>
   </div>
   <div class='ocr_carea' id='block_1_80' title="bbox 2292 1917 3850 1999">
    <p class='ocr_par' dir='ltr' id='par_1_80' title="bbox 2292 1917 3850 1999">
     <span class='ocr_line' id='line_1_81' title="bbox 2292 1917 3850 1999; baseline 0.013 -27"><span class='ocrx_word' id='word_1_606' title='bbox 2292 1917 2465 1975; x_wconf 81' lang='lat' dir='ltr'><strong>fuerat</strong></span> <span class='ocrx_word' id='word_1_607' title='bbox 2488 1926 2802 1991; x_wconf 69' lang='lat' dir='ltr'><strong>praeparata;</strong></span> <span class='ocrx_word' id='word_1_608' title='bbox 2831 1928 2956 1979; x_wconf 91' lang='lat' dir='ltr'><strong>tunc</strong></span> <span class='ocrx_word' id='word_1_609' title='bbox 2989 1925 3374 1999; x_wconf 86' lang='lat' dir='ltr'><strong>incorruptibili</strong></span> <span class='ocrx_word' id='word_1_610' title='bbox 3403 1926 3711 1989; x_wconf 74' lang='lat' dir='ltr'><strong>indumento</strong></span> <span class='ocrx_word' id='word_1_611' title='bbox 3734 1927 3850 1995; x_wconf 72' lang='lat' dir='ltr'><strong>nullo</strong></span> 
     </span>
    </p>
   </div>
   <div class='ocr_carea' id='block_1_81' title="bbox 2293 2012 3805 2086">
    <p class='ocr_par' dir='ltr' id='par_1_81' title="bbox 2293 2012 3805 2086">
     <span class='ocr_line' id='line_1_82' title="bbox 2293 2012 3805 2086; baseline 0.013 -23"><span class='ocrx_word' id='word_1_612' title='bbox 2293 2025 2475 2081; x_wconf 90' lang='lat' dir='ltr'><strong>egens,</strong></span> <span class='ocrx_word' id='word_1_613' title='bbox 2508 2012 2904 2085; x_wconf 87' lang='lat' dir='ltr'><strong>incorruptione</strong></span> <span class='ocrx_word' id='word_1_614' title='bbox 2930 2018 3089 2086; x_wconf 68' lang='lat' dir='ltr'><strong>at&#39;Qne</strong></span> <span class='ocrx_word' id='word_1_615' title='bbox 3115 2018 3520 2078; x_wconf 84' lang='lat' dir='ltr'><strong>immortalitate</strong></span> <span class='ocrx_word' id='word_1_616' title='bbox 3546 2021 3805 2082; x_wconf 76' lang='lat' dir='ltr'><strong>vestietur!</strong></span> 
     </span>
    </p>
   </div>
   <div class='ocr_carea' id='block_1_82' title="bbox 2716 2130 3505 2233">
    <p class='ocr_par' dir='ltr' id='par_1_82' title="bbox 2716 2130 3505 2233">
     <span class='ocr_line' id='line_1_83' title="bbox 2716 2130 3505 2233; baseline 0.01 -26"><span class='ocrx_word' id='word_1_617' title='bbox 2716 2130 3048 2210; x_wconf 70' lang='lat' dir='ltr'><strong>EPIST‘OLA</strong></span> <span class='ocrx_word' id='word_1_618' title='bbox 3089 2130 3505 2233; x_wconf 57' lang='grc' dir='ltr'><strong>εοιῒιιῦαῃι).</strong></span> 
     </span>
    </p>
   </div>
   <div class='ocr_carea' id='block_1_83' title="bbox 2293 2266 3852 2365">
    <p class='ocr_par' dir='ltr' id='par_1_83' title="bbox 2293 2266 3852 2365">
     <span class='ocr_line' id='line_1_84' title="bbox 2293 2266 3852 2365; baseline 0.01 -31"><span class='ocrx_word' id='word_1_619' title='bbox 2293 2278 2594 2336; x_wconf 76' lang='lat' dir='ltr'><strong>Consolatur</strong></span> <span class='ocrx_word' id='word_1_620' title='bbox 2639 2283 2933 2343; x_wconf 22' lang='lat' dir='ltr'><strong>Maximam,</strong></span> <span class='ocrx_word' id='word_1_621' title='bbox 2953 2289 3093 2357; x_wconf 81' lang='lat' dir='ltr'><strong>piam</strong></span> <span class='ocrx_word' id='word_1_622' title='bbox 3120 2266 3358 2361; x_wconf 74' lang='lat' dir='ltr'><strong>[carinam</strong></span> <span class='ocrx_word' id='word_1_623' title='bbox 3377 2334 3392 2359; x_wconf 90' lang='lat'><strong>,</strong></span> <span class='ocrx_word' id='word_1_624' title='bbox 3420 2310 3542 2361; x_wconf 71' lang='lat' dir='ltr'><strong>qua:</strong></span> <span class='ocrx_word' id='word_1_625' title='bbox 3565 2311 3690 2365; x_wconf 70' lang='lat' dir='ltr'><strong>agre</strong></span> <span class='ocrx_word' id='word_1_626' title='bbox 3708 2297 3852 2352; x_wconf 79' lang='lat' dir='ltr'><strong>adma.</strong></span> 
     </span>
    </p>
   </div>
   <div class='ocr_carea' id='block_1_84' title="bbox 2365 2375 3853 2453">
    <p class='ocr_par' dir='ltr' id='par_1_84' title="bbox 2365 2375 3853 2453">
     <span class='ocr_line' id='line_1_85' title="bbox 2365 2375 3853 2453; baseline 0.012 -27"><span class='ocrx_word' id='word_1_627' title='bbox 2365 2375 2486 2441; x_wconf 74' lang='lat' dir='ltr'><strong>dunt</strong></span> <span class='ocrx_word' id='word_1_628' title='bbox 2507 2384 2555 2441; x_wconf 82' lang='lat' dir='ltr'><strong>et</strong></span> <span class='ocrx_word' id='word_1_629' title='bbox 2576 2378 2863 2444; x_wconf 86' lang='lat' dir='ltr'><strong>perturbato</strong></span> <span class='ocrx_word' id='word_1_630' title='bbox 2885 2378 3201 2453; x_wconf 81' lang='lat' dir='ltr'><strong>aliquantum</strong></span> <span class='ocrx_word' id='word_1_631' title='bbox 3222 2384 3391 2437; x_wconf 79' lang='lat' dir='ltr'><strong>animo</strong></span> <span class='ocrx_word' id='word_1_632' title='bbox 3414 2387 3615 2441; x_wconf 77' lang='lat' dir='ltr'><strong>videbat</strong></span> <span class='ocrx_word' id='word_1_633' title='bbox 3634 2390 3777 2445; x_wconf 69' lang='lat' dir='ltr'><strong>noxiis</strong></span> <span class='ocrx_word' id='word_1_634' title='bbox 3792 2406 3853 2443; x_wconf 80' lang='lat' dir='ltr'><strong>er-</strong></span> 
     </span>
    </p>
   </div>
   <div class='ocr_carea' id='block_1_85' title="bbox 2368 2463 3851 2548">
    <p class='ocr_par' dir='ltr' id='par_1_85' title="bbox 2368 2463 3851 2548">
     <span class='ocr_line' id='line_1_86' title="bbox 2368 2463 3851 2548; baseline 0.011 -32"><span class='ocrx_word' id='word_1_635' title='bbox 2368 2463 2567 2517; x_wconf 85' lang='lat' dir='ltr'><strong>roribus</strong></span> <span class='ocrx_word' id='word_1_636' title='bbox 2615 2464 2890 2537; x_wconf 66' lang='lat' dir='ltr'><strong>periclitari</strong></span> <span class='ocrx_word' id='word_1_637' title='bbox 2930 2471 3238 2537; x_wconf 82' lang='lat' dir='ltr'><strong>provinciam</strong></span> <span class='ocrx_word' id='word_1_638' title='bbox 3293 2489 3437 2527; x_wconf 78' lang='lat' dir='ltr'><strong>suam</strong></span> <span class='ocrx_word' id='word_1_639' title='bbox 3508 2476 3851 2548; x_wconf 68' lang='lat' dir='ltr'><strong>(forte‘Hispa-</strong></span> 
     </span>
    </p>
   </div>
   <div class='ocr_carea' id='block_1_86' title="bbox 2366 2557 3851 2638">
    <p class='ocr_par' dir='ltr' id='par_1_86' title="bbox 2366 2557 3851 2638">
     <span class='ocr_line' id='line_1_87' title="bbox 2366 2557 3851 2638; baseline 0.011 -30"><span class='ocrx_word' id='word_1_640' title='bbox 2366 2557 2533 2618; x_wconf 84' lang='lat' dir='ltr'><strong>niam,</strong></span> <span class='ocrx_word' id='word_1_641' title='bbox 2561 2558 2646 2611; x_wconf 86' lang='lat' dir='ltr'><strong>ubi</strong></span> <span class='ocrx_word' id='word_1_642' title='bbox 2676 2576 2693 2608; x_wconf 78' lang='grc' dir='ltr'><strong>ι</strong></span> <span class='ocrx_word' id='word_1_643' title='bbox 2730 2560 3024 2627; x_wconf 67' lang='lat' dir='ltr'><strong>perniciosa:</strong></span> <span class='ocrx_word' id='word_1_644' title='bbox 3051 2562 3294 2617; x_wconf 71' lang='lat' dir='ltr'><strong>doctrina:</strong></span> <span class='ocrx_word' id='word_1_645' title='bbox 3322 2566 3530 2620; x_wconf 75' lang='lat' dir='ltr'><strong>animos</strong></span> <span class='ocrx_word' id='word_1_646' title='bbox 3549 2608 3564 2631; x_wconf 93' lang='lat'><strong>,</strong></span> <span class='ocrx_word' id='word_1_647' title='bbox 3594 2569 3851 2638; x_wconf 67' lang='lat' dir='ltr'><strong>multoinfe-</strong></span> 
     </span>
    </p>
   </div>
   <div class='ocr_carea' id='block_1_87' title="bbox 2374 2645 3848 2726">
    <p class='ocr_par' dir='ltr' id='par_1_87' title="bbox 2374 2645 3848 2726">
     <span class='ocr_line' id='line_1_88' title="bbox 2374 2645 3848 2726; baseline 0.009 -27"><span class='ocrx_word' id='word_1_648' title='bbox 2374 2665 2392 2699; x_wconf 77' lang='grc' dir='ltr'><strong>ι</strong></span> <span class='ocrx_word' id='word_1_649' title='bbox 2424 2645 2567 2702; x_wconf 80' lang='lat' dir='ltr'><strong>licius</strong></span> <span class='ocrx_word' id='word_1_650' title='bbox 2584 2664 2738 2720; x_wconf 82' lang='lat' dir='ltr'><strong>quant</strong></span> <span class='ocrx_word' id='word_1_651' title='bbox 2754 2667 2967 2720; x_wconf 85' lang='lat' dir='ltr'><strong>corpora</strong></span> <span class='ocrx_word' id='word_1_652' title='bbox 2979 2651 3267 2709; x_wconf 82' lang='lat' dir='ltr'><strong>barbaricus</strong></span> <span class='ocrx_word' id='word_1_653' title='bbox 3278 2655 3511 2724; x_wconf 76' lang='lat' dir='ltr'><strong>gladius,</strong></span> <span class='ocrx_word' id='word_1_654' title='bbox 3526 2658 3848 2726; x_wconf 48' lang='lat' dir='ltr'><strong>trucidabant:</strong></span> 
     </span>
    </p>
   </div>
   <div class='ocr_carea' id='block_1_88' title="bbox 2366 2740 3853 2815">
    <p class='ocr_par' dir='ltr' id='par_1_88' title="bbox 2366 2740 3853 2815">
     <span class='ocr_line' id='line_1_89' title="bbox 2366 2740 3853 2815; baseline 0.007 -23"><span class='ocrx_word' id='word_1_655' title='bbox 2366 2740 2569 2809; x_wconf 82' lang='lat' dir='ltr'><strong>quando</strong></span> <span class='ocrx_word' id='word_1_656' title='bbox 2594 2741 2713 2796; x_wconf 82' lang='lat' dir='ltr'><strong>inde</strong></span> <span class='ocrx_word' id='word_1_657' title='bbox 2739 2740 2951 2797; x_wconf 79' lang='lat' dir='ltr'><strong>Orosius</strong></span> <span class='ocrx_word' id='word_1_658' title='bbox 2984 2744 3035 2797; x_wconf 82' lang='lat' dir='ltr'><strong>in</strong></span> <span class='ocrx_word' id='word_1_659' title='bbox 3055 2742 3437 2815; x_wconf 70' lang='lat' dir='ltr'><strong>Africamvenit</strong></span> <span class='ocrx_word' id='word_1_660' title='bbox 3458 2750 3583 2813; x_wconf 13' lang='lat' dir='ltr'><strong>,iuti</strong></span> <span class='ocrx_word' id='word_1_661' title='bbox 3609 2752 3773 2805; x_wconf 72' lang='lat' dir='ltr'><strong>dicitur</strong></span> <span class='ocrx_word' id='word_1_662' title='bbox 3788 2752 3853 2805; x_wconf 70' lang='lat' dir='ltr'><strong>stt-</strong></span> 
     </span>
    </p>
   </div>
   <div class='ocr_carea' id='block_1_89' title="bbox 2368 2829 3848 2976">
    <p class='ocr_par' dir='ltr' id='par_1_89' title="bbox 2368 2829 3848 2976">
     <span class='ocr_line' id='line_1_90' title="bbox 2368 2829 3848 2976; baseline 0.009 -95"><span class='ocrx_word' id='word_1_663' title='bbox 2368 2846 2462 2899; x_wconf 85' lang='lat' dir='ltr'><strong>pra</strong></span> <span class='ocrx_word' id='word_1_664' title='bbox 2486 2830 2545 2976; x_wconf 55' lang='lat' dir='ltr'><strong>ir;</strong></span> <span class='ocrx_word' id='word_1_665' title='bbox 2561 2829 2730 2901; x_wconf 84' lang='lat' dir='ltr'><strong>Epist.</strong></span> <span class='ocrx_word' id='word_1_666' title='bbox 2758 2831 2861 2887; x_wconf 88' lang='grc'><strong>166</strong></span> <span class='ocrx_word' id='word_1_667' title='bbox 2881 2874 2896 2899; x_wconf 88' lang='grc'><strong><em>,</em></strong></span> <span class='ocrx_word' id='word_1_668' title='bbox 2926 2850 2980 2887; x_wconf 88' lang='lat' dir='ltr'><strong>n.</strong></span> <span class='ocrx_word' id='word_1_669' title='bbox 3012 2834 3047 2887; x_wconf 76' lang='grc'><strong>2</strong></span> <span class='ocrx_word' id='word_1_670' title='bbox 3065 2873 3079 2898; x_wconf 89' lang='grc'><strong><em>,</em></strong></span> <span class='ocrx_word' id='word_1_671' title='bbox 3112 2842 3158 2887; x_wconf 82' lang='lat' dir='ltr'><strong>et</strong></span> <span class='ocrx_word' id='word_1_672' title='bbox 3185 2837 3240 2888; x_wconf 85' lang='lat' dir='ltr'><strong>in</strong></span> <span class='ocrx_word' id='word_1_673' title='bbox 3271 2835 3447 2891; x_wconf 83' lang='lat' dir='ltr'><strong>Orosii</strong></span> <span class='ocrx_word' id='word_1_674' title='bbox 3472 2839 3848 2907; x_wconf 82' lang='lat' dir='ltr'><strong>Commonitorio,</strong></span> 
     </span>
     <span class='ocr_line' id='line_1_91' title="bbox 2368 2926 3721 2976; baseline -0.004 -2"><span class='ocrx_word' id='word_1_675' title='bbox 2368 2930 2489 2975; x_wconf 88' lang='lat' dir='ltr'><strong>tom.</strong></span> <span class='ocrx_word' id='word_1_676' title='bbox 2556 2926 2589 2976; x_wconf 82' lang='lat' dir='ltr'><strong>l.</strong></span> <span class='ocrx_word' id='word_1_677' title='bbox 3704 2946 3721 2954; x_wconf 60' lang='grc' dir='ltr'><strong>ι</strong></span> 
     </span>
    </p>
   </div>
   <div class='ocr_carea' id='block_1_90' title="bbox 2367 2926 2589 2991">
    <p class='ocr_par' dir='ltr' id='par_1_90' title="bbox 2367 2926 2589 2991">
     <span class='ocr_line' id='line_1_92' title="bbox 2367 2926 2589 2991; baseline 0 -17"><span class='ocrx_word' id='word_1_678' title='bbox 2367 2930 2489 2975; x_wconf 88' lang='lat' dir='ltr'><strong>tom.</strong></span> <span class='ocrx_word' id='word_1_679' title='bbox 2513 2926 2589 2991; x_wconf 90' lang='lat'><strong>6).</strong></span> 
     </span>
    </p>
   </div>
   <div class='ocr_carea' id='block_1_91' title="bbox 2294 3032 3852 3143">
    <p class='ocr_par' dir='ltr' id='par_1_91' title="bbox 2294 3032 3852 3143">
     <span class='ocr_line' id='line_1_93' title="bbox 2294 3032 3852 3143; baseline 0.009 -33"><span class='ocrx_word' id='word_1_680' title='bbox 2294 3032 2601 3112; x_wconf 80' lang='lat' dir='ltr'><strong>Honorabili</strong></span> <span class='ocrx_word' id='word_1_681' title='bbox 2632 3064 2687 3113; x_wconf 88' lang='lat' dir='ltr'><strong>et</strong></span> <span class='ocrx_word' id='word_1_682' title='bbox 2714 3044 2923 3143; x_wconf 50' lang='lat' dir='ltr'><strong>eximiae</strong></span> <span class='ocrx_word' id='word_1_683' title='bbox 2954 3044 3111 3131; x_wconf 81' lang='lat' dir='ltr'><strong>atque</strong></span> <span class='ocrx_word' id='word_1_684' title='bbox 3134 3044 3184 3116; x_wconf 81' lang='lat' dir='ltr'><strong>in</strong></span> <span class='ocrx_word' id='word_1_685' title='bbox 3209 3044 3471 3121; x_wconf 70' lang='lat' dir='ltr'><strong>membris</strong></span> <span class='ocrx_word' id='word_1_686' title='bbox 3496 3046 3687 3123; x_wconf 79' lang='lat' dir='ltr'><strong>Christi</strong></span> <span class='ocrx_word' id='word_1_687' title='bbox 3704 3040 3852 3123; x_wconf 62' lang='lat' dir='ltr'><strong>iaiia.</strong></span> 
     </span>
    </p>
   </div>
   <div class='ocr_carea' id='block_1_92' title="bbox 2373 3135 3853 3225">
    <p class='ocr_par' dir='ltr' id='par_1_92' title="bbox 2373 3135 3853 3225">
     <span class='ocr_line' id='line_1_94' title="bbox 2373 3135 3853 3225; baseline 0.008 -22"><span class='ocrx_word' id='word_1_688' title='bbox 2373 3148 2465 3203; x_wconf 91' lang='lat' dir='ltr'><strong>bili</strong></span> <span class='ocrx_word' id='word_1_689' title='bbox 2511 3149 2723 3204; x_wconf 74' lang='lat' dir='ltr'><strong>famula:</strong></span> <span class='ocrx_word' id='word_1_690' title='bbox 2766 3150 2859 3206; x_wconf 86' lang='lat' dir='ltr'><strong>Dei</strong></span> <span class='ocrx_word' id='word_1_691' title='bbox 2887 3135 3125 3207; x_wconf 51' lang='lat' dir='ltr'><strong>Mihine</strong></span> <span class='ocrx_word' id='word_1_692' title='bbox 3143 3193 3157 3220; x_wconf 95' lang='lat'><strong>,</strong></span> <span class='ocrx_word' id='word_1_693' title='bbox 3186 3138 3570 3225; x_wconf 57' lang='lat' dir='ltr'><strong>iic&#39;c‘us‘rtaus‘,</strong></span> <span class='ocrx_word' id='word_1_694' title='bbox 3676 3136 3853 3214; x_wconf 69' lang='lat' dir='ltr'><strong>Daiiiino</strong></span> 
     </span>
    </p>
   </div>
   <div class='ocr_carea' id='block_1_93' title="bbox 2367 3241 2612 3297">
    <p class='ocr_par' dir='ltr' id='par_1_93' title="bbox 2367 3241 2612 3297">
     <span class='ocr_line' id='line_1_95' title="bbox 2367 3241 2612 3297; baseline 0.008 -2"><span class='ocrx_word' id='word_1_695' title='bbox 2367 3241 2612 3297; x_wconf 87' lang='lat' dir='ltr'><strong>salutem.</strong></span> 
     </span>
    </p>
   </div>
   <div class='ocr_carea' id='block_1_94' title="bbox 2368 3375 3851 3446">
    <p class='ocr_par' dir='ltr' id='par_1_94' title="bbox 2368 3375 3851 3446">
     <span class='ocr_line' id='line_1_96' title="bbox 2368 3375 3851 3446; baseline 0.005 -18"><span class='ocrx_word' id='word_1_696' title='bbox 2368 3375 2420 3429; x_wconf 89' lang='grc'><strong>1.</strong></span> <span class='ocrx_word' id='word_1_697' title='bbox 2456 3375 2721 3441; x_wconf 85' lang='lat' dir='ltr'><strong>Quantum</strong></span> <span class='ocrx_word' id='word_1_698' title='bbox 2761 3390 2860 3431; x_wconf 93' lang='lat' dir='ltr'><strong>nos</strong></span> <span class='ocrx_word' id='word_1_699' title='bbox 2898 3384 3046 3431; x_wconf 91' lang='lat' dir='ltr'><strong>tuum</strong></span> <span class='ocrx_word' id='word_1_700' title='bbox 3085 3378 3321 3433; x_wconf 89' lang='lat' dir='ltr'><strong>studium</strong></span> <span class='ocrx_word' id='word_1_701' title='bbox 3351 3390 3605 3437; x_wconf 89' lang='lat' dir='ltr'><strong>sanctum</strong></span> <span class='ocrx_word' id='word_1_702' title='bbox 3632 3383 3851 3446; x_wconf 62' lang='lat' dir='ltr'><strong>lmtilicat,</strong></span> 
     </span>
    </p>
   </div>
   <div class='ocr_carea' id='block_1_95' title="bbox 2295 3454 3854 3543">
    <p class='ocr_par' dir='ltr' id='par_1_95' title="bbox 2295 3454 3854 3543">
     <span class='ocr_line' id='line_1_97' title="bbox 2295 3454 3854 3543; baseline 0.003 -19"><span class='ocrx_word' id='word_1_703' title='bbox 2295 3477 2498 3524; x_wconf 88' lang='lat' dir='ltr'><strong>tantum</strong></span> <span class='ocrx_word' id='word_1_704' title='bbox 2538 3483 2721 3524; x_wconf 89' lang='lat' dir='ltr'><strong>rursus</strong></span> <span class='ocrx_word' id='word_1_705' title='bbox 2758 3470 3040 3527; x_wconf 82' lang='lat' dir='ltr'><strong>contristat</strong></span> <span class='ocrx_word' id='word_1_706' title='bbox 3079 3471 3219 3540; x_wconf 90' lang='lat' dir='ltr'><strong>quod</strong></span> <span class='ocrx_word' id='word_1_707' title='bbox 3254 3486 3352 3543; x_wconf 90' lang='lat' dir='ltr'><strong>per</strong></span> <span class='ocrx_word' id='word_1_708' title='bbox 3377 3489 3599 3531; x_wconf 83' lang='lat' dir='ltr'><strong>errores</strong></span> <span class='ocrx_word' id='word_1_709' title='bbox 3627 3454 3792 3530; x_wconf 79' lang='lat' dir='ltr'><strong>noxios</strong></span> <span class='ocrx_word' id='word_1_710' title='bbox 3814 3485 3854 3529; x_wconf 86' lang='lat' dir='ltr'><strong>et</strong></span> 
     </span>
    </p>
   </div>
   <div class='ocr_carea' id='block_1_96' title="bbox 2296 3561 3852 3636">
    <p class='ocr_par' dir='ltr' id='par_1_96' title="bbox 2296 3561 3852 3636">
     <span class='ocr_line' id='line_1_98' title="bbox 2296 3561 3852 3636; baseline 0.002 -21"><span class='ocrx_word' id='word_1_711' title='bbox 2296 3561 2772 3629; x_wconf 79' lang='lat' dir='ltr'><strong>perniciosissimos</strong></span> <span class='ocrx_word' id='word_1_712' title='bbox 2790 3563 3126 3631; x_wconf 88' lang='lat' dir='ltr'><strong>provinciam</strong></span> <span class='ocrx_word' id='word_1_713' title='bbox 3152 3573 3389 3620; x_wconf 85' lang='lat' dir='ltr'><strong>vestram</strong></span> <span class='ocrx_word' id='word_1_714' title='bbox 3421 3567 3645 3624; x_wconf 89' lang='lat' dir='ltr'><strong>nimium</strong></span> <span class='ocrx_word' id='word_1_715' title='bbox 3666 3566 3852 3636; x_wconf 81' lang='lat' dir='ltr'><strong>pericli-</strong></span> 
     </span>
    </p>
   </div>
   <div class='ocr_carea' id='block_1_97' title="bbox 2296 3653 3852 3733">
    <p class='ocr_par' dir='ltr' id='par_1_97' title="bbox 2296 3653 3852 3733">
     <span class='ocr_line' id='line_1_99' title="bbox 2296 3653 3852 3733; baseline 0.001 -25"><span class='ocrx_word' id='word_1_716' title='bbox 2296 3655 2396 3709; x_wconf 87' lang='lat' dir='ltr'><strong>tari</strong></span> <span class='ocrx_word' id='word_1_717' title='bbox 2442 3654 2732 3725; x_wconf 89' lang='lat' dir='ltr'><strong>signiﬁcas.</strong></span> <span class='ocrx_word' id='word_1_718' title='bbox 2778 3653 2883 3710; x_wconf 87' lang='lat' dir='ltr'><strong>Sed</strong></span> <span class='ocrx_word' id='word_1_719' title='bbox 2927 3656 3050 3724; x_wconf 85' lang='lat' dir='ltr'><strong>quia</strong></span> <span class='ocrx_word' id='word_1_720' title='bbox 3090 3656 3187 3729; x_wconf 88' lang='lat' dir='ltr'><strong>ista</strong></span> <span class='ocrx_word' id='word_1_721' title='bbox 3229 3656 3404 3711; x_wconf 80' lang='lat' dir='ltr'><strong>futura</strong></span> <span class='ocrx_word' id='word_1_722' title='bbox 3442 3659 3688 3733; x_wconf 68' lang='lat' dir='ltr'><strong>prmdicta</strong></span> <span class='ocrx_word' id='word_1_723' title='bbox 3722 3667 3852 3721; x_wconf 87' lang='lat' dir='ltr'><strong>sunt,</strong></span> 
     </span>
    </p>
   </div>
   <div class='ocr_carea' id='block_1_98' title="bbox 2295 3748 3853 3821">
    <p class='ocr_par' dir='ltr' id='par_1_98' title="bbox 2295 3748 3853 3821">
     <span class='ocr_line' id='line_1_100' title="bbox 2295 3748 3853 3821; baseline -0.001 -20"><span class='ocrx_word' id='word_1_724' title='bbox 2295 3749 2592 3802; x_wconf 90' lang='lat' dir='ltr'><strong>mirandum</strong></span> <span class='ocrx_word' id='word_1_725' title='bbox 2641 3762 2747 3802; x_wconf 92' lang='lat' dir='ltr'><strong>non</strong></span> <span class='ocrx_word' id='word_1_726' title='bbox 2790 3754 2874 3802; x_wconf 91' lang='lat' dir='ltr'><strong>est</strong></span> <span class='ocrx_word' id='word_1_727' title='bbox 2914 3748 3058 3818; x_wconf 88' lang='lat' dir='ltr'><strong>quod</strong></span> <span class='ocrx_word' id='word_1_728' title='bbox 3098 3758 3424 3819; x_wconf 81' lang='lat' dir='ltr'><strong>exsurgant,</strong></span> <span class='ocrx_word' id='word_1_729' title='bbox 3453 3752 3557 3806; x_wconf 89' lang='lat' dir='ltr'><strong>sed</strong></span> <span class='ocrx_word' id='word_1_730' title='bbox 3580 3748 3853 3821; x_wconf 82' lang='lat' dir='ltr'><strong>vigilandum</strong></span> 
     </span>
    </p>
   </div>
   <div class='ocr_carea' id='block_1_99' title="bbox 2295 3838 3852 3897">
    <p class='ocr_par' dir='ltr' id='par_1_99' title="bbox 2295 3838 3852 3897">
     <span class='ocr_line' id='line_1_101' title="bbox 2295 3838 3852 3897; baseline 0.001 -5"><span class='ocrx_word' id='word_1_731' title='bbox 2295 3854 2363 3893; x_wconf 92' lang='lat' dir='ltr'><strong>ne</strong></span> <span class='ocrx_word' id='word_1_732' title='bbox 2401 3846 2645 3893; x_wconf 88' lang='lat' dir='ltr'><strong>noceant.</strong></span> <span class='ocrx_word' id='word_1_733' title='bbox 2677 3838 2805 3895; x_wconf 68' lang='lat' dir='ltr'><strong>Haec</strong></span> <span class='ocrx_word' id='word_1_734' title='bbox 2832 3846 3009 3893; x_wconf 87' lang='lat' dir='ltr'><strong>autem</strong></span> <span class='ocrx_word' id='word_1_735' title='bbox 3043 3840 3180 3893; x_wconf 90' lang='lat' dir='ltr'><strong>Deus</strong></span> <span class='ocrx_word' id='word_1_736' title='bbox 3210 3841 3469 3896; x_wconf 88' lang='lat' dir='ltr'><strong>liberator</strong></span> <span class='ocrx_word' id='word_1_737' title='bbox 3501 3850 3679 3897; x_wconf 85' lang='lat' dir='ltr'><strong>noster</strong></span> <span class='ocrx_word' id='word_1_738' title='bbox 3697 3850 3852 3896; x_wconf 71' lang='lat' dir='ltr'><strong>extur-</strong></span> 
     </span>
    </p>
   </div>
   <div class='ocr_carea' id='block_1_100' title="bbox 2294 3930 3851 4001">
    <p class='ocr_par' dir='ltr' id='par_1_100' title="bbox 2294 3930 3851 4001">
     <span class='ocr_line' id='line_1_102' title="bbox 2294 3930 3851 4001; baseline -0.002 -17"><span class='ocrx_word' id='word_1_739' title='bbox 2294 3944 2420 4000; x_wconf 88' lang='lat' dir='ltr'><strong>gere</strong></span> <span class='ocrx_word' id='word_1_740' title='bbox 2446 3945 2551 3984; x_wconf 91' lang='lat' dir='ltr'><strong>non</strong></span> <span class='ocrx_word' id='word_1_741' title='bbox 2579 3930 2943 3999; x_wconf 88' lang='lat' dir='ltr'><strong>permitteret,</strong></span> <span class='ocrx_word' id='word_1_742' title='bbox 2975 3930 3078 3984; x_wconf 91' lang='lat' dir='ltr'><strong>nisi</strong></span> <span class='ocrx_word' id='word_1_743' title='bbox 3106 3930 3305 3985; x_wconf 89' lang='lat' dir='ltr'><strong>sanctis</strong></span> <span class='ocrx_word' id='word_1_744' title='bbox 3339 3930 3458 4001; x_wconf 88' lang='lat' dir='ltr'><strong>ejus</strong></span> <span class='ocrx_word' id='word_1_745' title='bbox 3488 3933 3648 3987; x_wconf 87' lang='lat' dir='ltr'><strong>etiam</strong></span> <span class='ocrx_word' id='word_1_746' title='bbox 3670 3947 3753 4001; x_wconf 86' lang='lat' dir='ltr'><strong>per</strong></span> <span class='ocrx_word' id='word_1_747' title='bbox 3775 3930 3851 3982; x_wconf 82' lang='lat' dir='ltr'><strong>lni-</strong></span> 
     </span>
    </p>
   </div>
   <div class='ocr_carea' id='block_1_101' title="bbox 2289 4019 3853 4095">
    <p class='ocr_par' dir='ltr' id='par_1_101' title="bbox 2289 4019 3853 4095">
     <span class='ocr_line' id='line_1_103' title="bbox 2289 4019 3853 4095; baseline -0.001 -19"><span class='ocrx_word' id='word_1_748' title='bbox 2289 4022 2525 4093; x_wconf 85' lang='lat' dir='ltr'><strong>jusmodi</strong></span> <span class='ocrx_word' id='word_1_749' title='bbox 2554 4024 2873 4078; x_wconf 90' lang='lat' dir='ltr'><strong>tentationes</strong></span> <span class='ocrx_word' id='word_1_750' title='bbox 2896 4022 3094 4078; x_wconf 90' lang='lat' dir='ltr'><strong>erudiri</strong></span> <span class='ocrx_word' id='word_1_751' title='bbox 3120 4023 3425 4093; x_wconf 81' lang='lat' dir='ltr'><strong>expediret.</strong></span> <span class='ocrx_word' id='word_1_752' title='bbox 3449 4019 3853 4095; x_wconf 82' lang='lat' dir='ltr'><strong>Comparantsibi</strong></span> 
     </span>
    </p>
   </div>
   <div class='ocr_carea' id='block_1_102' title="bbox 2294 4113 3846 4187">
    <p class='ocr_par' dir='ltr' id='par_1_102' title="bbox 2294 4113 3846 4187">
     <span class='ocr_line' id='line_1_104' title="bbox 2294 4113 3846 4187; baseline 0.001 -20"><span class='ocrx_word' id='word_1_753' title='bbox 2294 4114 2509 4184; x_wconf 88' lang='lat' dir='ltr'><strong>quidem</strong></span> <span class='ocrx_word' id='word_1_754' title='bbox 2540 4113 2613 4169; x_wconf 89' lang='lat' dir='ltr'><strong>illi</strong></span> <span class='ocrx_word' id='word_1_755' title='bbox 2644 4128 2739 4169; x_wconf 88' lang='lat' dir='ltr'><strong>sua</strong></span> <span class='ocrx_word' id='word_1_756' title='bbox 2765 4115 3035 4170; x_wconf 87' lang='lat' dir='ltr'><strong>voluntate</strong></span> <span class='ocrx_word' id='word_1_757' title='bbox 3062 4126 3356 4185; x_wconf 83' lang='lat' dir='ltr'><strong>perversa,</strong></span> <span class='ocrx_word' id='word_1_758' title='bbox 3383 4123 3437 4171; x_wconf 92' lang='lat' dir='ltr'><strong>et</strong></span> <span class='ocrx_word' id='word_1_759' title='bbox 3468 4119 3732 4187; x_wconf 61' lang='lat' dir='ltr'><strong>praesentis</strong></span> <span class='ocrx_word' id='word_1_760' title='bbox 3755 4128 3846 4169; x_wconf 88' lang='lat' dir='ltr'><strong>me-</strong></span> 
     </span>
    </p>
   </div>
   <div class='ocr_carea' id='block_1_103' title="bbox 2294 4203 3851 4280">
    <p class='ocr_par' dir='ltr' id='par_1_103' title="bbox 2294 4203 3851 4280">
     <span class='ocr_line' id='line_1_105' title="bbox 2294 4203 3851 4280; baseline 0.001 -22"><span class='ocrx_word' id='word_1_761' title='bbox 2294 4206 2454 4258; x_wconf 90' lang='lat' dir='ltr'><strong>ritum</strong></span> <span class='ocrx_word' id='word_1_762' title='bbox 2492 4204 2745 4260; x_wconf 62' lang='lat' dir='ltr'><strong>caicitatis</strong></span> <span class='ocrx_word' id='word_1_763' title='bbox 2776 4214 2828 4259; x_wconf 91' lang='lat' dir='ltr'><strong>et</strong></span> <span class='ocrx_word' id='word_1_764' title='bbox 2854 4203 3013 4259; x_wconf 89' lang='lat' dir='ltr'><strong>futuri</strong></span> <span class='ocrx_word' id='word_1_765' title='bbox 3039 4205 3229 4261; x_wconf 83' lang='lat' dir='ltr'><strong>aeterni</strong></span> <span class='ocrx_word' id='word_1_766' title='bbox 3256 4207 3547 4278; x_wconf 90' lang='lat' dir='ltr'><strong>supplicii,</strong></span> <span class='ocrx_word' id='word_1_767' title='bbox 3577 4210 3620 4264; x_wconf 85' lang='lat' dir='ltr'><strong>si</strong></span> <span class='ocrx_word' id='word_1_768' title='bbox 3642 4224 3728 4280; x_wconf 87' lang='lat' dir='ltr'><strong>per</strong></span> <span class='ocrx_word' id='word_1_769' title='bbox 3746 4222 3851 4261; x_wconf 86' lang='lat' dir='ltr'><strong>con-</strong></span> 
     </span>
    </p>
   </div>
   <div class='ocr_carea' id='block_1_104' title="bbox 2297 4294 3852 4371">
    <p class='ocr_par' dir='ltr' id='par_1_104' title="bbox 2297 4294 3852 4371">
     <span class='ocr_line' id='line_1_106' title="bbox 2297 4294 3852 4371; baseline 0.001 -20"><span class='ocrx_word' id='word_1_770' title='bbox 2297 4297 2581 4352; x_wconf 84' lang='lat' dir='ltr'><strong>tumaciam</strong></span> <span class='ocrx_word' id='word_1_771' title='bbox 2627 4295 2879 4351; x_wconf 90' lang='lat' dir='ltr'><strong>indociles</strong></span> <span class='ocrx_word' id='word_1_772' title='bbox 2916 4294 3144 4369; x_wconf 83' lang='lat' dir='ltr'><strong>fuerint,</strong></span> <span class='ocrx_word' id='word_1_773' title='bbox 3186 4312 3349 4371; x_wconf 83' lang='lat' dir='ltr'><strong>seque</strong></span> <span class='ocrx_word' id='word_1_774' title='bbox 3370 4340 3385 4365; x_wconf 93' lang='lat'><strong>,</strong></span> <span class='ocrx_word' id='word_1_775' title='bbox 3428 4315 3557 4356; x_wconf 89' lang='lat' dir='ltr'><strong>cum</strong></span> <span class='ocrx_word' id='word_1_776' title='bbox 3587 4302 3637 4355; x_wconf 89' lang='lat' dir='ltr'><strong>in</strong></span> <span class='ocrx_word' id='word_1_777' title='bbox 3662 4301 3747 4357; x_wconf 84' lang='lat' dir='ltr'><strong>hac</strong></span> <span class='ocrx_word' id='word_1_778' title='bbox 3769 4298 3852 4350; x_wconf 76' lang='lat' dir='ltr'><strong>vita</strong></span> 
     </span>
    </p>
   </div>
   <div class='ocr_carea' id='block_1_105' title="bbox 2295 4390 3850 4461">
    <p class='ocr_par' dir='ltr' id='par_1_105' title="bbox 2295 4390 3850 4461">
     <span class='ocr_line' id='line_1_107' title="bbox 2295 4390 3850 4461; baseline -0.001 -16"><span class='ocrx_word' id='word_1_779' title='bbox 2295 4399 2453 4457; x_wconf 88' lang='lat' dir='ltr'><strong>sunt,</strong></span> <span class='ocrx_word' id='word_1_780' title='bbox 2484 4390 2751 4459; x_wconf 85' lang='lat' dir='ltr'><strong>corrigere</strong></span> <span class='ocrx_word' id='word_1_781' title='bbox 2784 4397 2943 4458; x_wconf 86' lang='lat' dir='ltr'><strong>atque</strong></span> <span class='ocrx_word' id='word_1_782' title='bbox 2969 4390 3255 4445; x_wconf 89' lang='lat' dir='ltr'><strong>emendare</strong></span> <span class='ocrx_word' id='word_1_783' title='bbox 3286 4392 3639 4461; x_wconf 79' lang='lat' dir='ltr'><strong>neglexerint.</strong></span> <span class='ocrx_word' id='word_1_784' title='bbox 3662 4391 3850 4448; x_wconf 83' lang='lat' dir='ltr'><strong>Verum-</strong></span> 
     </span>
    </p>
   </div>
   <div class='ocr_carea' id='block_1_106' title="bbox 2295 4482 3851 4556">
    <p class='ocr_par' dir='ltr' id='par_1_106' title="bbox 2295 4482 3851 4556">
     <span class='ocr_line' id='line_1_108' title="bbox 2295 4482 3851 4556; baseline -0.003 -17"><span class='ocrx_word' id='word_1_785' title='bbox 2295 4494 2507 4550; x_wconf 91' lang='lat' dir='ltr'><strong>tamen,</strong></span> <span class='ocrx_word' id='word_1_786' title='bbox 2553 4484 2691 4537; x_wconf 90' lang='lat' dir='ltr'><strong>sicut</strong></span> <span class='ocrx_word' id='word_1_787' title='bbox 2728 4482 2833 4552; x_wconf 88' lang='lat' dir='ltr'><strong>ipsi</strong></span> <span class='ocrx_word' id='word_1_788' title='bbox 2874 4482 3015 4537; x_wconf 89' lang='lat' dir='ltr'><strong>male</strong></span> <span class='ocrx_word' id='word_1_789' title='bbox 3051 4492 3271 4538; x_wconf 89' lang='lat' dir='ltr'><strong>utuntttr</strong></span> <span class='ocrx_word' id='word_1_790' title='bbox 3305 4484 3461 4541; x_wconf 87' lang='lat' dir='ltr'><strong>bonis</strong></span> <span class='ocrx_word' id='word_1_791' title='bbox 3490 4487 3620 4552; x_wconf 86' lang='lat' dir='ltr'><strong>Dei,</strong></span> <span class='ocrx_word' id='word_1_792' title='bbox 3646 4485 3728 4556; x_wconf 79' lang='lat' dir='ltr'><strong>qui</strong></span> <span class='ocrx_word' id='word_1_793' title='bbox 3752 4483 3851 4537; x_wconf 80' lang='lat' dir='ltr'><strong>facit</strong></span> 
     </span>
    </p>
   </div>
   <div class='ocr_carea' id='block_1_107' title="bbox 2294 4574 3852 4647">
    <p class='ocr_par' dir='ltr' id='par_1_107' title="bbox 2294 4574 3852 4647">
     <span class='ocr_line' id='line_1_109' title="bbox 2294 4574 3852 4647; baseline -0.002 -16"><span class='ocrx_word' id='word_1_794' title='bbox 2294 4577 2459 4631; x_wconf 86' lang='lat' dir='ltr'><strong>solem</strong></span> <span class='ocrx_word' id='word_1_795' title='bbox 2483 4582 2636 4629; x_wconf 88' lang='lat' dir='ltr'><strong>suum</strong></span> <span class='ocrx_word' id='word_1_796' title='bbox 2666 4574 2794 4629; x_wconf 82' lang='lat' dir='ltr'><strong>oriri</strong></span> <span class='ocrx_word' id='word_1_797' title='bbox 2823 4580 2984 4644; x_wconf 82' lang='lat' dir='ltr'><strong>super</strong></span> <span class='ocrx_word' id='word_1_798' title='bbox 3008 4574 3180 4629; x_wconf 89' lang='lat' dir='ltr'><strong>bonos</strong></span> <span class='ocrx_word' id='word_1_799' title='bbox 3206 4584 3260 4629; x_wconf 92' lang='lat' dir='ltr'><strong>et</strong></span> <span class='ocrx_word' id='word_1_800' title='bbox 3282 4576 3454 4632; x_wconf 89' lang='lat' dir='ltr'><strong>malos</strong></span> <span class='ocrx_word' id='word_1_801' title='bbox 3471 4619 3487 4644; x_wconf 92' lang='lat'><strong>,</strong></span> <span class='ocrx_word' id='word_1_802' title='bbox 3509 4587 3565 4633; x_wconf 89' lang='lat' dir='ltr'><strong>et</strong></span> <span class='ocrx_word' id='word_1_803' title='bbox 3585 4576 3707 4647; x_wconf 89' lang='lat' dir='ltr'><strong>pluit</strong></span> <span class='ocrx_word' id='word_1_804' title='bbox 3723 4585 3852 4642; x_wconf 80' lang='lat' dir='ltr'><strong>super</strong></span> 
     </span>
    </p>
   </div>
   <div class='ocr_carea' id='block_1_108' title="bbox 2290 4663 3848 4737">
    <p class='ocr_par' dir='ltr' id='par_1_108' title="bbox 2290 4663 3848 4737">
     <span class='ocr_line' id='line_1_110' title="bbox 2290 4663 3848 4737; baseline -0.003 -17"><span class='ocrx_word' id='word_1_805' title='bbox 2290 4667 2463 4736; x_wconf 87' lang='lat' dir='ltr'><strong>justos</strong></span> <span class='ocrx_word' id='word_1_806' title='bbox 2499 4674 2554 4721; x_wconf 90' lang='lat' dir='ltr'><strong>et</strong></span> <span class='ocrx_word' id='word_1_807' title='bbox 2576 4665 2800 4734; x_wconf 83' lang='lat' dir='ltr'><strong>injtistos</strong></span> <span class='ocrx_word' id='word_1_808' title='bbox 2819 4663 3033 4737; x_wconf 79' lang='lat' dir='ltr'><strong>(Matth.</strong></span> <span class='ocrx_word' id='word_1_809' title='bbox 3063 4681 3125 4732; x_wconf 89' lang='lat' dir='ltr'><strong>v,</strong></span> <span class='ocrx_word' id='word_1_810' title='bbox 3158 4666 3252 4736; x_wconf 75' lang='grc'><strong>45)</strong></span> <span class='ocrx_word' id='word_1_811' title='bbox 3275 4684 3291 4732; x_wconf 87' lang='lat'><strong>;</strong></span> <span class='ocrx_word' id='word_1_812' title='bbox 3318 4667 3409 4736; x_wconf 85' lang='lat' dir='ltr'><strong>qui</strong></span> <span class='ocrx_word' id='word_1_813' title='bbox 3438 4683 3535 4724; x_wconf 82' lang='lat' dir='ltr'><strong>eos</strong></span> <span class='ocrx_word' id='word_1_814' title='bbox 3558 4678 3650 4737; x_wconf 82' lang='lat' dir='ltr'><strong>per</strong></span> <span class='ocrx_word' id='word_1_815' title='bbox 3674 4666 3848 4737; x_wconf 85' lang='lat' dir='ltr'><strong>patien-</strong></span> 
     </span>
    </p>
   </div>
   <div class='ocr_carea' id='block_1_109' title="bbox 2297 4757 3853 4829">
    <p class='ocr_par' dir='ltr' id='par_1_109' title="bbox 2297 4757 3853 4829">
     <span class='ocr_line' id='line_1_111' title="bbox 2297 4757 3853 4829; baseline -0.003 -16"><span class='ocrx_word' id='word_1_816' title='bbox 2297 4761 2424 4814; x_wconf 89' lang='lat' dir='ltr'><strong>tiam</strong></span> <span class='ocrx_word' id='word_1_817' title='bbox 2467 4774 2615 4812; x_wconf 88' lang='lat' dir='ltr'><strong>suam</strong></span> <span class='ocrx_word' id='word_1_818' title='bbox 2656 4757 2728 4812; x_wconf 75' lang='lat' dir='ltr'><strong>‘a‘d</strong></span> <span class='ocrx_word' id='word_1_819' title='bbox 2767 4758 3138 4829; x_wconf 75' lang='lat' dir='ltr'><strong>paenitentiam</strong></span> <span class='ocrx_word' id='word_1_820' title='bbox 3173 4763 3356 4824; x_wconf 82' lang='lat' dir='ltr'><strong>v‘ocat,</strong></span> <span class='ocrx_word' id='word_1_821' title='bbox 3388 4776 3509 4815; x_wconf 89' lang='lat' dir='ltr'><strong>cum</strong></span> <span class='ocrx_word' id='word_1_822' title='bbox 3534 4757 3853 4816; x_wconf 76' lang='lat' dir='ltr'><strong>thesaurinnt</strong></span> 
     </span>
    </p>
   </div>
   <div class='ocr_carea' id='block_1_110' title="bbox 2296 4846 3851 4921">
    <p class='ocr_par' dir='ltr' id='par_1_110' title="bbox 2296 4846 3851 4921">
     <span class='ocr_line' id='line_1_112' title="bbox 2296 4846 3851 4921; baseline -0.005 -14"><span class='ocrx_word' id='word_1_823' title='bbox 2296 4853 2395 4907; x_wconf 92' lang='lat' dir='ltr'><strong>sibi</strong></span> <span class='ocrx_word' id='word_1_824' title='bbox 2439 4854 2568 4906; x_wconf 89' lang='lat' dir='ltr'><strong>iram</strong></span> <span class='ocrx_word' id='word_1_825' title='bbox 2613 4851 2667 4906; x_wconf 93' lang='lat' dir='ltr'><strong>in</strong></span> <span class='ocrx_word' id='word_1_826' title='bbox 2710 4850 2797 4904; x_wconf 90' lang='lat' dir='ltr'><strong>die</strong></span> <span class='ocrx_word' id='word_1_827' title='bbox 2825 4851 2917 4905; x_wconf 74' lang='lat' dir='ltr'><strong>ira:</strong></span> <span class='ocrx_word' id='word_1_828' title='bbox 2938 4892 2952 4915; x_wconf 92' lang='lat'><strong>,</strong></span> <span class='ocrx_word' id='word_1_829' title='bbox 2983 4858 3038 4906; x_wconf 92' lang='lat' dir='ltr'><strong>et</strong></span> <span class='ocrx_word' id='word_1_830' title='bbox 3062 4850 3403 4906; x_wconf 83' lang='lat' dir='ltr'><strong>revelationis</strong></span> <span class='ocrx_word' id='word_1_831' title='bbox 3427 4852 3554 4921; x_wconf 89' lang='lat' dir='ltr'><strong>justi</strong></span> <span class='ocrx_word' id='word_1_832' title='bbox 3578 4848 3749 4921; x_wconf 90' lang='lat' dir='ltr'><strong>judicii</strong></span> <span class='ocrx_word' id='word_1_833' title='bbox 3776 4846 3851 4900; x_wconf 83' lang='lat' dir='ltr'><strong>Dei</strong></span> 
     </span>
    </p>
   </div>
   <div class='ocr_carea' id='block_1_111' title="bbox 2297 4942 3851 5016">
    <p class='ocr_par' dir='ltr' id='par_1_111' title="bbox 2297 4942 3851 5016">
     <span class='ocr_line' id='line_1_113' title="bbox 2297 4942 3851 5016; baseline -0.004 -17"><span class='ocrx_word' id='word_1_834' title='bbox 2297 4942 2471 5016; x_wconf 84' lang='lat' dir='ltr'><strong>(Rom.</strong></span> <span class='ocrx_word' id='word_1_835' title='bbox 2519 4961 2588 5009; x_wconf 89' lang='grc' dir='ltr'>ιι,</span> <span class='ocrx_word' id='word_1_836' title='bbox 2634 4943 2700 5007; x_wconf 70' lang='grc'><strong>4,</strong></span> <span class='ocrx_word' id='word_1_837' title='bbox 2742 4944 2798 5013; x_wconf 85' lang='grc'><strong>5)</strong></span> <span class='ocrx_word' id='word_1_838' title='bbox 2839 4960 2853 4997; x_wconf 91' lang='lat'><strong>:</strong></span> <span class='ocrx_word' id='word_1_839' title='bbox 2896 4942 3034 4998; x_wconf 88' lang='lat' dir='ltr'><strong>sicut</strong></span> <span class='ocrx_word' id='word_1_840' title='bbox 3070 4958 3196 5014; x_wconf 85' lang='lat' dir='ltr'><strong>ergo</strong></span> <span class='ocrx_word' id='word_1_841' title='bbox 3239 4943 3340 5012; x_wconf 89' lang='lat' dir='ltr'><strong>ipsi</strong></span> <span class='ocrx_word' id='word_1_842' title='bbox 3370 4944 3683 5014; x_wconf 82' lang='lat' dir='ltr'><strong>benignitate</strong></span> <span class='ocrx_word' id='word_1_843' title='bbox 3703 4948 3752 4994; x_wconf 88' lang='lat' dir='ltr'><strong>et</strong></span> <span class='ocrx_word' id='word_1_844' title='bbox 3774 4952 3851 5007; x_wconf 82' lang='lat' dir='ltr'><strong>pa-</strong></span> 
     </span>
    </p>
   </div>
   <div class='ocr_carea' id='block_1_112' title="bbox 2298 5035 3853 5104">
    <p class='ocr_par' dir='ltr' id='par_1_112' title="bbox 2298 5035 3853 5104">
     <span class='ocr_line' id='line_1_114' title="bbox 2298 5035 3853 5104; baseline -0.005 -14"><span class='ocrx_word' id='word_1_845' title='bbox 2298 5038 2477 5091; x_wconf 90' lang='lat' dir='ltr'><strong>tientia</strong></span> <span class='ocrx_word' id='word_1_846' title='bbox 2496 5076 2512 5102; x_wconf 96' lang='lat'><strong>,</strong></span> <span class='ocrx_word' id='word_1_847' title='bbox 2541 5036 2595 5090; x_wconf 90' lang='lat' dir='ltr'><strong>id</strong></span> <span class='ocrx_word' id='word_1_848' title='bbox 2625 5044 2705 5090; x_wconf 89' lang='lat' dir='ltr'><strong>est</strong></span> <span class='ocrx_word' id='word_1_849' title='bbox 2732 5035 2889 5091; x_wconf 90' lang='lat' dir='ltr'><strong>bonis</strong></span> <span class='ocrx_word' id='word_1_850' title='bbox 2914 5036 3008 5091; x_wconf 88' lang='lat' dir='ltr'><strong>Dei</strong></span> <span class='ocrx_word' id='word_1_851' title='bbox 3039 5037 3176 5091; x_wconf 82' lang='lat' dir='ltr'><strong>male</strong></span> <span class='ocrx_word' id='word_1_852' title='bbox 3203 5044 3422 5091; x_wconf 88' lang='lat' dir='ltr'><strong>utuntur</strong></span> <span class='ocrx_word' id='word_1_853' title='bbox 3439 5078 3456 5104; x_wconf 96' lang='lat'><strong>,</strong></span> <span class='ocrx_word' id='word_1_854' title='bbox 3486 5037 3609 5091; x_wconf 88' lang='lat' dir='ltr'><strong>dttm</strong></span> <span class='ocrx_word' id='word_1_855' title='bbox 3632 5050 3730 5089; x_wconf 91' lang='lat' dir='ltr'><strong>non</strong></span> <span class='ocrx_word' id='word_1_856' title='bbox 3752 5045 3853 5085; x_wconf 48' lang='lat' dir='ltr'><strong>cor.</strong></span> 
     </span>
    </p>
   </div>
   <div class='ocr_carea' id='block_1_113' title="bbox 2297 5123 3852 5198">
    <p class='ocr_par' dir='ltr' id='par_1_113' title="bbox 2297 5123 3852 5198">
     <span class='ocr_line' id='line_1_115' title="bbox 2297 5123 3852 5198; baseline -0.006 -16"><span class='ocrx_word' id='word_1_857' title='bbox 2297 5128 2577 5198; x_wconf 77' lang='lat' dir='ltr'><strong>riguntur;</strong></span> <span class='ocrx_word' id='word_1_858' title='bbox 2623 5128 2700 5181; x_wconf 93' lang='lat' dir='ltr'><strong>sic</strong></span> <span class='ocrx_word' id='word_1_859' title='bbox 2742 5136 2925 5181; x_wconf 91' lang='lat' dir='ltr'><strong>contra</strong></span> <span class='ocrx_word' id='word_1_860' title='bbox 2947 5168 2960 5192; x_wconf 93' lang='lat'><strong>,</strong></span> <span class='ocrx_word' id='word_1_861' title='bbox 3006 5127 3144 5182; x_wconf 89' lang='lat' dir='ltr'><strong>Deus</strong></span> <span class='ocrx_word' id='word_1_862' title='bbox 3174 5128 3332 5181; x_wconf 82' lang='lat' dir='ltr'><strong>etiam</strong></span> <span class='ocrx_word' id='word_1_863' title='bbox 3362 5128 3516 5182; x_wconf 87' lang='lat' dir='ltr'><strong>malis</strong></span> <span class='ocrx_word' id='word_1_864' title='bbox 3538 5140 3715 5182; x_wconf 78' lang='lat' dir='ltr'><strong>eorum</strong></span> <span class='ocrx_word' id='word_1_865' title='bbox 3740 5123 3852 5177; x_wconf 86' lang='lat' dir='ltr'><strong>bene</strong></span> 
     </span>
    </p>
   </div>
   <div class='ocr_carea' id='block_1_114' title="bbox 2299 5213 3854 5288">
    <p class='ocr_par' dir='ltr' id='par_1_114' title="bbox 2299 5213 3854 5288">
     <span class='ocr_line' id='line_1_116' title="bbox 2299 5213 3854 5288; baseline -0.004 -14"><span class='ocrx_word' id='word_1_866' title='bbox 2299 5222 2493 5285; x_wconf 89' lang='lat' dir='ltr'><strong>utitur,</strong></span> <span class='ocrx_word' id='word_1_867' title='bbox 2536 5234 2643 5274; x_wconf 92' lang='lat' dir='ltr'><strong>non</strong></span> <span class='ocrx_word' id='word_1_868' title='bbox 2682 5220 2857 5274; x_wconf 89' lang='lat' dir='ltr'><strong>solum</strong></span> <span class='ocrx_word' id='word_1_869' title='bbox 2897 5218 2963 5273; x_wconf 88' lang='lat' dir='ltr'><strong>ad</strong></span> <span class='ocrx_word' id='word_1_870' title='bbox 2987 5218 3245 5287; x_wconf 90' lang='lat' dir='ltr'><strong>justitiam</strong></span> <span class='ocrx_word' id='word_1_871' title='bbox 3275 5234 3425 5273; x_wconf 88' lang='lat' dir='ltr'><strong>suam</strong></span> <span class='ocrx_word' id='word_1_872' title='bbox 3446 5258 3463 5284; x_wconf 93' lang='lat'><strong>,</strong></span> <span class='ocrx_word' id='word_1_873' title='bbox 3492 5233 3591 5288; x_wconf 86' lang='lat' dir='ltr'><strong>qua</strong></span> <span class='ocrx_word' id='word_1_874' title='bbox 3619 5217 3695 5271; x_wconf 87' lang='lat' dir='ltr'><strong>eis</strong></span> <span class='ocrx_word' id='word_1_875' title='bbox 3718 5213 3854 5283; x_wconf 78' lang='lat' dir='ltr'><strong>digna</strong></span> 
     </span>
    </p>
   </div>
   <div class='ocr_carea' id='block_1_115' title="bbox 2300 5304 3897 5375">
    <p class='ocr_par' dir='ltr' id='par_1_115' title="bbox 2300 5304 3897 5375">
     <span class='ocr_line' id='line_1_117' title="bbox 2300 5304 3897 5375; baseline -0.002 -11"><span class='ocrx_word' id='word_1_876' title='bbox 2300 5312 2350 5365; x_wconf 92' lang='lat' dir='ltr'><strong>in</strong></span> <span class='ocrx_word' id='word_1_877' title='bbox 2379 5312 2483 5366; x_wconf 87' lang='lat' dir='ltr'><strong>ﬁne</strong></span> <span class='ocrx_word' id='word_1_878' title='bbox 2511 5311 2799 5374; x_wconf 87' lang='lat' dir='ltr'><strong>retribuet,</strong></span> <span class='ocrx_word' id='word_1_879' title='bbox 2830 5309 2923 5364; x_wconf 90' lang='lat' dir='ltr'><strong>sed</strong></span> <span class='ocrx_word' id='word_1_880' title='bbox 2948 5310 3109 5364; x_wconf 89' lang='lat' dir='ltr'><strong>etiam</strong></span> <span class='ocrx_word' id='word_1_881' title='bbox 3136 5309 3202 5364; x_wconf 90' lang='lat' dir='ltr'><strong>ad</strong></span> <span class='ocrx_word' id='word_1_882' title='bbox 3231 5310 3654 5365; x_wconf 81' lang='lat' dir='ltr'><strong>exercitationem</strong></span> <span class='ocrx_word' id='word_1_883' title='bbox 3679 5315 3730 5361; x_wconf 89' lang='lat' dir='ltr'><strong>et</strong></span> <span class='ocrx_word' id='word_1_884' title='bbox 3750 5318 3857 5375; x_wconf 82' lang='lat' dir='ltr'><strong>pro-</strong></span> <span class='ocrx_word' id='word_1_885' title='bbox 3877 5304 3897 5375; x_wconf 18' lang='lat' dir='ltr'><strong>it</strong></span> 
     </span>
    </p>
   </div>
   <div class='ocr_carea' id='block_1_116' title="bbox 2300 5384 3855 5481">
    <p class='ocr_par' dir='ltr' id='par_1_116' title="bbox 2300 5384 3855 5481">
     <span class='ocr_line' id='line_1_118' title="bbox 2300 5384 3855 5481; baseline -0.002 -26"><span class='ocrx_word' id='word_1_886' title='bbox 2300 5392 2509 5477; x_wconf 77' lang='lat' dir='ltr'><strong>vectam</strong></span> <span class='ocrx_word' id='word_1_887' title='bbox 2540 5386 2840 5481; x_wconf 71' lang='lat' dir='ltr'><strong>sanctorum</strong></span> <span class='ocrx_word' id='word_1_888' title='bbox 2864 5388 3120 5481; x_wconf 73' lang='lat' dir='ltr'><strong>suorum,</strong></span> <span class='ocrx_word' id='word_1_889' title='bbox 3146 5384 3289 5481; x_wconf 57' lang='lat' dir='ltr'><strong>nisi</strong></span> <span class='ocrx_word' id='word_1_890' title='bbox 3310 5390 3423 5471; x_wconf 66' lang='lat' dir='ltr'><strong>ipsa</strong></span> <span class='ocrx_word' id='word_1_891' title='bbox 3444 5388 3597 5481; x_wconf 67' lang='lat' dir='ltr'><strong>etiaiii</strong></span> <span class='ocrx_word' id='word_1_892' title='bbox 3620 5386 3855 5481; x_wconf 64' lang='lat' dir='ltr'><strong>iii&#39;alorum</strong></span> 
     </span>
    </p>
   </div>
   <div class='ocr_carea' id='block_1_117' title="bbox 2299 5474 3852 5566">
    <p class='ocr_par' dir='ltr' id='par_1_117' title="bbox 2299 5474 3852 5566">
     <span class='ocr_line' id='line_1_119' title="bbox 2299 5474 3852 5566; baseline -0.007 -14"><span class='ocrx_word' id='word_1_893' title='bbox 2299 5474 2647 5566; x_wconf 83' lang='lat' dir='ltr'><strong>perversitate</strong></span> <span class='ocrx_word' id='word_1_894' title='bbox 2690 5474 2813 5549; x_wconf 85' lang='lat' dir='ltr'><strong>boni</strong></span> <span class='ocrx_word' id='word_1_895' title='bbox 2852 5478 3168 5565; x_wconf 70' lang='lat' dir='ltr'><strong>proﬁciant,</strong></span> <span class='ocrx_word' id='word_1_896' title='bbox 3199 5476 3256 5549; x_wconf 86' lang='lat' dir='ltr'><strong>et</strong></span> <span class='ocrx_word' id='word_1_897' title='bbox 3275 5474 3596 5564; x_wconf 74' lang='lat' dir='ltr'><strong>probentur,</strong></span> <span class='ocrx_word' id='word_1_898' title='bbox 3624 5474 3678 5546; x_wconf 77' lang='lat' dir='ltr'><strong>et</strong></span> <span class='ocrx_word' id='word_1_899' title='bbox 3700 5478 3852 5543; x_wconf 79' lang='lat' dir='ltr'><strong>niani-</strong></span> 
     </span>
    </p>
   </div>
   <div class='ocr_carea' id='block_1_118' title="bbox 2378 5632 3856 5763">
    <p class='ocr_par' dir='ltr' id='par_1_118' title="bbox 2378 5632 3856 5763">
     <span class='ocr_line' id='line_1_120' title="bbox 2378 5632 3856 5763; baseline -0.008 -61"><span class='ocrx_word' id='word_1_900' title='bbox 2378 5636 2728 5763; x_wconf 47' lang='grc' dir='ltr'><strong>’403ῗέπῖοὲ</strong></span> <span class='ocrx_word' id='word_1_901' title='bbox 2750 5662 2798 5701; x_wconf 89' lang='lat' dir='ltr'><strong>a.</strong></span> <span class='ocrx_word' id='word_1_902' title='bbox 2822 5648 2906 5716; x_wconf 83' lang='lat' dir='ltr'><strong>bg.</strong></span> <span class='ocrx_word' id='word_1_903' title='bbox 2924 5634 2994 5700; x_wconf 76' lang='lat' dir='ltr'><strong>bl.</strong></span> <span class='ocrx_word' id='word_1_904' title='bbox 3014 5658 3058 5700; x_wconf 73' lang='grc' dir='ltr'><strong>(ι.</strong></span> <span class='ocrx_word' id='word_1_905' title='bbox 3081 5642 3153 5701; x_wconf 70' lang='lat' dir='ltr'><strong>bc.</strong></span> <span class='ocrx_word' id='word_1_906' title='bbox 3191 5638 3241 5700; x_wconf 67' lang='grc' dir='ltr'><strong>π.</strong></span> <span class='ocrx_word' id='word_1_907' title='bbox 3266 5642 3322 5715; x_wconf 63' lang='grc' dir='ltr'><strong>ξ.</strong></span> <span class='ocrx_word' id='word_1_908' title='bbox 3344 5644 3428 5715; x_wconf 59' lang='lat' dir='ltr'><strong>“gr.</strong></span> <span class='ocrx_word' id='word_1_909' title='bbox 3446 5638 3485 5715; x_wconf 65' lang='grc' dir='ltr'><strong>ς.</strong></span> <span class='ocrx_word' id='word_1_910' title='bbox 3505 5632 3552 5700; x_wconf 79' lang='lat' dir='ltr'><strong>it.</strong></span> <span class='ocrx_word' id='word_1_911' title='bbox 3567 5640 3610 5698; x_wconf 83' lang='lat' dir='ltr'><strong>i&#39;.</strong></span> <span class='ocrx_word' id='word_1_912' title='bbox 3632 5638 3675 5697; x_wconf 73' lang='grc' dir='ltr'><strong>ὲ.</strong></span> <span class='ocrx_word' id='word_1_913' title='bbox 3691 5636 3761 5696; x_wconf 73' lang='lat' dir='ltr'><strong>sb.</strong></span> <span class='ocrx_word' id='word_1_914' title='bbox 3782 5639 3856 5693; x_wconf 73' lang='grc' dir='ltr'><strong>ιι</strong></span> 
     </span>
    </p>
   </div>
   <div class='ocr_carea' id='block_1_119' title="bbox 2300 5727 2704 5765">
    <p class='ocr_par' dir='ltr' id='par_1_119' title="bbox 2300 5727 2704 5765">
     <span class='ocr_line' id='line_1_121' title="bbox 2300 5727 2704 5765; baseline -0.01 0"><span class='ocrx_word' id='word_1_915' title='bbox 2300 5728 2371 5765; x_wconf 74' lang='grc' dir='ltr'><strong>νο.</strong></span> <span class='ocrx_word' id='word_1_916' title='bbox 2392 5727 2424 5763; x_wconf 67' lang='grc'><strong>4</strong></span> <span class='ocrx_word' id='word_1_917' title='bbox 2445 5729 2492 5764; x_wconf 66' lang='grc' dir='ltr'><strong>γ.</strong></span> <span class='ocrx_word' id='word_1_918' title='bbox 2519 5727 2571 5763; x_wconf 74' lang='grc' dir='ltr'>ει</span> <span class='ocrx_word' id='word_1_919' title='bbox 2594 5727 2704 5762; x_wconf 76' lang='lat' dir='ltr'><strong>ma.</strong></span> 
     </span>
    </p>
   </div>
   <div class='ocr_carea' id='block_1_120' title="bbox 2361 5770 3554 5859">
    <p class='ocr_par' dir='ltr' id='par_1_120' title="bbox 2361 5770 3554 5859">
     <span class='ocr_line' id='line_1_122' title="bbox 2361 5770 3554 5859; baseline -0.004 -13"><span class='ocrx_word' id='word_1_920' title='bbox 2361 5794 2434 5859; x_wconf 89' lang='lat' dir='ltr'><strong>(a)</strong></span> <span class='ocrx_word' id='word_1_921' title='bbox 2606 5780 2688 5847; x_wconf 71' lang='lat' dir='ltr'><strong>in</strong></span> <span class='ocrx_word' id='word_1_922' title='bbox 2710 5808 2723 5847; x_wconf 86' lang='lat'><strong>:</strong></span> <span class='ocrx_word' id='word_1_923' title='bbox 2745 5794 2855 5858; x_wconf 71' lang='lat' dir='ltr'><strong>quae</strong></span> <span class='ocrx_word' id='word_1_924' title='bbox 2874 5778 3038 5847; x_wconf 62' lang='lat' dir='ltr'><strong>stiterit</strong></span> <span class='ocrx_word' id='word_1_925' title='bbox 3055 5778 3151 5846; x_wconf 50' lang='lat' dir='ltr'><strong>ﬁt</strong></span> <span class='ocrx_word' id='word_1_926' title='bbox 3167 5774 3292 5858; x_wconf 65' lang='lat' dir='ltr'><strong>8m;</strong></span> <span class='ocrx_word' id='word_1_927' title='bbox 3310 5778 3440 5847; x_wconf 66' lang='lat' dir='ltr'><strong>tiliae</strong></span> <span class='ocrx_word' id='word_1_928' title='bbox 3452 5770 3554 5846; x_wconf 63' lang='lat' dir='ltr'><strong>ist.</strong></span> 
     </span>
    </p>
   </div>
  </div>
