4024 6404
618 509 641 565 Ι
651 505 754 565 087

611 628 726 676 erat
764 618 842 673 eis
880 623 1151 686 peccatum
1179 630 1193 680 ;
1233 619 1420 685 postea
1450 623 1580 667 vero
1607 623 1764 680 quam
1792 606 1950 677 jussit
1974 605 2115 659 Deus
2143 608 2202 656 ut

609 710 1079 768 circumcideretur
1121 707 1388 762 Abraham
1427 705 1647 775 ejusque
1673 700 1988 772 posteritas,
2015 697 2122 767 jam
2155 695 2202 750 si

610 821 716 860 non
757 804 940 868 fieret,
969 818 1128 873 grave
1156 808 1430 871 peccatum
1459 797 1555 852 fuit
1585 815 1597 852 :
1632 797 1710 852 sic
1735 796 1892 850 etiam
1919 801 2200 863 postquam

607 898 866 953 Dominus
907 896 1147 951 Christus
1183 895 1234 948 in
1263 893 1498 948 Ecclesia
1523 906 1615 946 sua
1647 897 2037 944 sacramentum
2067 883 2202 939 Novi

609 991 933 1046 Testamenti
981 1005 1078 1060 pro
1124 987 1527 1043 circumcisione
1555 984 1731 1040 carnis
1756 987 1997 1036 sanctum
2024 977 2199 1045 bapti-

608 1099 781 1138 smum
803 1081 949 1138 dedit
973 1082 987 1113 ¹
1012 1123 1025 1146 ,
1052 1090 1105 1136 et
1127 1079 1460 1152 apertissime
1483 1077 1635 1140 dixit,
1667 1075 1727 1131 Si
1747 1074 1858 1146 quis
1879 1088 1979 1126 non
1999 1076 2202 1123 renatus

607 1176 762 1245 fuerit
790 1190 852 1228 ex
876 1191 1007 1244 aqua
1034 1183 1078 1226 et
1107 1172 1306 1243 Spiritu
1335 1179 1528 1237 sancto,
1559 1185 1659 1223 non
1681 1166 1887 1221 intrabit
1915 1164 1968 1217 in
1991 1177 2200 1233 regnum

607 1265 846 1319 calorum
893 1263 1068 1336 (Joan.
1113 1281 1202 1329 ιιι,
1249 1263 1334 1334 5),
1373 1263 1483 1332 jam
1523 1276 1626 1315 non
1671 1259 1925 1314 debemus
1961 1267 2201 1325 quaerere

605 1356 818 1426 quando
861 1357 1083 1426 quisque
1132 1356 1286 1410 fuerit
1331 1354 1660 1424 baptizatus;
1705 1349 1800 1405 sed
1837 1360 2201 1419 quoscumque

605 1449 831 1518 legimus
862 1451 912 1502 in
943 1464 1168 1518 corpore
1197 1447 1431 1511 Christi,
1467 1444 1607 1516 quod
1630 1453 1712 1499 est
1737 1441 1970 1497 Ecclesia
1992 1482 2007 1506 ,
2033 1439 2198 1508 perti-

605 1555 735 1594 nere
775 1539 840 1593 ad
868 1555 1088 1610 regnum
1117 1539 1371 1593 caelorum
1396 1581 1409 1602 ,
1441 1535 1648 1590 nonnisi
1678 1534 1973 1602 baptizatos
2005 1529 2199 1584 intelli-

603 1646 730 1702 gere
765 1631 1024 1686 debemus
1058 1648 1070 1683 :
1102 1631 1202 1684 nisi
1231 1629 1365 1684 forte
1395 1644 1529 1698 quos
1553 1625 1793 1696 angustia
1825 1623 2085 1694 passionis
2114 1622 2199 1675 in-

603 1723 788 1777 venit’
804 1766 819 1789 ,
848 1732 901 1777 et
923 1725 1164 1776 nolentes
1186 1736 1378 1791 negare
1398 1718 1670 1774 Christum
1685 1757 1699 1782 ,
1722 1726 2004 1786 antequam
2029 1711 2198 1782 bapti-

605 1822 852 1868 zarentur
877 1814 1038 1869 occisi
1067 1822 1190 1866 sunt
1207 1853 1221 1876 ,
1253 1812 1446 1882 quibus
1472 1813 1584 1879 ipsa
1617 1808 1791 1878 passio
1812 1821 1905 1877 pro
1929 1805 2200 1875 Baptismo

605 1905 852 1975 deputata
874 1914 974 1959 est.
1000 1903 1106 1960 Sed
1132 1902 1383 1973 numquid
1407 1901 1507 1956 hoc
1532 1915 1812 1970 possumus
1842 1898 1907 1952 de
1933 1893 2200 1965 Apostolis

603 1996 785 2052 dicere
808 2037 822 2062 ,
851 1995 938 2066 qui
965 2010 1134 2064 usque
1155 1993 1290 2049 adeo
1317 1994 1520 2062 largum
1546 2001 1754 2060 tempus
1777 1989 2077 2043 habuerunt
2095 1999 2200 2056 quo

603 2087 1030 2157 baptizarentur,
1073 2094 1130 2139 ut
1155 2085 1287 2140 alios
1315 2085 1474 2139 etiam
1505 2079 1930 2153 baptizaverint?
1959 2077 2063 2134 Sed
2091 2092 2197 2132 non

603 2179 781 2234 omnia
807 2195 926 2249 quae
949 2179 1083 2234 facta
1109 2187 1234 2232 sunt
1257 2220 1272 2244 ,
1303 2177 1462 2232 etiam
1486 2178 1679 2244 scripta
1703 2173 2076 2235 inveniuntur;
2104 2184 2198 2224 ve-

603 2280 903 2328 rumtamen
925 2270 1063 2326 facta
1085 2284 1204 2324 esse
1224 2284 1288 2324 ex
1311 2267 1518 2323 caneris
1533 2265 1866 2321 documentis
1887 2262 2198 2333 probantur.

615 2362 882 2433 Scriptum
931 2372 1009 2415 est
1055 2359 1266 2431 quando
1301 2360 1596 2429 baptizatus
1620 2358 1688 2412 sit
1711 2355 1983 2427 apostolus
2008 2353 2200 2409 Paulus

604 2454 742 2525 (Act.
793 2470 842 2507 ιιι
864 2494 879 2518 ,
929 2453 1020 2520 18)
1041 2494 1056 2518 ,
1099 2460 1152 2506 et
1179 2451 1434 2520 scriptum
1466 2466 1570 2504 non
1601 2457 1681 2505 est
1709 2446 1920 2519 quando
1950 2445 2200 2515 baptizati

605 2554 712 2600 sunt
735 2544 826 2599 alii
852 2543 1094 2613 Apostoli
1118 2560 1132 2609 ;
1166 2553 1531 2598 verumtamen
1558 2541 1716 2596 etiam
1740 2540 1883 2610 ipsos
1906 2538 2200 2607 baptizatos

605 2637 903 2708 intelligere
949 2635 1205 2690 debemus
1254 2653 1266 2689 :
1318 2633 1766 2705 quemadmodum
1814 2632 2068 2701 scriptum
2119 2639 2202 2685 est

605 2730 817 2801 quando
844 2729 1123 2800 baptizatae
1145 2728 1252 2782 sint
1270 2728 1452 2797 plebes
1469 2726 1820 2782 Ecclesiarum
1843 2725 1896 2778 in
1907 2724 2200 2779 Jerusalem

607 2819 716 2891 (Id.
746 2836 814 2884 ll,
847 2819 936 2891 41)
967 2829 1020 2874 et
1048 2818 1286 2874 Samaria
1319 2817 1431 2888 (Id.
1463 2834 1552 2872 vnt
1574 2860 1589 2884 ,
1623 2818 1710 2886 η)
1737 2834 1751 2880 ;
1781 2816 1993 2886 quando
2022 2825 2199 2869 autem

605 2912 885 2984 baptizata:
926 2911 1032 2966 sint
1075 2910 1196 2964 aliae
1225 2909 1408 2979 plebes
1436 2909 1669 2980 gentiqu
1695 2949 1710 2974 ,
1743 2907 1932 2978 quibus
1963 2906 2200 2977 Apostoli

607 3004 870 3075 Epistolas
895 3003 1155 3059 miserunt
1171 3043 1185 3068 ,
1217 3016 1322 3056 non
1345 3010 1426 3055 est
1448 3000 1626 3070 utique
1647 3001 1926 3068 scriptum,
1949 3006 2001 3050 et
2023 3004 2202 3051 tamen

607 3099 767 3152 etiam
799 3097 945 3166 ipsas
973 3096 1267 3164 baptizatas
1299 3093 1481 3163 utique
1507 3092 1726 3146 minime
1745 3090 2047 3145 dubitamus
2074 3103 2200 3158 pro-

614 3200 731 3255 pter
759 3189 902 3242 illam
930 3187 1138 3242 Domini
1161 3185 1482 3242 sententiam
1503 3226 1516 3248 ,
1549 3183 1666 3238 Nisi
1694 3182 1806 3252 quis
1827 3192 2028 3235 renatus
2049 3179 2203 3248 fuerit

609 3296 674 3334 ea:
714 3295 844 3348 aqua
884 3289 929 3330 et
965 3277 1163 3346 Spiritu
1195 3286 1398 3341 sancto,
1433 3291 1534 3343 non
1559 3273 1761 3328 intrabit
1787 3273 1840 3326 in
1868 3287 2073 3342 regnum
2099 3286 2198 3324 cte-

612 3371 794 3426 lorum.

687 3465 741 3519 5.
772 3461 1067 3532 Utrumque
1106 3469 1284 3515 autem
1322 3459 1390 3514 dc
1434 3456 1659 3513 Domino
1695 3456 1949 3524 scriptum
1992 3462 2073 3508 est
2097 3494 2110 3518 ,
2151 3463 2206 3508 et

611 3554 733 3626 quia
764 3552 1050 3623 baptizabat
1080 3550 1250 3622 plures
1271 3566 1423 3620 quam
1451 3547 1706 3610 Joannes,
1735 3555 1789 3601 et
1815 3547 1933 3616 quia
1963 3547 2070 3615 ipse
2105 3562 2203 3600 non

613 3647 937 3717 baptizabat,
984 3645 1072 3699 sed
1111 3644 1351 3714 discipuli
1397 3643 1543 3713 ejus;
1588 3649 1643 3694 ut
1689 3639 2106 3709 intelligeremus
2152 3647 2206 3692 et

613 3739 786 3810 ipsum
831 3737 1044 3808 quidem
1085 3735 1381 3804 baptizasse
1424 3731 1707 3802 praesentia
1739 3729 2063 3798 majestatis,
2098 3744 2202 3783 non

616 3841 790 3886 tamen
811 3831 980 3900 ipsum
1005 3829 1299 3898 baptizasse
1315 3826 1560 3880 manibus
1579 3825 1709 3878 suis.
1737 3823 1904 3892 Ipsius
1925 3823 2066 3878 enim
2091 3833 2206 3878 erat

617 3922 869 3991 Baptismi
897 3927 1285 3974 sacramentum
1315 3937 1329 3985 ;
1359 3918 1428 3972 ad
1469 3917 1764 3987 Discipulos
1803 3924 1978 3970 autem
2029 3917 2202 3985 bapti-

616 4011 770 4067 zandi
796 4010 1146 4066 ministerium
1173 4008 1491 4078 pertinebat.
1525 4007 1673 4062 Tunc
1699 4022 1827 4077 ergo
1848 4007 2058 4076 quando
2079 4008 2206 4062 dicit

615 4104 849 4160 Joannes
884 4101 1209 4172 evangelista
1244 4100 1294 4154 in
1323 4099 1615 4170 Evangelio
1641 4114 1760 4164 suo,
1797 4098 1920 4153 Post
1952 4099 2058 4153 hac
2087 4100 2206 4153 exiit

613 4196 765 4251 Jesus
793 4203 836 4250 et
862 4193 1100 4262 discipuli
1123 4195 1232 4264 ejus
1253 4193 1303 4246 in
1331 4190 1569 4245 Judazam
1600 4200 1805 4256 terram,
1834 4199 1878 4242 et
1909 4189 2012 4243 illic
2041 4206 2205 4242 mora-

614 4287 761 4340 batur
781 4303 895 4340 cum
917 4287 1008 4350 eis,
1042 4293 1088 4337 et
1115 4281 1398 4353 baptizabat
1420 4280 1596 4353 (Joan.
1629 4297 1705 4344 ιιι,
1737 4280 1831 4350 9.2)
1860 4299 1872 4334 :
1905 4290 2028 4334 tunc
2052 4279 2206 4349 paulo

615 4391 735 4453 post
757 4381 824 4435 de
854 4381 945 4434 illo
963 4381 1188 4448 loquens
1207 4378 1300 4442 ait,
1321 4376 1386 4430 Ut
1415 4393 1530 4448 ergo
1552 4376 1779 4446 cognovit
1804 4374 1957 4428 Jesus
1984 4375 2101 4442 quia
2122 4390 2209 4427 au-

617 4474 815 4528 dierunt
851 4471 1106 4525 Pharisaei
1141 4469 1276 4541 quod
1303 4468 1456 4523 Iesus
1484 4470 1652 4538 plures
1683 4468 1958 4537 discipulos
1987 4469 2202 4538 faceret,

616 4576 662 4621 et
690 4564 967 4636 baptizaret
991 4563 1160 4633 plures
1179 4577 1328 4630 quam
1350 4560 1573 4614 Joannes
1602 4562 1907 4630 (quanquam
1932 4559 1965 4611 J
1971 4576 2080 4613 esus
2101 4559 2207 4627 ipse

616 4675 717 4712 non
743 4656 1040 4728 baptizaret,
1060 4653 1148 4707 sed
1175 4649 1413 4720 discipuli
1441 4649 1606 4721 ejus),
1636 4650 1837 4718 reliquit
1860 4649 2097 4703 Juda’am
2123 4693 2136 4716 ,
2161 4658 2207 4704 et

622 4749 737 4809 abiit
771 4749 952 4802 iterum
993 4746 1048 4799 in
1085 4743 1354 4798 Galilaeam
1393 4739 1516 4811 (1d.
1563 4757 1636 4808 tv,
1688 4741 1840 4808 1-5).
1878 4740 2027 4795 Tunc
2074 4757 2205 4812 ergo

680 4907 697 4937 ί
724 4911 791 4955 tta
812 4916 986 4952 omnes
1007 4900 1121 4964 Edd.
1142 4905 1198 4948 At
1233 4896 1556 4964 bovanienses
1593 4896 1640 4964 in
1677 4896 2097 4964 castigationibus,
2129 4903 2205 4947 te-

613 4973 802 5020 stantur
823 4973 930 5027 Mss.
955 4963 1186 5027 quosdam
1217 4961 1289 5027 sic
1304 4959 1532 5027 habuisse
1551 4973 1562 5007 :
1583 4956 1657 5007 sic
1675 4956 1826 5027 etiam
1840 4964 2093 5027 antequam
2118 4969 2208 5010 Do-

614 5029 771 5090 minus
793 5021 1008 5090 Christus
1051 5023 1102 5073 in
1139 5021 1353 5073 Ecclesia
1380 5035 1470 5070 sua
1503 5026 1855 5090 sacramentum
1872 5021 2010 5090 novi
2049 5027 2204 5090 Ίςεεςεα-

615 5088 765 5140 menti
789 5087 1068 5146 institueret,
1092 5098 1190 5146 non,
1215 5090 1320 5146 erat
1345 5088 1604 5146 (peccatum
1635 5093 1728 5146 non
1768 5081 2038 5144 baptizari;
2063 5081 2116 5146 id
2138 5091 2207 5146 est

615 5167 709 5204 non
730 5148 971 5216 tenebatur
994 5141 1121 5216 reus,
1148 5145 1191 5197 si
1211 5143 1317 5216 quis
1338 5141 1570 5216 bqptismb
1589 5156 1683 5192 non
1703 5141 1959 5216 lavaretur,
1974 5141 2111 5216 quod
2135 5145 2207 5195 vel

616 5213 845 5282 prodesse
889 5208 962 5260 vel
1005 5205 1164 5279 obesse
1208 5205 1293 5278 illo
1335 5205 1775 5282 adhuc‘ternpore
1795 5205 2205 5282 ignorabatzt'r..¢ft

614 5262 863 5344 postquam
887 5284 973 5344 pro
997 5267 1358 5340 circumcisione
1382 5262 1542 5344 carnis
1564 5262 2025 5344 sanctamb'aptistna
2050 5267 2203 5344 dedit,

617 5330 712 5390 'etc.
733 5330 953 5399 'Porro'in
977 5341 1078 5399 Mss.
1095 5345 1194 5399 per
1228 5344 1316 5380 nos
1327 5330 1570 5399 inspectis
1593 5341 1689 5377 non
1706 5331 2033 5399 reperiuntur
2057 5333 2205 5399 verba

616 5402 754 5466 plura
777 5411 920 5466 quam
945 5398 992 5466 in
1016 5390 1563 5466 aldi,li.cetﬂduode_cim
1603 5403 1666 5466 ex
1693 5390 1798 5466 illis
1835 5405 1924 5466 pro
1957 5390 2027 5464 sic
2064 5393 2207 5466 etiam

614 5452 882 5530 ὺοδιιιιιάτην
908 5458 1119 5530 habeam
1137 5452 1708 5530 ,περιίαηεαηξξφέίξηέ
1730 5452 2204 5530 aequissumum

617 5469 882 5530 postquam,
908 5467 1119 5530 habeant
1137 5469 1232 5529 .810.
1244 5467 1388 5528 etiam
1408 5467 1659 5526 malequam
1672 5467 1700 5524 ,ε
1730 5467 1857 5562 quoa
1881 5467 1970 5502 ﬂlSl
1994 5467 2204 5528 erratum

617 5535 695 5578 est
717 5532 1080 5573 amanuensrum
1096 5553 1109 5579 ,
1135 5517 1311 5567 induero
1335 5521 1413 5565 est
1434 5513 1614 5577 aliquid
1635 5514 1712 5564 hic
1753 5528 1885 5565 lllSSB
1909 5521 2204 5578 praetermis-

674 5601 739 5637 m.

614 5603 776 5698 suilli“
799 5643 1084 5710 quibusdam
1109 5651 1214 5693 Mss.
1239 5641 1311 5710 uti
1334 5647 1526 5710 Latiam,
1550 5639 1600 5710 in
1621 5641 2022 5702 Castigationibus
2034 5642 2203 5710 obser-

615 5719 750 5769 vant,
764 5701 830 5759 ita
851 5707 1116 5777 legebatur
1132 5721 1144 5754 :
1167 5702 1310 5777 Quod
1322 5707 1392 5753 est
1413 5701 1643 5777 Ecclesia,
1656 5701 2068 5777 essefassumptasn
2080 5702 2205 5767 ipsos

617 5786 704 5823 nec
727 5763 1116 5833 corporichristi
1135 5763 1367 5816 veraciter
1383 5763 1658 5833 unitos,.nec‘
1667 5763 1733 5833 ad
1758 5763 1956 5833 regnum
1978 5763 2207 5833 oculorum

619 5823 856 5897 pertineie
866 5828 960 5878 nisi
972 5827 1335 5897 baptizatoqu
1357 5823 2055 5897 aquamintelligere'debernus
2075 5841 2091 5888 ;
2114 5828 2208 5897 nisi

621 5886 742 5956 '[orte
751 5902 867 5955 quos
878 5886 1096 5952 angustia
1109 5886 1341 5956 passist
1354 5886 1447 5936 non
1455 5886 1964 5956 invenitbaptiztnos,et
1975 5886 2204 5956 nolentes,

624 5947 721 6004 ξω.
749 5947 968 6001 tittamed
988 5947 1274 6001 Ilssinostri
1309 5960 1480 5999 clunes
1497 5960 1611 5999 eum
1631 5947 1744 5998 Edd.
1771 5947 2095 6006 consentiunt.

1853 488 1910 546 s.
1953 482 2320 544 AUGUSTINI
2356 483 2661 545 EPISCOPI
2717 561 2722 565 _
2943 456 2945 459 ’
3067 490 3121 499 ··
3246 501 3278 518 ι-
3349 500 3364 510 ε
3430 495 3478 540 u

3740 504 3853 564 1088

2310 601 2521 672 quando
2550 604 2616 659 ab
2636 603 2984 679 Jerosolymis
3002 610 3131 666 exiit
3157 612 3570 687 cumdiscipulis
3591 619 3693 678 suis
3709 622 3758 679 in
3780 625 3855 684 ln-

2309 693 2478 748 daram
2512 705 2726 761 terram,
2760 708 2812 754 et
2839 700 2945 755 illic
2972 704 3279 760 morabatur
3306 722 3427 761 cum
3455 708 3532 763 eis
3555 749 3571 775 ,
3595 709 3856 781 baptizabat

2308 801 2413 840 non
2444 803 2537 857 per
2563 790 2814 858 seipsum,
2845 792 2936 847 sed
2959 809 3055 864 per
3079 793 3369 866 discipulos
3393 814 3551 866 suos;
3581 817 3704 871 quos
3731 806 3858 864 intel-

2308 876 2520 946 ligimus
2543 883 2653 950 jam
2677 880 2840 938 fuisse
2866 884 3158 954 baptizatos
3180 890 3220 954 ί,
3241 891 3355 944 sive
3371 890 3633 962 baptismo
3653 896 3856 964 Joannis,

2307 969 2445 1024 sicut
2471 972 2708 1026 nonnulli
2751 975 3095 1043 arbitrantur,
3124 979 3237 1035 sive
3263 981 3407 1050 quod
3436 985 3605 1053 magis
3639 988 3858 1046 credibile

2307 1056 2414 1129 est;
2437 1063 2700 1134 baptismo
2726 1065 2942 1122 Christi.
2971 1070 3152 1142 Neque
3171 1073 3315 1127 enim
3340 1075 3686 1132 ministerium
3709 1080 3856 1152 bapti-

2307 1154 2459 1209 zandi
2502 1155 2808 1227 defugeret,
2849 1169 2908 1214 ut
2936 1161 3160 1218 haberet
3201 1165 3500 1236 baptizatos
3543 1185 3744 1240 servos,
3783 1189 3856 1244 per

2306 1264 2441 1318 quos
2467 1260 2689 1306 cancros
2720 1252 3030 1323 baptizaret,
3053 1257 3142 1327 qui
3175 1273 3279 1313 non
3305 1258 3511 1331 defugit
3536 1267 3853 1323 memorabilis

2308 1344 2448 1399 illius
2474 1345 2785 1402 humilitatis
2830 1350 3180 1406 ministerium
3210 1354 3252 1418 ³,
3295 1355 3509 1423 quando
3537 1357 3614 1411 eis
3645 1359 3755 1414 lavit
3778 1377 3850 1430 ρο·

2307 1435 2436 1502 des;
2465 1446 2518 1492 et
2542 1440 2741 1508 petenti
2788 1440 2948 1496 Petro
2986 1453 3044 1497 ut
3086 1458 3193 1498 non
3231 1453 3435 1499 tantum
3477 1447 3669 1515 pedes,
3700 1465 3846 1507 verum

2306 1529 2467 1584 etiam
2493 1545 2680 1585 manus
2723 1542 2775 1586 et
2801 1543 2958 1602 caput
2983 1535 3032 1588 ei
3060 1535 3279 1601 lavaret,
3313 1538 3608 1606 respondit,
3631 1540 3722 1604 Qui
3747 1543 3847 1598 lotus

2307 1629 2379 1672 est
2408 1636 2507 1674 non
2552 1622 2741 1691 indiget
2769 1624 2868 1676 nisi
2895 1634 2949 1676 ut
2989 1625 3137 1694 pedes
3167 1627 3317 1691 lavet,
3347 1627 3438 1680 sed
3480 1637 3555 1681 est
3582 1631 3774 1685 mundus
3793 1642 3850 1686 to-

2306 1718 2384 1764 tus
2415 1711 2524 1782 (Id.
2571 1728 2686 1777 χιιι,
2728 1713 2816 1785 10)
2851 1731 2862 1766 :
2893 1714 2983 1768 ubi
3030 1715 3340 1786 intelligitur
3377 1717 3521 1788 quod
3555 1718 3662 1789 jam
3703 1719 3851 1776 Petrus

2305 1801 2601 1873 baptizatus
2632 1804 2822 1860 fuerat.

2377 1897 2430 1952 6.
2471 1898 2748 1965 Quomodo
2770 1908 2948 1954 autem
2963 1901 3060 1955 iste
3085 1899 3245 1969 dicat,
3273 1902 3415 1972 quod
3465 1904 3521 1958 in
3551 1904 3754 1974 epistola
3780 1915 3850 1962 tua

2306 1990 2548 2059 posuisti,
2573 1991 2715 2062 quod
2743 1994 2982 2064 Apostoli
3003 1993 3250 2049 dederint
3275 1997 3638 2065 paenitentiam
3665 2015 3749 2069 pro
3775 2002 3852 2056 Ba-

2307 2085 2520 2153 ptismo,
2551 2099 2655 2138 non
2674 2085 2948 2141 evidenter
2962 2102 3268 2158 espressum
3297 2099 3399 2143 est.
3425 2090 3484 2144 Si
3509 2091 3646 2146 enim
3665 2107 3748 2162 pro
3769 2094 3853 2148 Ba-

2305 2177 2502 2246 ptismo
2531 2177 2651 2232 ideo
2681 2178 2828 2242 dicit,
2857 2180 2976 2250 quia
3003 2195 3098 2250 per
3136 2181 3507 2250 pmnitentiam
3557 2187 3853 2242 remittuntur

2305 2276 2542 2338 peccata,
2573 2268 2732 2325 habet
2769 2271 2965 2341 aliquid
3020 2273 3243 2328 rationis
3289 2274 3431 2344 quod
3457 2274 3607 2330 dicit.
3634 2275 3728 2332 Sed
3752 2279 3851 2332 talis

2305 2361 2617 2430 pcenitentia
2645 2371 2765 2432 post
2795 2362 3120 2434 Baptismum
3152 2374 3324 2434 potest
3353 2367 3497 2420 utilis
3524 2382 3670 2434 esse,
3695 2369 3732 2422 si
3758 2370 3858 2439 quis

2305 2455 2620 2522 peccaverit.
2652 2453 2755 2509 Iste
2771 2464 2946 2510 autem
2974 2457 3224 2526 quoniam
3245 2467 3400 2528 negat
3416 2468 3537 2528 post
3564 2459 3854 2529 Baptismum

2305 2545 2418 2600 dari
2443 2547 2769 2616 paenitentiae
2796 2548 2991 2610 locum,
3009 2564 3130 2603 cum
3152 2550 3300 2613 dicit,
3324 2551 3461 2604 sicut
3482 2552 3744 2621 scripsisti,
3769 2569 3859 2621 pce-

2306 2638 2582 2692 nitentiam
2616 2641 2783 2694 solam
2806 2650 2928 2695 ante
2959 2641 3286 2710 Baptismum
3308 2657 3466 2707 esse;
3494 2644 3643 2698 datur
3667 2645 3860 2714 intelligi

2307 2728 2384 2784 sic
2409 2743 2529 2782 eum
2561 2729 2758 2784 dixisse
2805 2730 2946 2800 quod
2987 2731 3226 2801 Apostoli
3249 2732 3496 2788 dederint
3533 2735 3860 2805 paenitentiam

2307 2835 2405 2888 pro
2427 2819 2714 2888 Baptismo,
2745 2830 2801 2874 ut
2821 2831 2943 2877 ante
2968 2823 3290 2892 Baptismum
3311 2840 3428 2879 eam
3456 2826 3712 2893 dederint,
3730 2839 3859 2898 atque

2307 2909 2340 2962 ii
2367 2911 2560 2980 quibus
2602 2911 2725 2966 data
2752 2913 2841 2979 sit,
2882 2923 3063 2982 postea
3094 2930 3198 2969 non
3231 2914 3431 2971 fuerint
3473 2917 3738 2989 baptizati,
3765 2921 3856 2991 quia

2307 3001 2384 3056 eis
2433 3003 2516 3056 illa
2551 3018 2647 3072 pro
2673 3003 2942 3074 Baptismo
2998 3005 3093 3060 fuit
3128 3024 3138 3058 :
3173 3008 3312 3077 quod
3349 3007 3668 3065 Novatianos
3713 3012 3856 3067 dicere

2308 3110 2577 3164 nunquam
2600 3095 2795 3149 audivi.
2829 3096 2978 3152 Unde
3007 3113 3186 3168 quaere
3211 3098 3514 3169 diligenter,
3552 3117 3616 3157 ne
3636 3101 3764 3158 forte
3778 3104 3854 3158 ali-

2306 3185 2458 3254 cujus
2501 3186 2721 3240 alterius
2737 3187 2936 3242 erroris
2960 3188 3060 3253 sit,
3080 3198 3133 3242 et
3158 3190 3499 3245 novatianum
3522 3206 3580 3247 se
3613 3208 3731 3248 esse
3754 3208 3853 3248 oon-

2308 3279 2472 3349 lingat
2499 3321 2512 3345 ,
2562 3280 2646 3334 vel
2686 3289 2852 3349 putet.
2896 3281 3000 3335 Aut
3039 3283 3085 3336 si
3123 3290 3178 3336 et
3229 3283 3329 3337 hoc
3376 3282 3647 3339 Novatiani
3694 3286 3852 3350 dicunt,

2307 3371 2490 3424 nescio
2518 3388 2530 3424 :
2561 3371 2686 3425 illud
2715 3380 2888 3426 tamen
2920 3373 3053 3438 scio,
3077 3375 3326 3442 quoniam
3353 3375 3593 3446 quisquis
3613 3376 3714 3432 hoc
3734 3376 3847 3440 dicit,

2308 3475 2338 3514 a
2363 3461 2542 3532 regula
2568 3462 2687 3518 fidei
2710 3463 3005 3529 catholicae,
3033 3473 3087 3520 et
3116 3480 3147 3520 a
3175 3465 3414 3521 doctrina
3440 3467 3634 3522 Christi
3663 3477 3718 3525 et
3740 3471 3854 3539 Apo-

2309 3554 2563 3608 stolorum
2594 3570 2810 3624 prorsus
2830 3556 3034 3611 alienus
3049 3567 3150 3612 est.

2383 3645 2433 3698 7.
2475 3646 2810 3714 Aguuteuim
2841 3646 3083 3702 homines
3114 3657 3240 3703 ante
3267 3648 3590 3719 Baptismum
3632 3651 3856 3721 panitet:-

2313 3736 2436 3790 tiam
2485 3737 2552 3791 de
2589 3737 2700 3793 suis
2728 3737 2993 3806 prioribus
3046 3740 3298 3808 peccatis,
3344 3740 3416 3794 ita
3446 3750 3620 3796 tamen
3653 3743 3849 3797 utetiam

2310 3827 2661 3898 baptizentur,
2715 3829 2851 3883 sicut
2889 3830 3142 3900 scriptum
3170 3839 3254 3884 est
3283 3831 3337 3884 in
3370 3832 3594 3887 Actibus
3617 3831 3851 3902 Apostolo-

2311 3935 2450 3984 rum,
2483 3920 2729 3989 loquente
2746 3921 2904 3974 Petro
2929 3921 2994 3974 ad
3023 3921 3235 3976 Judreos
3263 3930 3318 3978 et
3341 3921 3552 3978 dicente
3581 3943 3594 3974 :
3629 3925 3753 3994 Agite
3770 3937 3850 3990 pa-

2310 4013 2588 4080 nitenliam,
2612 4023 2659 4066 et
2685 4014 2962 4084 baptizetur
2987 4016 3322 4086 unusquisque
3347 4026 3565 4070 vestrum
3612 4018 3661 4071 in
3698 4014 3852 4069 nomine

2309 4105 2518 4159 Domini
2544 4105 2670 4159 Jesu
2707 4106 2927 4170 Christi;
2977 4115 3023 4159 et
3074 4107 3385 4161 dimittentur
3409 4108 3548 4162 vobis
3574 4117 3757 4179 peccata
3783 4120 3848 4159 ιιι-

2311 4207 2414 4252 stra
2437 4197 2570 4267 (Act.
2596 4215 2651 4264 ιι,
2679 4196 2794 4268 58).
2825 4198 3000 4268 Agunt
3025 4199 3183 4252 etiam
3221 4199 3465 4254 homines
3509 4198 3846 4271 pmnitentiam,

2311 4289 2355 4342 si
2386 4298 2505 4358 post
2538 4289 2865 4358 Baptismum
2899 4290 2969 4343 ita
3014 4291 3378 4360 peccaverint,
3429 4299 3489 4346 ut
3539 4287 3850 4348 excommuni

2310 4383 2417 4437 cari
2453 4391 2506 4437 et
2528 4392 2704 4454 postea
2735 4383 3062 4438 reconciliari
3090 4393 3395 4439 mereantur
3427 4403 3440 4438 :
3494 4385 3634 4441 sicut
3650 4387 3696 4441 in
3719 4381 3850 4437 omni-

2310 4473 2412 4528 bus
2433 4473 2689 4529 Ecclesiis
2719 4474 2793 4528 illi
2824 4477 2910 4544 qui
2949 4477 3159 4545 proprie
3184 4476 3506 4546 poenitentes
3548 4478 3847 4549 appellantur.

2312 4566 2387 4622 De
2419 4567 2504 4620 tali
2528 4567 2668 4620 enim
2699 4567 3007 4636 paenitentia
3032 4570 3237 4624 locutus
3279 4578 3363 4625 est
3385 4573 3654 4640 apostolus
3678 4568 3846 4627 Paulus.

2313 4659 2399 4713 ubi
2424 4660 2529 4712 ait:
2557 4657 2639 4712 Ne
2667 4659 2848 4712 iterum
2895 4676 3008 4712 cum
3041 4676 3216 4715 venero
3245 4661 3473 4715 humiliet
3495 4679 3576 4718 me
3601 4661 3725 4716 Deus
3744 4655 3850 4728 πρεά

2311 4767 2431 4817 vos;
2457 4761 2501 4804 et
2553 4752 2753 4822 lugeam
2783 4752 2963 4805 multos
3003 4769 3066 4806 ea:
3091 4754 3154 4806 iis
3193 4754 3280 4824 qui
3313 4763 3429 4807 ante
3457 4763 3780 4824 peccaverunt,
3813 4756 3849 4801 et

2312 4859 2412 4896 non
2440 4855 2641 4913 egerunt
2671 4843 3012 4912 paenitentiam
3041 4859 3190 4912 super
3228 4844 3568 4910 immunditia,
3599 4855 3641 4900 et
3669 4840 3848 4902 luxuria.

2312 4947 2357 4990 et
2389 4938 2719 5005 fornicatione
2744 4953 2894 5003 quant
2924 4946 3128 5006 egerunt
3173 4936 3241 5005 (ll
3267 4935 3385 4991 Cor.
3417 4954 3524 5001 xu,
3557 4938 3674 5006 21):
3714 4944 3851 5000 neque

2312 5029 2451 5082 enim
2483 5027 2746 5080 scribebat
2773 5027 2892 5088 ista,
2917 5026 3018 5080 nisi
3045 5026 3123 5080 eis
3143 5028 3229 5096 qui
3253 5028 3362 5096 jam
3392 5027 3638 5098 baptizati
3662 5024 3847 5079 fuerant.

2312 5118 2576 5172 Habemus
2621 5117 2779 5169 etiam
2826 5117 2876 5170 in
2921 5117 3136 5170 Actibus
3166 5118 3541 5186 Apostolorum
3567 5159 3580 5182 ,
3623 5116 3849 5171 Simonem

2307 5211 2415 5281 jam
2449 5209 2785 5279 baptizatum,
2829 5225 2948 5262 cum
3004 5211 3224 5277 pecunia
3281 5211 3442 5265 vellet
3471 5225 3644 5265 emere
3693 5215 3740 5259 ut
3779 5215 3851 5270 per

2313 5303 2704 5373 impositionem
2758 5317 2945 5355 manus
2975 5303 3090 5370 ejus
3115 5302 3134 5330 ³
3161 5301 3380 5357 daretur
3405 5304 3629 5372 Spiritus
3652 5303 3847 5354 sanctus,

2376 5462 2392 5491 ι
2417 5460 2490 5508 sic
2527 5457 2635 5507 Edd.
2675 5465 2722 5506 et
2757 5464 2859 5505 Mss.
2885 5456 3035 5504 nostri
3060 5469 3246 5518 omnes.
3272 5465 3417 5507 Porro
3443 5458 3491 5506 in
3514 5464 3639 5518 Low,
3659 5448 3848 5518 Casiis“:

2310 5528 2503 5571 notatur
2517 5520 2747 5582 quosdam
2771 5527 2875 5582 Mss.
2894 5517 3125 5582 habuisse
3147 5517 3238 5567 hoc
3261 5518 3402 5568 modo
3419 5533 3432 5567 :
3448 5528 3568 5582 Quos
3588 5513 3852 5582 inle

2309 5570 2364 5648 in
2382 5582 2470 5648 hoc
2486 5570 2612 5646 facto
2623 5580 2732 5642 jam
2749 5579 2896 5645 fuisse
2921 5577 3217 5648 baptizatos;
3239 5570 3536 5648 neque
3549 5589 3644 5648 non

2312 5628 2554 5712 tarpeiae
2567 5628 2815 5712 ’ρᾆεῆᾳίιις
2827 5628 3024 5712 causa:
3039 5628 3042 5629 ⁷
3060 5628 3177 5707 ergo
3200 5628 3724 5706 caesii-aptanda
3735 5628 3846 5687 alios.

2300 5703 2412 5769 jam
2427 5703 2587 5769 fuisse
2604 5703 2879 5769 baptizatos,
2895 5703 3008 5769 sive,
3026 5703 3127 5769 (etc;

2373 5745 2574 5831 ί’ἐςῑξιῖ”ξ
2593 5745 3184 5831 agmenagmen.)
3200 5764 3494 5831 baptizandi
3535 5745 3852 5831 eminuit}:

2311 5844 2404 5881 non
2428 5821 2682 5892 defuit.....'
2701 5827 2976 5880 ministerio.
2998 5829 3092 5891 [sed
3117 5821 3292 5879 melior'
3313 5836 3392 5880 est
3433 5835 3534 5877 MSS.
3570 5821 3708 5871 lectio
3732 5821 3852 5877 qm

2312 5893 2408 5943 huc
2428 5891 2777 5941 revocavimus.

2377 5943 3764 6016 'Edd.,uteiperimpositimemmanusdm.d0-
