4024 6388
136 257 269 326 1089

137 376 452 435 admonitum
480 386 512 427 a
560 372 727 430 Petro
766 383 828 429 ut
878 372 946 428 de
989 370 1091 428 hoc
1117 371 1268 443 gravi
1299 378 1513 442 peccato
1544 376 1726 439 ageret

140 467 494 542 paenitentiam
526 465 677 537 (Act.
700 482 823 533 v1“,
848 465 1059 534 l8~25).
1144 522 1152 529 ,
1262 470 1267 475 ’
1392 519 1398 525 .

122 574 128 597 ν
207 562 259 619 8.
299 560 395 616 Est
409 560 573 615 etiam
600 560 921 630 poenitentia
949 560 1207 615 bonorum
1232 568 1287 614 et
1306 558 1579 632 humilium
1602 555 1729 611 ﬁde-

144 657 261 711 lium
292 667 429 723 pene
452 652 471 683 ¹
524 652 864 721 quotidiana,
914 652 967 705 in
994 666 1096 721 qua
1126 658 1339 721 pectora
1361 649 1629 704 tundimus
1652 647 1730 702 di-

145 755 313 803 centes
343 762 357 798 :
386 744 600 798 Dimitte
622 745 775 799 nobis
806 744 972 799 debita
992 745 1309 812 nostra,sicut
1340 753 1384 797 et
1406 759 1496 796 nos
1521 741 1730 795 dimitti-

147 855 245 891 mus
270 835 579 889 debitoribus
610 837 799 889 nostris
821 835 1028 908 (Matth.
1056 852 1131 900 vn,
1165 832 1274 907 12).
1298 833 1479 904 Neque
1505 834 1643 887 enim
1670 848 1731 887 ea

147 928 288 985 nobis
313 927 511 981 dimitti
534 929 811 991 volumus,
842 943 959 996 quae
986 927 1202 982 dimissa
1231 942 1332 981 non
1356 926 1655 980 dubitamus
1681 926 1734 979 in

150 1018 436 1087 Baptismo;
486 1016 585 1072 sed
617 1017 712 1071 illa
767 1018 949 1087 utique
987 1032 1104 1087 quae
1156 1017 1399 1070 ltumance
1437 1015 1731 1087 fragilitati,

150 1108 375 1179 quamvis
405 1124 596 1177 parva,
628 1118 809 1163 tamen
835 1110 1020 1164 crebra
1044 1109 1335 1178 subrepunt
1364 1124 1513 1179 :qure
1556 1107 1602 1161 si
1627 1108 1737 1162 col-

154 1198 277 1252 lecta
293 1207 481 1252 contra
513 1212 619 1252 nos
654 1198 879 1265 fuerint,
916 1198 986 1251 ita
1013 1213 1109 1252 nos
1137 1199 1429 1267 gravabant
1470 1206 1525 1251 et
1560 1197 1741 1266 oppri-

154 1295 307 1355 ment,
366 1288 508 1342 sicut
552 1304 722 1343 unum
751 1288 964 1359 aliquod
993 1288 1191 1358 grande
1246 1299 1538 1359 peccatum.
1597 1286 1735 1353 Quid

154 1380 283 1433 enim
300 1378 531 1433 interest
557 1379 627 1433 ad
649 1379 1007 1451 naufragium,
1035 1389 1212 1433 utrum
1243 1394 1351 1433 uno
1375 1378 1559 1449 grandi
1580 1380 1739 1432 lluctu

157 1469 294 1523 navis
346 1469 633 1538 operiatur
682 1479 736 1524 et
776 1470 1048 1535 obruatur,
1077 1485 1143 1524 an
1177 1470 1423 1540 paulatim
1451 1469 1743 1538 subrepens

157 1575 283 1629 aqua
304 1559 355 1613 in
386 1560 693 1627 sentinam,
720 1568 777 1615 et
800 1575 895 1630 per
918 1560 1286 1631 negligentiam
1313 1560 1559 1615 derelicta
1589 1568 1744 1629 atque

157 1662 472 1722 contempta,
504 1654 734 1723 impleat
763 1669 948 1708 navem
979 1661 1138 1722 atque
1155 1652 1498 1722 submergat?
1524 1653 1746 1721 Propter

158 1743 261 1797 lucc
286 1744 489 1812 jejunia
520 1754 576 1798 et
622 1745 982 1814 elcemosynte
1034 1752 1088 1798 et
1125 1744 1391 1801 orationes
1429 1744 1698 1813 invigilant
1730 1762 1743 1797 :

160 1834 204 1888 in
225 1834 416 1903 quibus
447 1849 573 1888 cum
588 1834 839 1900 dicimus,
867 1833 1073 1887 Dimitte
1090 1834 1229 1888 nobis
1255 1834 1419 1887 debita
1434 1844 1624 1897 nostra,
1648 1833 1748 1885 sic-

161 1933 207 1977 ut
230 1934 273 1977 et
296 1940 387 1977 nos
417 1925 742 1990 dimittimus,
779 1924 1175 1980 manifestamus
1212 1926 1406 1980 habere
1457 1940 1552 1979 nos
1599 1922 1746 1994 quod

162 2016 305 2069 nobis
328 2016 679 2081 dimittatur;
712 2027 868 2087 atque
907 2017 960 2071 in
983 2017 1047 2072 iis
1068 2018 1243 2073 verbis
1284 2018 1620 2072 humiliantes
1648 2016 1751 2070 ani-

164 2121 269 2159 mas
290 2115 526 2174 nostras,
570 2108 938 2177 quotidianam
979 2108 1369 2179 quodammodo
1400 2124 1557 2177 agere
1584 2108 1753 2177 paeni-

162 2198 369 2252 tentiam
395 2215 507 2253 non
538 2214 837 2255 cessamus.
871 2200 953 2255 Ad
981 2216 1042 2255 ea
1071 2217 1188 2271 qua:
1215 2201 1489 2272 scripsisti,
1519 2211 1643 2271 puto
1668 2216 1754 2255 me

161 2290 387 2347 breviter
412 2292 511 2347 sed
534 2293 877 2349 sufﬁcienter
898 2294 1238 2363 respondisse
1270 2312 1281 2346 :
1307 2303 1546 2362 superest
1582 2303 1637 2347 ut
1666 2294 1754 2347 ille

165 2398 264 2437 non
290 2385 360 2439 sit
379 2386 781 2453 contentiosus,
821 2395 1037 2456 prapter
1058 2401 1215 2456 quem
1248 2384 1557 2441 lucrandum
1584 2384 1649 2440 ad
1671 2399 1755 2438 me

168 2474 291 2531 tales
314 2476 522 2531 litteras
538 2476 890 2531 deStinandas
919 2477 1138 2547 putasti.

567 2588 905 2645 EPISTOLA
945 2586 1229 2643 CCLXVI'
1262 2588 1357 2662 (a).

179 2697 487 2768 Augustinus
520 2698 841 2753 Florentina:
870 2700 1051 2769 puella:
1089 2699 1347 2764 studiosae,
1382 2697 1593 2765 offerens
1619 2715 1760 2751 suam

311 2788 530 2843 docendi
559 2806 783 2857 Operam,
812 2791 856 2842 si
884 2790 1105 2860 proferat
1137 2789 1257 2859 quid
1277 2790 1391 2842 velit
1413 2791 1613 2859 exponi.

179 2898 409 2954 Dominae
432 2900 667 2963 eximite,
702 2901 997 2968 meritoque
1042 2899 1334 2954 honorabili
1363 2899 1416 2953 in
1460 2898 1674 2954 Christo
1701 2914 1764 2975 ac

244 2991 634 3060 suscipiendaeII
666 2991 785 3044 ﬁliae
834 2990 1217 3058 FLoaeurmas,
1262 2990 1597 3045 AUGUSTINUS
1645 2990 1767 3059 epi—

251 3094 469 3151 scopus,
504 3083 558 3135 iu
587 3081 809 3135 Domino
824 3082 1067 3137 salutem.

252 3192 303 3244 1.
346 3192 603 3247 Sanctum
630 3192 959 3261 propositum
982 3202 1148 3256 tuum,
1169 3202 1223 3247 et
1244 3192 1594 3247 invisceratus
1620 3193 1768 3247 cordi

186 3289 272 3336 tuo
288 3283 449 3338 timor
469 3284 673 3338 Domini
694 3292 869 3337 castus
888 3298 1203 3352 permanens
1227 3285 1281 3337 in
1294 3284 1545 3338 sarculum
1566 3284 1764 3353 saeculi,

191 3372 364 3444 (Psal.
390 3391 547 3440 xvm,
580 3372 687 3448 10)
717 3389 897 3428 curam
930 3389 1026 3443 pro
1049 3382 1098 3428 te
1114 3384 1347 3428 nostram
1369 3390 1473 3428 non
1514 3375 1685 3429 solum
1716 3378 1769 3429 in

186 3467 438 3533 precibus
477 3467 805 3536 apudDeum,
836 3482 1021 3520 verum
1051 3466 1208 3520 etiam
1239 3464 1293 3519 in
1320 3465 1769 3520 admonitionibus

184 3556 248 3610 ad
271 3566 323 3612 te
351 3560 523 3627 ipsam
565 3572 669 3612 non
701 3558 1041 3613 mediocriter
1060 3558 1299 3612 suscitat.
1319 3557 1469 3623 Quod
1490 3558 1699 3628 quidem
1718 3559 1770 3612 in

185 3648 426 3717 epistolis
458 3649 611 3714 meis,
640 3664 772 3719 quas
792 3649 856 3703 ad
883 3660 1105 3704 matrem
1128 3648 1464 3703 Reverentia:
1495 3656 1597 3703 tuae
1619 3648 1767 3703 debi-

186 3746 239 3791 to
255 3739 389 3791 mihi
408 3752 530 3791 cum
548 3738 748 3792 honore
770 3739 1141 3793 nominandum
1158 3738 1301 3804 dedi,
1324 3754 1427 3793 non
1450 3741 1612 3795 semel
1641 3738 1765 3795 feci.

182 3826 291 3881 Sed
306 3825 434 3891 quia
456 3824 560 3877 hoc
588 3827 715 3878 mihi
737 3829 1027 3882 rescribere
1039 3829 1251 3896 dignata
1278 3839 1375 3893 est,
1400 3831 1541 3897 prius
1557 3840 1607 3885 te
1633 3833 1767 3887 velle

186 3914 436 3982 accipere
453 3913 653 3967 litteras
674 3928 848 3979 meas;
876 3926 1002 3969 tunc
1015 3916 1247 3981 demum,
1266 3917 1309 3969 si
1326 3917 1450 3984 quid
1477 3922 1609 3971 forte
1636 3934 1769 3987 opus

190 4014 337 4061 esset
376 4004 470 4059 tibi
499 4021 563 4060 ex
591 4006 883 4061 ministerio
920 4020 1061 4072 meo,
1092 4006 1231 4075 quod
1258 4008 1558 4062 venerando
1600 4009 1774 4064 studio

194 4108 283 4153 tuo
309 4098 656 4168 omniumque
684 4098 882 4163 talium,
926 4108 1179 4167 quantum
1207 4113 1446 4167 possum,
1472 4100 1635 4155 libera
1662 4116 1776 4156 ser-

197 4190 365 4245 vitute
390 4189 585 4245 debere
607 4204 690 4244 me
733 4190 879 4256 novi,
934 4203 1038 4243 non
1067 4197 1117 4243 te
1146 4204 1263 4244 esse
1293 4189 1568 4243 tacituram
1597 4199 1651 4244 et
1687 4205 1775 4245 re-

199 4282 478 4337 scribendo
519 4282 899 4336 insinuaturam
932 4299 944 4334 :
973 4295 1099 4335 ecce
1127 4281 1233 4335 feci
1261 4280 1401 4350 quod
1428 4289 1480 4335 te
1508 4282 1739 4336 voluisse
1758 4324 1772 4347 ,

201 4378 439 4444 quamvis
479 4390 583 4427 non
610 4389 701 4442 per
729 4383 795 4439 te,
827 4373 1093 4441 comperi;
1126 4388 1194 4427 ne
1230 4372 1439 4427 viderer
1462 4374 1554 4427 tibi
1584 4375 1776 4428 ostium

203 4466 406 4520 ﬁduciae
452 4465 808 4519 inhumaniter
859 4466 1103 4519 claudere
1136 4483 1147 4518 ε
1177 4476 1418 4534 superest
1463 4475 1520 4520 ut
1566 4482 1792 4536 promas

203 4555 328 4623 ipsa,
363 4557 406 4608 si
437 4557 559 4625 quid
587 4572 651 4610 ex
682 4572 765 4610 me
786 4556 1128 4625 quaerendum
1157 4566 1329 4626 putas.
1361 4556 1468 4611 Aut
1504 4559 1645 4612 enim
1666 4559 1776 4614 scio

205 4648 339 4714 quod
398 4649 720 4717 inquisieris,
750 4657 804 4701 et
851 4663 953 4702 non
976 4648 1211 4716 negabo:
1244 4656 1334 4703 aut
1379 4650 1450 4703 ita
1490 4652 1687 4718 nescio,
1721 4660 1779 4705 ut

207 4740 345 4792 nullo
380 4739 497 4792 ﬁdei
525 4740 813 4807 salutisque
856 4738 1175 4793 detrimento
1196 4740 1450 4805 nesciam,
1499 4751 1553 4795 et
1580 4741 1645 4795 de
1676 4742 1777 4797 hoc

207 4830 363 4883 etiam
401 4830 641 4898 teipsam,
687 4829 730 4883 si
763 4838 1000 4898 potuero,
1022 4828 1207 4883 faciam
1230 4829 1433 4883 reddita
1466 4832 1670 4886 ratione
1696 4848 1780 4887 se-

209 4934 407 4972 Curam.
432 4922 535 4972 Aut
554 4928 717 4979 certe,
745 4920 787 4971 si
810 4926 863 4972 et
888 4918 1082 4983 nescio,
1108 4928 1161 4973 et
1182 4927 1354 4973 tamen
1373 4920 1644 4975 sciendum
1675 4932 1776 4989 est,

212 5010 287 5062 vel
320 5010 613 5076 impetrabo
634 5024 663 5062 a
688 5009 911 5063 Domino
942 5024 1008 5063 ne
1035 5010 1128 5064 tibi
1149 5009 1352 5075 desim;
1382 5026 1501 5065 nam
1532 5028 1673 5082 saepe
1697 5014 1779 5067 of-

211 5096 381 5151 licium
406 5099 738 5167 impertiendi
759 5100 1004 5153 meritum
1023 5110 1104 5153 est
1126 5100 1417 5169 accipiendi
1448 5119 1459 5155 :
1490 5103 1570 5157 vel
1598 5104 1665 5157 ita
1687 5104 1779 5159 tibi

269 5213 285 5242 ι
313 5209 422 5257 Bad.
448 5217 546 5258 Am.
569 5217 644 5274 Er.
666 5218 842 5274 etMss.
868 5212 989 5269 duo,
1010 5225 1152 5274 pinna

267 5274 440 5347 ﬂevi,
463 5271 797 5347 suspiciendae.
812 5278 883 5347 ut
898 5271 1129 5347 Badium).
1158 5280 1226 5347 et
1238 5281 1332 5347 Eia,
1358 5275 1685 5347 suscipiendae.
1712 5278 1783 5327 sic

211 5333 352 5379 etiam
370 5338 492 5395 lltss.
518 5333 720 5394 quatuor
746 5342 844 5381 \‘at.
887 5342 938 5381 et
971 5341 1161 5395 septem
1196 5334 1376 5395 Call.,e
1411 5333 1585 5395 quibus
1620 5345 1782 5389 tamen

211 5392 420 5461 npnnulli
458 5392 580 5461 intra
616 5395 700 5461 ubi
738 5396 787 5442 in
821 5395 932 5442 ΕΜ.
972 5392 1050 5443 est
1085 5394 1403 5458 suscipienda,

208 5453 375 5503 cienda
396 5467 412 5504 :
432 5456 554 5503 adeo
575 5468 660 5503 res
690 5456 872 5504 incerta
896 5462 986 5505 est.
1036 5470 1039 5473 ·
1064 5479 1069 5485 ~

274 5538 393 5605 35d.
417 5551 465 5587 a.
488 5537 557 5605 bl.
584 5551 626 5588 c.
652 5551 722 5587 ec.
749 5537 796 5587 ﬁ“.
824 5552 873 5601 g.
899 5552 979 5601 gv.
1000 5540 1037 5602 j.
1054 5554 1103 5588 n.
1127 5552 1169 5588 r.
1188 5554 1229 5589 s.
1253 5541 1327 5590 sb.
1352 5549 1388 5591 t.
1413 5555 1488 5592 ve.
1505 5550 1708 5605 quatuor
1732 5558 1780 5595 ν.

213 5605 259 5646 et
280 5598 389 5647 Edd.
414 5600 660 5663 castigata.

270 5679 340 5744 (a)
362 5678 485 5732 Alias
509 5682 597 5731 152
615 5697 627 5731 :
644 5695 752 5746 qua
774 5690 935 5732 autem
960 5681 1050 5733 266
1073 5690 1196 5745 erat,
1221 5698 1345 5735 nunc
1370 5686 1477 5737 107.

1525 5407 1611 5449 ent
1629 5399 1783 5463 suspi-

1318 250 1791 313 EPISTOLARUM
1826 238 2100 308 CLASSIS
2135 247 2224 307 IV.

3266 257 3404 315 1090

1830 364 2183 436 respondebo,
2212 372 2271 418 ut
2308 365 2521 421 noveris
2547 379 2645 436 pro
2672 362 2772 423 hac
2800 368 2912 438 ipsa
2938 384 2998 426 re
3026 386 3182 442 quam
3206 375 3408 443 pariter

1832 459 2119 525 nescimus,
2138 456 2203 512 ad
2224 472 2380 527 quem
2408 458 2621 528 pulsare
2649 458 2959 516 debeamus.

1904 550 1957 604 2.
2000 552 2125 605 Haec
2140 551 2259 606 ideo
2282 552 2599 621 praelocutus
2627 568 2765 621 sum,
2781 570 2849 609 ne
2869 563 2920 610 te
2938 571 3031 625 pro
3050 568 3196 613 certo
3225 575 3408 631 speres

1834 642 2086 713 quidquid
2114 657 2144 696 a
2169 658 2254 697 me
2282 644 2584 713 quaesiveris
2600 644 2915 716 audituram,
2951 657 3007 703 et
3032 666 3151 705 cum
3179 651 3281 708 hoc
3304 670 3407 710 non
3440 654 3441 657 “

1835 734 2160 803 provenerit,
2183 734 2431 789 audacter
2456 736 2629 805 potius
2649 752 2802 806 quam
2822 740 3107 809 prudenter
3123 758 3207 797 me
3223 743 3413 803 fecisse

1837 824 2128 889 arbitreris,
2152 825 2291 894 quod
2320 825 2410 880 tibi
2440 828 2706 896 quaerendi
2752 830 2797 883 si
2824 831 2948 899 quid
2989 834 3156 901 voles,
3189 834 3409 892 faculta-

1840 926 1946 970 tem
1972 915 2114 969 dedi.
2172 915 2284 970 Hoc
2331 918 2471 972 enim
2502 918 2601 973 feci
2638 935 2741 973 non
2787 920 2973 976 doctor
2998 924 3290 993 perfectus,
3322 930 3417 986 sed

1840 1023 1961 1063 cum
1993 1009 2243 1064 docendis
2270 1012 2864 1080 perliciendus,domina
2885 1017 3096 1085 eximia,
3120 1021 3417 1092 meritoque

1842 1101 2163 1158 honorabilis
2194 1104 2246 1157 in
2294 1102 2504 1159 Christo
2529 1121 2590 1159 ac
2631 1107 2963 1177 suscipienda
2989 1110 3111 1163 ﬁlia.
3159 1112 3417 1183 Equidem

1845 1193 2002 1247 etiam
2034 1195 2085 1247 in
2110 1194 2173 1247 iis
2198 1195 2357 1249 rebus
2382 1210 2511 1264 quas
2529 1204 2813 1268 utcumque
2833 1199 2963 1266 scio,
2988 1202 3152 1271 magis
3179 1211 3228 1257 te
3264 1206 3419 1273 cupio

1845 1298 1963 1338 esse
1990 1285 2263 1351 scientem,
2282 1301 2438 1355 quam
2465 1288 2697 1342 scientim
2725 1300 2919 1344 nostrae
2945 1291 3286 1361 indigentem.
3320 1295 3421 1351 Ne-

1846 1393 1948 1447 que
1974 1379 2135 1444 enim,
2160 1378 2370 1448 utquod
2397 1378 2591 1435 scimus
2614 1381 2915 1447 doceamus,
2932 1385 3151 1439 aliorum
3171 1387 3419 1457 ignoran-

1851 1470 1972 1523 tiam
2024 1480 2207 1540 optare
2231 1472 2488 1527 debemus
2530 1494 2542 1526 :
2575 1474 2740 1528 multo
2773 1476 2966 1545 quippe
3010 1479 3197 1534 melius
3236 1497 3420 1538 omnes

1854 1574 2036 1614 sumus
2058 1561 2313 1616 docibiles
2338 1562 2480 1627 Deo;
2511 1563 2650 1633 quod
2674 1566 2850 1635 utique
2876 1567 2927 1620 in
2950 1568 3038 1622 illa
3078 1584 3302 1641 superna
3322 1589 3420 1643 pa-

1852 1651 1972 1713 tria,
1996 1666 2115 1704 cum
2149 1652 2200 1704 in
2231 1652 2382 1705 nobis
2407 1653 2721 1721 completum
2760 1653 2917 1710 fuerit
2942 1658 3080 1726 quod
3105 1664 3422 1729 promissum

1852 1750 1952 1805 est,
1989 1740 2307 1810 perﬁcietur,
2340 1751 2396 1796 ut
2425 1757 2527 1796 non
2559 1741 2700 1798 dicat
2724 1744 2884 1799 homo
2902 1749 3141 1815 proximo
3168 1765 3285 1816 suo,
3316 1752 3416 1806 Co-

1854 1848 2035 1900 gnosce
2076 1830 2350 1885 Dominum
2381 1848 2588 1888 :omnes
2611 1836 2739 1888 enim
2782 1848 3077 1905 cognoscent
3120 1856 3251 1906 eum,
3300 1842 3429 1897 sicut

1855 1923 2100 1989 scriptum
2128 1931 2219 1988 est,
2270 1939 2301 1974 a
2328 1923 2519 1977 minore
2546 1941 2700 1995 usque
2752 1926 2819 1978 ad
2848 1930 3088 1998 majorem
3117 1948 3285 1984 eorum
3307 1932 3425 2003 (Je-

1856 2026 1977 2064 rem.
2007 2027 2155 2076 χχχι,
2184 2010 2294 2083 54).
2314 2012 2770 2069 Etsollicitissime
2798 2018 3089 2071 cavendum
3129 2029 3209 2074 est
3244 2022 3295 2075 in
3327 2023 3425 2077 do-

1858 2101 2027 2155 cendo
2047 2103 2305 2171 superbiae
2331 2103 2533 2170 vitium,
2556 2105 2695 2174 quod
2729 2107 2782 2161 in
2808 2106 3058 2164 discendo
3096 2126 3202 2166 non
3236 2112 3304 2167 ita
3326 2125 3426 2169 est.

1858 2192 2010 2247 Unde
2053 2203 2107 2248 et
2144 2204 2325 2248 sancta
2363 2194 2629 2265 Scriptura
2659 2213 2757 2253 nos
2786 2200 3055 2266 admonet,
3086 2202 3268 2258 dicens
3301 2224 3313 2258 :
3347 2206 3431 2261 Sit

1860 2286 2021 2338 omnis
2051 2286 2198 2339 homo
2224 2285 2368 2339 velox
2401 2286 2469 2339 ad
2496 2287 2820 2357 audiendum,
2870 2293 3044 2347 tardus
3071 2305 3234 2349 autent
3260 2297 3327 2349 ad
3350 2298 3429 2351 lo-

1860 2376 2111 2447 quendum
2141 2376 2339 2449 (Jacobi
2360 2379 2501 2450 1,19)
2532 2398 2543 2431 :
2569 2390 2622 2434 et
2652 2381 2739 2435 ille
2790 2382 2841 2436 in
2870 2383 3081 2438 Psalmo
3107 2387 3199 2451 ait,
3226 2387 3435 2442 Auditui

1862 2486 1970 2523 meo
1989 2469 2128 2524 dabis
2154 2471 2530 2525 exsultationem
2551 2484 2596 2526 et
2616 2473 2863 2537 ltetitiam;
2880 2477 3233 2547 continuoque
3254 2480 3434 2548 subje-

1864 2561 1954 2627 cit,
1983 2562 2045 2615 Et
2083 2562 2399 2617 exsultabant
2422 2581 2533 2619 ossa
2570 2567 2833 2619 humiliata
2862 2567 3033 2637 (Psal.
3062 2587 3112 2635 1.,
3154 2571 3262 2642 10).
3295 2572 3439 2629 Vidit

1865 2654 2004 2708 enim
2035 2655 2085 2708 in
2112 2655 2371 2709 audiendo
2403 2656 2646 2711 facillime
2680 2660 2879 2713 servari
2909 2660 3277 2729 humilitatem,
3321 2681 3440 2735 qua:

1867 2746 2094 2801 difﬁcilis
2134 2756 2213 2801 est
2239 2747 2289 2800 iu
2319 2747 2586 2815 docendo;
2615 2753 2860 2820 quoniam
2910 2769 3129 2809 necesse
3158 2765 3238 2810 est
3258 2766 3314 2810 ut
3341 2757 3438 2812 do-

1869 2846 1984 2891 ctor
2010 2836 2199 2892 habeat
2227 2840 2553 2907 superiorem
2574 2841 2874 2910 locum,ubi
2899 2844 3219 2901 laboriosum
3241 2856 3321 2902 est
3347 2849 3442 2903 ob-

1878 2930 2042 2984 tinere
2069 2945 2136 2984 ne
2162 2931 2409 3000 subrepat
2433 2932 2611 2986 elatio.

1941 3024 1993 3077 5.
2037 3022 2264 3078 Videsne
2292 3025 2732 3093 quemadmodum
2783 3028 3139 3096 periclitemur
3167 3045 3196 3083 a
3239 3031 3427 3100 quibus

1874 3113 1973 3167 hoc
1995 3123 2347 3182 exspectatur,
2368 3125 2424 3169 ut
2450 3132 2554 3169 non
2582 3117 2749 3171 solum
2778 3118 3021 3173 doctores
3046 3122 3229 3185 simus,
3259 3138 3442 3178 verum

1874 3207 2031 3260 etiam
2058 3221 2175 3260 cum
2203 3207 2366 3262 simus
2392 3208 2654 3275 homines,
2683 3210 2855 3264 divina
2886 3210 3211 3267 doceamus?
3240 3214 3343 3269 Sed
3366 3216 3444 3270 la-

1874 3296 2057 3351 borum
2081 3299 2538 3368 periculorumque
2568 3310 2868 3356 nostrorum
2892 3304 3155 3372 singulare
3196 3316 3278 3362 est
3308 3309 3446 3361 sola-

1876 3391 2028 3456 tium,
2061 3406 2178 3445 cum
2205 3391 2275 3445 ita
2297 3392 2571 3461 proﬁcitis,
2602 3403 2660 3447 ut
2680 3394 2769 3448 illo
2791 3397 3108 3463 pervenistis
3137 3399 3221 3453 ubi
3254 3400 3446 3455 nullius

1875 3481 2103 3536 hominis
2128 3483 2358 3538 doctoris
2377 3487 2592 3554 egentis.
2621 3485 2725 3540 Isto
2745 3498 2918 3541 autem
2948 3488 3182 3557 periculo
3207 3506 3308 3544 non
3332 3499 3446 3545 tan-

1876 3581 1987 3627 tum
2018 3588 2146 3633 nos;
2180 3589 2301 3628 nam
2340 3574 2406 3629 ad
2446 3576 2591 3628 illum
2635 3576 2701 3630 de
2730 3593 2832 3647 quo
2871 3577 3106 3632 dicturus
3152 3594 3290 3647 sum,
3322 3582 3449 3651 quid

1877 3678 2058 3719 sumus
2088 3666 2226 3720 nos?
2252 3681 2354 3719 non
2381 3680 2506 3734 ergo
2542 3680 2639 3720 nos
2677 3676 2875 3721 tantum
2917 3668 3150 3737 periculo
3190 3671 3308 3735 isto,
3355 3672 3450 3726 sed

1878 3756 2033 3809 etiam
2061 3756 2149 3811 ille
2179 3756 2372 3811 Doctor
2400 3757 2643 3811 Gentium
2668 3758 3014 3828 periclitatum
3059 3776 3116 3815 se
3141 3777 3258 3817 esse
3288 3770 3450 3816 testa-

1879 3853 1982 3911 tur,
2006 3862 2123 3899 cum
2159 3847 2285 3900 dicit
2314 3866 2326 3900 :
2359 3846 2411 3899 Ν
2415 3866 2441 3901 e
2478 3850 2821 3919 magnitudine
2844 3854 3199 3906 revelationum
3228 3871 3452 3908 mearum

1879 3936 2110 3999 extollar,
2140 3937 2287 3989 datus
2330 3946 2398 3989 est
2420 3940 2541 3989 mihi
2594 3941 2823 3993 stimulus
2849 3944 3015 3995 carnis
3069 3943 3153 4012 (ll
3182 3943 3295 3997 Cor.
3352 3962 3447 4013 xu,

1883 4025 1939 4095 7)
1987 4034 2087 4080 etc.
2118 4025 2270 4081 Unde
2299 4037 2350 4081 et
2396 4029 2507 4095 ipse
2531 4029 2800 4095 Dominus,
2834 4033 3087 4085 tumoris‘
3107 4033 3261 4101 hujus
3282 4035 3452 4089 admi—

1881 4117 2063 4171 rabilis
2092 4117 2345 4183 medicus,
2390 4117 2584 4183 Nolite,
2625 4119 2811 4189 inquit,
2861 4122 2923 4174 ab
2959 4122 3239 4177 hominibus
3287 4127 3453 4179 vocari

1882 4206 2043 4259 Rabbi
2060 4226 2079 4272 ;
2106 4225 2235 4261 unus
2258 4220 2330 4261 est
2364 4211 2494 4262 enim
2524 4211 2756 4279 magister
2783 4221 2939 4265 vester
2972 4211 3198 4267 Christus
3241 4213 3450 4276 (Matth.

1885 4315 2036 4365 χχιιι,
2054 4298 2107 4371 8)
2141 4318 2153 4352 :
2179 4301 2318 4370 quod
2350 4302 2582 4357 retinens
2604 4302 2742 4357 idem
2764 4304 2875 4371 ipse
2897 4305 3344 4361 DoctorGentium
3370 4324 3452 4362 at-

1884 4392 1973 4454 cit,
2007 4390 2180 4462 Neque
2196 4392 2487 4462 quiplantat
2511 4403 2584 4447 est
2617 4394 2827 4463 aliquid,
2868 4412 3021 4466 neque
3048 4398 3133 4466 qui
3160 4400 3331 4470 rigat;
3367 4402 3455 4454 sed

1883 4484 1970 4554 qui
1995 4484 2352 4537 incrementum
2403 4485 2489 4537 dat
2530 4484 2664 4538 Deus
2698 4482 2739 4557 (Ι
2759 4484 2877 4544 Cor.
2922 4504 2996 4553 Ill,
3028 4488 3105 4561 7).
3129 4489 3239 4544 Hoc
3287 4499 3340 4545 et
3370 4492 3457 4547 ille

1885 4574 2125 4628 meminit
2172 4575 2260 4644 qui
2311 4575 2365 4628 in
2391 4576 2527 4629 natis
2554 4577 2832 4631 mulierum
2858 4587 3055 4648 quanto
3097 4595 3314 4648 magnus
3340 4590 3458 4635 erat

1887 4662 2106 4735 (Matth.
2155 4680 2246 4728 χι,
2302 4664 2439 4733 11),
2491 4674 2634 4719 tanto
2674 4682 2731 4720 se
2772 4667 2824 4721 in
2864 4668 3105 4721 omnibus
3150 4668 3459 4724 humiliabat

1887 4752 2071 4824 (Eccli.
2094 4759 2168 4820 ui,
2194 4754 2305 4823 20),
2335 4753 2603 4824 indignum
2634 4771 2691 4811 se
2726 4756 2993 4810 afﬁrmans
3018 4758 3105 4825 qui
3132 4758 3323 4813 Christi
3347 4761 3455 4814 cal-

1886 4855 2157 4901 ceameuta
2175 4856 2407 4915 portaret
2427 4847 2572 4919 (Luc.
2592 4850 2668 4915 ιιι,
2688 4848 2795 4919 16).
2813 4847 2949 4914 Quid
2966 4850 3104 4902 enim
3125 4850 3264 4904 aliud
3288 4860 3458 4906 osten-

1886 4936 1963 4991 dit
1992 4938 2076 4991 ubi
2107 4940 2205 4991 ait:
2230 4938 2330 5003 Qui
2350 4939 2494 4992 habet
2513 4956 2765 5009 sponsam,
2785 4955 2995 5010 sponsus
3024 4942 3335 5004 est;amicus
3360 4958 3457 4995 au-

1890 5040 1985 5083 tem
2009 5032 2181 5101 sponsi
2220 5040 2317 5084 stat
2350 5041 2398 5084 et
2423 5032 2563 5085 audit
2589 5048 2721 5097 eum,
2768 5041 2812 5085 et
2839 5032 3025 5102 gaudio
3048 5034 3229 5103 gaudet
3253 5044 3459 5105 propter

1888 5139 2051 5176 vocem
2068 5124 2237 5194 sponsi
2263 5123 2438 5193 (Joan.
2494 5124 2567 5189 tu,
2598 5122 2729 5192 9.9)?
2757 5121 2853 5176 Hic
2869 5132 2950 5177 est
2998 5124 3084 5178 ille
3130 5123 3359 5187 auditus,
3392 5125 3460 5179 de

1889 5231 1995 5284 quo
2046 5217 2199 5285 paulo
2245 5226 2369 5269 ante
2408 5217 2814 5269 commemoravi
2846 5214 2898 5269 in
2948 5216 3157 5271 Psalmo
3185 5218 3409 5287 positum
3441 5235 3455 5271 :

1891 5307 2098 5361 Auditui
2121 5325 2227 5361 meo
2248 5308 2387 5361 dabis
2410 5308 2789 5363 exsultationem
2804 5319 2850 5363 et
2894 5310 3138 5376 Iustitiam,
3163 5320 3209 5364 et
3234 5309 3459 5364 exsulta-

1889 5399 2010 5453 bunt
2035 5416 2149 5454 ossa
2179 5400 2462 5453 humiliata.

1960 5494 2015 5547 4.
2054 5491 2281 5547 Proinde
2310 5499 2458 5546 tanto
2482 5506 2569 5547 me
2594 5493 2818 5561 certius,
2852 5500 2999 5549 tanto
3025 5492 3241 5547 solidius
3267 5535 3281 5559 ,
3311 5502 3461 5549 tanto

1889 5694 1907 5739 ι
1954 5628 1971 5658 ι
1996 5633 2125 5696 Lo_v.,
2149 5625 2347 5677 timoris.
2385 5625 2477 5676 Sed
2513 5624 2687 5676 melius
2708 5625 2815 5676 Bad.
2841 5634 2939 5675 Am.
2964 5632 3036 5675 Er.
3063 5633 3115 5677 et
3141 5631 3248 5675 Mss.
3275 5622 3460 5689 plures,

1910 5701 2102 5739 umoris.

1910 5701 2102 5739 umoris.
