4024 6426
171 384 325 442 Hi5

171 513 300 555 cum
346 495 657 568 gravitate,
682 496 952 559 suavitas,
999 509 1119 551 cum
1167 493 1369 568 pudore
1409 491 1667 568 sapientia
1709 512 1729 568 εΔ
1755 495 1825 550 sit

173 577 324 626 certa
352 565 554 638 'atque
604 567 814 622 librata
856 568 1042 638 suique
1089 566 1489 638 opportunitate
1525 565 1821 638 gratissima

176 639 382 696 silentii
427 635 717 706 verbique
754 639 915 693 ratio.
943 635 1051 693 Nec
1083 635 1311 707 unquam
1351 635 1566 690 omnino
1605 635 1824 707 virginis

176 726 240 767 os
263 711 555 779 loquatur,
583 717 652 762 ιιι
679 710 921 764 tacuisse
945 707 1137 763 melius
1173 706 1260 762 Sit.
1297 707 1428 779 Cum
1471 706 1665 779 ingenti
1693 721 1823 779 cau-

178 777 554 838 tione-debet
596 779 787 850 loqui,
819 781 904 834 cui
943 795 1047 834 non
1088 779 1256 833 solum
1300 778 1488 843 malus,
1529 778 1622 832 sed
1662 777 1825 833 etiam

179 853 395 908 otiosus
427 866 630 906 sermo
657 850 920 906 vitandus
942 859 1044 906 est.

250 921 498 978 CAPUT
551 921 691 976 XX.
736 951 815 963 —
855 922 1070 977 Summa
1113 920 1205 975 tibi
1245 919 1462 976 scientia
1504 919 1592 985 sit,
1637 918 1823 974 notitia

182 1009 421 1058 summa,
446 994 585 1048 vitia
615 994 965 1062 virtutesque
989 992 1311 1061 distinguere
1337 1008 1348 1043 :
1377 1006 1497 1060 qua:
1519 1005 1820 1062 quanquam

181 1080 404 1134 semper
430 1065 732 1118 contraria
770 1061 1033 1129 sibi'sint,
1061 1064 1233 1132 aliqua
1262 1073 1434 1134 tamen
1467 1077 1537 1134 ex‘
1563 1061 1640 1114 eis
1678 1069 1822 1134 tanta

180 1131 494 1209 junguntur
513 1134 913 1209 similitudine,
934 1144 991 1209 ut
1010 1131 1236 1209 discerni
1258 1133 1476 1209 omnino
1493 1131 1575 1186 vix
1598 1133 1818 1209 possint.

182 1203 362 1274 Qua'm
407 1206 578 1260 multi
624 1206 779 1260 enim
817 1206 1117 1274 superbiam
1149 1203 1404 1257 libertatis
1440 1203 1570 1274 loco
1600 1203 1818 1268 ducunt,

185 1273 567 1333 adulationem
597 1292 713 1348 pro
741 1273 1038 1348 humilitate
1066 1275 1383 1348 suscipiunt,
1411 1273 1662 1348 malitiam
1681 1289 1822 1348 _pl‘ll-

186 1348 387 1404 denti-ae
439 1341 864 1416 ainplectiintur
906 1347 1041 1412 vice,
1089 1355 1142 1399 et
1189 1341 1424 1399 stultitia:
1467 1341 1822 1416 simplicitatis

186 1435 386 1473 nomen
438 1415 780 1487 imponunt,
823 1426 982 1485 atque
1021 1416 1190 1471 fallaci
1231 1432 1294 1469 ac
1341 1415 1586 1487 pessima
1612 1416 1819 1484 decepti

189 1485 588 1553 similitudine,
615 1489 769 1542 vitiis
792 1504 887 1558 pro
905 1488 1187 1542 virtutibus
1207 1485 1539 1558 gloriantur?
1563 1486 1626 1558 Et
1645 1501 1817 1555 quan-

189 1577 348 1631 quam
386 1563 512 1613 liaac
539 1563 734 1614 omnia
767 1556 1109 1614 subtilissima
1139 1556 1705 1631 intelligo"l‘ia_debeas
1730 1573 1817 1631 se-

187 1626 403 1701 parare,
427 1641 782 1700 cunctasque
802 1630 1023 1684 virtutes
1042 1644 1161 1682 cum
1183 1631 1293 1701 suis
1312 1627 1464 1682 lineis
1487 1626 1819 1701 insequendo

187 1698 456 1772 nusquam
497 1698 739 1772 prorsus
773 1701 1098 1762 abscedere;
1131 1700 1394 1771 prieripue
1427 1708 1598 1752 tamen
1645 1698 1817 1752 fictam

188 1769 560 1827 humilitatem
585 1769 829 1841 fugiens,
855 1772 996 1825 illam
1023 1769 1228 1825 sectare
1248 1783 1365 1840 qua:
1387 1785 1513 1841 vera
1531 1779 1631 1833 est,
1658 1784 1814 1841 quam

189 1841 447 1898 Christus
472 1840 678 1896 docuit
711 1841 1095 1908 humilitatem,
1125 1843 1176 1894 in
1215 1857 1315 1909 qua
1343 1856 1444 1893 non
1477 1840 1543 1892 sit
1572 1840 1816 1906 superbia

193 1914 422 1970 inclusa.
454 1914 613 1968 Multi
648 1913 794 1967 enim
825 1913 980 1980 hujus
1009 1912 1217 1966 virtutis
1243 1911 1502 1975 umbram,
1533 1912 1814 1965 veritatem

192 1985 310 2053 ejus
367 1993 695 2056 sequuntur
742 1983 912 2052 pauci.
961 1982 1214 2056 Perfacile
1263 1991 1347 2036 est
1393 1983 1532 2056 enim
1575 1981 1814 2056 aliquem

191 2051 399 2110 vestem
431 2051 650 2110 habere
679 2051 1056 2124 contemptam,
1086 2054 1314 2108 salutare
1341 2051 1674 2117 submissius,
1705 2066 1820 2124 ma-

197 2141 298 2180 nus
336 2136 394 2181 et
434 2142 630 2198 gentia
669 2123 1280 2198 deosciilari,_inclinato
1319 2124 1368 2176 in
1411 2132 1603 2176 terram
1644 2123 1814 2198 capite

195 2191 479 2266 oculisque
537 2196 772 2263 dejectis
829 2195 1179 2249 humilitatem
1235 2208 1299 2248 ac
1354 2191 1813 2266 n'iaiisiieitidiuem

197 2263 467 2338 polliceri,
516 2267 669 2338 lenta
717 2282 845 2320 voce
887 2266 1138 2334 tenuique
1182 2279 1456 2338 sermones
1505 2263 1812 2332 infringere,

201 2335 479 2407 suspirare
506 2337 782 2402 crebrius,
807 2347 859 2392 et
879 2339 943 2390 ad
968 2351 1125 2390 omne
1151 2335 1367 2407 verbum
1399 2342 1728 2407 peccator-ein
1753 2350 1815 2388 ac

199 2404 462 2463 miserum
500 2423 565 2463 se
596 2409 831 2461 clamare
857 2425 873 2473 ;
901 2418 955 2462 et
988 2408 1031 2460 si
1062 2408 1139 2460 vel
1175 2405 1275 2459 levi
1303 2420 1550 2459 sermone
1580 2404 1814 2458 offensus

201 2479 290 2543 sit,
319 2481 591 2534 continuo
631 2479 874 2532 attollere
915 2477 1282 2547 supercilium,
1312 2476 1488 2531 levare
1528 2477 1810 2543 cervicem,

202 2560 256 2604 et
283 2551 586 2606 delicatum
617 2549 762 2602 illum
789 2552 898 2603 oris
924 2564 1110 2601 sonum
1138 2549 1320 2601 insano
1343 2557 1560 2615 repente
1582 2547 1814 2600 clamore

203 2630 437 2676 mutare.
471 2621 658 2674 Aliam
689 2635 784 2673 nos
816 2620 1163 2672 humilitatem
1191 2619 1434 2670 Christus
1470 2617 1683 2680 docuit,
1723 2618 1814 2686 qui

205 2705 302 2744 nos
338 2693 406 2746 ad
447 2691 765 2759 exemplum
801 2706 954 2744 suum
994 2690 1253 2747 hortatur,
1300 2690 1514 2759 dicens,
1561 2687 1746 2759 Discite
1782 2705 1816 2740 a

203 2777 298 2823 me,
323 2763 450 2829 quia
476 2757 632 2814 mitis
648 2778 779 2824 sum,
807 2770 854 2814 et
889 2760 1094 2812 humilis
1124 2759 1274 2812 corde
1305 2760 1321 2828 (
1351 2758 1534 2811 Matth.
1574 2774 1649 2821 in,
1677 2757 1747 2812 29
1767 2758 1809 2828 ).

202 2831 302 2899 Qui
338 2849 465 2887 cum
499 2831 935 2898 malediceretur,
963 2845 1072 2884 non
1103 2829 1482 2892 maledicehat;
1511 2845 1631 2883 cum
1662 2840 1812 2898 pate-

204 2913 373 2972 retur,
404 2918 520 2957 non
546 2901 975 2956 comminabatur
1005 2901 1048 2972 (ι
1079 2899 1219 2972 Petr.
1243 2917 1299 2966 ii,
1323 2899 1436 2972 2.3).
1461 2900 1636 2972 Quam
1659 2900 1812 2972 nobis

207 2971 576 3028 humilitatem
606 2973 793 3027 beatus
821 2970 1269 3027 Petrus—insinuat
1295 2991 1307 3025 :
1342 2970 1709 3030 Misericordes,
1736 2971 1815 3022 iti-

211 3045 354 3115 quit,
384 3055 433 3099 et
465 3044 719 3108 humiles,
759 3059 858 3097 non
898 3045 1161 3115 reddeutes
1190 3041 1382 3115 malum
1409 3041 1692 3115 propatulo,
1726 3056 1814 3094 nec

211 3111 544 3188 maledictum
584 3131 674 3182 pro
708 3115 971 3188 maledicto
1002 3113 1130 3188 (Id.
1165 3129 1239 3176 ni,
1271 3114 1323 3188 Β,
1355 3117 1386 3165 il
1409 3111 1450 3188 )A.
1493 3111 1815 3188 _Aiiferaiitur

211 3187 393 3241 omnia
423 3187 677 3253 ligmenta
709 3184 1022 3252 verborum,
1037 3193 1248 3238 cessent
1277 3184 1511 3238 simulati
1537 3191 1736 3252 gestus,
1761 3191 1816 3235 ct

214 3266 338 3311 ante
382 3271 614 3311 occasm-
639 3271 723 3310 em
771 3270 950 3310 sermo
996 3254 1253 3325 placidus.
1307 3255 1497 3308 Verum
1558 3253 1810 3307 humilem

214 3328 476 3394 patientia
527 3325 757 3380 ostendit
803 3324 1028 3395 injuriae.
1079 3324 1265 3379 Nullus
1307 3340 1433 3393 ergo
1482 3339 1711 3393 unquam
1761 3326 1812 3377 iii

214 3408 399 3452 mente
426 3406 519 3451 tua
550 3400 706 3451 ullius
733 3397 802 3451 sit
825 3397 935 3450 vitii
968 3398 1156 3459 locus;
1187 3395 1316 3449 nihil
1347 3396 1396 3448 in
1428 3407 1478 3450 te
1503 3395 1810 3466 superbum,

217 3467 344 3521 nihil
379 3483 660 3538 arrogans,
685 3467 814 3538 nihil
832 3467 1062 3537 denique
1092 3467 1448 3538 fastidiosum.
1467 3465 1617 3538 Apud
1648 3465 1812 3538 Deum

215 3551 322 3592 non
352 3547 437 3592 est
468 3535 754 3608 quidquam
785 3535 1079 3594 humilitate
1109 3537 1405 3592 sublimius.
1433 3535 1550 3606 Ipse
1581 3537 1815 3608 loquitur

214 3623 310 3676 per
344 3607 661 3680 prophetam
681 3651 694 3673 ,
723 3609 891 3680 Super
915 3627 1061 3680 quem
1086 3609 1239 3662 alium
1271 3609 1531 3678 respiciam
1552 3650 1566 3672 ,
1596 3607 1691 3659 uisi
1729 3623 1813 3680 δατ

216 3694 307 3747 per
327 3679 571 3733 humilem
601 3695 648 3732 et
672 3679 889 3742 quietum
912 3679 933 3743 ,
963 3691 1008 3733 ct
1033 3688 1320 3733 trementem
1352 3695 1602 3732 sermones
1637 3679 1814 3732 meos?

218 3747 396 3818 (Isai.
423 3763 572 3820 vai,
605 3749 659 3801 2.
685 3749 704 3820 )
734 3759 787 3803 et
811 3767 1081 3818 nunquam
1114 3751 1163 3802 in
1194 3751 1325 3803 iram
1357 3749 1668 3804 exardescat
1694 3749 1812 3801 ani-

216 3817 362 3879 mus,
387 3817 531 3883 quod
555 3828 636 3870 est
664 3817 1004 3872 seminarium
1037 3819 1162 3872 odii.
1187 3820 1386 3872 Tantus
1409 3829 1640 3873 mentem
1667 3827 1812 3873 tuam

216 3887 429 3954 repleat
461 3886 618 3940 timor
659 3888 770 3952 Ι)ι·ί,
800 3899 856 3938 ιιι
896 3889 1152 3955 indignari
1194 3888 1412 3941 omnino
1445 3905 1548 3942 non
1591 3891 1807 3955 audeas,

215 3966 272 4011 et
301 3958 434 4010 iram
464 3967 610 4011 metu
644 3957 843 4011 vincas.
873 3958 1067 4011 Beatus
1095 3958 1382 4025 Apostolus
1410 3959 1670 4012 inundans
1695 3959 1811 4011 ani-

221 4043 363 4081 mam
388 4037 647 4092 nustrain,
668 4043 892 4098 eantque
917 4029 967 4081 iii
991 4027 1343 4080 habitaculum
1371 4028 1462 4080 Dei
1488 4043 1575 4096 pri
1597 4041 1808 4094 parans,

219 4099 419 4154 clamat
443 4107 495 4151 et
525 4099 652 4152 dicit
675 4117 686 4149 :
721 4095 896 4153 Omnis
926 4099 1230 4160 amaritudo,
1255 4107 1297 4150 et
1319 4098 1417 4161 ira,
1441 4108 1485 4150 et
1508 4099 1806 4166 indignatio,

222 4179 264 4220 et
290 4169 503 4234 clamor,
527 4180 573 4224 et
591 4168 900 4235 blasphemia
923 4175 1184 4239 auferatur
1202 4187 1232 4221 a
1252 4168 1388 4222 vobis
1407 4185 1518 4222 cum
1541 4169 1675 4221 omni
1697 4185 1812 4221 ma-

226 4240 332 4292 litia
355 4239 567 4310 (I'Iphes.
597 4256 668 4300 tv.
693 4241 752 4295 51

294 4309 521 4366 CAPUT
552 4310 692 4366 XXI.
715 4341 784 4351 ——
809 4312 1128 4366 Adulatores
1159 4321 1216 4364 ut
1238 4310 1480 4365 inimicos
1510 4325 1657 4376 cave,
1681 4326 1812 4379 quo-

229 4396 344 4452 rum
368 4397 646 4436 sermones
667 4398 827 4451 super
848 4384 1021 4435 oleum
1045 4381 1252 4446 molles,
1276 4391 1329 4435 et
1350 4382 1448 4452 ipsi
1469 4391 1591 4435 sunt
1612 4382 1807 4449 jacula.

230 4450 588 4521 Corrumpunt
638 4450 772 4507 fictis
820 4453 1058 4506 laudibus
1104 4454 1247 4507 leves
1295 4450 1532 4516 animas,
1574 4462 1627 4507 et
1673 4454 1809 4507 male

228 4523 453 4592 credulis
500 4525 765 4577 mentibus
805 4524 1052 4577 blandum
1095 4524 1283 4578 vulnus
1330 4523 1587 4592 infligunt.
1630 4522 1811 4588 Crevit

228 4589 327 4646 hoc
368 4595 418 4646 iii
467 4604 645 4648 nostra
686 4604 840 4648 ιιξιειιθ
869 4597 1085 4660 vitium,
1116 4603 1169 4648 et
1199 4595 1248 4647 iii
1283 4589 1466 4647 ultimo
1497 4595 1599 4648 line
1627 4595 1804 4661 stetit,

229 4677 324 4717 nec
356 4664 469 4732 jam
499 4667 676 4734 augeri
715 4673 907 4734 potest.
950 4666 1002 4718 In
1046 4665 1181 4718 hanc
1216 4681 1406 4720 omnes
1435 4679 1531 4718 nos
1569 4665 1806 4718 scholam

228 4735 562 4804 studiumque
596 4736 861 4802 dedimus,
894 4745 949 4789 ut
978 4735 1209 4789 oflieium
1255 4745 1498 4804 putemus
1546 4735 1800 4797 illudere;

229 4809 466 4874 quodque
488 4807 588 4875 ipsi
611 4807 678 4860 ab
703 4807 820 4860 aliis
850 4808 1072 4862 libenter
1099 4807 1406 4874 accipimus,
1435 4806 1483 4859 id
1511 4806 1629 4859 aliis
1655 4808 1806 4875 quasi

232 4877 490 4943 quoddam
522 4891 714 4930 munus
737 4877 1040 4942 offerimus,
1067 4886 1120 4930 et
1149 4892 1243 4946 spe
1270 4877 1586 4946 recipiendie
1613 4877 1802 4942 laudis,

228 4960 312 5000 cos
337 4963 365 5000 a
395 4947 589 5016 quibus
630 4947 833 5002 laudari
870 4948 1134 5013 volumus,
1163 4958 1286 5002 ante
1326 4947 1620 5001 laudamus.
1651 4947 1805 5015 Siepe

230 5017 550 5071 adulantium
577 5019 870 5073 resistimus
897 5019 1076 5074 verbis
1099 5019 1165 5073 ad
1196 5017 1413 5083 faciem,
1437 5027 1488 5072 et
1517 5019 1566 5070 in
1596 5029 1805 5072 secreto

231 5089 418 5158 mentis
458 5087 728 5152 favemus,
761 5091 1159 5158 maximumque
1205 5089 1429 5142 fructum
1473 5087 1679 5156 cepisse
1708 5104 1806 5143 nos

229 5157 482 5222 ducimus,
509 5159 552 5212 si
581 5160 662 5213 vel
692 5161 826 5214 lictis
855 5157 1095 5214 laudibus
1126 5160 1495 5228 prardicamur.
1521 5158 1627 5213 Nec
1657 5160 1803 5228 cogi-

232 5236 399 5300 tamus
419 5229 544 5298 quid
570 5230 666 5300 ipsi
694 5232 881 5296 simus,
904 5230 998 5285 sed
1020 5231 1143 5300 quid
1165 5233 1347 5284 alteris
1368 5245 1487 5283 esse
1508 5230 1799 5283 videamur.

234 5295 469 5371 Undereo
493 5295 741 5368 pet-dueta
763 5317 850 5354 res
869 5295 980 5364 est,
1010 5295 1066 5354 u't
1095 5302 1332 5371 negleCIa
1361 5301 1582 5354 veritate
1605 5301 1800 5362 meriti,

231 5367 289 5424 de
314 5370 427 5424 sola
451 5367 703 5440 opinione
729 5387 974 5425 curemus
993 5414 1008 5437 ,
1040 5373 1129 5440 qui
1161 5367 1520 5426 testiinonium
1549 5372 1670 5423 vita:
1704 5388 1802 5423 tio-

229 5448 348 5510 stra:
379 5458 482 5495 non
509 5457 538 5494 a
564 5444 886 5496 conscientia
919 5451 1127 5502 nostra,
1168 5443 1262 5496 sed
1303 5458 1331 5493 a
1374 5440 1510 5494 fama
1553 5443 1800 5510 petimus.

230 5507 384 5565 Beata
414 5527 566 5566 mens
590 5520 704 5577 est,
733 5529 850 5582 quae
881 5511 1114 5582 perfeCIe
1142 5512 1242 5566 hoc
1269 5513 1449 5566 vitium
1484 5507 1672 5578 vincit,
1707 5527 1806 5567 nec

230 5582 467 5654 adulatur
492 5583 794 5652 aliquando,
820 5600 915 5638 nec
943 5583 1176 5638 adulanti
1203 5583 1406 5648 credit;
1435 5598 1678 5654 qumrticc
1704 5585 1802 5638 de-

229 5652 350 5724 cipit
376 5655 620 5720 alterum,
656 5669 753 5709 nec
782 5654 888 5724 ipsa
921 5654 1198 5723 decipitur,
1227 5652 1537 5724 tantumque
1565 5653 1664 5708 hoc
1687 5670 1799 5708 ma-

227 5719 330 5777 luin
361 5739 461 5779 nec
492 5719 615 5780 facit
642 5719 925 5795 aliquando
953 5719 1056 5779 nec
1081 5727 1295 5794 patitur.
1319 5719 1466 5779 Nihil
1491 5740 1720 5794 unquam
1751 5727 1803 5780 in

228 5801 275 5847 te
311 5795 491 5851 ﬂctum
533 5798 636 5864 sit,
683 5796 810 5851 nihil
860 5797 1077 5850 omnino
1122 5797 1372 5850 fucatam.
1407 5795 1802 5852 Conscientiam

228 5870 403 5936 tuam,
443 5882 562 5938 quin
606 5879 753 5924 certe
783 5867 892 5923 Deo
923 5882 1136 5940 semper
1166 5877 1339 5939 patet,
1373 5867 1423 5921 in
1464 5869 1800 5924 multitudine

1681 380 2050 439 APPENDIX.

3379 387 3523 454 ιιιι

1934 494 2132 575 versari
2168 500 2319 575 puta.
2355 492 2810 575 {itinquamaliud
2836 497 3000 575 corde
3020 539 3037 565 ,
3066 498 3208 575 aliud
3235 517 3330 575 ore
3353 518 3509 575 prie-

1934 508 2132 549 versari
2211 508 2319 548 uia.
2355 508 2638 564 nunquam
2664 508 2810 553 aliud
2836 508 3000 555 corde
3020 539 3037 565 ,
3066 508 3208 558 aliud
3235 517 3330 561 ore
3366 518 3506 575 prae-

1934 565 2138 646 tendas.
2160 508 2422 636 Quidquid
2450 568 2613 646 pudet
2633 567 2831 646 dicere,
2857 569 3051 640 pudeat
3067 571 3228 646 etiam
3249 567 3506 646 c‘ogitare.

1932 634 2063 690 Illud
2091 651 2223 712 vero
2247 634 2428 691 notum
2451 634 2840 712 jamomuibus
2858 634 3025 710 atque
3049 634 3371 712 divulgatniii
3401 655 3505 712 est,

1930 722 2087 783 quam
2115 708 2258 762 utilis
2278 723 2540 783 quamque
2571 709 2699 783 huic
2718 708 2988 779 proposito
3009 708 3307 769 necessaria
3329 726 3410 770 est
3426 708 3512 783 je-

1925 777 2194 851 juniorum
2221 787 2274 832 et
2299 777 2633 834 abstinentia:
2653 777 2850 847 virtus,
2878 783 3114 838 maxime
3139 783 3194 838 in
3226 783 3309 839 his
3334 777 3506 851 antiis,

1930 847 1984 928 in
2013 849 2204 916 quibus
2236 851 2444 919 corpori
2476 854 2828 928 inajoraistus
2853 853 3012 928 inest.
3038 853 3154 908 Non
3181 847 3504 928 manducare

1932 921 2107 993 itaque
2134 935 2376 984 carnem,
2395 936 2579 993 neque
2609 921 2788 977 bibere
2817 922 2997 977 viuum
3017 965 3032 990 ,
3060 926 3348 993 apostolica
3378 941 3509 982 voce

1929 989 2194 1044 laudatum
2238 998 2338 1045 est.
2379 989 2644 1065 Quidquid
2690 993 2819 1047 illud
2867 1003 2948 1047 est
2991 989 3132 1065 quod
3180 995 3513 1053 inflammare

1929 1070 2370 1136 Corpuspotcst,
2417 1064 2557 1136 quod
2604 1062 2913 1136 fomentum
2942 1062 3173 1136 suggerit
3216 1067 3506 1136 voluptati,

1929 1132 2184 1208 castitatis
2212 1147 2393 1208 amore
2422 1132 2722 1208 fugiendum
2745 1145 2844 1208 est.
2869 1133 2978 1190 Nec
3008 1132 3282 1208 tainenita
3315 1132 3510 1208 magno

1929 1199 2084 1278 hujus
2110 1203 2186 1256 rei
2216 1202 2398 1258 labore
2421 1199 2629 1278 gravari
2662 1214 2712 1259 te
2735 1205 2979 1278 volumus
2999 1247 3014 1271 ,
3043 1216 3095 1260 ut
3121 1206 3222 1278 sub
3251 1208 3366 1278 ipso
3395 1199 3508 1262 sta-

1875 1323 1879 1327 .
1928 1272 2020 1346 tim
2061 1287 2225 1328 onere
2267 1275 2580 1346 succumbas
2608 1292 2621 1328 :
2653 1290 2750 1346 per
2785 1275 2926 1345 quod
2966 1278 3148 1344 multi,
3175 1272 3300 1332 dum
3343 1278 3508 1333 nimio

1927 1339 2135 1417 fervore
2157 1345 2346 1417 mentis
2373 1346 2630 1400 rationem
2651 1339 2865 1401 suarum
2887 1347 3076 1417 viritim
3101 1339 3206 1403 non
3223 1349 3504 1417 haberent,

1925 1413 2102 1490 subito
2127 1414 2506 1490 conciderunt,
2544 1426 2598 1490 et
2627 1432 2760 1486 pene
2796 1429 2919 1472 ante
2956 1416 3314 1490 debilitatem,
3343 1413 3502 1490 quam

1925 1485 2281 1560 sanctitatem,
2304 1486 2371 1540 de
2393 1485 2660 1560 proposito
2685 1502 2782 1542 suo
2801 1491 3072 1560 consecuti
3094 1501 3235 1544 sunt.
3259 1485 3504 1560 Optimus

1925 1563 2007 1630 est
2034 1556 2082 1607 in
2114 1555 2258 1609 omni
2288 1573 2344 1630 re
2372 1555 2597 1630 modiis,
2629 1567 2681 1612 et
2711 1559 2986 1630 laudabilis
3013 1561 3206 1630 tibique
3235 1555 3501 1617 mensura.

1923 1623 2130 1700 Corpus
2153 1641 2254 1680 nou
2282 1623 2646 1700 frangendum,
2673 1629 2763 1684 sed
2792 1630 3078 1700 regendum
3105 1623 3207 1687 est.
3233 1633 3350 1687 Sitit
3373 1648 3503 1700 ergo

1924 1695 2196 1749 moderata
2224 1695 2426 1763 sancta,
2450 1707 2506 1753 et
2526 1699 2782 1766 simplicia
2812 1695 3032 1755 inomni
3064 1704 3254 1758 mentis
3282 1695 3500 1758 humili-

1925 1774 2029 1841 tate
2060 1767 2290 1835 jejunia,
2329 1785 2446 1837 quae
2488 1769 2556 1841 ita
2598 1780 2873 1841 attentient
2908 1787 3129 1841 corpus,
3161 1788 3228 1828 ne
3269 1775 3506 1830 animum

1922 1835 2158 1912 elevem;
2189 1853 2254 1891 ne
2286 1835 2370 1892 res
2395 1840 2705 1912 humilitatis
2728 1842 2905 1911 gignat
2929 1835 3262 1912 superbiam,
3294 1853 3348 1898 et
3375 1845 3504 1900 vitia

1920 1905 1988 1961 de
2026 1909 2228 1981 virtute
2259 1920 2558 1981 nascantur.
2599 1910 2708 1980 Ego
2722 1905 2747 1974 ,’
2771 1905 2941 1981 inquit
2959 1955 2973 1977 ,
2997 1905 3119 1966 'cum
3145 1905 3268 1968 mihi
3297 1913 3494 1969 molesti

1921 1989 2109 2043 essent,
2140 1978 2383 2056 induebar
2407 1979 2595 2056 cilicio,
2627 1978 2673 2035 et
2696 1978 3032 2056 humiliaqu
3056 1984 3126 2056 fit!
3157 1985 3362 2056 jejunio
3387 1987 3505 2040 aui-

1920 2063 2056 2122 uiam
2082 2065 2242 2122 meum
2266 2048 2435 2122 (Psal.
2464 2067 2659 2122 xyxxrv,
2689 2052 2796 2122 l5).
2826 2051 2996 2108 Vestis
3023 2048 3270 2121 abjeétio,
3299 2055 3404 2110 cibi
3427 2057 3508 2110 vi-

1920 2117 2059 2181 litas,
2081 2117 2564 2192 jejutiii'lassitiido,
2585 2117 2920 2192 exstinguere
2935 2117 3149 2187 debent,
3174 2117 3277 2178 non
3299 2127 3504 2180 nutrire

1919 2190 2244 2257 snperbiam.
2271 2190 2401 2256 Quis
2427 2207 2541 2247 rem
2570 2190 2846 2248 medicina:
2872 2195 3058 2247 vulnus
3090 2194 3267 2258 faciat,
3297 2204 3348 2250 ct
3378 2195 3504 2252 inde

1919 2275 2044 2312 satia
2077 2260 2234 2314 la'dat
2258 2277 2498 2331 qumque,
2525 2263 2662 2317 mide
2680 2263 2788 2333 jam
2817 2265 2938 2318 laesa
2967 2265 3197 2319 curanda
3227 2265 3389 2320 sunt?
3409 2275 3502 2321 aut

1918 2345 2035 2441 qui?
2063 2333 2327 2441 superi-git
2349 2348 2472 2401 spes
2493 2334 2698 2399 salutis,
2723 2335 2768 2389 si
2797 2335 2892 2388 ista
2917 2336 3106 2390 animai
3129 2336 3361 2391 remedia
3386 2337 3502 2408 ipsa

1918 2415 1996 2441 QIII
2050 2417 2248 2441 νοιιιιιηει

1917 2410 2021 2454 smt
2050 2410 2284 2455 vent-na?

1990 2472 2213 2528 CAPUT
2243 2473 2407 2528 XXII.
2428 2505 2500 2514 —
2523 2475 2782 2530 Laborem
2804 2477 2989 2547 jejunii
3019 2478 3091 2532 tui
3120 2478 3499 2534 misericordia:

1919 2557 2080 2620 opera
2109 2547 2598 2620 comniendent,_et
2627 2548 2942 2620 abstinentia
2976 2559 3060 2602 tua
3089 2564 3376 2620 pauperum
3406 2565 3498 2605 re-

1918 2614 2149 2690 frictione
2175 2617 2244 2690 sit
2267 2618 2484 2690 gratior.
2512 2618 2763 2672 Dominus
2790 2619 3020 2688 loquitur
3045 2614 3140 2690 per
3163 2614 3497 2690 pi‘Ophetam,

1921 2684 2322 2761 glisericordiam
2348 2689 2479 2761 italo,
2505 2697 2674 2761 etnon
2702 2684 3011 2761 sacri/icium
3037 2684 3189 2760 (Osee
3215 2684 3286 2756 vi,
3317 2691 3370 2761 6)
3401 2709 3413 2744 :
3445 2684 3499 2745 in

1919 2753 2207 2825 Evangelio
2235 2758 2428 2811 Christi
2461 2759 2618 2812 verba
2656 2753 2909 2828 legimus,
2943 2753 3087 2814 Beati
3120 2753 3498 2828 misericordes,

1917 2828 2153 2950 guaniam
2178 2829 2274 2899 ipsi
2299 2829 2689 2882 misericordiaiit
2713 2842 3075 2897 consequentur
3103 2830 3314 2904 (Matth.
3341 2846 3398 2895 ν.
3422 2830 3498 2903 7).

1939 2897 2045 2950 ‘ed.
2073 2913 2274 2950 αιιῑιεδω.
2309 2899 2444 2950 lianc
2472 2915 2650 2950 curaui
2681 2903 2794 2950 vice
2823 2912 2906 2950 tua
2937 2903 3052 2950 avia
3082 2911 3354 2950 materque
3379 2919 3498 2950 siis-

1939 2897 2045 2972 ἦρά,
2073 2897 2274 2972 quaeso,
2309 2899 2444 2972 lianc
2472 2915 2650 2952 curaui
2681 2903 2794 2955 vice
2823 2912 2906 2954 tua
2937 2903 3052 2955 avia
3082 2897 3354 2972 materque
3379 2897 3500 2956 Stis-

1918 2967 2152 3041 cipiant;
2185 2969 2288 3022 illic
2317 2969 2410 3022 has
2443 2981 2618 3038 partes
2649 2986 2742 3039 pro
2768 2982 2817 3026 te
2844 2981 3034 3041 agant,
3067 2972 3166 3026 illae
3195 2967 3502 3028 thesaurum

1920 3046 2065 3091 tuum
2115 3039 2166 3093 iii
2211 3041 2405 3094 cuilum
2446 3043 2639 3098 levent.
2682 3039 2898 3096 lllaruni
2937 3045 3004 3097 sit
3034 3044 3328 3098 esurientes
3354 3044 3502 3098 alere

1919 3109 2059 3184 cibo,
2080 3112 2272 3164 vestire
2295 3111 2484 3170 nudos,
2507 3113 2722 3166 visitare
2749 3113 3006 3184 intirnios,
3028 3114 3337 3184 peregrinos
3361 3124 3503 3168 tecto

1919 3182 2207 3253 suscipere,
2235 3191 2288 3235 et
2308 3185 2492 3235 :eterni
2519 3197 2612 3250 Spe
2643 3185 2841 3251 pra-niii
2865 3183 3075 3238 Christo
3101 3182 3502 3253 in'pauperibus

1919 3249 2164 3325 feucrari,
2185 3253 2271 3325 qui
2294 3253 2446 3325 dixit,
2469 3249 2825 3325 Quodcumque
2839 3254 3026 3325 fecistis
3041 3256 3130 3308 uiti
3147 3249 3209 3309 ea:
3225 3249 3303 3308 his
3324 3257 3503 3325 fratri-

1919 3323 2008 3374 bus
2037 3324 2157 3376 meis
2182 3324 2421 3398 iiiiiiimis,
2454 3324 2575 3398 mihi
2605 3324 2792 3392 fecistis
2819 3324 3023 3393 (Idem.
3051 3340 3179 3391 xxv,
3227 3325 3294 3380 40
3385 3325 3502 3381 Tibi

1918 3409 2044 3446 vero
2079 3394 2308 3447 maxime
2348 3395 2470 3447 dum
2518 3395 2568 3447 in
2616 3398 2886 3464 ιιι-οροείιο
2918 3405 3239 3450 maturescat
3268 3394 3499 3463 animus,

1917 3465 1984 3516 ab
2009 3466 2252 3518 omnibus
2282 3465 2715 3535 occupationibus
2741 3468 3096 3521 recedendum
3127 3475 3230 3528 est,
3263 3475 3318 3520 et
3344 3481 3502 3522 omne

1917 3535 2181 3598 studium,
2210 3536 2485 3604 omnisque
2511 3552 2636 3589 cura
2671 3539 2722 3590 in
2752 3538 3060 3592 ordiiiaiidis
3084 3538 3324 3590 moribus
3346 3539 3500 3591 exhi-

1918 3604 2107 3659 benda.
2140 3606 2339 3673 Quibus
2383 3607 2453 3659 ita
2495 3621 2683 3661 vacare
2717 3608 2914 3671 debes,
2943 3616 2998 3661 et
3039 3616 3201 3661 totam
3236 3621 3499 3677 occupare

1918 3687 2172 3742 mentem,
2192 3685 2246 3730 ut
2273 3692 2374 3730 non
2395 3677 2613 3732 divitem
2638 3687 2688 3731 te
2709 3680 2906 3733 sentias
2927 3692 3064 3740 esse,
3087 3692 3183 3733 nec
3204 3676 3496 3733 dominam.

1919 3746 2218 3802 Nobilitatis
2238 3748 2305 3800 ad
2330 3747 2428 3802 hoc
2453 3757 2653 3803 tantum
2683 3750 3009 3815 memineris,
3035 3757 3090 3803 tit
3113 3763 3233 3802 cum
3261 3749 3501 3803 claritate

1918 3820 2128 3886 generis
2145 3834 2351 3872 tuorum
2373 3822 2649 3874 sanctitate
2664 3821 2955 3874 contendas
2974 3836 2988 3883 ;
3010 3829 3064 3874 et
3084 3835 3203 3874 cum
3222 3820 3437 3874 nobilita
3447 3827 3499 3875 te

1917 3890 2362 3960 corporisanimi
2402 3891 2596 3944 virtute
2635 3893 2864 3946 nobilior
2909 3891 3186 3960 proficias;
3228 3891 3501 3960 magisque

1918 3958 2005 4029 illa
2047 3958 2318 4029 nobilitate
2355 3960 2632 4029 glorieris,
2661 3977 2780 4029 quae
2821 3958 2956 4014 lilios
2989 3962 3083 4014 Dei
3112 3971 3166 4014 ct
3193 3958 3500 4016 coha‘redcs

1915 4027 2109 4098 Christi
2141 4028 2279 4080 facit.
2312 4028 2391 4098 Ad
2418 4043 2576 4097 quam
2604 4030 2645 4082 si
2678 4027 2889 4098 semper
2919 4031 3197 4098 inspicias,
3223 4032 3349 4084 dum
3378 4047 3496 4084 cre-

1916 4097 1996 4151 dis
2024 4098 2272 4166 gaudium
2305 4106 2354 4150 te
2383 4097 2576 4152 habere
2601 4099 2742 4168 quod
2773 4097 2943 4167 majus
2969 4097 3080 4163 est,
3108 4099 3308 4153 desinis
3336 4100 3402 4154 de
3428 4116 3495 4154 eo

1916 4169 2055 4238 quod
2089 4168 2262 4220 minus
2291 4178 2373 4221 est
2399 4169 2634 4237 gloriari.
2662 4169 2847 4223 Omnis
2878 4171 2974 4223 ista
3019 4169 3256 4237 iricclari
3286 4172 3497 4239 gent-ris

1915 4239 2161 4309 dignitas.
2186 4249 2239 4291 et
2259 4239 2465 4293 illustre
2484 4240 2654 4293 Anicii
2681 4241 2953 4309 sanguinis
2973 4240 3154 4304 decus,
3179 4241 3244 4294 ad
3267 4241 3497 4294 animam

1916 4308 2320 4364 transferantur.
2343 4309 2435 4363 llle
2455 4311 2648 4376 clarus,
2675 4311 2763 4365 ille
2785 4308 3045 4370 sublimis.
3075 4311 3160 4364 ille
3183 4312 3252 4364 sit
3275 4311 3493 4375 nobilis;

1915 4381 2004 4434 ille
2034 4391 2156 4434 tunc
2184 4381 2438 4450 integram
2467 4380 2794 4435 nobilitatem
2823 4397 2972 4436 suam
3003 4396 3222 4436 servare
3247 4398 3304 4436 se
3329 4391 3494 4451 putet,

1915 4453 1958 4505 si
1989 4451 2307 4519 dcdignetur
2335 4451 2536 4506 servire
2565 4452 2732 4514 vitiis,
2764 4453 2830 4506 ab
2861 4454 3044 4522 eiSqiie
3072 4467 3178 4506 non
3211 4452 3449 4522 superari
3477 4471 3489 4505 :

1915 4537 1942 4574 a
1967 4537 2069 4590 quo
2093 4523 2234 4575 enim
2257 4524 2374 4590 quis
2395 4531 2696 4592 superatur,
2712 4523 2869 4591 hujus
2889 4534 2942 4579 et
2963 4539 3145 4578 servus
3165 4535 3247 4578 est
3269 4522 3332 4592 (ll
3355 4522 3494 4577 Petr.

1914 4609 1952 4654 1,
1975 4594 2084 4658 19).
2111 4592 2244 4660 Quid
2264 4593 2404 4646 cnim
2429 4593 2526 4648 hac
2546 4595 2799 4649 servitute
2815 4595 2975 4648 animi
3000 4595 3282 4663 indignius,
3304 4593 3492 4662 quidve

1915 4666 2148 4734 turpius,
2181 4679 2334 4732 quam
2367 4679 2488 4718 cum
2531 4666 2582 4718 iu
2627 4681 2691 4720 eo
2737 4675 2828 4719 aut
2867 4667 3168 4719 dominatur
3195 4664 3371 4718 odium
3403 4673 3498 4734 aut

1912 4733 2096 4803 regnat
2127 4735 2355 4787 invidia?
2379 4751 2536 4803 quam
2565 4750 2684 4789 cum
2716 4752 2835 4790 eum
2871 4745 2960 4789 aut
2989 4734 3206 4788 avaritia
3239 4733 3495 4804 possidet,

1912 4815 2004 4858 aut
2031 4815 2241 4872 captum
2273 4805 2348 4857 ira
2383 4815 2557 4865 tenet,
2588 4807 2671 4860 vel
2700 4817 2846 4860 certe
2873 4816 3062 4860 etetera
3096 4805 3194 4858 sibi
3227 4807 3348 4858 vitia
3378 4805 3496 4858 viii-

1913 4876 2132 4929 dicant?
2161 4874 2271 4929 Non
2304 4885 2384 4929 est
2413 4877 2554 4944 quod
2587 4876 2684 4930 sibi
2716 4877 2906 4946 aliquis
2935 4876 3001 4930 dc
3031 4875 3305 4929 nobilitate
3330 4890 3494 4944 gene-

1912 4949 1985 5000 ris
2016 4946 2330 5016 blandiatur,
2362 4949 2402 4998 si
2435 4962 2499 5000 ex
2525 4947 2745 5002 meliore
2773 4956 2921 5016 parte
2952 4947 3012 5000 lit
3038 4946 3264 5000 famulus
3292 4967 3302 4998 ;
3330 4946 3494 5000 multo

1911 5025 1992 5070 est
2039 5015 2300 5085 indignius
2347 5027 2525 5072 mente
2568 5015 2800 5085 servire,
2828 5033 2985 5087 quam
3029 5031 3273 5086 corpore.
3300 5016 3499 5086 Super-

1912 5090 2074 5142 lluum
2101 5089 2330 5142 arbitror
2359 5099 2408 5141 te
2429 5104 2674 5152 monere,
2705 5104 2862 5158 quam
2888 5103 3045 5159 parca
3074 5087 3126 5141 in
3152 5088 3488 5158 procedendo

1910 5159 2108 5212 debeas
2134 5173 2274 5222 esse,
2297 5175 2453 5228 quam
2486 5175 2639 5223 rara;
2671 5173 2791 5213 cum
2823 5167 2875 5214 te
2907 5164 3007 5212 hoc
3034 5160 3194 5212 etiam
3221 5159 3495 5214 sa'cularis

1910 5231 1977 5282 ab
2020 5230 2236 5283 infantia
2268 5235 2515 5284 honestas
2544 5231 2814 5295 docuerit,
2843 5239 2894 5284 et
2924 5230 3076 5284 facile
3117 5229 3407 5300 intelligas,
3439 5228 3494 5284 id

1910 5301 2001 5353 tibi
2043 5300 2210 5354 multo
2254 5302 2418 5371 magis
2449 5302 2498 5354 in
2529 5300 2629 5354 hac
2655 5302 2758 5354 vita
2785 5315 2904 5356 esse
2941 5299 3258 5355 servandum
3282 5299 3303 5365 ,
3329 5314 3490 5369 quam

1910 5372 2141 5425 maxime
2172 5381 2432 5426 secretum
2460 5372 2633 5426 decet.
2659 5372 2789 5426 llliid
2819 5371 3101 5434 admoneo,
3129 5379 3187 5423 ut
3216 5371 3343 5439 ipsis
3362 5386 3495 5439 quo-

1910 5457 2013 5511 que
2034 5443 2457 5504 salutationibus,
2476 5459 2593 5512 qua:
2616 5444 2708 5496 tibi
2731 5445 2780 5497 in
2802 5443 3044 5497 cubiculo
3066 5451 3155 5496 tuo
3175 5439 3492 5512 exhibendae

1910 5522 2066 5577 sunt,
2097 5513 2452 5568 certissimum
2495 5511 2711 5568 modum
2756 5530 2918 5583 ponas
2949 5533 2963 5568 :
2996 5529 3100 5568 non
3144 5512 3249 5565 sint
3283 5511 3492 5581 nimia),

1909 5600 2081 5654 neque
2105 5585 2444 5655 quotidiaiiai,
2475 5600 2540 5639 ne
2567 5600 2670 5639 non
2701 5596 2804 5640 tam
2836 5584 3065 5640 officium
3094 5598 3252 5653 quam
3282 5584 3490 5653 inquie-

1913 5657 2146 5709 tudinem
2180 5667 2429 5722 iii-testare
2448 5657 2746 5712 videantur.

1980 5725 2204 5780 CAPUT
2253 5725 2436 5783 XXIII.
2464 5757 2536 5767 —
2575 5729 2637 5782 Et
2677 5741 2974 5797 quanquam
3020 5740 3180 5781 omne
3223 5725 3346 5780 vita:
3392 5735 3495 5784 tua:

1912 5805 2118 5865 tempus
2166 5797 2346 5851 divino
2387 5798 2584 5853 debeas
2633 5800 2782 5868 operi
2830 5811 3174 5860 consecrare,
3206 5805 3262 5852 et
3295 5797 3497 5854 nullam

1913 5883 2129 5937 prorsus
2162 5869 2344 5924 horam
2372 5885 2400 5924 a
2427 5870 2685 5940 spirituali
2714 5871 2951 5939 profectu
2975 5884 3190 5924 vacuam
3219 5883 3338 5925 esse
3365 5883 3496 5926 con-
