4024 6366
233 418 362 476 1117

231 531 425 586 verbum
469 523 562 576 ι)ρὶ
584 565 598 588 ,
648 537 738 590 per
777 534 972 572 onmem
1015 516 1292 590 orationem
1340 523 1387 590 et
1425 513 1812 590 obsecrationem

232 583 811 669 (Eptm.v._,_'-ti-1_8).
859 589 925 669 is:
963 588 1207 669 quoniam
1255 584 1324 669 _de
1360 583 1462 640 hoc
1507 584 1647 669 bello
1678 585 1813 669 licet

231 655 384 725 etiam
416 663 628 718 feminis
657 655 1004 728 triumphare,
1035 657 1242 726 suscipe
1255 655 1367 709 haec
1395 655 1733 728 armaAPauli,
1758 667 1813 709 et

232 739 358 792 tanti
410 735 712 788 hortatione
754 725 901 782 ducis
952 739 1150 784 certam
1182 725 1463 796 ’praasume
1513 725 1808 788 victoriam.

232 810 351 864 llaec
376 806 517 860 cutim
538 804 582 858 si
614 811 670 855 tu
703 800 876 856 omnia
910 795 1257 858 instrumenta
1294 795 1587 866 possideas,
1624 811 1810 851 secura

233 875 482 949 procedes
507 873 572 926 ad
608 871 847 949 prgclium
877 871 1167 949 spirituale,
1189 883 1287 949 nec
1309 866 1810 949 pavebis‘diabolttm

231 937 345 1001 cum
375 955 482 998 toto
503 937 740 997 exercitu
763 955 878 994 suo.
902 937 1106 1004 Cadent
1124 939 1265 992 enim
1283 955 1312 992 a
1339 938 1503 992 latere
1528 946 1620 990 tuo
1644 937 1809 998 mille,

231 1028 280 1072 et
307 1017 488 1069 decem
521 1013 690 1066 millia
719 1028 744 1076 a
777 1011 979 1065 dextris
1001 1010 1122 1073 tuis,
1147 1009 1211 1062 ad
1236 1018 1286 1062 te
1307 1019 1480 1062 autem
1504 1023 1607 1061 non
1625 1022 1815 1076 appro-

253 1085 557 1154 .iuquabunt
583 1082 754 1153 (Psul.
790 1097 880 1142 xc,
918 1081 992 1150 7).
1022 1081 1213 1154 Beatus
1239 1093 1448 1154 quoque
1472 1077 1700 1154 lacubus
1725 1077 1815 1134 ille

253 1105 557 1154 illiqunDUIIt
583 1105 754 1153 trsm.
792 1105 880 1142 xu,
927 1105 992 1150 4).
1023 1105 1213 1134 Drusus
1239 1105 1448 1149 quoque
1472 1105 1700 1134 Jatctvuus
1726 1105 1813 1134 um

229 1105 415 1209 θυι-ἰςιί
445 1155 596 1207 milcs
624 1154 897 1215 emeritus,
933 1167 1036 1204 non
1069 1151 1276 1204 minore
1312 1147 1465 1203 nobis
1495 1149 1813 1203 auctoritate

229 1227 291 1280 de
322 1227 418 1276 hoc
449 1224 590 1276 bello
638 1222 912 1276 victoriam
962 1221 1279 1289 pollicetur:
1311 1218 1551 1286 Subditi,
1605 1219 1809 1289 inquit,

231 1306 376 1348 estote
405 1294 541 1356 Deo;
565 1294 779 1347 resistite
795 1287 1201 1356 autem’diabolo,
1232 1299 1278 1344 et
1304 1290 1460 1359 fugiet
1481 1305 1512 1341 a
1536 1287 1816 1359 uobislla-

231 1366 333 1418 τι)ὺί
384 1379 471 1428 tv,
519 1366 597 1433 7).
649 1363 888 1417 Ostendit
933 1360 1202 1433 quomodo
1239 1358 1490 1433 resistere
1525 1358 1814 1433 debeamus

230 1435 458 1494 diabolo,
493 1436 534 1487 si
559 1429 745 1502 utique
769 1436 935 1487 simus
953 1429 1149 1485 subditi
1180 1432 1305 1495 Deo,
1329 1429 1549 1498 ejusque
1571 1429 1813 1502 faciendo

231 1505 550 1558 voluntatem
575 1547 589 1566 ,
620 1500 677 1556 ut
702 1503 934 1558 divinam
961 1502 1118 1557 etiam
1150 1515 1450 1556 mereamur
1473 1500 1728 1570 gratiam,
1761 1507 1815 1555 et

230 1574 430 1628 facilius
460 1590 689 1641 nequam
713 1574 915 1644 spiritui
939 1573 1135 1626 auxilio
1157 1571 1324 1625 sancti
1346 1569 1572 1640 Spiritus
1599 1569 1814 1644 resista-

230 1661 364 1700 mus.
398 1640 580 1715 Neque
610 1640 949 1712 vero—aperta
987 1650 1168 1697 contra
1190 1657 1296 1715 nos
1319 1640 1815 1715 pugnat_acie,_ne_c

232 1715 433 1784 publica
467 1709 747 1768 uobiscum
777 1709 947 1768 freute
975 1709 1346 1784 congreditur;
1378 1709 1622 1784 seddolo
1651 1710 1816 1784 vincit

230 1781 290 1839 ac
315 1784 518 1850 fraude,
543 1795 833 1852 nostraque
865 1793 1047 1838 contra
1085 1797 1181 1837 nos
1219 1783 1382 1835 utitur
1413 1782 1701 1835 voluntate.
1739 1781 1812 1835 De

230 1869 492 1909 consensu
521 1867 706 1908 nostro
736 1856 1071 1909 adversarius
1111 1854 1250 1906 vires
1275 1852 1461 1920 accipit
1483 1892 1496 1914 ,
1532 1860 1815 1920 nostroque

232 1939 344 1989 nos,
375 1937 424 1977 ut
460 1925 568 1980 dici
599 1928 757 1990 Sttlt'l,
782 1924 981 1994 jugulat
1015 1922 1208 1994 gladio.
1239 1922 1487 1994 Infirmus
1520 1923 1686 1994 hostis
1711 1929 1812 1994 est,

270 1996 315 2046 ui
345 2011 450 2049 non
482 2004 667 2066 potest
695 1992 905 2051 vincere
934 1992 1039 2048 nisi
1064 1994 1346 2066 volentem.
1393 1992 1580 2066 Procul
1612 2008 1640 2045 a
1666 1992 1816 2045 nobis

266 2062 558 2138 espcrati'o,
611 2068 795 2138 procul
845 2067 1016 2138 omnis
1058 2064 1124 2118 ab
1171 2062 1603 2138 animogrecedat
1653 2077 1818 2138 pavor

233 2133 683 2190 adversariorum.
718 2136 830 2190 Non
860 2136 1190 2204 aaljuvcmus,
1215 2133 1307 2187 scd
1337 2133 1607 2204 vincamus
1631 2133 1818 2186 adver-

233 2207 414 2277 sarios.
447 2209 582 2262 Dant
629 2208 701 2261 illi
730 2203 942 2277 quidem
969 2206 1246 2277 consilium
1273 2246 1287 2266 ,
1321 2203 1415 2257 sed
1461 2212 1697 2277 nostrum
1739 2211 1819 2277 est

235 2275 315 2329 vel
342 2277 542 2342 eligere
572 2278 658 2331 vel
699 2274 949 2342 respuere
975 2275 1114 2344 quod
1163 2282 1463 2343 suggerunt.
1510 2274 1622 2326 Non
1675 2274 1816 2326 enim

235 2347 490 2414 cogendo,
521 2348 618 2402 sed
650 2346 922 2401 suadendo
951 2356 1174 2409 nocent;
1206 2362 1308 2397 non
1333 2353 1647 2413 extorquent
1669 2360 1693 2394 a
1720 2359 1819 2396 no-

238 2413 316 2486 bis
346 2431 695 2484 consensum,
724 2417 814 2470 sed
867 2417 1136 2486 cx‘petunt.
1190 2414 1342 2470 Unde
1396 2413 1554 2467 etiam
1604 2415 1820 2466 Ananiae

235 2484 422 2540 dicitur
450 2506 462 2541 ς
491 2488 667 2554 Quare
715 2484 1051 2540 tentavit'cor
1100 2495 1236 2538 tuum
1285 2493 1507 2547 satanas,
1551 2485 1748 2536 mentiri
1775 2493 1822 2540 te

238 2554 448 2623 Spiritui
470 2569 651 2612 sancto
681 2558 810 2628 (Art.
846 2573 900 2620 v,
932 2555 1025 2628 5)?
1052 2557 1201 2624 Quod
1226 2555 1413 2628 utique
1446 2555 1517 2628 illi
1551 2556 1821 2628 apostolus

237 2638 499 2695 nunquam
525 2625 831 2695 imputaret,
855 2630 896 2680 si
924 2625 975 2680 id
1000 2628 1199 2694 absque
1222 2627 1386 2692 ipsius
1410 2626 1682 2678 voluntate
1705 2625 1820 2679 dia-

237 2691 388 2767 bolus
417 2691 995 2767 fecissethsa'ctiam
1047 2691 1156 2750 Eva
1204 2691 1322 2751 ideo
1363 2697 1746 2750 condemnatur
1792 2711 1822 2751 a

239 2761 485 2831 Domino,
514 2771 638 2840 quia
668 2761 736 2822 ab
761 2784 826 2822 eo
852 2784 1008 2834 quem
1039 2777 1542 2840 miterat_supcrare,
1577 2775 1822 2840 superata

239 2844 355 2889 est:
388 2854 488 2893 nee
527 2837 669 2896 enim
720 2839 1001 2894 meruisset
1044 2853 1072 2890 a
1117 2838 1340 2891 Domino
1376 2837 1578 2905 justitia
1628 2838 1820 2907 puniri,

239 2916 356 2976 quae
379 2909 519 2963 victa
551 2922 654 2973 est,
679 2909 779 2962 nisi
808 2909 1019 2963 vincere
1044 2909 1152 2976 ipsa
1179 2909 1450 2976 potuisset.

307 2974 533 3048 _CAPU'I‘
576 2977 764 3034 XXVI.
803 3010 874 3020 —
903 2974 1391 3048 Ilujus'nu-quissimi
1428 2978 1595 3031 ItOstiS
1622 2987 1704 3032 est
1739 2979 1824 3034 illa

239 3045 322 3117 vel
351 3049 523 3114 prima
549 3050 828 3112 calliditas,
857 3060 905 3104 et
934 3045 1022 3103 ars
1043 3048 1145 3101 doli
1170 3045 1343 3115 plena,
1377 3049 1591 3114 fatigare
1629 3049 1828 3117 cogita-

246 3114 478 3192 tionibus
507 3121 664 3192 rudes
704 3122 927 3192 animas,
957 3129 1010 3172 et
1036 3114 1255 3192 novellis
1299 3120 1347 3171 in
1380 3120 1652 3192 proposito
1680 3114 1826 3172 men-

244 3184 382 3240 tibus
407 3189 474 3242 de
522 3191 632 3259 ipsa
657 3191 919 3244 interdum
951 3190 1356 3243 conversatione
1383 3184 1574 3242 afferre
1628 3205 1824 3243 mcero-

241 3266 375 3322 rem,
407 3269 465 3314 ut
493 3260 644 3314 facile
674 3261 740 3313 ab
777 3260 931 3330 hujus
962 3261 1034 3313 rei
1067 3260 1301 3330 profectu
1337 3259 1665 3330 deterrentur
1710 3262 1823 3313 ani-

243 3337 363 3399 mus
384 3369 398 3390 ,
428 3331 582 3399 cujus
613 3332 758 3384 initia
786 3327 960 3384 amara
989 3329 1314 3398 cognoverit.
1346 3327 1526 3398 Itaque
1555 3330 1690 3383 solet
1720 3339 1824 3384 tam

242 3395 890 3468 sordidas'nonnunquam
919 3410 971 3455 et
997 3395 1186 3468 impias
1215 3395 1564 3468 cogitationes
1591 3400 1828 3455 inserere

241 3468 426 3540 menti,
458 3481 515 3523 ut
554 3473 639 3540 qui
679 3482 927 3536 tentatur,
959 3472 1084 3525 dum
1127 3485 1278 3524 suum
1339 3471 1468 3524 illud
1518 3479 1666 3539 putat
1707 3485 1828 3526 esse

241 3537 381 3601 quod
405 3537 618 3608 cogitat,
647 3543 962 3597 deteriorem
994 3557 1053 3597 se
1099 3557 1190 3609 per
1216 3541 1457 3610 spiritum
1497 3537 1824 3596 immundum

239 3611 636 3684 Propositosuo
661 3615 946 3667 arbitretur
973 3612 1241 3678 effectum,
1268 3613 1538 3682 multoque
1561 3613 1825 3681 puriorem

234 3681 468 3730 animam
520 3681 770 3737 habuisse
801 3700 857 3737 se
887 3685 1096 3749 credat,
1125 3699 1243 3737 eum
1299 3681 1470 3737 adhuc
1516 3697 1600 3737 res
1647 3684 1826 3738 smculi

229 3755 457 3823 amaret.
495 3750 624 3823 Vult
679 3754 817 3805 cnim
865 3755 948 3815 iis,
979 3755 1167 3823 quibus
1215 3754 1412 3823 invidet
1455 3754 1828 3809 callidissimus

227 3819 511 3894 ιιηιιεξςυε,
555 3819 827 3873 horrorem
848 3819 1110 3894 propositi
1151 3822 1624 3894 exdesperatione
1657 3827 1828 3878 faccre

230 3889 542 3941 sanctitatis
568 3906 580 3941 :
609 3900 662 3942 ut
689 3905 782 3943 eos
812 3891 1086 3943 obsidente
1114 3889 1470 3952 tristitia,’etsi
1500 3907 1527 3944 a
1559 3895 1829 3960 propasito

229 3966 336 4006 non
362 3969 612 4030 revocat,
638 3969 782 4013 certe
818 3961 1037 4014 retineat
1064 3975 1092 4012 a
1121 3960 1375 4028 profectu.
1423 3962 1643 4026 Prolxter
1689 3963 1826 4030 quod

235 4025 468 4100 maxime
496 4039 795 4083 sanctarmn
820 4031 913 4084 tibi
935 4025 1326 4098 Scripturarum
1349 4025 1580 4084 studium
1609 4025 1830 4100 diligi-n-

233 4093 362 4149 dum
392 4106 502 4165 est,
536 4101 873 4156 illuminanda
902 4093 1092 4153 divinis
1119 4100 1342 4169 eloquiis
1370 4102 1565 4167 anima,
1597 4111 1648 4155 et
1674 4093 1830 4155 citru-

239 4175 422 4239 stjattte
465 4170 560 4224 Dei
603 4172 762 4225 verbo
798 4172 990 4225 diaboli
1035 4171 1350 4239 repellenda:
1399 4182 1523 4225 sunt
1577 4173 1825 4226 teut-bne.

239 4231 547 4312 Citouenim
576 4240 702 4312 fugit
728 4243 814 4296 ille
848 4243 913 4296 ab
941 4258 1002 4296 ca
1044 4231 1217 4295 anima
1239 4283 1254 4307 ,
1283 4258 1438 4310 quam
1465 4257 1645 4297 sermo
1691 4242 1828 4296 divi-

242 4319 342 4360 nus
374 4308 668 4383 illuminat}
698 4329 815 4382 qua:
844 4313 1147 4367 caelestibus
1177 4308 1389 4380 semper
1425 4314 1830 4383 cogitationibus

248 4376 559 4457 occupatur,
607 4383 657 4435 in
685 4376 785 4457 qua
812 4384 1080 4440 assiduum
1133 4392 1225 4457 est
1271 4376 1362 4438 [lci
1392 4376 1631 4457 _vcr'hmn
1679 4385 1829 4457 cujus

248 4453 350 4531 vim
378 4466 612 4531 peqnani
641 4455 854 4531 spiritus
874 4471 986 4531 non
1005 4462 1178 4531 potest
1197 4455 1364 4531 ferre.
1392 4453 1457 4510 Et
1485 4454 1680 4508 idcirco
1707 4456 1830 4531 bea-

244 4523 328 4570 tus
378 4521 504 4576 illud
543 4521 824 4590 Apostolus
864 4521 1148 4593 spiritmlis
1197 4525 1316 4580 belli
1348 4525 1484 4580 inter
1523 4533 1712 4580 eartera
1750 4527 1828 4582 in-

247 4596 546 4666 strumenta
571 4595 741 4662 gladio
764 4597 1088 4666 eumparavit
1111 4596 1127 4664 (
1149 4593 1338 4665 Ephes.
1369 4611 1443 4663 VI,
1467 4596 1582 4666 I7).
1618 4594 1712 4666 Est
1735 4613 1828 4657 att-

247 4665 358 4734 lem
381 4665 696 4717 tutissimum
720 4674 876 4734 atque
905 4665 1214 4733 perfectum,
1245 4675 1300 4718 nt
1327 4675 1598 4721 assuescat
1620 4665 1827 4734 animus

245 4729 468 4808 sollicita
497 4749 707 4803 semper
734 4729 1076 4808 pervigilique
1111 4729 1348 4790 custodia
1383 4737 1688 4793 discernere
1733 4731 1825 4796 cu-

245 4804 528 4876 gitationes
559 4821 701 4867 suas,
731 4815 780 4862 ct
801 4807 866 4860 ad
888 4804 1126 4876 “primum
1159 4808 1320 4861 animi
1359 4818 1556 4862 motum
1586 4809 1667 4864 vel
1705 4823 1827 4876 pro-

246 4867 370 4949 bare
402 4875 496 4949 vel
514 4876 798 4949 reprohare
826 4867 973 4949 quod
1001 4879 1216 4947 cogitat.
1248 4886 1303 4931 ut
1329 4879 1407 4932 vel
1437 4880 1599 4934 bonas
1623 4867 1825 4948 cogita-

249 4947 416 5020 tiones
450 4947 576 5020 alat.
603 4947 684 5020 vel
715 4948 890 5004 statim
919 4949 1218 5018 exstinguat
1248 4951 1430 5002 malas.
1463 4949 1558 5004 Hie
1596 4947 1826 5020 namque

247 5007 362 5090 fons
390 5025 475 5090 est
506 5015 664 5090 boni,
699 5027 751 5072 et
780 5021 928 5090 origo
957 5007 1201 5088 peccandi
1228 5035 1242 5084 ;
1276 5021 1556 5090 omnisque
1601 5007 1827 5090 iugeutis

245 5077 413 5160 delicti
445 5088 495 5140 iu
520 5077 678 5140 corde
708 5077 1020 5160 principium
1062 5100 1142 5144 cst
1171 5077 1449 5160 cogitatio,
1471 5077 1598 5160 'quzc
1639 5077 1826 5150 tinum-

248 5157 494 5228 quodqne
518 5172 659 5232 opus
674 5159 815 5232 velut
845 5157 892 5213 in
917 5161 1142 5230 quadam
1182 5157 1356 5216 cordis
1385 5157 1560 5216 tabula
1591 5162 1827 5232 depingit

243 5233 525 5297 antequam
565 5229 736 5281 faciat.
765 5228 896 5283 Nam
930 5228 1038 5284 Sive
1068 5234 1150 5284 ille
1182 5242 1350 5292 actus,
1381 5234 1493 5287 sive
1525 5228 1704 5286 sermo
1733 5228 1819 5293 sit.

208 5302 295 5372 itit
323 5298 641 5372 proferatur,
676 5308 796 5353 ante
818 5301 1146 5372 fllSJtt‘Hlllllt‘;
1177 5311 1228 5356 et
1250 5303 1625 5372 cogitationum
1650 5301 1823 5357 cousi-

244 5357 671 5440 lio'disccrnitur
710 5369 845 5438 quod
886 5357 1258 5426 futurum'est.
1297 5357 1454 5427 \iides
1494 5390 1647 5437 quam
1680 5373 1823 5427 brevi

242 5439 505 5514 interdum
529 5449 802 5514 momento
831 5456 1054 5514 qumque
1081 5444 1177 5496 ista
1208 5444 1325 5512 quis
1367 5444 1595 5513 Cogitet,
1629 5446 1824 5514 cogita-

243 5508 395 5585 laque
426 5509 663 5585 perﬁciat
691 5524 704 5561 :
732 5525 832 5564 nec
851 5512 1138 5585 "quidquam
1168 5508 1387 5585 otiinino
1419 5508 1498 5567 v'el
1535 5508 1719 5585 Iingua‘
1741 5516 1823 5570 vel

242 5580 787 5654 manuuczcterisqug
805 5580 1059 5654 membris
1114 5584 1284 5652 agitur
1328 5585 1426 5636 nisi
1477 5580 1824 5654 cogitationes

242 5654 358 5719 ante
378 5650 714 5704 dictaverint.
745 5650 898 5708 Unde
923 5663 977 5708 et
995 5650 1250 5709 Dominus
1275 5654 1326 5708 in
1351 5650 1638 5719 Evangelia
1660 5657 1816 5710 dicit:

240 5707 316 5795 De
344 5721 493 5796 corde
522 5720 738 5796 hominis
771 5707 1823 5796 procedunticog‘itationesuiuite;

437 5792 724 5873 Ῑοτηίεαιὲρ.
773 5792 1048 5873 benticidiq
1073 5838 1086 5861 ,
1133 5792 1306 5873 Ϊυςιιζ,Δ
1333 5792 1475 5866 falsa
1507 5799 1819 5873 testimonia,

237 5863 464 5928 avaritia,
513 5863 752 5933 nequitia,
809 5865 977 5934 dotus,
1022 5863 1358 5938 impudicitia,
1404 5868 1578 5922 oculus
1631 5870 1814 5935 ntalus,

1713 397 2076 454 API’ENMX.

3357 390 3494 451 ma

1917 513 2244 588 blasphemia,
2278 511 2524 588 superbia,
2556 507 2770 588 stultitia
2791 508 3088 588 :__sunt_
3123 525 3233 588 qua
3261 511 3496 588 coinqui-

1917 578 2037 637 nant
2064 582 2286 637 homines
2315 578 2520 647 (Matth.
2555 596 2646 646 xv,
2797 579 2911 648 20).
2935 578 3120 652 Omnis
3134 578 3267 652 ergo
3294 578 3493 652 sollici-

1919 657 2043 707 tudo
2069 665 2178 715 tua,
2203 655 2376 707 omnis
2400 652 2620 706 intentio
2658 650 2815 705 debet
2846 663 2965 704 esse
2997 650 3175 708 cordis
3205 650 3443 706 Custodia
3475 668 3490 706 :

1919 725 1987 779 ibi
2020 735 2070 778 te
2101 726 2329 782 maxime
2359 731 2566 791 oportet
2595 722 2881 780 observare
2902 730 3172 789 peccatum
3197 763 3212 787 ,
3238 721 3322 775 ubi
3350 726 3496 778 nasci

1917 796 2086 876 solet;
2137 795 2422 876 statimque
2465 792 2530 846 ad
2581 792 2804 876 primam
2860 792 3162 846 tentationis
3199 793 3499 876 repugnare

1919 865 2130 944 faciem,
2180 873 2233 926 ct
2276 863 2828 944 "tultttll,.alllt‘qtlﬁm
2874 871 3095 944 crescat,
3135 863 3495 944 exstinguere.

1916 933 2026 991 Nec
2042 937 2180 988 enim
2209 932 2618 1003 exspectandum
2651 931 2732 986 est
2758 931 3230 1004 augmentumejus
3256 931 3352 993 rei,
3379 948 3497 1002 qua:

1919 1005 2090 1060 timeri
2111 1004 2270 1060 debet
2306 1001 2333 1058 a
2373 1020 2551 1076 parvo,
2575 1011 2629 1057 et
2652 1017 2768 1073 qua:
2811 1001 2954 1076 tanta
2993 1001 3200 1076 faciliUS
3229 1001 3487 1076 filicitur,

1920 1086 2118 1144 quanto
2147 1077 2193 1130 ei
2233 1071 2388 1129 citius
2417 1071 2759 1144 repugnatur.
2816 1073 2936 1136 Ideo
2988 1073 3183 1134 clamat
3216 1071 3498 1144 Scriptura

1919 1143 2092 1208 divina
2121 1164 2132 1199 :
2162 1143 2727 1204 Omnicustodia’serva
2756 1159 2844 1204 cor
2876 1151 3052 1206 tuum;
3095 1158 3158 1196 ea:
3205 1143 3314 1214 ipso
3350 1143 3498 1197 enim

1919 1218 2212 1296 exiturae
2241 1216 2520 1296 63352.”:
2551 1213 2664 1296 9-}?-

1987 1287 2212 1342 CAPUT
2249 1286 2460 1341 XXVII.
2484 1315 2554 1326 —-
2583 1283 3014 1355 Distinguendum
3042 1293 3123 1339 est
3152 1292 3324 1338 autem
3355 1285 3492 1342 inter

1918 1357 2046 1412 istas
2071 1358 2419 1427 cogitationes
2444 1356 2633 1426 quibus
2657 1354 2900 1408 volnutas
2926 1354 3244 1427 favet,_quas
3264 1370 3383 1427 eum
3413 1355 3494 1409 di-

1920 1425 2525 1495 lectioneamplectitur,
2559 1436 2612 1480 et
2658 1427 2799 1480 inter
2846 1440 2939 1479 eas
2991 1425 3338 1493 cogitationes
3383 1441 3498 1494 qua:

1920 1499 2090 1558 tenuis
2143 1500 2345 1552 umbrae
2389 1498 2547 1551 modo
2596 1497 2969 1566 prmtervolare
3012 1505 3241 1551 mentem
3297 1496 3496 1558 solent,

1919 1584 2141 1637 seseque
2167 1569 2531 1622 tantummodo
2550 1567 2631 1620 vel
2663 1569 2985 1629 transeundo
3008 1577 3305 1620 monstrare
3325 1609 3340 1634 ,
3369 1581 3500 1637 quas

1919 1637 2088 1692 Graeci
2118 1645 2289 1700 τύπους
2312 1647 2502 1693 vocant
2527 1655 2541 1702 ;
2569 1638 2647 1691 vel
2680 1644 2825 1691 certe
2852 1639 2990 1692 inter
3019 1638 3134 1692 illas
3178 1651 3296 1760 qluze
3338 1652 3498 1706 repu-

1919 1711 2096 1760 gnanti
2137 1724 2198 1760 ac
2247 1711 2411 1760 invita
2459 1709 2636 1760 animo
2678 1716 3048 1760 suggeruntur.
3103 1708 3192 1760 oui
3235 1722 3296 1760 us
3349 1721 3498 1760 mens

1917 1711 2096 1780 gnanti
2137 1724 2198 1764 ac
2247 1711 2411 1763 invito
2459 1709 2636 1764 animo
2678 1716 3056 1780 suggeruntur,
3103 1708 3501 1780 quibus__mcns

1921 1776 2039 1834 cum
2070 1779 2294 1834 horrore
2323 1780 2547 1848 quodam
2581 1776 2824 1832 renititur
2860 1793 2922 1832 ac
2958 1778 3175 1841 resistit,
3220 1776 3408 1848 quibus
3440 1785 3503 1848 ut

1919 1851 2261 1904 contristatur
2305 1849 2580 1908 admi~sis,
2635 1849 2703 1901 ita
2747 1848 2943 1916 gaudet
2980 1849 3234 1917 expulsis.
3291 1848 3345 1902 In
3394 1847 3502 1903 illis

1921 1921 2271 1990 quidemquae
2301 1934 2358 1974 se
2389 1921 2572 1974 leviter
2593 1920 2755 1972 tuenti
2779 1917 3085 1982 ostendunt,
3126 1927 3183 1990 et
3224 1918 3372 1986 quasi
3417 1917 3501 1971 fu-

1920 1991 2112 2059 gicndo
2134 1989 2498 2070 detnonstrant
2521 2003 2596 2052 se,
2625 2004 2722 2043 nec
2743 1989 3261 2070 peccatum-omnino
3285 2003 3381 2042 nec
3399 2002 3503 2070 pu-

1921 2058 2020 2127 gna
2048 2069 2158 2124 est;
2190 2062 2239 2113 in
2289 2062 2351 2114 iis
2378 2071 2552 2114 autem
2595 2074 2716 2112 cum
2760 2059 2948 2128 quibus
2983 2058 3283 2128 aliquandiu
3326 2058 3501 2113 anima

1924 2131 2167 2194 luctatur,
2204 2131 2394 2200 quibus
2440 2129 2636 2186 resistit
2676 2127 2936 2192 voluntas,
2985 2127 3187 2198 :cqitale
3233 2137 3500 2200 certamen

1923 2211 2022 2255 est.
2058 2203 2162 2254 Aut
2197 2199 2337 2255 enim
2369 2200 2729 2262 consentimus
2767 2208 2819 2252 ct
2858 2200 3147 2261 vincimur;
3181 2208 3268 2252 aut
3295 2199 3502 2267 respui-

1925 2287 2044 2325 mus
2072 2284 2124 2326 et
2147 2273 2424 2335 vincimus,
2451 2279 2504 2325 ct
2524 2271 2845 2338 acquirimus
2871 2271 2938 2323 de
2981 2270 3297 2339 pugnatione
3333 2270 3502 2322 victo-

1926 2343 2078 2396 riam.
2111 2342 2164 2395 In
2194 2343 2278 2395 illa
2310 2357 2436 2411 ergo
2472 2340 2836 2395 tantummodo
2868 2341 3184 2411 cogitatione
3225 2353 3498 2410 peccatum

1925 2421 2039 2475 est,
2078 2429 2193 2482 quae
2234 2413 2554 2482 suggestioni
2596 2426 2913 2472 consensum
2959 2413 3149 2482 mentis
3185 2411 3346 2474 dedit,
3385 2426 3503 2482 qua:

1927 2481 2120 2536 malum
2177 2481 2326 2536 suum
2384 2484 2573 2538 blande
2625 2483 2804 2544 fovet,
2859 2497 2976 2550 qua:
3020 2481 3070 2534 iu
3115 2482 3306 2535 factum
3349 2481 3507 2551 gestit

1926 2555 2239 2621 irrumpere.
2287 2553 2592 2622 IIujusmodi
2633 2553 2920 2619 cogitatio,
2963 2552 3172 2606 etiamsi
3223 2567 3287 2622 ex
3331 2551 3508 2622 aliquo

1929 2625 2176 2693 impedita
2231 2621 2496 2677 casu’nou
2529 2624 2745 2693 impleat
2780 2623 3124 2688 voluntatem,
3162 2621 3507 2676 nihilominus

1927 2697 2136 2749 actione
2177 2696 2414 2749 criminis
2446 2695 2830 2748 condemnatur
2856 2709 2884 2745 a
2907 2693 3151 2758 Domino,
3184 2703 3234 2746 ut
3277 2693 3402 2756 illud
3454 2693 3508 2747 in

1929 2765 2217 2835 Evangelia
2250 2766 2474 2834 legimus
2501 2783 2512 2817 :
2547 2765 2644 2829 Qui
2674 2764 2880 2835 viderit,
2910 2763 3113 2832 inquit,
3163 2763 3417 2835 mulierem
3443 2764 3510 2835 ad

1930 2833 2379 2904 concupiscendum
2411 2853 2517 2887 eam
2541 2878 2554 2900 ,
2582 2836 2692 2906 jam
2723 2833 3001 2906 mazrhatus
3027 2844 3099 2888 est
3132 2849 3243 2886 eam
3281 2834 3332 2886 in
3363 2833 3511 2906 corde

1929 2923 2018 2979 suo
2048 2906 2257 2979 (Matth.
2291 2923 2342 2970 v,
2378 2907 2488 2975 28).
2524 2905 2672 2975 Apud
2699 2908 2891 2979 ticum,
2923 2905 3304 2979 cui_notaAsu_nt
3333 2905 3510 2979 omnia

1931 2973 2089 3030 etiam
2121 2987 2401 3046 antequam
2435 2973 2591 3046 Iiant,
2629 2977 2871 3029 voluntas
2903 2974 3130 3044 perfecta
3159 2973 3382 3046 faciendi
3421 2989 3510 3046 re-

1933 3057 2141 3116 putatur
2164 3044 2452 3118 profoperc
2477 3045 2616 3100 facti.
2647 3047 2764 3118 Qua
2796 3046 2862 3118 de
2898 3061 2957 3098 re
2981 3047 3147 3118 debes
3173 3044 3338 3116 (smpe
3367 3045 3509 3118 enim

1933 3064 2141 3116 μυιειιιιι·
2164 3064 2258 3118 pro
2291 3067 2321 3098 tl
2365 3064 2452 3109 υΓο
2477 3064 2616 3100 IﬂCll.
2647 3064 2758 3114 una
2796 3064 2862 3099 ue
2898 3064 2957 3098 re
2981 3064 3147 3099 cenes
3173 3064 3338 3116 tsa‘pe
3367 3064 3509 3098 CIIII“

1931 3127 2116 3186 repeto
2145 3117 2284 3187 quod
2318 3064 2427 3170 hJcri
2457 3133 2666 3185 semper
2686 3114 2828 3184 volo)
2851 3126 3059 3168 sanctas
3077 3117 3376 3187 scripturas
3398 3115 3512 3169 sine

1933 3189 2324 3242 intermissione
2354 3188 2614 3250 meditari,
2638 3187 2822 3256 hisque
2852 3194 2991 3240 tuam
3022 3186 3228 3256 replere
3258 3194 3508 3250 mentem,

1932 3269 1983 3312 ct
2003 3260 2152 3312 malis
2169 3258 2574 3326 cogitationibus
2593 3259 2762 3313 locmn
2785 3258 3050 3322 auferens,
3071 3257 3262 3311 divinis
3280 3258 3512 3310 animum

1933 3330 2176 3381 sensibus
2212 3345 2502 3397 (ccupare,
2549 3340 2912 3398 quantumque
2961 3329 3124 3381 Ileum
3173 3327 3394 3397 diligas,
3449 3343 3514 3380 ex

1933 3399 2217 3453 dilectione
2244 3400 2372 3468 legis
2402 3400 2516 3468 ejus
2542 3397 2842 3453 este-odere.
2875 3397 3025 3452 Unde
3052 3399 3321 3467 Scriptura
3338 3398 3464 3450 dicit
3495 3415 3509 3451 :

1937 3470 2035 3534 Qui
2064 3472 2234 3523 timent
2267 3469 2570 3535 Dominum,
2599 3470 2849 3536 inquirent
2884 3469 3018 3536 quod
3056 3469 3413 3538 beneplacitnm
3444 3477 3514 3520 est

1933 3540 2046 3602 illi;
2075 3550 2122 3594 et
2160 3541 2244 3611 qui
2281 3541 2498 3611 diligunt
2547 3557 2680 3599 eum,
2710 3538 3034 3611 replebuntur
3060 3537 3300 3608 lege’ejus
3327 3537 3511 3611 (Eccli.

1934 3626 1990 3678 tt,
2017 3612 2125 3681 19).
2159 3608 2307 3664 Tunc
2337 3608 2533 3665 scutics
2557 3620 2809 3681 quantum
2833 3608 3033 3681 adejus
3054 3624 3288 3662 amorem
3307 3608 3518 3681 adjuvet

1937 3691 1987 3736 te
2015 3680 2294 3752 sapientia.
2336 3680 2586 3752 quantum
2611 3681 2680 3735 sit
2700 3680 2752 3734 in
2781 3687 2832 3733 te
2862 3680 3055 3752 divina:
3087 3681 3212 3752 legis
3241 3680 3513 3752 auxilium,

1935 3763 1985 3806 et
2035 3749 2256 3806 llatnino
2282 3749 2402 3816 eum
2445 3749 2606 3805 David
2638 3752 2755 3805 laeta
2783 3750 3050 3815 cantabis,
3111 3749 3172 3803 In
3212 3749 3360 3803 corde
3409 3766 3516 3802 meo

1935 3825 2174 3875 abscondi
2198 3824 2396 3892 eloquia
2424 3832 2530 3886 tua,
2564 3832 2619 3875 ut
2645 3839 2742 3875 non
2773 3837 2966 3889 peccem
2996 3821 3082 3874 tibi
3113 3819 3290 3892 (Psal.
3321 3835 3512 3887 cxvm,

1936 3893 2045 3960 II).
2082 3891 2407 3946 Excitaudus
2445 3902 2527 3944 est
2553 3894 2692 3946 enim
2725 3893 3088 3958 spiritualibus
3115 3891 3344 3944 stimulis
3375 3905 3515 3945 scm-

1938 3978 2030 4027 per
2067 3963 2295 4023 animus,
2340 3971 2392 4013 et
2423 3961 2621 4028 majore
2652 3961 2887 4027 quotidie
2927 3962 3116 4014 ardore
3159 3961 3514 4014 renovandus.

1935 4031 2205 4085 Orationis
2251 4031 2520 4095 instantia,
2555 4031 2870 4082 illuminatio
2911 4030 3173 4091 lectionis,
3217 4030 3518 4089 sollicitudo

1935 4100 2250 4170 vigiliarum.
2293 4110 2346 4156 et
2367 4100 2552 4154 diurna
2604 4109 2658 4154 ct
2711 4109 2964 4152 nocturna
3013 4102 3128 4166 ejus
3179 4100 3516 4154 incitamenta

1935 4182 2075 4226 sunt.
2107 4171 2246 4225 Nihil
2267 4173 2407 4224 enim
2437 4172 2487 4224 in
2536 4170 2637 4224 hoc
2684 4170 2954 4239 proposito
2991 4172 3098 4222 otio
3141 4170 3372 4224 deterius
3414 4179 3516 4236 est,

1935 4241 2075 4309 quod
2107 4258 2209 4296 non
2241 4243 2575 4295 solummodo
2605 4257 2708 4296 non
2755 4242 2978 4310 acquirit
3023 4254 3154 4295 nova
3177 4283 3190 4306 ,
3224 4241 3315 4306 sed
3355 4240 3516 4294 etiam

1937 4315 2392 4394 partaconsumit.
2427 4311 2635 4366 Sanctze
2662 4313 2781 4393 vita:
2809 4312 3217 4396 rationprocessu
3240 4310 3439 4396 gaudet
3465 4320 3521 4366 et

1935 4381 2146 4446 crescit,
2177 4382 2471 4437 cessatione
2507 4383 2759 4451 torpescit
2785 4389 2839 4435 et
2864 4381 3061 4438 deﬁcit.
3098 4381 3426 4450 Quotidianis
3465 4391 3521 4437 et

1935 4454 2239 4509 recentibus
2281 4454 2530 4508 virtutum
2588 4454 2927 4508 incrementis
2972 4470 3123 4508 mens
3178 4453 3519 4509 instauranda

1935 4534 2035 4592 est,
2063 4533 2117 4577 et
2149 4523 2355 4578 vivendi
2385 4525 2536 4580 nobis
2557 4523 2656 4578 hoc
2675 4527 2776 4579 iter
2807 4540 2908 4577 non
2933 4525 2999 4578 de
3019 4533 3298 4587 transacto,
3332 4523 3425 4578 sed
3451 4523 3519 4578 de

1934 4597 2140 4666 reliquo
2176 4594 2524 4650 metiendum.
2557 4596 2818 4662 Quamdiu
2844 4610 3028 4648 sumus
3055 4596 3106 4648 in
3132 4595 3233 4666 hoc
3259 4608 3515 4662 corpore,

1934 4664 2202 4735 nunquam
2254 4681 2351 4720 nos
2389 4667 2454 4720 ad
2499 4667 2783 4734 perrectum
2827 4667 3039 4720 venisse
3088 4664 3398 4728 credamus;
3442 4666 3519 4720 sic

1933 4739 2074 4791 etum
2102 4737 2290 4791 melius
2319 4737 2640 4805 pervenitur.
2674 4736 2894 4790 Tamdiu
2913 4750 3017 4790 non
3040 4737 3333 4790 relahinmr
3353 4745 3515 4799 retro,

1932 4807 2181 4877 quamdiu
2215 4807 2280 4860 ad
2314 4812 2485 4876 priora
2528 4807 2897 4862 contendimus
2932 4816 3024 4861 :at
3066 4807 3151 4860 ubi
3199 4807 3520 4877 emperimus

1934 4876 2548 4959 alarm-descendimus;
2582 4886 2927 4959 nostrumque
2961 4893 3064 4958 non
3108 4876 3350 4959 progredi
3372 4917 3385 4939 ,
3407 4878 3518 4944 jam

1932 4950 2125 5004 reverti
2151 4958 2248 5002 est.
2272 4949 2457 5018 Cesset
2476 4949 2646 5003 omnis
2674 4947 2903 5018 ignavia,
2926 4958 2980 5002 et
3009 4947 3206 5018 inutilis
3221 4948 3288 5004 de
3311 4959 3522 5017 praeter-

1932 5020 2008 5074 ito
2038 5021 2217 5074 labore
2263 5021 2537 5074 securitas.
2573 5020 2628 5074 Si
2651 5017 2894 5073 velumus
2926 5036 3028 5072 non
3060 5017 3265 5084 redire,
3301 5033 3521 5072 curren—

1930 5091 2056 5145 dum
2087 5099 2186 5146 est.
2216 5091 2406 5146 Beatus
2433 5089 2718 5160 Apostolus
2737 5091 2802 5144 de
2828 5090 2912 5143 dio
2934 5091 2984 5143 iu
3007 5089 3149 5143 diem
3170 5091 3352 5144 vivens
3386 5090 3515 5153 Deo,

1931 5178 2036 5216 non
2069 5162 2192 5228 quid
2223 5172 2344 5216 ante
2375 5162 2604 5220 fecisset.
2639 5160 2734 5214 sed
2757 5161 2881 5230 quid
2912 5160 3085 5216 facere
3112 5161 3330 5215 deberet
3375 5175 3520 5230 seui-

1933 5248 2026 5301 per
2055 5232 2354 5296 attendens,
2384 5232 2592 5287 diccbat
2622 5250 2634 5282 :
2666 5229 2875 5301 Fratres
2905 5275 2919 5298 ,
2952 5249 3042 5301 ego
3067 5248 3145 5285 me
3169 5249 3274 5284 non
3305 5229 3521 5282 arbitror

1931 5299 2366 5380 comprehendisse
2391 5303 2604 5380 aliquid.
2640 5299 2811 5357 Unum
2839 5299 3028 5366 autem,
3053 5318 3166 5380 qua:
3184 5301 3383 5380 quidem
3405 5309 3520 5354 sunt

1929 5384 2064 5428 retro
2091 5374 2403 5439 Oblivisceris,
2432 5374 2499 5426 ad
2529 5390 2588 5426 ea
2613 5389 2750 5438 vero,
2771 5391 2883 5441 qua.-
2909 5383 3022 5426 sunt
3047 5374 3234 5442 priora,
3251 5388 3328 5424 me
3346 5381 3521 5424 exten-

1929 5447 2074 5511 dens,
2102 5446 2170 5498 ad
2196 5444 2495 5514 destinatum
2521 5461 2789 5514 persequor
2811 5443 3036 5497 bravium
3057 5449 3292 5512 superna:
3312 5443 3522 5514 vocatio-

1930 5516 2008 5569 nis
2066 5516 2157 5569 Dei
2190 5513 2463 5586 ,(Philipp.
2512 5513 2589 5580 tu,
2629 5513 2724 5586 15,
2758 5514 2868 5586 Li).
2909 5515 2962 5570 Si
2991 5515 3177 5568 beatus
3209 5513 3522 5586 Paulusille

1929 5602 2024 5641 vas
2044 5585 2341 5654 electionis,
2366 5584 2452 5654 qui
2481 5588 2550 5640 ita
2581 5584 2851 5640 Christum
2886 5586 3100 5640 indutus
3124 5594 3259 5654 erat,
3292 5594 3343 5646 ut
3373 5584 3517 5640 dice-

1927 5667 2026 5715 ret.
2065 5653 2186 5710 Vivo
2207 5653 2503 5727 autem’jum
2538 5673 2637 5710 non
2662 5674 2751 5726 ego
2777 5699 2790 5720 ,
2819 5657 2936 5710 civit
2960 5673 3075 5710 vero
3105 5658 3156 5710 in
3185 5653 3263 5710 me.
3288 5655 3517 5711 Christus

1929 5727 2127 5800 (Gatat.
2159 5742 2194 5780 ιι
2218 5767 2233 5792 ,
2256 5727 2372 5798 20),
2406 5727 2584 5800 adhuc
2623 5737 2881 5800 tameuse
2906 5728 3142 5800 extendit
3167 5769 3181 5792 ,
3209 5727 3380 5790 adhuc
3403 5741 3520 5800 ere-

1926 5793 2046 5863 seit,
2076 5809 2130 5872 et
2177 5793 2589 5872 prolicita'quid
2640 5814 2737 5854 nos
2785 5797 3283 5872 facereidebcmus,
3325 5798 3521 5872 quibus

1931 5869 2222 5938 optandum
2253 5881 2335 5926 est
2357 5880 2413 5926 ut
2439 5871 2488 5925 in
2514 5871 2616 5927 line
2644 5878 2826 5925 nostro
2850 5870 2993 5926 Pauli
3024 5871 3282 5942 principio
3301 5869 3518 5940 campa-
