4024 6408
532 411 673 475 ειη

528 524 748 584 remur?
772 526 917 599 (Ergo
942 533 999 582 tu
1020 523 1161 599 hunc
1185 522 1507 599 imitare_qui
1529 521 1688 599 dixit,
1713 515 1999 599 ouans“
2014 523 2112 579 mei

529 608 701 663 estote,
732 594 938 671 siculet
964 615 1057 671 ego
1078 596 1265 653 Christi
1380 594 1601 671 tv,
1626 595 1692 651 l6
1712 597 1750 664 ).
1785 594 2113 651 Obliviscere

530 685 689 725 omne
714 668 1061 740 prmteritum,
1083 676 1138 740 et
1151 668 1387 740 quotidie
1409 668 1660 740 inchoare
1681 678 1730 722 te
1751 677 1893 740 puta,
1926 681 1993 720 ne
2018 681 2113 740 pro

529 737 781 812 praesenti
807 740 914 806 die,
938 756 1043 811 quo
1068 737 1234 812 debes
1251 739 1453 812 servire
1483 739 1623 812 Deo,
1652 737 1985 812 praeteritum
2014 738 2113 791 im-

528 806 709 938 gutes.
738 806 1189 893 Optime'quzesi‘ta
1215 808 1503 894 custodies,
1530 808 1576 864 si
1605 806 1829 891 semper.
1843 806 2111 879 inquiras;

564 898 780 938 amnum
804 890 983 938 parata
1010 890 1262 938 sonttent.
1285 895 1329 936 SI
1352 895 1543 938 Durare
1570 894 1882 934 ερεςςινενιε.

564 879 1262 948 διηιιιιηὴκπθιθέηηιίθηι,
1285 881 1329 936 si
1352 895 1543 948 parare
1570 879 1882 934 cessaveris.

597 949 826 1010 CAPUT
845 950 1156 1009 XXVIII.—
1168 952 1319 1007 Dicas
1335 949 1579 1017 forsitan,
1592 950 1819 1007 Grandis
1836 949 1983 1006 labor
1997 957 2106 1005 cst:

528 1022 622 1079 sed
647 1024 854 1092 respice
878 1023 1017 1094 quod
1046 1023 1362 1093 promissum
1384 1031 1486 1076 est.
1514 1023 1683 1076 Omne
1704 1036 1838 1091 opus
1858 1022 1972 1094 leve
1997 1019 2110 1094 fieri

525 1094 686 1165 solet,
708 1109 826 1151 cum
844 1092 960 1164 ejus
978 1092 1203 1165 pretium
1222 1094 1517 1165 cogitatur;
1534 1100 1587 1165 et
1607 1106 1730 1159 spes
1748 1092 1949 1165 praemii
1971 1092 2112 1147 sola-

527 1163 657 1219 tium
671 1160 763 1220 est
788 1160 1003 1221 laboris.
1027 1163 1115 1220 Sic
1134 1160 1311 1234 durus'
1324 1163 1554 1234 agricola
1577 1164 1833 1217 inaratum
1856 1160 1945 1217 diu
1964 1177 2111 1234 cam-

526 1250 650 1305 pum
671 1244 724 1290 et
745 1236 1046 1306 pinguiores
1070 1235 1180 1289 otio
1198 1232 1381 1306 glebas
1400 1233 1632 1306 violento
1654 1232 2110 1306 volucrescidisse

527 1303 588 1376 se
605 1303 910 1376 gaudetfet
938 1306 1129 1361 mirum
1160 1303 1221 1360 in'
1239 1304 1453 1376 modum
1475 1304 1586 1376 ipsa
1609 1305 1786 1376 operis
1804 1303 2110 1359 difficultate

523 1373 713 1447 laetus,
744 1392 892 1447 spem
923 1377 1115 1445 segetis
1140 1376 1209 1431 de
1231 1375 1412 1430 labore
1441 1375 1671 1429 metitur.
1701 1375 1788 1447 Sic
1814 1376 2110 1445 negotiator

521 1446 709 1503 avidus
733 1445 897 1502 maria
919 1448 1233 1514 contemnit,
1260 1455 1503 1515 spectare
1522 1460 1683 1500 ausus
1707 1445 1960 1500 ﬂuctuum
1982 1460 2108 1516 spu-

521 1531 636 1572 mas
656 1559 671 1580 ,
704 1518 1010 1589 rabiemque
1041 1525 1354 1582 ventorum;
1386 1517 1713 1589 dumquehin
1751 1517 1894 1589 omni
1926 1515 2108 1589 labore

512 1600 585 1642 ac
606 1589 842 1658 periculo
867 1586 1070 1644 lucrum
1090 1588 1315 1658 cogitat,
1335 1594 1388 1640 et
1412 1586 1777 1642 lassitudinem
1799 1587 1954 1658 simul
1976 1586 2108 1641 obli-

521 1657 741 1713 visCitur
758 1668 812 1714 et
834 1660 1099 1714 timorem.
1126 1657 1435 1721 Considera,
1464 1671 1665 1726 qnazso,
1692 1657 2105 1726 magnitudinem

522 1729 725 1798 praemii
758 1730 852 1793 tui,
882 1729 926 1787 si
960 1738 1133 1783 tamen
1159 1725 1495 1798 considerari:
1521 1735 1695 1794 potest
1722 1725 1975 1798 quidquid
2009 1728 2108 1798 im-

520 1796 763 1854 mensum
792 1808 894 1854 est.
924 1798 1051 1853 Post
1075 1798 1379 1855 abscessum
1407 1796 1633 1861 animm,
1675 1805 1791 1865 post
1812 1797 1988 1851 carnis
2021 1797 2105 1850 in-

519 1868 758 1935 teritum,
786 1878 907 1939 post
931 1867 1134 1924 favillas
1158 1876 1213 1924 et
1237 1868 1494 1928 cinerem.
1525 1867 1575 1921 in
1604 1866 1879 1939 meliorem
1910 1875 2104 1939 statum

517 1939 667 2011 virgo
687 1938 977 2011 reparanda
999 1955 1090 2005 es;
1114 1939 1417 2011 mandatum
1442 1945 1600 2011 terra:
1620 1951 1815 2011 corpus
1836 1938 1886 2011 in
1902 1938 2103 2011 cuilum
2122 1998 2139 2011 θ

517 2006 829 2066 elevandum
851 2019 952 2076 est,
975 2019 1029 2066 et
1047 2008 1271 2065 mortale
1297 2016 1442 2061 tumn
1468 2007 1880 2062 immortalitatis
1902 2006 2105 2063 honore

516 2079 828 2136 mutandum
854 2089 953 2135 est.
984 2080 1109 2134 Post
1133 2078 1248 2134 bzec
1273 2079 1594 2149 Angelorum
1619 2093 1679 2133 es
1704 2077 1949 2133 donanda
1975 2093 2103 2132 cono

515 2151 711 2215 sortio,
745 2166 965 2220 regnum
993 2159 1271 2220 acceptura
1302 2152 1560 2204 cmlorum
1582 2190 1595 2215 ,
1625 2158 1679 2203 et
1708 2149 1759 2202 in
1791 2155 2103 2220 perpetuum

513 2218 945 2291 regnatura'cum
970 2218 1213 2291 Christo.
1245 2221 1379 2286 Quid
1409 2234 1538 2291 ergo
1577 2218 1839 2291 retribues
1866 2218 2103 2291 Abomino

516 2288 614 2361 pro
642 2293 887 2348 omnibus
924 2307 1044 2363 quae
1072 2290 1314 2363 retribuit
1344 2291 1441 2363 tibi
1467 2288 1641 2363 (Psat.
1665 2305 1794 2354 cxv,
1824 2289 1949 2363 l2)?
1975 2289 2103 2359 quid

520 2371 666 2417 tanto
690 2361 1087 2418 remuneratore
1111 2362 1326 2431 dignum
1352 2361 1546 2415 facies?
1571 2370 1662 2415 aut
1686 2377 1842 2431 quem
1868 2361 2100 2431 laborem

515 2431 705 2487 durum
739 2433 1150 2503 putabisteujus
1177 2430 1322 2485 tanta
1354 2440 1479 2487 sunt
1507 2431 1763 2503 praemia?
1793 2430 1944 2486 Unde
1973 2430 2100 2503 bea—

516 2512 601 2557 tus
628 2501 931 2573 Apostolus,
963 2501 1156 2573 Nulltz,
1188 2503 1376 2573 inquit,
1404 2512 1519 2557 sunt
1553 2502 1819 2573 condigna:
1846 2501 2103 2573 passiones

516 2572 681 2644 hujus
707 2574 945 2641 temporis
980 2572 1050 2626 ad
1085 2572 1308 2644 futuram
1344 2572 2022 2644 gloriamquw’rwelabitur
2048 2574 2103 2627 in

515 2641 658 2698 nobis
683 2644 859 2713 (Rom.
890 2660 1001 2708 vm,
1044 2641 1153 2714 18).
1196 2641 1502 2711 Quidenim
1543 2641 1759 2714 dignum
1800 2643 1884 2697 vel
1925 2641 2104 2698 lacere

518 2714 601 2769 vel
640 2716 746 2786 pati
778 2729 1060 2786 possumus
1086 2715 1136 2768 iu
1162 2714 1309 2770 brevi
1337 2714 1439 2769 hoc
1466 2723 1702 2786 tempore
1730 2714 1851 2786 vita:
1882 2722 2100 2782 nostra},

513 2784 712 2840 cum—id
741 2784 1133 2840 immortalitate
1162 2786 1230 2840 sit
1257 2784 1748 2855 compensandum?

585 2855 811 2912 CAPUT
838 2855 1030 2911 XXIX.
1046 2886 1118 2897 -——
1138 2856 1359 2925 Propter
1386 2856 1530 2926 quod
1553 2855 1691 2910 idem
1711 2858 1983 2926 apostolus
2004 2858 2099 2926 ait,

513 2925 728 2998 Idenim
747 2928 880 2998 quod
899 2927 951 2980 in
967 2927 1200 2997 praesenti
1215 2925 1485 2998 sarculoest
1502 2925 1899 2998 momentaneum
1920 2946 1980 2982 ac
1999 2930 2105 2982 leve

514 2996 849 3052 tribulationis
874 2996 1088 3063 nostra,
1115 3014 1271 3066 supra
1298 2996 1503 3053 modum
1543 2997 1594 3051 in
1624 2996 1928 3052 sublimitate
1950 3008 2103 3052 mter-

512 3083 633 3139 num
661 3068 836 3139 glorite
862 3067 1062 3139 pondus
1090 3079 1329 3139 operatur
1357 3068 1412 3122 in
1446 3068 1590 3139 nobis
1618 3068 1677 3139 (ll
1711 3066 1826 3122 Cor.
1869 3085 1919 3123 ιν
1938 3110 1954 3135 ,
1988 3071 2099 3139 17).

513 3136 1141 3211 liespitautur‘honores,
1169 3138 1529 3209 despiciantur
1562 3136 1758 3193 divitiae
1777 3180 1792 3203 ,
1824 3139 1936 3211 ipsa
1965 3136 2102 3211 quo-

515 3223 619 3276 que
644 3209 752 3280 vita
782 3217 961 3280 nostra
991 3210 1229 3280 martyrii
1263 3224 1445 3263 amore
1473 3217 1861 3264 contemnatur.
1902 3209 2103 3266 Ethacc

513 3277 711 3344 omnia,
739 3277 943 3333 etiamsi
977 3293 1070 3346 pro
1097 3277 1408 3334 aiternitatis
1440 3280 1657 3347 praemio
1685 3296 1790 3333 non
1820 3280 2097 3348 darentur,

513 3356 908 3420 esseuttamen
960 3348 1278 3420 quandoque
1336 3352 1589 3418 peritura.
1635 3350 1899 3405 Amittunt
1941 3352 2101 3406 etiam

513 3417 618 3474 hoc
648 3418 720 3474 illi
763 3420 855 3489 qui
896 3417 1109 3488 semper
1135 3417 1355 3489 cupiunt
1385 3419 1676 3489 possidere.
1706 3420 1879 3486 Quam
1906 3424 2103 3478 multos

513 3489 767 3545 memoria
805 3500 982 3545 nostra
1022 3490 1222 3546 retines
1250 3490 1301 3544 in
1330 3490 1575 3546 maximis
1601 3490 1893 3546 honoribus
1930 3508 1991 3547 ac
2017 3493 2101 3547 di-

511 3560 653 3615 vitiis
678 3560 1015 3625 constitutos,
1050 3569 1270 3631 repente
1298 3560 1365 3615 de
1395 3576 1602 3614 summo
1629 3562 1719 3616 illo
1748 3562 1995 3631 potentiae
2025 3564 2103 3618 fa-

511 3630 668 3702 stigio
691 3631 1021 3694 concidisse;
1052 3641 1107 3688 et
1131 3646 1225 3687 eos
1251 3632 1341 3702 qui
1371 3642 1576 3687 tumore
1604 3630 1761 3695 elati,
1779 3633 1918 3686 aliud
1948 3633 2104 3702 quid-

511 3700 635 3757 dam
677 3717 833 3770 quam
878 3702 1120 3759 homines
1146 3700 1359 3757 essese
1391 3702 1675 3770 putabant,
1717 3705 1859 3756 exitu
1889 3700 2098 3758 tandem

512 3786 612 3827 suo
653 3772 898 3842 docuisse
951 3773 1219 3842 nosquid
1267 3772 1494 3842 fuerint!
1535 3771 1672 3838 Quid
1716 3774 1856 3826 enim
1901 3772 1955 3826 in
2000 3773 2102 3829 hoc

514 3841 713 3912 mundo
736 3842 961 3897 stabile?
986 3841 1127 3912 quid’
1138 3857 1263 3896 vero
1284 3841 1495 3896 ﬁrmum
1517 3842 1635 3898 est?
1660 3842 1783 3911 quid
1808 3857 1965 3912 porro
1994 3859 2098 3898 non

512 3911 675 3984 breve
697 3922 753 3968 et
777 3911 1058 3984 incertum,
1090 3921 1143 3967 et
1168 3912 1313 3967 casui
1339 3929 1443 3966 non
1473 3912 1750 3968 serviens?
1777 3914 1933 3984 quale
1963 3915 2097 3970 istud

512 3982 710 4038 bonum
747 3991 859 4049 est,
898 3981 1038 4054 quod
1069 3998 1282 4052 semper
1312 3984 1499 4038 timeas
1530 3981 1808 4049 amittere,
1847 3986 1988 4054 quod
2014 3987 2097 4041 vel

512 4054 857 4124 auferendum
904 4056 1000 4110 abs
1046 4063 1096 4108 te
1142 4062 1381 4120 metuas,
1421 4055 1504 4109 vcl
1542 4070 1569 4106 a
1612 4064 1662 4108 te
1692 4056 2098 4124 relinquendum

513 4123 688 4195 scias?
713 4124 843 4180 Nam
872 4125 970 4179 etsi
1001 4124 1148 4179 nullo
1174 4125 1430 4195 eripiatur
1455 4140 1580 4179 casu
1600 4166 1614 4187 .
1646 4125 1727 4178 vel
1759 4123 1929 4181 morte
1953 4137 2099 4183 certe

513 4193 840 4266 perdendum
861 4203 971 4266 est.
1004 4195 1075 4251 Et.
1109 4195 1154 4250 si
1194 4193 1298 4249 vita
1338 4204 1516 4250 nostra
1549 4195 1797 4250 tendatur
1828 4212 1922 4265 per
1956 4199 2099 4254 mille

512 4264 702 4338 annos,
733 4274 788 4338 et
810 4264 875 4338 ad
894 4274 1196 4338 extremum
1226 4266 1373 4320 illum
1403 4266 1562 4338 totius
1589 4267 1729 4321 diem
1764 4264 1934 4323 aetatis
1962 4283 2096 4338 quo-

515 4336 708 4390 tidiana
754 4335 1058 4391 deliciarum
1108 4336 1376 4405 voluptate
1424 4337 1730 4399 veniamus;
1773 4338 1926 4406 quale
1969 4335 2095 4405 hoc,

513 4420 716 4477 qua-so.
743 4405 831 4477 diu
856 4414 958 4466 est,
987 4406 1126 4474 quod
1158 4406 1261 4477 line
1286 4406 1529 4462 deletur?
1554 4417 1644 4461 aut
1668 4405 1800 4477 quis
1824 4408 1962 4463 illius
2002 4425 2097 4464 vo-

515 4476 733 4545 luptatis
753 4474 954 4530 l'ructus
975 4484 1076 4541 est,
1101 4476 1193 4544 qui
1217 4479 1395 4531 statim
1423 4486 1480 4531 ut
1502 4474 1809 4544 cessaverit,
1837 4479 2100 4537 videbitur

516 4546 606 4602 tibi
637 4561 739 4600 non
766 4545 964 4619 l'uisse?
993 4546 1123 4619 Age,
1147 4547 1265 4619 jam
1282 4557 1598 4619 transactum
1623 4548 1747 4619 Viue
1766 4559 1867 4603 tua:
1888 4558 2099 4619 tempus

514 4619 695 4689 animo
720 4617 952 4689 revolve.
993 4615 1181 4689 Nonne
1219 4616 1485 4689 videbitur
1513 4618 1603 4672 tibi
1645 4618 1828 4672 umbra
1854 4615 2097 4689 quaedam

514 4688 696 4752 fuisse,
727 4687 867 4756 quod
895 4687 1118 4753 transiit,
1147 4697 1199 4742 et
1230 4688 1393 4743 instar
1416 4688 1607 4743 somnii
1637 4690 1809 4743 tenuis
1837 4687 2098 4749 incertum

513 4774 634 4814 esse
677 4773 837 4831 omne
881 4761 1020 4829 quod
1069 4759 1320 4815 videtur?
1372 4759 1484 4814 Hoc
1514 4758 1660 4831 idem
1703 4768 1757 4814 et
1799 4760 2098 4831 decrepitus

513 4845 673 4903 senex
704 4830 902 4903 septire
930 4838 1137 4903 potest;
1177 4831 1270 4903 cui
1304 4829 1553 4903 convenit
1592 4829 1770 4886 dicere
1811 4846 1930 4886 cum
1964 4829 2096 4903 pro-

512 4900 668 4973 pheta
702 4918 715 4955 :
746 4898 873 4973 Dies,
893 4898 1139 4973 meisicut
1165 4900 1343 4973 umbra
1371 4901 1763 4968 declinaverunt,
1792 4911 1838 4957 et
1862 4919 1953 4973 ego
1970 4898 2099 4960 sicut

512 4969 701 5043 fenum
711 4971 822 5043 arui
838 4969 1023 5043 (Paul.
1049 4987 1099 5028 οι
1116 5012 1131 5038 ,
1167 4971 1278 5043 12).

583 5040 1006 5113 CAPUTXXX.
1028 5073 1100 5084 —
1126 5040 1279 5111 Quod
1304 5043 1352 5097 si
1377 5041 1492 5097 hac
1514 5042 1673 5098 etiam
1704 5042 1793 5099 hic
1816 5058 2099 5113 possumus

511 5110 713 5188 dicere,
742 5112 831 5168 ubi
864 5115 1116 5188 quamvis
1130 5110 1304 5170 brevis
1322 5155 1348 5188 ,Α
1372 5121 1555 5188 tanien
1579 5110 1964 5188 quia__pr:csens
1992 5127 2095 5188 est,

510 5183 621 5238 vita
649 5184 745 5255 ista
768 5183 941 5255 magni
966 5184 1241 5255 penditur;
1263 5184 1387 5255 quid
1418 5185 1467 5239 in
1490 5183 1667 5240 futuro
1683 5184 1872 5240 dicturi
1888 5183 2094 5254 sumus,

510 5254 601 5328 ubi
614 5254 817 5328 majori
830 5254 1140 5328 aeternitatis
1161 5254 1458 5328 praesentia.
1483 5266 1802 5328 transactum
1824 5272 1982 5313 omne
2003 5275 2098 5328 pro

509 5324 680 5397 nihilo
703 5325 822 5382 est?
850 5324 976 5397 Haec
1001 5334 1055 5380 tu
1083 5324 1254 5380 tecum
1276 5325 1556 5397 diligenter
1577 5327 1874 5395 revolvens,
1903 5337 1957 5383 et
1980 5324 2099 5384 bre-

510 5396 727 5469 vitatem
756 5398 879 5452 vita:
908 5396 1065 5466 hujus
1093 5396 1401 5452 aeternitatis
1441 5398 1888 5469 contemplatione
1917 5399 2097 5469 despi~

507 5468 678 5535 ciens,
705 5468 875 5538 ipsum
902 5482 1113 5540 quoque
1134 5478 1498 5540 contemptum
1527 5468 1707 5540 mundi
1727 5469 1915 5539 majori
1937 5468 2099 5527 animi

508 5540 705 5595 virtute
730 5548 1033 5610 contemne,
1062 5548 1116 5595 et
1138 5539 1204 5594 ad
1230 5539 1378 5593 illum
1408 5547 1608 5594 tantmn
1633 5539 1774 5595 diem
1800 5555 1921 5610 para
1951 5552 2020 5605 te,
2045 5544 2095 5598 in

509 5625 618 5682 quo
645 5608 828 5682 mundi
864 5610 1029 5682 gloria
1063 5610 1290 5667 llnienda
1318 5619 1432 5672 est;
1466 5611 1636 5676 illum,
1667 5608 1902 5681 inquam,
1933 5613 2095 5677 diem,

507 5679 667 5751 quem
687 5679 932 5737 Salvator
958 5680 1156 5737 diluvio
1184 5681 1511 5752 comparavit
1528 5723 1544 5744 ,
1584 5683 1671 5751 qui
1699 5679 1894 5739 multos
1921 5683 2098 5741 fallaci

509 5754 797 5823 securitate
824 5752 1077 5823 deceptos
1094 5793 1129 5823 ,A
1142 5751 1370 5823 furtivo,
1403 5760 1465 5823 ut
1484 5753 1559 5807 ait
1588 5754 1906 5823 Apostolus,
1946 5771 2097 5810 com-

508 5821 809 5897 prehendet
828 5821 1059 5897 adventu
1092 5821 1132 5893 (l
1157 5821 1341 5897 Thess.
1363 5838 1416 5897 v,
1443 5822 1521 5897 2).
1553 5821 1721 5891 Qttem
1752 5825 1938 5882 beatus
1962 5842 2098 5897 quo-

510 5889 616 5963 que
641 5889 829 5947 Petrus
853 5889 1161 5948 describens
1187 5895 1276 5951 ait.
1308 5889 1545 5948 Adveniet
1571 5889 1735 5949 autem
1762 5897 1866 5950 dies
1892 5889 2097 5955 Domini

2015 408 2383 468 APPENDIX.

3679 413 3807 478 ωο

2214 522 2347 578 sicut
2366 523 2545 598 fur,_in
2568 539 2669 595 qua
2688 523 2799 598 caeli
2816 541 3000 598 magno
3023 525 3213 598 impetu
3236 527 3545 591 transibunt,
3569 531 3801 589 elanenta

2214 608 2387 668 veroo
2408 596 2575 668 calore
2599 595 2924 668 resolventurl
2960 595 3262 668 Cum'igitur
3285 598 3389 653 lucc
3423 602 3603 655 omnia
3630 602 3803 660 dissol-

2215 665 2376 738 uenda
2402 666 2534 731 sint,
2565 665 2739 736 quales
2764 676 2956 738 oportet
2984 685 3074 722 nos
3107 665 3216 724 esse
3247 670 3300 723 in
3324 673 3519 726 sanctis
3546 688 3799 730 conversa-

2215 736 2432 791 tionibus
2458 748 2504 791 et
2536 736 2805 808 pietatibus
2826 749 3169 807 exspectantes
3199 750 3246 794 et
3273 752 3609 808 properantes
3634 744 3689 797 in
3712 747 3800 801 ad-

2215 817 2414 879 ventum
2440 807 2541 861 dici
2569 806 2802 873 Domini,
2844 809 2897 863 in
2918 806 3022 879 quo
3051 811 3161 864 (τεΙὶ
3186 806 3418 866 ardentes
3445 814 3732 878 solventur,
3760 827 3803 872 et

2213 877 2615 958 gementaignis
2641 879 2825 933 ardore
2862 877 3108 958 tabescent
3152 881 3219 952 (ll
3249 879 3385 958 Βίαν,
3415 898 3477 938 Ill
3498 924 3513 947 ,
3556 877 3799 958 10312)?

2215 948 2425 1019 Recens
2454 948 2643 1004 taetrum
2675 959 2775 1011 est,
2804 959 2856 1004 et
2881 951 3020 1019 quod
3050 948 3169 1018 ipsa
3192 952 3404 1013 audisti.
3440 969 3567 1008 cum
3594 956 3660 1008 ad
3686 948 3801 1012 strio

2213 1018 2363 1092 duim
2391 1021 2627 1075 buccina:
2665 1018 3322 1092 sonuut_,’Gotborumque
3357 1024 3690 1092 clamorem,
3719 1028 3796 1083 lu-

2211 1090 2367 1216 gubri
2392 1105 2646 1160 oppressa
2677 1102 2817 1145 tnetn
2848 1090 3062 1146 domina
3089 1090 3430 1148 orbis—Roma
3465 1090 3793 1153 contremuit.

2265 1162 2312 1216 bi
2346 1169 2470 1215 tunc
2499 1162 2787 1216 nobilitatis
2810 1162 2981 1216 ordo?
3022 1163 3108 1216 ubi
3145 1164 3278 1216 certi
3303 1174 3357 1216 et
3384 1166 3625 1216 distincti
3654 1168 3793 1216 ulline

2265 1162 2312 1216 bi
2346 1169 2470 1215 tunc
2499 1162 2787 1218 nobilitatis
2810 1162 2981 1216 ordo?
3022 1163 3108 1217 ubi
3145 1164 3278 1219 certi
3303 1174 3357 1219 et
3384 1166 3625 1221 distincti
3654 1168 3795 1226 ullius

2212 1230 2482 1304 dignitatis
2501 1232 2733 1304 gradus?
2759 1233 3021 1287 Permixta
3048 1236 3223 1288 omina
3250 1244 3305 1289 et
3330 1236 3529 1291 timore
3558 1238 3790 1304 confusa;

2212 1303 2357 1355 omni
2402 1302 2580 1356 domui
2624 1303 2898 1371 planctus,
2943 1313 2999 1359 et
3042 1304 3258 1377 aequalis
3300 1305 3397 1360 fuit
3442 1321 3545 1377 per
3588 1302 3792 1365 cunctos

2213 1387 2378 1440 pavor
2408 1390 2422 1427 :
2450 1389 2613 1427 unum
2643 1383 2760 1427 erat
2785 1390 2972 1430 servus
2998 1383 3050 1428 et
3077 1375 3303 1439 nobilis;
3335 1375 3532 1431 eadem
3566 1379 3789 1437 omnibus

2212 1444 2385 1519 imago
2414 1444 2620 1519 mortis.
2652 1443 2759 1519 Nisi
2785 1446 2913 1519 quia
2938 1445 3104 1519 magis
3128 1461 3246 1519 eam
3274 1447 3540 1519 timebant
3574 1449 3663 1514 illi,
3688 1452 3790 1519 quin

2212 1512 2509 1584 bns’l'uerat
2550 1515 2655 1569 vita
2695 1512 3000 1584 jucundior.
3038 1512 3101 1571 'Si
3147 1518 3219 1570 ita
3260 1518 3523 1574 mortales
3564 1512 3789 1578 timemus

2210 1582 2394 1639 hostes
2418 1596 2472 1639 et
2499 1582 2784 1640 humanam
2815 1600 3049 1653 manum,
3076 1586 3202 1653 quid
3232 1586 3495 1644 faciemus
3519 1604 3637 1644 cum
3661 1593 3788 1648 clan-

2209 1669 2338 1729 gore
2384 1656 2604 1729 terribili
2647 1658 2769 1729 tuba
2813 1658 3052 1711 intonare
3073 1656 3149 1729 de
3176 1658 3319 1713 cmlo
3347 1662 3603 1729 coeperit,
3646 1672 3696 1716 et
3727 1664 3786 1719 ad

2208 1725 2357 1794 illam
2386 1724 2703 1794 Archangeli
2733 1741 2914 1781 vocem
2942 1728 3084 1782 omni
3112 1730 3332 1783 buccina
3360 1724 3645 1785 clariorem
3663 1740 3785 1788 totus

2208 1793 2367 1851 simul
2405 1793 2665 1869 remugiat
2701 1797 2969 1852 mundus?
3013 1797 3144 1852 Cum
3186 1799 3484 1854 viderimus
3524 1816 3677 1869 super
3702 1819 3786 1860 nos

2208 1879 2316 1919 non
2344 1882 2500 1920 manu
2528 1866 2665 1921 facta
2688 1883 2834 1923 arma
2855 1870 3086 1932 concuti,
3109 1868 3200 1924 sed
3222 1880 3276 1924 et
3296 1871 3531 1926 virtutes
3549 1866 3783 1928 ctelorum

2207 1939 2553 1999 commoveri,
2579 1938 2716 1992 sicut
2744 1938 2996 2009 propheta
3019 1938 3166 2006 dicit,
3193 1939 3319 1994 Cum
3346 1942 3540 1994 venerit
3561 1940 3783 1999 Dominus

2208 2008 2587 2083 ponere_orbem
2625 2008 2772 2083 teri-te
2806 2010 3087 2075 desertum,
3121 2020 3167 2063 et
3191 2020 3487 2083 peccatores
3518 2013 3701 2083 perdere
3723 2031 3780 2069 et

2207 2092 2301 2141 eo;
2327 2078 2447 2147 quis
2476 2089 2605 2153 tunc
2627 2079 2780 2134 nobis
2807 2095 2990 2153 pavor,
3016 2095 3135 2153 quae
3161 2078 3334 2153 caligo
3354 2122 3369 2142 .
3402 2078 3528 2153 ψιλιεὲ
3552 2084 3776 2147 tenebrae,

2206 2160 2328 2201 cum
2358 2163 2454 2223 nos
2480 2150 2673 2223 saepius
2698 2165 2761 2205 ac
2789 2150 2945 2223 toties
2952 2149 3304 2223 indmonitos',
3339 2160 3396 2207 et
3422 2149 3609 2209 tamen
3632 2155 3780 2223 impa-

2207 2227 2352 2271 ratos
2373 2218 2486 2274 dies
2516 2220 2605 2294 ille
2630 2220 2925 2289 repererit?
2948 2219 3094 2294 Tunc
3114 2264 3126 2285 ,
3157 2223 3366 2291 inquit,
3398 2224 3632 2294 plangent
3652 2218 3783 2291 super

2206 2304 2261 2341 se
2285 2304 2455 2343 omnes
2480 2290 2636 2345 tribus
2656 2302 2802 2345 terra:
2823 2307 2841 2344 :
2860 2301 2908 2345 et
2928 2291 3160 2346 videbunt
3180 2290 3349 2360 ﬁlium
3371 2290 3591 2349 nominis
3610 2290 3781 2349 venien-

2206 2367 2304 2435 tem
2329 2360 2381 2412 in
2403 2360 2614 2435 nubibus
2639 2362 2751 2435 cwli
2774 2379 2889 2435 cum
2911 2363 3090 2435 virtute
3108 2363 3269 2417 multa
3289 2375 3337 2418 et
3359 2367 3633 2435 majestate.
3658 2364 3779 2421 Tunc

2206 2428 2373 2483 dicent
2400 2431 2677 2489 montibus.
2709 2431 2884 2486 Cadite
2907 2434 3216 2501 super'nos;
3244 2445 3289 2488 et
3314 2428 3570 2502 collibus,
3602 2435 3780 2503 Operite

2206 2515 2336 2574 nos;
2364 2512 2409 2555 et
2438 2504 2616 2571 petris,
2649 2503 2851 2574 Aperite
2887 2520 2974 2557 vos
3015 2504 3157 2557 nobis
3195 2503 3415 2574 (Matth.
3452 2521 3600 2570 xxnv,
3628 2506 3712 2569 ευ,
3739 2515 3781 2561 et

2205 2567 2335 2644 _Luc.
2362 2567 2524 2636 xxitt,
2553 2573 2668 2644 50).
2698 2567 2893 2628 Verum
2937 2573 3055 2628 llaec
3100 2567 3285 2629 eorum
3330 2576 3481 2638 sint,
3521 2567 3605 2644 qui
3642 2567 3777 2632 variis

2207 2639 2595 2716 l_tujus_mun(li
2629 2639 2838 2716 detenti
2883 2645 3057 2716 curis,
3104 2645 3171 2699 dc
3202 2645 3391 2716 mundi
3437 2639 3549 2701 non
3572 2649 3780 2716 cogitant

2207 2711 2437 2787 line._'l‘u
2457 2729 2586 2769 vero
2605 2714 2971 2787 cuiadvcntus
2997 2715 3194 2787 Christi
3222 2715 3440 2771 dierum
3468 2711 3775 2787 noctiumque

2205 2783 2479 2838 meditatio
2504 2793 2604 2849 Gal,
2632 2785 2715 2840 cui
2746 2802 2840 2854 pro
2863 2786 3205 2840 conscientiae
3232 2795 3470 2853 puritate
3495 2789 3686 2842 Domini
3706 2783 3775 2842 est

2207 2854 2434 2921 optanda
2456 2856 2757 2923 praesentia,
2776 2871 2895 2924 qua:
2908 2858 3433 2915 consummationem
3456 2859 3629 2913 surculi
3650 2858 3774 2927 quasi

2206 2932 2409 2996 certum
2454 2927 2653 2993 praemii
2698 2928 2769 2980 tui
2808 2935 3015 2996 tempus
3044 2939 3362 2995 exspectas;
3396 2929 3773 2984 exsultationem

2206 2993 2273 3046 dc
2289 2996 2425 3049 coelo
2440 2996 2640 3063 capies,
2666 3011 2768 3050 non
2793 2993 3058 3051 timoretu.
3082 2993 3230 3051 Tunc
3249 2998 3401 3052 enim
3429 3008 3483 3053 tu
3501 3009 3771 3054 sanctorum

2206 3065 2367 3140 mixta
2406 3066 2583 3140 choris
2602 3108 2629 3140 ,_
2651 3068 2934 3140 etSanctis
2944 3067 3213 3140 comitata
3245 3068 3579 3138 virginibus,
3605 3084 3773 3140 sponso

2206 3134 2415 3211 obiiam
2447 3137 2783 3211 subvolabis,
2816 3147 2871 3211 et
2891 3137 3111 3211 _(_lices_;_
3137 3134 3528 3211 Inveni'quem
3561 3134 3770 3210 quisivit

2206 3207 2381 3279 anima
2411 3221 2526 3260 mea
2556 3204 2724 3279 (cant.
2756 3207 2856 3279 tu).
2886 3207 2997 3262 Nec
3027 3208 3181 3279 ullius
3206 3210 3316 3279 jam
3347 3204 3606 3279 temporis
3639 3225 3769 3279 sepa-

2206 3277 2467 3351 rationem
2486 3277 2741 3351 timebis.
2771 3277 2889 3351 qua:
2913 3278 3081 3351 semel
3108 3277 3529 3351 immortalitatis
3555 3277 3701 3351 glyria
3724 3290 3768 3334 et

2206 3345 2618 3417 incorruptionis
2648 3345 2931 3416 splendore
2954 3348 3201 3403 donanda
3223 3364 3285 3404 es
3304 3390 3319 3414 ,
3364 3362 3425 3406 et
3452 3345 3766 3406 cum'Christo

2207 3431 2419 3485 semper
2464 3418 2637 3471 futura
2681 3432 2773 3485 es,
2821 3419 3074 3488 Apostolo
3112 3420 3324 3475 dicente
3362 3441 3377 3475 :
3417 3420 3653 3487 Quoniam

2207 3484 2456 3541 Dominus
2484 3488 2537 3541 in
2564 3489 2726 3543 iussu.
2758 3498 2803 3542 et
2832 3490 2883 3542 in
2908 3504 3025 3543 voce
3052 3489 3377 3543 Archanaeli.
3414 3504 3461 3543 et
3487 3492 3538 3543 in
3563 3493 3665 3543 tuba
3728 3490 3766 3543 ei

2205 3484 2456 3560 Dominus
2484 3488 2537 3560 in
2553 3489 2726 3560 jussu,
2758 3498 2803 3542 et
2832 3484 2884 3542 in
2908 3504 3025 3543 voce
3052 3489 3377 3560 Archangeli,
3414 3484 3461 3546 et
3487 3492 3538 3545 in
3563 3493 3665 3545 tuba
3686 3484 3766 3544 Dei

2205 3558 2467 3610 descendet
2493 3558 2559 3631 de
2586 3559 2755 3631 ctelo:
2778 3567 2825 3612 et
2856 3561 3037 3613 mortui
3064 3561 3150 3631 qui
3172 3562 3224 3613 in
3250 3558 3463 3618 Christo
3487 3572 3591 3617 sunt
3615 3576 3763 3614 resur-

2204 3636 2319 3702 gt’nt
2348 3629 2502 3702 primi
2518 3645 2540 3694 ;
2570 3628 2749 3682 deinde
2776 3645 2883 3702 nos,
2907 3631 2993 3699 qui
3034 3628 3242 3702 vicinius
3262 3673 3277 3697 ,
3319 3635 3419 3701 qui
3454 3631 3757 3702 relinquimur,

2204 3696 2358 3752 simul
2383 3701 2639 3764 rapiemur
2674 3715 2787 3752 cum
2824 3696 2927 3754 illis
2956 3702 3007 3753 in
3033 3701 3247 3755 nubibus
3266 3696 3476 3758 iob-viam
3499 3696 3689 3755 Domino
3714 3700 3761 3753 iu

2204 3783 2382 3846 aera,“
2400 3779 2445 3822 et
2459 3770 2560 3846 __ita
2601 3786 2799 3846 semper
2838 3786 2953 3823 cum
2991 3771 3189 3826 Christo
3218 3775 3414 3829 erimus
3453 3774 3491 3846 (Ι
3526 3771 3679 3846 Thess.
3715 3784 3760 3837 v,

2206 3837 2291 3914 15,
2321 3839 2581 3914 lli)._H;ec
2599 3837 2855 3914 _sit_ig_itur
2876 3856 3003 3914 cura
3033 3850 3117 3896 tua
3145 3859 3386 3914 semper,
3415 3837 3510 3900 hoc
3529 3843 3754 3914 studium;

2205 3911 2320 3961 hare
2341 3910 2538 3980 jugitcr
2562 3911 2780 3980 virginis
2806 3912 2966 3966 corde
2994 3910 3291 3979 Volvantur,
3321 3916 3380 3968 in
3410 3916 3489 3969 his
3512 3914 3654 3967 totius
3670 3911 3759 3966 diei

2205 3990 2446 4056 versetur
2472 3982 2653 4048 labor,
2697 3982 2749 4035 in
2791 3981 2881 4056 his
2913 3983 3084 4056 noc_tis
3121 3998 3345 4056 somnus
3391 3998 3684 4056 reponatur,
3716 3984 3758 4035 in

2204 4049 2307 4122 hoc
2330 4052 2503 4105 anima
2526 4067 2709 4106 rursus
2729 4053 2960 4122 evigilet.
2993 4053 3202 4108 Etenim
3230 4055 3411 4111 nullus
3442 4049 3581 4109 labor
3601 4056 3755 4116 dums,

2204 4121 2404 4202 nullum
2436 4130 2643 4202 tempus
2667 4121 2882 4193 longum
2912 4122 3074 4178 videri
3102 4126 3281 4192 debet,
3315 4142 3429 4196 quo
3456 4125 3610 4196 gloria
3631 4135 3761 4180 ater-

2203 4194 2385 4245 nitatis
2408 4194 2718 4260 acquiritur.

2291 4267 2610 4327 CENSURA
2649 4271 3155 4329 LOVANIENSIUM
3192 4274 3684 4336 THEOLOGORUM

2415 4359 2467 4396 IN
2504 4357 2635 4397 DUAS
2669 4359 2947 4399 EPISTOIAS
2984 4361 3214 4400 PROXIIE
3254 4362 3579 4412 SEQUENTES.

2274 4420 2536 4490 lmpostor
2564 4423 2807 4478 indoctus
2833 4423 2933 4478 fuit
2960 4426 3198 4495 quisquis
3226 4442 3518 4497 sequentes
3544 4426 3757 4500 epistolas

2201 4499 2269 4556 de
2293 4502 2437 4555 obitu
2464 4501 2799 4574 Hieronymi,
2830 4503 3087 4559 conﬁnxit
3114 4507 3213 4560 sub
3248 4513 3554 4567 nominibus
3579 4499 3641 4566 PS.
3666 4507 3757 4562 Au-

2201 4581 2396 4651 gustini
2421 4581 2541 4662 ζωικ-
2557 4581 2808 4653 Cyrillum
2851 4583 3309 4655 Jerosolymorum
3357 4593 3679 4662 episcopum,
3712 4592 3757 4640 et

2202 4668 2387 4715 contra
2416 4659 2471 4715 S.
2503 4659 2682 4733 Cyrilli
2711 4663 2776 4716 ad
2802 4664 3175 4733 Augustinum.
3209 4665 3339 4722 Nam
3372 4659 3575 4725 constat
3610 4666 3756 4740 Cyril-

2202 4741 2313 4821 lum
2346 4748 2468 4821 ante
2497 4740 2879 4814 Hieronymum
2906 4743 3120 4798 obiissc.
3160 4744 3310 4801 Unde
3351 4749 3682 4821 Hieronymus
3713 4745 3754 4797 ill

2201 4820 2338 4877 libro
2365 4820 2432 4876 de
2459 4821 2587 4876 viris
2618 4823 2910 4878 illustribus
2936 4824 3121 4879 scribit
3149 4844 3161 4880 :
3196 4825 3427 4898 Cyrillus
3462 4820 3755 4898 Jerosolyma:

2201 4902 2487 4974 episcopus,
2515 4918 2647 4971 saepe
2675 4904 2852 4975 pulsus
2880 4904 2941 4958 ab
2968 4906 3176 4961 ecclesia
3193 4950 3207 4975 ,
3237 4918 3285 4963 et
3310 4922 3557 4982 receptus,
3594 4908 3655 4961 nd
3680 4922 3755 4960 ex-

2203 4990 2419 5036 tremum
2445 4982 2535 5036 sub
2575 4982 2852 5038 Theodosio
2876 4986 3105 5057 principe
3135 4999 3247 5041 octo
3271 4993 3421 5046 annis
3444 4994 3755 5045 inconcussum

2203 5062 2543 5132 episcopatu»:
2572 5063 2745 5143 tenuit.
2781 5063 3042 5120 Praeterea
3074 5066 3159 5121 hic
3181 5067 3341 5124 falsus
3362 5071 3583 5143 Cyrillus
3606 5069 3653 5121 in
3674 5080 3755 5119 suo

2203 5141 2463 5210 rescripto
2491 5156 2607 5211 cap.
2631 5143 2685 5205 4,
2712 5140 3054 5199 Sabinianum
3084 5155 3236 5201 vocat
3265 5140 3657 5205 litercsiarcham
3680 5159 3753 5215 pc-

2203 5220 2476 5286 atit‘erum,
2509 5221 2630 5290 quia
2663 5222 2713 5274 io
2741 5221 2952 5277 Christo
2978 5223 3109 5280 duas
3150 5229 3426 5284 asserebat
3457 5229 3748 5282 voluntates:

2203 5299 2455 5378 additque
2482 5300 2860 5373 Hieronymum
2901 5304 3180 5375 epistolam
3211 5322 3373 5378 super
3402 5309 3551 5378 hujus
3582 5304 3751 5362 erroris

2202 5377 2562 5457 destructione
2584 5380 2835 5457 edidisse.
2861 5380 2938 5435 Ex
2961 5398 3070 5452 quo
3089 5377 3429 5457 consequitur
3450 5391 3581 5444 hunc
3597 5392 3749 5442 aucto-

2204 5472 2316 5511 rem
2344 5455 2647 5513 bmreticum
2668 5456 2853 5526 fuisse,
2879 5460 2977 5515 hac
2997 5455 3365 5533 itnpostorem.
3391 5468 3446 5522 Et
3471 5468 3577 5521 lucc
3593 5470 3747 5520 contra

2204 5534 2303 5615 has
2327 5536 2579 5607 epistolas
2603 5556 2633 5590 «ε
2656 5538 2836 5593 nmltis
2863 5554 3051 5610 pauca,
3082 5540 3175 5597 sed
3201 5546 3476 5615 praecipua,
3499 5543 3744 5600 sufﬁciant.

2203 5614 2384 5698 Sancti
2425 5617 2701 5698 Augustini
2731 5614 2888 5689 (falso
2916 5620 3089 5698 titulo)
3128 5614 3745 5698 ad‘CyrillumJerosoly-

2276 5688 2537 5765 mitanum
2562 5688 2868 5765 episcopum
2890 5731 2905 5752 ,
2941 5691 3009 5765 de
3048 5688 3340 5765 magniﬁcis
3363 5688 3745 5760 admirandisque

2279 5760 2448 5814 sancti
2479 5759 2799 5832 Hieronymi
2812 5761 3115 5832 virtutibus.

2728 5830 3062 5889 EPISTOLA
3099 5835 3283 5893 XVIII.

2281 5900 2657 5957 Gloriosissimi
2687 5902 2988 5960 christianre
3020 5906 3138 5962 ﬁdei
3168 5910 3408 5979 athletm,
3436 5916 3614 5963 sanch
3638 5914 3734 5957 ma-
