4024 6450
273 422 426 485 1121

271 547 395 601 tris
420 542 673 600 Ecclesia:
697 539 884 615 lapidis
903 543 1199 612 augularis,
1231 543 1281 598 in
1313 559 1418 612 quo
1452 543 1735 615 admodum
1773 545 1865 598 fir-

273 626 436 671 mata
463 615 722 674 consistit.
757 614 897 669 nunc
923 630 1046 668 vero
1074 615 1126 669 in
1153 615 1350 670 cmlesti
1379 615 1542 684 gloria
1562 615 1650 669 Dei
1679 614 1866 670 sideris

273 686 550 741 radiantis
577 687 702 756 olim
735 685 1036 756 Hieronymi
1078 685 1368 755 presbyteri
1399 684 1579 738 laudes
1599 727 1612 748 ,
1647 700 1866 756 venera-

270 757 414 810 bilis
443 766 594 824 pater
621 754 834 824 Cj'rille,
867 754 1195 810 silendumne
1226 754 1396 823 putas.
1427 761 1517 808 aut
1551 755 1720 823 lingua
1751 755 1865 808 bal-

269 825 547 880 bttlientis
565 825 734 895 pueri,
753 827 992 879 utvirunt
1015 825 1269 893 pollutum
1291 824 1442 878 labiis
1464 839 1547 878 me
1568 825 1863 895 locuturmn

270 895 405 952 fore
427 894 595 951 reris?
614 896 742 951 (Ζωιὶ
766 906 1012 950 enarrant
1029 895 1248 962 gloriam
1271 894 1382 957 Dei,
1401 903 1451 948 et
1473 895 1779 964 omniaquae
1799 894 1867 948 fe-

269 967 358 1020 cit
386 967 662 1030 Dominus,
690 981 809 1020 eum
838 965 888 1019 in
915 965 1112 1019 sanctis
1131 965 1241 1020 suis
1262 964 1493 1018 laudant.
1520 963 1693 1019 Silere
1709 964 1868 1018 debet

271 1037 566 1091 rationalis
585 1046 823 1090 creatura
843 1052 872 1088 a
895 1037 1046 1090 laude
1070 1036 1182 1101 Dei,
1207 1034 1492 1089 irrationali
1517 1049 1619 1088 non
1641 1033 1865 1089 silente?

272 1115 516 1170 taceam,
547 1122 612 1160 an
642 1107 857 1174 loquar;
889 1121 1007 1160 cum
1038 1105 1080 1159 si
1114 1115 1336 1170 taceam,
1367 1103 1626 1174 lapidibus
1653 1104 1866 1172 jubetur

271 1178 558 1231 clamare?
592 1176 746 1231 Certe
776 1176 978 1244 loquar,
1003 1183 1056 1228 et
1082 1191 1184 1228 non
1212 1175 1416 1239 tacebo,
1449 1176 1571 1228 totis
1591 1175 1788 1228 viribus
1813 1183 1866 1229 et

271 1248 496 1300 nisibus
537 1247 753 1301 laudare
785 1247 1160 1316 Hieronymum
1191 1262 1204 1296 ε
1237 1248 1324 1314 qui
1351 1245 1595 1316 quamvis
1625 1244 1866 1316 indignus

269 1326 335 1370 et
367 1316 694 1372 insufliciens
720 1316 957 1369 laudator
977 1314 1250 1381 exsistam,
1277 1331 1397 1368 cum
1427 1329 1529 1368 non
1559 1315 1625 1368 sit
1647 1314 1864 1382 pulchra

271 1387 332 1439 in
382 1403 480 1440 ore
526 1386 814 1452 peccatoris
849 1386 992 1449 laus;
1027 1395 1197 1438 tamen
1239 1385 1307 1438 ab
1347 1385 1581 1453 ejusdem
1623 1384 1865 1439 laudibus

270 1457 510 1509 minime
539 1457 778 1510 cessabo.
829 1455 1089 1510 Firmetttr
1131 1457 1305 1522 itaque
1344 1468 1558 1516 manus,
1600 1464 1652 1507 et
1693 1456 1863 1523 lingua

272 1535 472 1580 nostra
502 1526 678 1597 palato
721 1541 823 1597 non
850 1524 1143 1597 adhaereat,
1177 1525 1424 1597 qunniam
1462 1533 1605 1578 certe
1644 1540 1865 1597 magnus

269 1605 368 1651 est
402 1594 609 1650 iste'vir
636 1595 1028 1659 sanctissimus,
1060 1595 1314 1649 mirabilis
1343 1604 1398 1649 et
1427 1594 1739 1647 metuendus
1767 1611 1861 1648 su-

268 1681 386 1736 per
416 1682 602 1720 omues
629 1666 714 1734 qui
744 1665 794 1718 in
827 1667 1048 1719 circuitu
1075 1674 1254 1736 nostro
1282 1675 1440 1729 sunt;
1471 1680 1689 1736 magnus
1721 1676 1865 1719 certe

271 1735 332 1791 in
389 1737 511 1791 vita:
550 1737 1006 1791 excitillentissimw
1049 1735 1360 1799 sanctitate,
1411 1749 1634 1804 magnus
1679 1735 1728 1787 in
1779 1750 1863 1788 sa-

272 1807 507 1877 pientim
552 1805 830 1860 inefl'abilis
881 1805 1513 1877 profunditate,magnus
1545 1804 1864 1877 inn'iajoris

269 1875 430 1933 nunc
455 1878 635 1947 gloria:
658 1875 978 1944 quantitate;
1004 1875 1258 1930 mirabilis
1284 1875 1603 1947 inprodigiis
1622 1875 1860 1939 insuetis,

272 1946 606 2002 metuendus
649 1947 719 2001 ob
764 1947 863 2000 sibi
903 1962 930 1999 a
979 1947 1197 2001 Domino
1242 1946 1481 1998 traditam
1529 1953 1861 2013 potestatem.

271 2017 457 2085 Quam
489 2019 662 2087 itaque
689 2032 907 2085 magnus
931 2017 998 2087 sit
1027 2017 1122 2070 iste
1155 2015 1567 2085 gloriosissimus
1605 2015 1863 2087 Hierony-

271 2104 407 2143 mus
439 2089 491 2142 in
522 2085 631 2142 sua:
661 2090 779 2140 vitio
807 2086 1262 2141 excellentissima:
1282 2087 1576 2146 sanctitate,
1601 2085 1863 2152 quomodo

272 2157 615 2227 patefaceret
640 2173 752 2210 mea
780 2158 973 2224 lingua,
1004 2173 1121 2210 cum
1149 2156 1410 2227 praecipue
1429 2165 1734 2227 cunctorum
1761 2171 1861 2227 non

271 2225 594 2283 Sufficerent
637 2227 932 2280 inurtalimn
979 2227 1202 2295 linguae.
1235 2235 1292 2278 ut
1337 2225 1448 2295 ejus
1495 2225 1862 2278 excellentiam

273 2298 653 2367 explicarent?
681 2298 857 2351 Liceat
883 2312 1008 2364 ergo
1034 2297 1133 2367 diri
1160 2296 1294 2348 alter
1320 2295 1403 2367 hic
1423 2296 1583 2352 Elias.
1616 2295 1746 2347 alter
1780 2295 1863 2367 hic

273 2366 538 2431 Samuel,
566 2370 697 2422 alter
720 2367 808 2421 hic
825 2367 1054 2421 Joannes
1083 2366 1314 2434 Baptista
1359 2366 1478 2418 vitm
1530 2366 1863 2419 excellentis-

275 2441 443 2494 siina:
485 2439 781 2492 sanctitate.
836 2437 974 2491 Elias
1013 2447 1065 2490 et
1111 2436 1340 2490 Joannes
1390 2434 1619 2489 crcmita:
1665 2434 1865 2503 magnis

274 2511 530 2564 ciborum
561 2518 613 2562 et
640 2508 860 2562 vestium
902 2506 1274 2574 asperitatibus
1311 2521 1522 2558 carnem
1563 2520 1863 2559 macerave-

275 2589 455 2641 runt;
506 2595 609 2632 non
650 2579 868 2633 minoris
910 2579 1024 2630 vitae
1055 2576 1406 2647 Hieronymus
1431 2576 1859 2647 gloriosissimus,

279 2651 517 2704 cremita
538 2650 675 2702 idem
697 2664 787 2716 per
803 2647 1204 2718 quadriennium
1228 2644 1276 2700 in
1300 2644 1480 2718 eremo
1498 2644 1724 2718 ferarum
1752 2656 1866 2699 tau-

277 2730 405 2775 tum
434 2721 609 2772 socius
639 2715 884 2787 perstitit.
928 2717 1310 2786 Quinquaginta
1351 2717 1502 2770 annis
1532 2715 1620 2786 (ut
1647 2732 1866 2770 venera-

277 2792 419 2846 bilis
451 2790 660 2844 Eusebii
701 2789 936 2856 ejusdem
981 2788 1224 2857 discipuli
1275 2789 1488 2850 litterae,
1529 2801 1660 2854 quas
1700 2789 1866 2854 pridie

280 2861 507 2928 recepi,
538 2861 740 2928 plenius
770 2859 1085 2919 fatebantur,
1113 2868 1167 2912 et
1197 2865 1250 2910 ut
1285 2873 1370 2912 me
1396 2858 1592 2911 certius
1630 2866 1684 2910 tu
1725 2857 1863 2912 idem

279 2932 479 3001 nosti),
502 2931 679 2983 vinum
707 2937 760 2982 et
789 2930 1010 2984 siceram
1033 2928 1328 3001 aliqnaliter
1370 2944 1472 3001 non
1512 2929 1770 3001 gustavit;
1792 2929 1865 3001 ab

282 2998 444 3056 omni
478 3001 714 3053 carnium
743 3007 798 3053 et
825 3002 980 3053 etiam
1011 3000 1229 3066 piscium
1266 3012 1360 3052 esu
1397 2999 1466 3050 ita
1492 3013 1548 3051 se
1577 2998 1862 3064 abstinuit,

279 3071 432 3141 quod
470 3071 552 3124 vix
582 3086 640 3124 ea
675 3071 946 3141 nominare
973 3069 1210 3141 volebat;
1237 3077 1443 3141 coctum
1479 3068 1600 3136 qttid
1629 3084 1734 3123 non
1767 3069 1865 3122 nisi

280 3139 347 3196 in
371 3141 554 3194 ultima
580 3140 889 3209 :egritudiue
911 3141 990 3194 bis
1016 3139 1247 3194 comedit
1265 3139 1513 3209 ;7cilicino
1551 3153 1706 3193 sacco
1745 3154 1864 3192 car-

281 3227 418 3267 nem
448 3212 605 3264 veluti
635 3208 912 3278 ’1Ethiopis
939 3224 1231 3266 maceratis.
1261 3208 1490 3276 desuper
1516 3224 1690 3276 panno
1716 3209 1866 3262 vilis-

284 3283 431 3338 simo
472 3296 528 3335 se
570 3283 1052 3349 tegebat;stratum
1077 3278 1219 3332 aliud
1244 3279 1342 3332 nisi
1377 3292 1566 3349 terrain
1598 3294 1865 3342 nunquam

285 3353 466 3408 scivit.
509 3347 747 3406 Nonnisi
776 3351 940 3404 semel
971 3349 1224 3404 fructibus
1264 3359 1353 3402 aut
1398 3347 1679 3402 herbarum
1725 3349 1866 3404 foliis

287 3423 406 3476 sive
429 3422 692 3476 radicibus
717 3429 895 3490 pastus
921 3421 971 3473 in
1009 3419 1125 3484 die,
1158 3428 1275 3488 post
1311 3434 1649 3490 vesperasse
1673 3420 1868 3473 oratio-

287 3493 448 3549 nibus
486 3489 759 3561 praebcns,
789 3492 1039 3559 deinceps
1083 3506 1248 3559 usque
1284 3489 1670 3561 adisecundam
1697 3491 1867 3545 noctis

289 3559 500 3618 ltoranr
523 3563 756 3632 quotidie
800 3561 1084 3630 vigilabat;
1134 3559 1464 3628 postmodum
1505 3575 1636 3632 vero
1679 3575 1866 3615 somno

287 3634 464 3687 fessus
494 3631 555 3686 in
588 3642 723 3686 terra
768 3632 1037 3704 dormiens
1083 3646 1246 3704 usque
1283 3633 1348 3684 ad
1397 3631 1865 3704 mcdiam_no_ctcm

288 3706 632 3771 quiescebat:
661 3719 760 3771 qua
789 3702 1001 3773 quidem
1044 3701 1294 3758 continuo
1337 3718 1558 3770 surgens
1579 3743 1591 3764 ,
1623 3701 1869 3756 lectioni-

290 3774 391 3826 bus
415 3782 468 3824 et
496 3773 769 3840 scripturis
798 3774 1144 3826 sanctissimis
1164 3813 1180 3836 ,
1208 3773 1399 3840 quibus
1422 3782 1526 3828 tota
1555 3773 1722 3826 radiat
1762 3773 1864 3826 Ec-

290 3839 456 3894 clesia
485 3839 558 3892 uti
585 3839 839 3909 lapidibus
879 3843 1122 3909 pretiosis
1143 3882 1156 3904 ,
1181 3839 1432 3901 intentus,
1460 3858 1622 3909 usque
1647 3843 1712 3895 ad
1741 3857 1866 3897 esus

293 3909 479 3963 horam
495 3908 824 3977 perduraliat.
843 3908 914 3962 Ita
939 3911 1199 3980 levissima
1229 3910 1386 3964 flebat
1412 3908 1643 3978 peccata,
1669 3923 1725 3964 ut
1746 3913 1866 3980 quis

290 3995 418 4034 eum
445 3981 756 4033 a'stitnasset
781 3980 1044 4032 hOminem
1075 3978 1422 4033 interemisse.
1441 3981 1546 4033 Ter
1568 3982 1618 4032 in
1645 3981 1728 4033 die
1744 3978 1866 4033 car-

291 4066 416 4105 nem
465 4049 594 4104 diris
639 4048 944 4104 verberibus
973 4048 1301 4118 flagellabat,
1333 4049 1402 4102 ita
1435 4059 1489 4104 ut
1518 4065 1580 4104 ex
1610 4049 1723 4116 ejus
1747 4066 1865 4103 cor-

291 4135 424 4190 pore
449 4119 599 4190 rivuli
631 4120 897 4188 sanguinis
919 4118 1213 4190 effluercnt.
1238 4120 1374 4190 Quin
1400 4122 1613 4174 verbum
1637 4121 1863 4174 otiosum

291 4187 508 4258 aliquod
535 4199 590 4245 ιιι
613 4187 812 4258 pestem
843 4191 1123 4244 maximam
1156 4187 1402 4259 fugiebat.
1424 4190 1532 4245 Sibi
1555 4191 1720 4244 otium
1750 4191 1864 4244 util-

293 4261 404 4314 lum
431 4270 578 4326 erat,
607 4275 816 4327 semper
843 4269 934 4314 aut
957 4261 1124 4314 sacris
1151 4260 1481 4327 lectionibus,
1510 4272 1598 4314 aut
1622 4260 1862 4314 scriben-

292 4331 384 4394 do,
413 4341 500 4384 aut
544 4330 783 4386 docendo
824 4339 1040 4385 cunctos
1088 4331 1488 4385 exercitabatur.
1537 4330 1670 4398 Quid
1714 4332 1863 4399 plura

292 4400 518 4470 loquar?
540 4402 594 4456 Si
619 4413 918 4456 sanctorum
949 4401 1274 4471 singulorum
1305 4403 1661 4470 perquirerem
1705 4403 1858 4469 vitas,

290 4485 358 4525 eo
379 4511 394 4536 ,
428 4481 484 4523 ut
511 4480 654 4540 puto,
684 4472 936 4541 majorem
972 4473 1235 4526 nemiuem
1267 4472 1577 4526 invenirem.
1611 4471 1715 4526 Sed
1742 4474 1859 4541 quia

289 4556 413 4595 eum
440 4542 681 4610 superius
705 4544 928 4597 alterum
949 4542 1247 4596 Samuelem
1274 4543 1678 4608 nominavimus,
1703 4542 1862 4598 fuisse

290 4610 418 4668 huic
441 4612 666 4666 similem
694 4613 996 4667 Sanmelem
1039 4613 1400 4668 ostendamus.
1443 4613 1540 4668 Hic
1576 4622 1721 4667 certe
1761 4613 1861 4668 Sa-

289 4683 456 4748 muel,
478 4683 567 4751 qui
587 4683 655 4738 de
679 4684 827 4737 vanis
855 4683 1148 4737 litterarum
1183 4683 1368 4738 studiis
1395 4683 1703 4738 verberibus
1731 4699 1860 4738 evo-

287 4762 460 4819 catus,
486 4768 650 4824 sacrze
672 4751 956 4824 Scriptura-
982 4753 1274 4809 ministerio
1301 4755 1599 4822 deputatur.
1625 4753 1680 4808 lu
1712 4754 1862 4824 cujus

288 4824 466 4878 vultus
494 4823 694 4879 lumine
729 4823 904 4878 divina
947 4824 1110 4893 gratia
1159 4825 1426 4887 influente,
1455 4827 1728 4894 utriusque
1756 4823 1862 4880 Te-

288 4895 539 4950 stamenti
585 4895 765 4950 lumen
805 4895 1046 4958 vidimus,
1075 4902 1129 4947 et
1158 4895 1208 4948 in
1237 4894 1386 4963 cujus
1414 4895 1612 4950 brachii
1646 4896 1859 4948 fortitu-

288 4966 416 5020 dine
441 4965 807 5021 haereticorum
833 4979 954 5034 pars
974 4964 1202 5019 maxima
1221 4974 1303 5020 est
1323 4964 1579 5033 dispersa.
1599 4964 1695 5019 Hic
1713 4971 1861 5020 certe

289 5035 456 5106 gloria
499 5036 705 5090 virtutis
750 5043 944 5089 nostra:
987 5035 1310 5106 transferens
1347 5042 1629 5104 utrumque
1672 5035 1851 5089 Testa-

289 5105 533 5176 mentum
562 5121 624 5161 ex
653 5106 994 5161 Hebraeorum
1027 5105 1200 5176 lingua
1231 5107 1282 5160 in
1307 5121 1533 5176 grazcam
1577 5106 1770 5176 pariter
1805 5114 1862 5161 et

287 5175 540 5246 latinam,
567 5177 959 5246 disponensque
1003 5175 1174 5244 ipsum
1215 5175 1438 5246 posteris
1475 5177 1526 5230 in
1567 5175 1857 5243 aeternum,

287 5245 568 5301 declarans
610 5245 891 5317 aenigmata
926 5253 980 5300 ct
1014 5245 1270 5311 obscura,
1320 5247 1477 5301 dubia
1524 5256 1578 5301 et
1619 5247 1820 5302 nodosa
1843 5287 1858 5312 ,

290 5331 595 5386 praeparans
631 5317 924 5372 officiorum
959 5318 1151 5372 seriem
1183 5318 1387 5372 cunctis
1411 5317 1660 5372 Ecclesiae
1703 5317 1861 5371 iniui-

287 5387 442 5450 stris,
479 5396 642 5443 totam
688 5403 820 5456 pene
860 5387 1150 5441 Ecclesium
1191 5388 1488 5442 aedificavit.
1533 5386 1682 5442 Unde
1726 5388 1862 5442 bene

291 5471 512 5528 magnus
533 5467 753 5528 apparet
780 5457 833 5512 in
861 5457 1134 5528 sapientiae
1163 5457 1441 5512 ineffabilis
1480 5457 1856 5528 profunditate.

291 5527 580 5584 Liber-ales
607 5537 779 5599 autem
828 5528 1072 5582 scientias
1104 5527 1184 5599 ita
1227 5528 1456 5598 perfecte
1482 5527 1686 5592 ’scivit,
1719 5528 1859 5599 quod

292 5599 548 5668 relatione
575 5598 809 5654 omnium
853 5599 1025 5652 nullus
1051 5598 1226 5653 adhuc
1264 5599 1360 5652 sibi
1406 5599 1593 5653 similis
1621 5598 1857 5668 apparet.

292 5668 368 5742 De
382 5667 673 5742 Scripturis
683 5685 809 5724 vero
825 5669 991 5742 sacris
1009 5670 1024 5742 (
1035 5671 1106 5723 uti
1122 5671 1406 5742 multarum
1426 5685 1640 5742 surarum
1660 5667 1861 5739 episto-

290 5738 480 5812 iarum,
501 5738 638 5810 quas
657 5742 722 5796 ad
747 5756 834 5795 me
860 5740 1079 5804 direxit,
1099 5741 1421 5812 experientia
1463 5740 1676 5812 didici),
1692 5738 1862 5810 aequa-

289 5809 391 5864 lem
414 5811 511 5865 sibi
528 5809 807 5868 neminem
827 5825 1053 5880 unquam
1073 5813 1214 5866 novi.
1233 5809 1632 5875 Hebr-uicorum,
1643 5809 1858 5866 Gra‘co-

288 5895 402 5935 rum
421 5922 436 5947 ,
462 5881 855 5948 Chaldaeorum,
881 5883 1160 5939 Persarum
1184 5895 1236 5939 et
1266 5881 1535 5940 Medorum
1557 5925 1570 5951 ,
1598 5881 1857 5939 Arabico-

1731 423 2087 484 APPENDIX.

3411 426 3552 488 {1‘22

1974 560 2113 611 rum,
2134 554 2186 600 et
2208 553 2338 614 pene
2353 544 2586 599 omnium
2613 543 2879 598 nationum
2898 540 3101 614 linguas
3120 553 3173 600 et
3189 541 3410 609 litteras,
3433 556 3551 601 tan-

1971 631 2127 682 quam
2144 615 2189 685 si
2203 615 2384 668 fuisset
2403 616 2452 685 in
2475 614 2671 668 eisdem
2697 625 2848 668 natus
2869 623 2922 669 et
2937 614 3206 677 educatus,
3225 617 3394 670 scivit.
3408 617 3544 685 Quid

1971 685 2120 756 plura
2154 684 2362 756 dicam?
2386 684 2511 750 Qua:
2544 685 2890 756 Hieronymus
2932 685 3191 756 ignoravit
3235 685 3288 739 in
3333 684 3542 756 natam,

1973 753 2148 825 nullus
2179 754 2447 809 hominum
2473 771 2699 825 unquam
2729 753 2899 810 scivit.
2928 753 3039 809 Non
3064 770 3150 811 me
3175 756 3294 825 ista,
3327 753 3546 812 veneraé

1972 821 2095 897 bilis
2123 834 2286 892 pater,
2318 821 2588 897 egistiines
2618 824 2814 897 dicere,
2847 835 2904 878 ut
2935 836 3111 897 putem
3147 836 3198 880 te
3227 824 3538 897 Hieronymi

1973 903 2026 947 et
2052 895 2208 948 vitam
2232 905 2285 948 et
2313 895 2532 949 virtutes
2576 895 2725 963 pejus
2764 910 2848 950 me
2885 895 3054 964 scire,
3081 909 3201 948 cum
3227 895 3328 950 sibi
3366 895 3544 952 socius

1972 964 2243 1034 exstiteris
2270 967 2432 1018 multo
2457 976 2710 1034 tempore.
2745 964 2847 1018 Sed
2879 972 3045 1019 testor
3075 964 3261 1029 Deum,
3293 969 3542 1034 quoniam

1971 1033 2042 1087 ob
2089 1043 2192 1088 tam
2238 1035 2510 1089 ineffabilis
2541 1033 2637 1089 viri
2663 1035 3030 1102 sanctitatem,
3061 1035 3105 1089 si
3132 1033 3414 1091 voluisSem
3462 1044 3544 1092 ta-

1971 1118 2132 1168 cere,
2191 1120 2292 1158 non
2348 1103 3330 1176 potuissem.Confitentur__mirabilia
3383 1121 3544 1176 opera

1972 1175 2303 1245 sanctitatem
2331 1191 2479 1229 suam
2508 1186 2559 1231 et
2585 1175 2681 1242 ipsi
2708 1175 2827 1230 (τωΙὶ
2847 1215 2860 1233 ,
2892 1176 2942 1228 in
2971 1174 3163 1245 quibus
3192 1174 3540 1245 magnus'ha-

1971 1242 2103 1298 bitat
2140 1246 2254 1300 sine
2299 1245 2421 1299 fine.
2455 1246 2586 1299 Nulli
2619 1247 2792 1314 itaque
2815 1242 3033 1298 dubium
3061 1254 3178 1311 est,
3211 1242 3345 1300 intra
3372 1246 3542 1301 Patris

1972 1315 2272 1369 mansiones
2299 1316 2466 1382 ipsum
2491 1331 2647 1368 unam
2665 1331 2728 1369 ex
2755 1315 3038 1381 majoribus
3066 1324 3119 1368 et
3145 1314 3540 1371 sublimioribus

1969 1384 2182 1437 Sedibus
2202 1386 2458 1440 obtinere.
2487 1385 2617 1440 Cum
2651 1385 2788 1438 enim
2829 1384 2987 1438 homo
3026 1384 3218 1438 ibidem
3250 1387 3537 1440 secundum

1970 1469 2128 1524 Opera
2163 1455 2482 1521 prwmietur,
2511 1467 2565 1510 et
2591 1457 2686 1509 istc
2714 1453 3039 1524 perfectioris
3061 1469 3197 1524 pene
3231 1455 3350 1510 vitae
3377 1456 3543 1511 exsti-

1971 1523 2122 1588 terit;
2151 1525 2292 1579 rlare
2320 1535 2460 1592 patet
2485 1527 2654 1594 ipsum
2682 1523 2840 1578 unum
2868 1524 2934 1579 de
2957 1523 3245 1593 majoribus
3283 1533 3337 1580 et
3372 1526 3538 1581 subli-

1969 1595 2222 1648 mioribus
2257 1597 2488 1649 cmlestis
2509 1593 2803 1651 Jerusalem
2839 1595 3039 1650 civibus
3083 1593 3216 1650 fore.
3248 1595 3398 1663 Quod
3428 1604 3537 1651 uta

1971 1664 2121 1716 nobis
2152 1665 2354 1733 plenius
2383 1677 2434 1719 et
2463 1667 2656 1720 certius
2680 1665 2942 1729 credatur,
2971 1665 3025 1718 in
3052 1665 3248 1722 mundo
3274 1681 3382 1734 pra:
3402 1681 3532 1720 cun-

1969 1735 2088 1793 ctis,
2118 1751 2337 1801 quorum
2368 1745 2547 1789 nostra
2577 1735 2885 1790 recordatur
2911 1743 3036 1788 aetas
3055 1775 3072 1800 ,
3102 1735 3253 1790 valde
3281 1735 3538 1793 mirabilis

1970 1816 2183 1871 apparet
2213 1805 2460 1874 prodigiis
2492 1806 2730 1865 insuetis,
2760 1816 2810 1859 et
2843 1805 3106 1859 miraculis
3133 1805 3370 1871 infinitis,
3400 1821 3538 1875 quo—

1969 1887 2084 1926 rum
2115 1875 2239 1926 mihi
2267 1877 2437 1942 aliqua
2466 1875 2779 1929 venerabilis
2803 1875 3061 1929 Eusebius
3104 1875 3212 1929 suis
3247 1876 3436 1931 litteris
3461 1876 3538 1932 in-

1972 1944 2190 1997 timavit.
2215 1946 2284 1999 De
2301 1946 2506 1999 caeteris
2528 1961 2651 1999 vero
2680 1944 2928 2013 prodigiis
2943 1960 3060 2013 qua:
3083 1945 3388 1999 mirabiliter
3409 1947 3540 2002 fiunt

1971 2013 2235 2085 quotidie,
2272 2025 2324 2067 ut
2368 2017 2617 2069 continue
2665 2014 2932 2085 intelligo,
2954 2015 3294 2085 relationibus
3319 2016 3538 2085 cupiens

1970 2084 2314 2154 plurimorum
2337 2085 2539 2138 avidius
2562 2084 2856 2153 peraudire,
2883 2083 3008 2149 tibi,
3032 2093 3179 2152 pater
3206 2083 3534 2154 charissime,

1970 2153 2225 2226 Supplico,
2263 2168 2316 2207 ut
2342 2155 2468 2226 mihi
2501 2156 2550 2208 in
2580 2155 2736 2226 brevi
2758 2154 3026 2226 volumine
3067 2170 3413 2226 quaecumque
3443 2153 3538 2226 po;

1972 2224 2096 2276 teris
2130 2240 2248 2277 vera
2270 2235 2322 2278 ct.
2353 2225 2495 2278 utilia
2522 2224 2772 2277 miracula
2808 2224 3020 2277 collecta
3039 2264 3052 2288 ,
3081 2239 3236 2292 quam
3280 2225 3431 2278 citius
3444 2224 3538 2280 'fa-

1969 2293 2133 2346 cultas
2156 2295 2341 2359 aderit,
2362 2295 2596 2363 ejusdem
2611 2293 2911 2364 Hieronymi
2928 2293 3243 2350 sanctissimi
3261 2294 3538 2351 devotione

1972 2368 2328 2418 transmittere
2353 2382 2454 2419 non
2485 2365 2732 2434 deneges.
2764 2363 2869 2419 sed
2896 2371 2952 2416 ut
2981 2365 3139 2434 multa
3177 2365 3362 2418 merita
3412 2367 3538 2420 Hie-

1971 2435 2175 2504 ronymi
2222 2436 2535 2490 sanctissimi
2565 2433 2665 2489 non
2695 2435 2917 2497 lateant,
2947 2433 3068 2504 quid
3101 2450 3222 2503 erga
3250 2451 3336 2490 me
3360 2435 3536 2493 divina

1969 2514 2235 2558 annuente
2269 2507 2582 2570 clementia,
2613 2507 2662 2558 in
2694 2505 2807 2574 ipso
2834 2507 2910 2558 sui
2941 2506 3115 2559 obitus
3144 2505 3229 2559 die
3253 2506 3534 2573 acciderit,

1969 2574 2246 2646 enat-rabo.
2282 2577 2478 2631 Eodem
2527 2592 2752 2646 namque
2793 2576 2877 2629 die
2919 2585 2972 2629 et
3022 2574 3152 2628 liora
3187 2591 3317 2644 qua,
3349 2590 3539 2632 exutus

1972 2645 2265 2718 putredinis
2308 2657 2361 2700 et.
2399 2645 2742 2701 immundiﬁm
2784 2646 2957 2700 carnis
3005 2655 3150 2718 toga,
3190 2645 3541 2718 Hieronymus

1971 2717 2332 2786 sanctis~imus
2373 2718 2736 2772 vestimentum
2786 2726 3051 2786 perpetuae
3097 2717 3536 2783 immortalitatis,

1970 2784 2352 2856 inaestimabilis
2380 2789 2571 2842 laetitia:
2601 2796 2652 2841 ct
2679 2788 2860 2856 gloriae
2887 2784 3088 2848 induit;
3122 2802 3267 2840 eram
3294 2787 3536 2856 Hippone

1970 2855 2023 2909 in
2049 2857 2237 2910 cellula
2265 2874 2380 2911 mea
2408 2855 2703 2926 quiescens,
2726 2857 2877 2911 avide
2899 2857 3134 2924 cogitans
3154 2857 3321 2924 qualis
3344 2855 3542 2914 inesset

1970 2927 2243 2997 animabus
2274 2927 2565 2985 beatorum.
2597 2929 2685 2997 qui
2711 2943 2829 2981 cum
2850 2926 3063 2981 Christo
3082 2927 3331 2996 gaudent,
3352 2929 3539 2997 gloria:

1970 3006 2023 3068 et
2049 2996 2346 3051 l:etitiarum
2378 2996 2677 3068 quantitas;
2709 2999 2926 3066 cupiens
2953 2997 3162 3068 indeex
3193 2997 3291 3052 hac
3318 2996 3538 3056 materia

1968 3065 2181 3138 brevem
2232 3065 2551 3136 componere
2592 3065 2902 3133 tractatum,
2953 3067 3196 3138 precibus
3234 3072 3539 3136 compulsus

1969 3138 2136 3209 nostri
2164 3137 2340 3193 Severi
2364 3181 2376 3201 ,
2407 3141 2667 3209 quondam
2697 3137 3009 3192 venerabilis
3038 3138 3244 3209 Martini
3263 3138 3539 3194 'l'urOnen-

1969 3207 2042 3259 sis
2069 3209 2302 3276 episCOpi
2324 3207 2596 3277 discipuli;
2628 3211 2827 3265 charta.
2860 3208 3082 3279 calamo,
3110 3208 3452 3279 pugillarique
3484 3212 3535 3264 in

1971 3279 2211 3331 manibus
2239 3283 2529 3346 susceptis,
2568 3291 2622 3333 ut
2668 3281 2878 3334 brevem
2925 3278 3211 3332 scriberem
3257 3278 3536 3348 epistolam

1971 3349 2301 3421 sanctissimo
2328 3350 2647 3421 Hieronymo
2671 3349 3034 3421 destinandam
3057 3391 3070 3414 ,
3089 3357 3158 3421 Aut
3180 3348 3444 3421 quidquid
3473 3367 3540 3407 ex

1970 3415 2071 3490 hoc
2099 3420 2336 3487 sentiret,
2365 3415 2723 3490 responderet.
2750 3419 2989 3474 Sciebam
3015 3419 3155 3473 enim
3179 3415 3230 3472 in
3264 3415 3368 3473 tam
3399 3421 3537 3475 diffl-

1969 3488 2056 3558 cili
2081 3492 2370 3558 quaestione
2396 3507 2425 3543 a
2455 3488 2598 3545 nullo
2623 3492 2726 3544 alio
2752 3490 3038 3544 viventium
3053 3504 3136 3542 me
3161 3504 3314 3557 posse
3345 3491 3536 3546 melius

1970 3557 2146 3612 doceri
2169 3571 2220 3614 et
2241 3561 2552 3615 evidentius.
2572 3560 2808 3629 Coinque
2823 3561 2930 3628 jam
2951 3560 3188 3629 scribens
3207 3561 3538 3617 salutationis

1970 3629 2244 3711 exordium
2274 3631 2595 3711 Hieronymo
2632 3627 3014 3711 pra-notarem,
3056 3627 3316 3711 ineffabile
3363 3630 3539 3711 subito

1971 3697 2147 3753 lutnen
2175 3701 2367 3754 nostris
2387 3697 2608 3754 invisum
2632 3697 2976 3767 temporibus,
2999 3699 3297 3766 nostrisque
3321 3701 3537 3756 minime

1970 3767 2160 3836 linguis
2186 3771 2580 3837 declarandum,
2611 3787 2729 3825 cum
2763 3769 3010 3825 ineffabili
3043 3770 3380 3839 inauditaque
3408 3770 3538 3824 odo-

1969 3854 2085 3893 rum
2113 3845 2344 3896 omnium
2376 3842 2653 3913 fragrantia
2678 3841 2952 3913 cellulam,
2980 3841 3031 3895 in
3061 3855 3163 3911 qua
3201 3841 3425 3907 stabam,
3454 3841 3539 3896 in-

1971 3913 2151 3981 travit,
2187 3913 2311 3965 hora
2340 3912 2447 3980 jam
2463 3911 2822 3980 completorii.
2850 3911 2965 3979 Quo
2990 3926 3020 3965 a
3049 3927 3134 3966 me
3158 3913 3288 3976 viso,
3319 3922 3536 3981 stupore

1969 3980 2420 4049 admirationeque
2470 3992 2765 4036 commotus
2796 4021 2810 4046 ,
2857 3983 3018 4035 animi
3069 3994 3122 4035 et
3175 3980 3536 4039 membrorum

1970 4048 2194 4122 virtutes
2232 4048 2448 4122 repente
2490 4052 2661 4122 amisi.
2691 4051 2995 4122 Nesciebam
3042 4053 3182 4104 enim
3233 4060 3358 4107 tunc
3397 4053 3538 4122 quod

1968 4117 2182 4171 dextera
2217 4120 2472 4175 mirabilis
2498 4120 2587 4174 Dci
2615 4120 2897 4175 exaltasset
2925 4134 3133 4174 servum
3165 4136 3318 4174 suum
3337 4163 3350 4186 ,
3386 4117 3538 4177 notas

1969 4188 2164 4243 faciens
2205 4190 2254 4243 in
2303 4189 2506 4257 populis
2547 4190 2764 4243 virtutes
2808 4204 2963 4254 suas;
2995 4190 3294 4245 nesciebam
3337 4193 3537 4248 etenim

1966 4259 2106 4327 quod
2132 4259 2268 4314 Deus
2291 4259 2516 4329 antiqtne
2538 4258 2890 4314 miserationis
2913 4274 3121 4315 servum
3149 4275 3301 4315 suum
3328 4262 3534 4318 fidelem

1967 4344 1994 4381 a
2023 4330 2198 4384 carnis
2219 4330 2558 4385 immunditiis
2586 4329 2941 4396 dissolvisset,
2973 4339 3026 4384 et
3054 4339 3158 4385 tam
3184 4330 3460 4386 sublimem
3485 4334 3536 4388 ei

1967 4399 2018 4473 in
2036 4399 2171 4473 coelo
2187 4400 2367 4473 sedem
2388 4408 2623 4473 parasset
2641 4417 2656 4466 ;
2675 4400 3134 4473 nesciebamcerte
3151 4402 3537 4473 investigabiles

1968 4471 2077 4524 vias
2096 4471 2299 4543 Domini
2318 4471 2654 4543 ;_nesciebam
2682 4473 2957 4527 thesauros
2978 4471 3195 4543 infinitte
3215 4473 3304 4529 Dei
3327 4471 3537 4543 sapien-

1967 4543 2051 4594 tia:
2079 4552 2132 4596 et
2168 4541 2431 4606 scientia:;
2463 4552 2664 4598 secreta
2711 4551 2764 4596 et
2805 4543 3010 4598 occulta
3056 4542 3145 4598 Dei
3190 4541 3402 4612 judicia
3429 4560 3536 4600 non

1966 4613 2348 4682 cognoscebam
2376 4630 2387 4664 :
2412 4616 2659 4682 quoniam
2692 4629 2824 4682 quos
2849 4613 2958 4667 vult
2998 4613 3118 4666 facit
3153 4628 3244 4667 sua
3286 4613 3535 4671 ineffabili

1966 4683 2222 4754 sapientia
2251 4683 2314 4736 ad
2342 4684 2421 4736 sui
2448 4685 2767 4754 agnitionem
2796 4685 2995 4754 venire.
3025 4682 3165 4750 Quos
3194 4691 3368 4754 autem
3401 4699 3536 4754 pra:-

1965 4751 2220 4820 destinat,
2254 4762 2421 4816 vocat,
2442 4751 2713 4820 justificat,
2743 4763 2795 4808 et
2820 4751 3100 4816 beatificat,
3124 4763 3278 4823 prout
3296 4751 3536 4811 decernit

1963 4825 2266 4878 convenire.
2317 4823 2496 4894 Itaque
2537 4825 2676 4894 quia
2707 4823 2864 4877 talem
2921 4823 3059 4877 oculi
3091 4823 3216 4894 mei
3263 4839 3533 4894 nunquam

1965 4903 2341 4962 perspexerant
2367 4891 2570 4956 lucem,
2599 4891 2820 4946 olfactus
2857 4909 3006 4947 meus
3033 4893 3250 4948 odorem
3279 4891 3536 4950 non—seu-

1965 4973 2138 5035 serat;
2169 4973 2272 5017 tam
2302 4967 2472 5027 novis,
2492 4972 2599 5035 tam
2629 4963 2876 5035 inauditis
2900 4963 3048 5018 miris
3069 4963 3530 5035 obstupescebam.

1968 5033 2110 5108 Inter
2133 5035 2245 5088 haec
2283 5043 2458 5108 autem
2491 5034 2624 5089 meis
2652 5034 2820 5108 inme
2847 5033 3295 5108 perstrepentibus
3330 5037 3534 5108 cogita-

1966 5105 2196 5159 tionibus
2219 5105 2344 5174 quid
2373 5105 2472 5158 hoc
2495 5113 2654 5174 esset,
2678 5104 2745 5158 de
2770 5104 2884 5157 luce
2911 5104 3023 5158 haec
3047 5105 3228 5160 dicens
3249 5104 3533 5164 verba'vox

1965 5174 2179 5246 emicuit
2203 5193 2214 5226 :
2239 5173 2547 5246 Augustine,
2586 5173 2890 5246 Augustine,
2917 5175 3035 5244 quid
3054 5245 3058 5246 ν
3080 5176 3301 5245 quieris?
3329 5186 3536 5246 putasne

1965 5245 2098 5299 brevi
2133 5245 2396 5299 immittere
2437 5245 2635 5299 vasculo
2676 5261 2815 5298 mare
2860 5253 3012 5297 totum
3041 5245 3068 5299 γ
3107 5247 3238 5300 brevi
3280 5245 3536 5302 includere

1965 5317 2156 5387 pugillo
2198 5325 2441 5370 terrarum
2477 5314 2683 5368 orbem?
2723 5315 2900 5387 caelum
2921 5316 3145 5387 ﬁrmare
3170 5357 3182 5379 ,
3221 5331 3284 5369 ne
3329 5318 3535 5372 usitatos

1967 5385 2188 5440 exerceat
2231 5387 2432 5440 uictus?
2459 5387 2584 5451 Quae
2629 5385 2802 5440 oculus
2839 5385 3028 5439 nullius
3071 5387 3331 5440 hominum
3368 5388 3535 5444 videre

1965 5458 2125 5528 potuit
2143 5500 2156 5523 ,
2189 5467 2301 5510 tuus
2326 5455 2542 5511 videbit?
2562 5471 2676 5525 qua:
2705 5455 2844 5510 auris
2867 5454 3011 5528 nulla
3037 5472 3320 5528 personant
3345 5457 3529 5524 hausit,

1966 5524 2134 5580 audiet
2160 5538 2244 5580 tua
2262 5529 2286 5581 ἶ)
2303 5543 2416 5594 qua:
2443 5543 2530 5580 car
2552 5524 2826 5579 humanum
2847 5524 3129 5579 nullatenus
3147 5527 3410 5592 intellexit,
3445 5544 3534 5582 nec

1965 5599 2113 5652 etiam
2144 5598 2406 5668 cogitavit,
2433 5597 2688 5651 existimas
2722 5609 2768 5650 te
2803 5613 2948 5665 posse
2969 5594 3243 5666 intelligere
3254 5597 3284 5668 7?
3309 5595 3535 5668 Infinita

1964 5671 2035 5723 rei
2057 5670 2166 5738 quis
2192 5665 2282 5722 erit
2303 5669 2458 5738 linis?
2476 5668 2737 5732 immensa,
2765 5683 2863 5737 qua
2891 5682 3120 5738 mensura
3147 5667 3399 5721 metiaris?
3424 5665 3534 5722 Po-

1965 5736 2075 5795 tius
2103 5751 2256 5794 totum
2301 5736 2438 5792 mare
2462 5740 2514 5792 in
2541 5736 2816 5792 urctissinto
2855 5736 3169 5791 clauderetur
3195 5739 3415 5802 vasculo,
3445 5755 3537 5808 po-

1966 5813 2064 5865 tius
2110 5820 2353 5864 terrarum
2395 5809 2562 5863 orbem
2604 5809 2839 5879 parvulus
2881 5816 3063 5862 teneret
3106 5808 3342 5879 pugilltts,
3372 5811 3536 5878 potius

1966 5883 2140 5935 coitum
2161 5900 2190 5934 η
2217 5893 2351 5936 motu
2379 5878 2612 5935 continuo
2651 5879 2935 5945 desisteret,
2974 5893 3122 5947 quam
3162 5878 3460 5948 gaudiorum
3487 5889 3538 5944 et

2385 5996 2414 6017 δ
