4024 6372
249 316 378 375 1129

246 434 380 490 enim
406 424 824 498 quogmoriturus
854 418 1445 498 erat,_pet;dua_s_boras
1470 430 1593 476 ante
1613 424 1805 498 animus

242 492 678 561 beatte'exitum,
729 492 1041 548 venerabilis
1083 492 1347 546 Eusebius
1390 501 1495 547 tam
1544 493 1806 547 terribiles

243 581 385 627 actus
416 567 575 635 C(Bpil
617 578 896 635 peragere.
929 562 1068 633 quod
1115 563 1517 635 circumstantes
1546 563 1807 635 monachi

243 656 428 713 paVnre
460 634 760 713 perterriti,
804 634 949 688 velut
974 634 1311 713 amentesnin
1354 634 1805 713 terraujaeeliant:

244 703 367 768 Nam
412 703 724 779 quandoque
753 705 1068 779 transversis
1113 705 1313 779 oculis,
1367 705 1610 779 manibus
1652 703 1808 779 simul

240 774 462 853 junctis,
513 776 646 853 faeie
677 776 931 853 terribili,
963 774 1337 853 vocequedira
1359 816 1372 839 ,
1418 776 1585 853 quasi
1616 775 1810 829 sedens

242 844 514 913 clamabat,
562 844 683 900 Non
722 846 928 918 faciam,
975 861 1074 897 non
1114 845 1630 918 faciam;Amentit'i.s,
1676 860 1811 918 men-

244 921 380 975 tiris!
418 920 541 973 l’ost
585 918 698 971 lucc
722 913 791 970 'ad
819 925 1010 969 terram
1049 913 1294 981 rediens,
1337 913 1524 969 faciem
1572 916 1814 969 firmabat

242 994 290 1046 in
323 1002 533 1050 terram,
560 994 814 1057 quantum
836 986 1003 1057 potuit
1030 985 1287 1057 clamans,
1315 985 1561 1057 Adjuvate
1585 1002 1680 1047 me,
1705 987 1813 1053 fra-

242 1072 355 1126 tres,
386 1077 445 1113 ne
464 1054 694 1129 peream!
719 1056 867 1129 Quod
890 1054 1132 1109 monachi
1154 1054 1417 1129 videntes,
1439 1055 1810 1129 lacrymanles,

243 1141 288 1186 et
318 1124 604 1185 trementes
626 1142 746 1182 eum
777 1126 1251 1194 interrogaverunt,
1282 1124 1417 1190 Quid
1438 1124 1609 1192 habes,
1640 1128 1815 1194 pater?

242 1202 317 1257 Ad
342 1216 470 1270 quos
510 1199 596 1252 ille
621 1215 634 1270 ξ
670 1196 992 1270 Νο-ηρὶάςζξδ
1018 1200 1301 1270 ιιῳηξᾳηωη
1329 1197 1532 1266 agmina
1551 1237 1564 1259 ,
1601 1212 1715 1270 quia
1738 1213 1817 1250 me

244 1265 483 1325 debellare
520 1268 767 1337 cupiunt?
794 1267 858 1337 Et
896 1266 968 1319 illi
996 1283 1007 1317 :
1045 1265 1179 1337 Quid
1205 1276 1251 1319 te
1274 1265 1527 1337 facturum
1555 1265 1812 1337 volebant,

244 1358 350 1394 cum
374 1336 593 1406 dicebas,
617 1336 738 1391 Non
763 1336 966 1405 faciam,
996 1351 1095 1406 non
1118 1336 1346 1406 faciam?
1371 1337 1435 1390 Et
1460 1336 1548 1390 ille
1573 1354 1586 1389 :
1618 1336 1818 1390 Conan-

244 1422 319 1464 tur
342 1425 554 1479 namque
578 1404 643 1461 'ut
676 1407 831 1460 divini
867 1405 1093 1479 nominis
1124 1404 1445 1479 blasphemus
1480 1406 1742 1479 inveniar;
1772 1416 1817 1460 et

242 1482 347 1535 ideo
372 1475 571 1532 ntehac
597 1495 696 1532 non
724 1479 886 1549 facere
909 1475 1207 1549 clamabam.
1236 1476 1453 1549 Et_ill_i_:
1490 1478 1658 1549 Quare
1676 1519 1691 1539 ,
1723 1493 1815 1547 pa-

243 1561 333 1618 ter,
365 1552 545 1619 faciem
586 1545 921 1619 abscondebas
950 1546 1000 1598 in
1030 1546 1253 1619 terram?
1292 1546 1354 1599 Et
1382 1546 1513 1619 ille;
1543 1545 1625 1601 Ne
1648 1545 1818 1619 eorum

243 1615 489 1690 aspectum
519 1617 899 1690 cernerem,_qui
928 1627 1029 1669 tam
1050 1617 1212 1690 turpis
1237 1625 1283 1668 et
1307 1615 1541 1690 terribilis
1562 1627 1655 1679 est,
1684 1618 1818 1686 quod

243 1685 405 1745 omnes
443 1707 569 1759 pene
609 1685 931 1759 formidines,
971 1702 1084 1755 qua:
1110 1685 1162 1759 in
1192 1686 1380 1739 mundo
1412 1696 1528 1759 sunt
1548 1728 1562 1750 ,
1593 1698 1820 1756 respectu

242 1762 345 1832 ejus
376 1755 502 1813 nihil
543 1755 677 1832 sunt.
715 1756 857 1810 Inter
892 1756 1005 1832 haec
1033 1755 1191 1809 verba
1229 1766 1378 1809 actus
1417 1757 1621 1832 priores
1660 1755 1820 1832 reite-

243 1824 391 1896 raus,
438 1833 517 1884 sic
546 1828 613 1883 ad
654 1837 945 1883 extremam
991 1824 1175 1879 horam
1221 1840 1387 1895 usque.
1416 1824 1647 1880 devenit.
1691 1827 1818 1880 Fra-

243 1910 346 1954 tres
391 1909 570 1953 autem
610 1901 697 1967 qui
740 1897 1013 1960 astabant,
1059 1911 1255 1967 pavore
1299 1906 1354 1951 et
1393 1896 1577 1951 dolore
1619 1906 1822 1966 perter-

246 1971 359 2035 riti,
392 1971 537 2025 velut
583 1965 777 2022 mortui
822 1965 1074 2032 stabant,
1106 1965 1232 2035 quid
1282 1966 1455 2020 facere
1496 1965 1815 2021 nescientes.

245 2039 519 2094 Gloriosus
559 2040 697 2093 Dens
741 2038 794 2090 in
834 2039 1031 2090 sanctis
1072 2038 1213 2098 suis,
1258 2036 1517 2091 mirabilis
1544 2037 1609 2105 in
1652 2038 1818 2105 maje—

245 2117 375 2163 state
426 2126 554 2173 sua,
604 2108 999 2177 benignuslet
1043 2120 1101 2177 se
1146 2106 1445 2160 amantibus
1483 2104 1817 2173 misericors,

246 2190 451 2233 sanctos
481 2194 609 2234 suos
638 2176 745 2232 non
773 2176 1091 2243 derelinqnit
1122 2177 1175 2229 in
1203 2186 1440 2243 tempore
1471 2178 1818 2231 necessitatis.

247 2249 322 2303 Ad
347 2260 640 2306 extremam
672 2262 901 2314 namque
927 2246 1111 2299 lioram
1140 2246 1429 2299 venerabili
1454 2246 1680 2300 Eusebio
1705 2262 1823 2316 per-

246 2320 471 2391 venienti
497 2322 763 2391 gloriosus
781 2318 1134 2391 Hieronymus
1158 2315 1423 2391 apparuit,
1449 2332 1569 2370 eum
1601 2317 1823 2391 benigne

165 2420 177 2426 -
244 2385 566 2445 confortans.
591 2389 751 2458 Cujus
771 2385 998 2458 adventu
1028 2385 1202 2439 omnis
1234 2386 1318 2458 illa
1341 2386 1640 2458 dmmonnm
1675 2390 1823 2440 turba

244 2461 390 2529 quasi
423 2456 798 2526 infinita,'ejns
822 2457 1027 2529 timore
1054 2456 1354 2523 perterrita,
1382 2457 1449 2511 ab
1474 2473 1538 2529 eo
1564 2458 1707 2511 velut
1748 2459 1824 2510 fu-

245 2527 361 2584 mus
409 2531 650 2595 evanuit,
698 2536 755 2582 ut
784 2528 959 2597 plures
990 2534 1252 2597 testantur
1276 2527 1541 2592 monachi,
1579 2529 1665 2595 qui
1705 2542 1826 2595 pra-

245 2601 373 2669 priis
416 2602 620 2665 oculis,
675 2598 1072 2669 dispensatiOne
1107 2596 1328 2669 divina,
1369 2611 1429 2651 se
1484 2598 1585 2650 hoc
1633 2599 1825 2651 vidisse

246 2667 450 2725 dicunt.
483 2670 587 2726 Sed
618 2672 716 2723 hoc
746 2668 910 2736 magis
935 2667 1260 2736 approbatur
1296 2683 1309 2719 :
1348 2682 1466 2720 nam
1505 2682 1691 2722 onmes
1719 2668 1824 2720 cir-

246 2751 568 2796 cumstantes
611 2738 891 2793 audierunt
918 2736 1016 2792 has
1056 2737 1123 2791 ab
1162 2736 1393 2791 Eusebio
1432 2752 1588 2791 voces
1632 2756 1644 2791 :
1681 2736 1829 2791 Unde

246 2812 380 2864 venis
400 2854 412 2877 ,
460 2811 638 2881 pater?
677 2824 832 2879 quare
871 2816 1069 2881 tantum
1088 2818 1308 2881 moratus
1336 2807 1424 2881 es?
1446 2824 1632 2881 quaeso,
1664 2809 1827 2881 [ilium

249 2888 388 2933 tuum
414 2876 476 2935 ne
503 2876 837 2945 derelinquas.
864 2876 962 2931 Cui
990 2877 1186 2943 subito,
1219 2878 1421 2931 cunctis
1445 2876 1781 2932 audientibus
1808 2919 1824 2943 ,

248 2951 351 3005 alia
377 2967 479 3005 vox
510 2949 782 3019 respondit
819 2964 833 3001 :
874 2946 1275 3020 Exspectmﬁli,
1309 2964 1371 3020 ne
1400 2948 1679 3020 formides;
1708 2949 1829 3019 quia

246 3031 294 3071 te
320 3037 423 3073 non
452 3017 694 3084 deseram,
721 3035 864 3087 quem
887 3017 1079 3072 tantum
1103 3017 1278 3086 diligo.
1308 3017 1418 3083 Qua
1445 3017 1622 3071 audita
1651 3017 1780 3071 voee
1810 3060 1824 3084 ,

249 3090 398 3143 brevi
440 3092 562 3144 inde
594 3090 817 3145 decursa
844 3089 1070 3149 morula,
1096 3087 1419 3141 venerabilis
1450 3087 1709 3142 Eusebius
1737 3104 1830 3142 ex-

247 3160 488 3226 spiravit.
512 3159 623 3226 Qua
650 3159 861 3228 quidem
890 3159 1016 3211 hora
1040 3168 1091 3211 et
1122 3157 1195 3210 illi
1228 3167 1353 3220 tres,
1386 3158 1475 3227 qui
1530 3159 1828 3213 resuscitati

249 3238 393 3291 sunt,
426 3227 739 3299 migravere,
766 3238 839 3293 et,
866 3235 923 3299 ut
951 3235 1095 3296 puto,
1124 3240 1243 3299 cum
1282 3227 1509 3282 Eusebio
1536 3229 1601 3283 ad
1632 3239 1827 3299 aeterna

247 3300 440 3369 gaudia
473 3296 844 3369 pervenerunt.
872 3296 1003 3351 Nam
1036 3312 1128 3369 per
1146 3296 1265 3351 illos
1286 3313 1470 3369 omnes
1488 3298 1672 3369 viginti
1692 3300 1825 3365 dies,

248 3368 444 3438 quibus
473 3368 773 3441 postquam,
825 3375 899 3441 ut,
926 3368 1091 3441 nosti,
1138 3368 1435 3441 resuscitati
1465 3368 1634 3441 sunt,
1678 3384 1737 3424 se
1775 3369 1829 3423 in

251 3437 398 3509 tanta
431 3437 739 3509 poenitentia
772 3437 1119 3509 tradiderunt,
1147 3437 1288 3507 quod
1310 3440 1425 3492 sine
1445 3438 1606 3493 dubio
1631 3448 1829 3493 aeterna

248 3507 579 3565 beatitudine
607 3510 894 3579 potiuntur.
918 3507 1153 3579 Silentia
1172 3509 1597 3576 praetereundum
1628 3524 1828 3579 nequa-

244 3594 403 3651 quam
445 3591 588 3651 puto,
610 3578 735 3651 qtae
759 3581 824 3651 ab
857 3579 1045 3651 iisdem
1074 3578 1240 3651 tribus
1265 3578 1414 3645 viris,
1440 3594 1535 3650 per
1556 3582 1673 3634 illas
1694 3578 1827 3645 dies,

241 3648 458 3716 quibus
483 3648 743 3716 vixerunt,
781 3650 971 3715 didici,
1011 3648 1264 3704 Continuo
1296 3660 1406 3704 toto
1442 3648 1545 3705 hoc
1592 3662 1831 3720 tempore

245 3733 366 3791 cum
426 3722 602 3791 aliquo
653 3736 835 3774 eorum
875 3732 1079 3774 secreta
1128 3720 1247 3773 vita:
1294 3721 1466 3785 illius,
1510 3738 1667 3791 quam
1716 3730 1833 3789 post

248 3787 387 3859 hanc
436 3790 649 3843 brevem
682 3799 734 3859 et
764 3802 1183 3859 momentaneam
1226 3787 1621 3859 eXSpectam'us,
1652 3787 1830 3845 rimari

252 3857 510 3926 cupiens;
540 3876 565 3909 a
595 3858 745 3910 tertia
768 3858 871 3911 diei
898 3858 1023 3911 liora
1047 3860 1184 3910 diem
1207 3857 1406 3912 ducens
1431 3861 1494 3912 ad
1535 3876 1828 3926 veSperam.

253 3927 359 3981 Sed
409 3928 649 3995 qtmmvis
676 3926 835 3978 multa
868 3928 933 3979 ab
972 3926 1171 3980 eisdem
1214 3927 1521 3992 didicerim,
1558 3937 1733 3982 tamen
1764 3930 1831 3982 ad

256 4013 496 4066 praesens
544 3997 812 4051 brevitatis
856 4012 1011 4050 causa
1069 3996 1307 4066 quaedam
1348 3998 1519 4050 solum
1566 3999 1828 4063 referam;

258 4065 451 4121 Cretera
484 4083 608 4121 vero
634 4068 761 4121 alias
791 4081 850 4119 ea
881 4066 1115 4120 dicturus
1156 4065 1417 4121 (nuittam.
1449 4067 1685 4133 Quadam
1719 4070 1832 4123 vice

256 4138 321 4191 ad
349 4154 510 4191 unum
535 4154 719 4192 eorum
742 4152 825 4190 me
854 4135 1011 4190 ivisse
1036 4136 1287 4205 contigit;
1316 4152 1472 4206 quem
1499 4138 1629 4191 dare
1655 4138 1829 4207 lacry-

258 4220 513 4272 montem,
528 4224 626 4263 nec
639 4208 768 4261 meis
780 4207 954 4261 verbis
970 4207 1383 4260 consolationem
1400 4208 1625 4277 aliquam
1644 4208 1833 4262 admit-

261 4286 459 4348 tentem
504 4277 863 4348 comperiens,
903 4279 1029 4348 tanti
1078 4278 1231 4330 ﬂetus
1258 4292 1467 4331 causam
1496 4280 1562 4332 ab
1591 4292 1658 4332 eo
1694 4280 1831 4347 cmpi

260 4347 548 4419 inquirere.
571 4346 669 4415 Qui
697 4347 893 4417 pluries
916 4347 981 4401 de
1010 4346 1110 4419 hoc
1131 4362 1161 4401 a
1193 4362 1279 4401 me
1317 4348 1667 4419 interrogatus
1690 4390 1705 4414 ,
1733 4346 1830 4403 nec

262 4426 437 4488 tamen
455 4419 519 4472 ad
545 4420 859 4488 interrogata
878 4418 1223 4487 respondens,
1241 4418 1449 4471 tandem
1472 4420 1601 4472 meis
1618 4432 1831 4474 coactus

262 4486 765 4559 importunitatibus
790 4490 866 4542 sic
904 4486 1176 4559 reSpondit
1218 4507 1230 4542 :
1279 4488 1339 4543 Si
1378 4505 1489 4557 quw
1523 4488 1684 4558 pridie
1721 4506 1833 4542 sum

262 4558 523 4629 expertus,
570 4575 667 4612 non
694 4560 969 4628 ignorares,
1002 4559 1089 4611 tibi
1115 4558 1293 4612 inesset
1322 4575 1515 4629 semper
1541 4576 1695 4612 causa
1731 4560 1830 4628 ﬂe-

261 4636 358 4698 tus.
393 4629 473 4682 Ad
502 4645 656 4697 quem
688 4644 787 4698 ego
814 4646 826 4680 :
853 4630 1043 4695 Quzeso
1067 4640 1140 4689 ut,
1166 4629 1505 4698 qu;egvidisti,
1546 4630 1829 4684 edisset-as.

262 4697 411 4753 'l'unc
434 4696 531 4752 ille
548 4696 812 4770 paulisper
830 4708 1027 4770 tacens,
1052 4696 1229 4753 dixit:
1264 4696 1451 4762 Quales
1478 4700 1636 4753 credis
1662 4717 1832 4770 plenas

261 4777 303 4841 et
325 4778 572 4822 tormenta
597 4785 695 4841 non
725 4769 884 4821 solum
915 4768 1186 4841 damnatis,
1217 4770 1304 4822 sed
1330 4771 1477 4823 etiam
1506 4771 1557 4841 in
1590 4768 1829 4841 purgato-

259 4838 332 4891 rio
357 4838 679 4893 existentibus
706 4840 1019 4911 prwparari
1036 4839 1116 4911 Ad
1145 4853 1300 4907 quem
1326 4854 1423 4909 ego
1442 4860 1484 4911 _:_
1502 4838 1598 4894 Dei
1620 4838 1832 4895 incertis

259 4922 504 4977 quaenam
535 4925 658 4963 vera
692 4909 865 4977 potest
888 4909 1105 4978 proferri
1134 4909 1663 4980 sententia?Utenim
1682 4922 1828 4980 puto,

258 4981 457 5050 nostris
487 4980 679 5050 quibus
706 4980 986 5045 affligimur
1015 4979 1185 5049 poenis
1222 4980 1415 5049 aequari
1456 4996 1560 5035 non
1592 4979 1829 5050 posSunt.

258 5048 336 5102 Ad
362 5049 505 5118 quod
534 5050 619 5103 ille
652 5067 664 5103 :
696 5050 758 5104 Si
786 5067 954 5122 omnes
978 5048 1087 5114 qua:
1110 5048 1377 5122 inmundo
1403 5048 1611 5122 cogitari
1636 5062 1833 5122 possent

260 5133 436 5185 pirate,
468 5130 732 5183 tormenta,
776 5121 1077 5191 afflictiones.
1110 5120 1310 5201 minori,
1339 5120 1580 5201 quw'illie
1606 5120 1830 5201 habetur,

260 5204 421 5256 preme
448 5200 493 5242 et
520 5199 761 5259 tormento
803 5190 1180 5259 comparentur,
1215 5190 1393 5243 solatia
1439 5200 1603 5246 erant.
1654 5191 1833 5246 Mallet

259 5259 391 5311 enim
436 5258 638 5326 quilibet
669 5258 938 5331 viventium
972 5276 1140 5331 omnes
1168 5276 1281 5330 qua:
1305 5261 1384 5313 hic
1412 5261 1637 5314 videntur
1675 5278 1833 5331 pazna:

259 5337 609 5402 et_tormenta.
633 5330 678 5383 si
693 5329 840 5402 Lillas
867 5329 1419 5402 experientia'nosceret
1451 5348 1641 5400 ptenas,
1676 5329 1835 5402 usque

259 5398 323 5469 ad
359 5400 515 5469 finem
554 5398 728 5452 mundi
766 5398 993 5453 omnibus
1027 5401 1104 5453 his
1136 5400 1287 5453 simul
1326 5398 1688 5455 sine'remedio
1715 5398 1831 5456 cru—

259 5468 401 5543 ciari,
435 5485 560 5543 quas
584 5486 751 5523 omnes
780 5470 1003 5523 homines
1029 5469 1098 5543 ab
1121 5469 1282 5543 Adam
1320 5471 1572 5539 hucusque
1607 5472 1836 5543 singilla-

258 5537 343 5591 tim
374 5541 724 5612 pcrtulerunt;
750 5556 901 5612 quam
928 5556 1026 5612 uno
1046 5541 1127 5593 die
1153 5540 1206 5594 in
1228 5541 1424 5611 inferno
1448 5537 1549 5595 sive
1571 5544 1621 5596 in
1648 5537 1834 5612 purga-

260 5613 407 5683 torio,
439 5610 653 5683 minori,
670 5626 783 5683 quia
807 5610 913 5683 illic
939 5609 1165 5673 habetur,
1198 5609 1343 5681 paena
1369 5614 1601 5683 torqueri.
1631 5609 1698 5666 Et
1724 5609 1833 5666 ideo

256 5678 296 5729 si
325 5695 531 5753 causam
561 5682 656 5753 mei
683 5678 830 5753 ﬂetus
852 5680 1144 5753 interrogas,
1171 5678 1317 5734 timor
1335 5678 1592 5751 poenarum
1611 5696 1700 5753 est,
1725 5700 1836 5753 qute

258 5751 596 5816 peccatoribus
628 5752 767 5821 juste
795 5751 999 5804 dantur.
1040 5751 1160 5805 Scio
1194 5768 1405 5822 namque
1429 5770 1505 5808 me
1530 5770 1647 5825 erga
1670 5751 1835 5810 Deum

452 5854 468 5870 '
495 5839 719 5905 SANCT.
756 5844 1037 5908 Avensr.
1087 5844 1171 5906 ll.

1688 298 2045 375 APPENDIX.

3362 314 3498 377 “50

1915 437 2080 497 meum
2109 434 2336 497 peccasse
2352 429 2447 497 ;‘et
2474 418 2641 497 ipsum
2671 418 2869 491 justum
2898 427 3005 497 fore
3034 440 3133 478 non
3158 428 3348 483 dubito.
3383 433 3497 497 Qua

1914 492 1977 545 de
1999 507 2054 544 re
2086 489 2187 571 non
2219 489 2415 543 mireris
2442 489 2719 571 siplan‘go‘,
2739 507 2863 571 eum
2891 489 3054 571 potius
3081 496 3125 547 si
3144 513 3250 571 non
3281 489 3495 571 plange-

1912 578 2039 626 rem,
2061 561 2368 633 vehementer
2396 560 2646 633 admirari,
2669 560 2899 633 deberes.
2920 562 3024 617 Sed
3051 567 3213 633 potius
3239 560 3492 628 admirare

1913 648 2067 702 quare
2094 631 2333 693 homines,
2350 632 2434 700 qui
2453 632 2648 702 seniori
2674 649 2770 684 non
2791 631 3245 697 dubitant,'saltem
3274 643 3490 698 aliorum

1915 703 2274 770 experimento,
2300 711 2437 753 tanta
2467 701 2547 754 hic
2571 703 2834 755 securitate
2860 704 3046 765 vivunt,
3080 723 3167 760 nec
3197 718 3361 763 tantas
3402 731 3493 767 co-

1915 773 2075 853 gitant
2100 772 2517 853 evaderepwnnas.
2542 772 2621 825 Ad
2646 772 2757 825 lure
2777 773 2972 853 dolore
2988 785 3157 853 tactus
3184 779 3490 850 intrinseco,

1917 841 1989 916 ita
2018 844 2179 916 ut_vir
2211 842 2365 894 verba
2392 841 2621 916 formare
2654 858 2884 910 possem,
2923 845 3028 916 dixi
3060 864 3071 897 :
3109 848 3218 899 lleu
3249 853 3372 916 quid
3399 841 3495 908 au:

1917 913 2039 967 dio!
2071 913 2174 967 Sed
2204 926 2405 981 quasso,
2440 912 2491 964 in
2519 927 2624 982 quo
2655 923 2915 966 tormenta
2936 914 3181 969 (lilii-runt
3223 912 3495 977 infernalia

1916 984 1984 1037 ab
2011 983 2075 1038 iis
2106 998 2225 1052 quin
2247 992 2383 1052 Asunt
2421 982 2473 1036 in
2525 983 2859 1051 purgatorio,
2900 985 3062 1039 dicas.
3091 986 3153 1040 Et
3184 989 3268 1042 ille
3298 1010 3312 1044 :
3351 992 3499 1047 Nihil

1917 1054 2046 1106 inter
2082 1050 2139 1106 se
2166 1050 2410 1131 differunt
2427 1050 2803 1131 ,'_quia.ewdem
2830 1064 2946 1107 sunt
2971 1058 3313 1131 magnitudine
3338 1080 3498 1131 paenae

1918 1124 2195 1198 purgatorii
2214 1114 2259 1176 ei
2277 1114 2464 1198 inferni
2487 1114 2613 1176 Esed
2637 1140 2792 1176 unum
2816 1136 2886 1177 est
2907 1142 3003 1193 quo
3029 1114 3231 1192 (li/ferre
3252 1114 3497 1198 possunt,“

1917 1192 2036 1269 quia
2075 1192 2531 1269 itiferitalcs__ﬁne_rit
2558 1192 2961 1269 nonerspectant
2980 1198 3114 1269 ,sed
3138 1192 3493 1269 augmentmn,

1918 1263 2111 1338 scilicet
2130 1264 2181 1317 in
2198 1263 2381 1332 judicii
2401 1263 2695 1338 universalis
2719 1263 2817 1325 die.
2846 1268 3049 1335 quando
3078 1263 3287 1338 corpora
3315 1263 3497 1327 ibidem

1918 1334 2275 1407 c‘ruciabuntur
2320 1348 2434 1386 cum
2471 1334 2768 1407 animabus;
2804 1334 2865 1388 et?
2897 1334 3174 1407 purgatorii
3212 1352 3326 1393 sunt
3381 1360 3496 1398 cum

1919 1402 2233 1479 ﬁne.___Nam
2275 1413 2387 1479 post
2421 1405 2671 1479 expletam
2710 1402 3049 1479 pmnitentia'm
3092 1409 3208 1461 inde
3246 1415 3491 1479 exemmi,

1919 1473 2119 1546 gaudiis
2161 1474 2458 1527 beatissimis
2511 1473 2847 1546 perfruentur.
2896 1478 2976 1530 Ad
3024 1476 3136 1531 lure
3169 1495 3266 1546 ego
3310 1499 3323 1535 :
3364 1473 3498 1537 Sunt

1920 1545 2166 1617 omnibus
2186 1546 2235 1596 in
2260 1545 2937 1617 purgatorioexistentibus
2962 1549 3182 1616 a‘qnaliu
3207 1545 3493 1617 tormenta,

1920 1614 2006 1689 vel
2033 1614 2280 1689 diversa?
2310 1614 2389 1689 nd
2422 1614 2535 1689 haec
2561 1614 2650 1689 ille
2682 1633 2697 1669 :
2734 1617 2940 1669 Diversa
2958 1614 3156 1684 quidem
3190 1636 3208 1673 :
3236 1621 3285 1673 in
3310 1614 3497 1689 aliqui;

1922 1682 2012 1737 bus
2051 1684 2248 1753 majora
2270 1725 2284 1745 ,
2328 1685 2381 1737 in
2418 1683 2668 1807 aliquibus
2694 1701 2808 1739 vero
2839 1682 3042 1750 leviora,
3056 1689 3215 1807 bjnxta
3244 1682 3497 1761 ninguitu-

1922 1754 2087 1807 dinem
2108 1764 2440 1807 peccatorum.
2523 1770 2605 1806 am
2632 1755 2683 1807 in
2710 1756 2871 1807 patria
2886 1759 3034 1807 etiam
3088 1772 3306 1807 eatomm
3329 1780 3497 1807 (tntum:

1922 1706 2012 1737 vus
2051 1706 2248 1753 majora
2270 1725 2284 1745 ι
2328 1706 2381 1737 ιη
2418 1706 2668 1807 ("ﬁttqu
2694 1706 2808 1739 vero
2839 1706 3215 1809 (emortugttxm
3244 1706 3497 1761 mugtttlu-

1922 1754 2087 1808 dinem
2106 1764 2440 1821 peccatorum.
2523 1770 2605 1806 am
2632 1755 2683 1807 in
2709 1756 3034 1822 patrinetiam
3088 1772 3306 1812 calorum
3329 1780 3498 1817 omnes

1922 1824 2105 1903 animo:
2131 1825 2363 1903 gloriosa:
2385 1822 2615 1903 divinant
2632 1830 3031 1903 contemplemur
3055 1831 3286 1894 speciem,
3320 1833 3369 1885 in
3400 1851 3498 1903 quo

1923 1895 2084 1967 ontnis
2112 1894 2333 1967 consistit
2360 1894 2543 1964 gloria.
2574 1894 2702 1967 Qum
2727 1894 2952 1963 quamvis
2992 1900 3203 1967 singula:
3238 1913 3374 1954 tanta
3401 1894 3497 1955 ha-

1923 1963 2067 2016 beant
2093 1963 2299 2033 gaudia,
2332 1962 2516 2032 quanta
2546 1962 2670 2015 velle
2700 1962 2775 2018 vel
2814 1968 3033 2033 cogitare
3064 1962 3305 2034 possunt;
3333 1984 3499 2027 tamen

1922 2034 2200 2110 in_gaudii_s
2225 2050 2323 2110 non
2350 2043 2464 2087 sunt
2490 2050 2636 2102 pares
2665 2050 2685 2087 .'
2712 2037 2829 2110 quia
2868 2038 3065 2110 majora
3103 2038 3211 2089 haec
3240 2044 3457 2108 possidet
3479 2086 3494 2110 ,

1925 2104 2120 2180 minora
2142 2104 2251 2180 illa,
2271 2104 2732 2180 juxta-Opemque:
2760 2104 3003 2180 fecerunt.
3030 2107 3133 2180 Sed
3150 2109 3192 2159 si
3220 2104 3306 2161 tibi
3328 2104 3499 2180 aliqua

1924 2189 1989 2226 ea:
2017 2174 2110 2225 hoc
2136 2176 2347 2225 oriretur
2370 2174 2655 2235 admiratio,
2684 2176 2931 2241 quomodo
2952 2178 3136 2231 sanctis
3166 2182 3318 2244 possit
3340 2174 3499 2237 inesse

1926 2245 2185 2317 diversitas
2209 2244 2530 2317 gaudiorum.
2560 2261 2771 2313 quorum
2796 2263 2947 2298 causa
2969 2257 3039 2299 est
3059 2248 3195 2301 solus
3215 2250 3319 2317 ipse
3343 2252 3495 2316 Deus,

1925 2314 1975 2365 in
2004 2331 2103 2384 quo
2120 2314 2269 2386 nulla
2294 2315 2452 2386 potuit
2481 2330 2696 2386 unquam
2729 2318 2835 2386 fore
2859 2316 3115 2369 diversitas
3138 2336 3152 2377 ;
3178 2314 3358 2374 solutio
3377 2314 3499 2377 satis

1927 2382 2077 2457 patet.
2107 2382 2380 2457 N-antcunt
2404 2382 2572 2437 divina
2598 2382 2949 2457 contemplatio
2977 2398 3022 2438 et
3048 2391 3261 2457 cognitio
3288 2393 3389 2443 sive
3415 2395 3499 2446 in-

1926 2454 2197 2523 telligentia
2221 2454 2283 2506 sit
2311 2463 2412 2527 tota
2434 2470 2627 2527 merces
2643 2466 2688 2507 et
2717 2454 2913 2523 gloria;
2942 2457 2993 2509 in
3022 2454 3189 2526 aliqua
3221 2470 3375 2527 potest
3395 2480 3501 2519 esse

1927 2536 2213 2577 sanctorum
2252 2525 2445 2596 minor,
2486 2525 2547 2596 in_
2581 2526 2748 2594 aliqua
2780 2544 2892 2579 vero
2935 2525 3113 2596 nmjor.
3163 2525 3356 2584 Idcirco
3388 2550 3501 2586 cinn

1928 2610 2096 2647 omnes
2126 2594 2274 2672 simul
2306 2595 2487 2672 anima:
2518 2594 2679 2672 Deum
2720 2597 2865 2672 sicuti
2887 2594 3202 2672 estvideant
3232 2611 3275 2652 tl
3317 2619 3501 2672 cogno»

1927 2674 2100 2736 scunt;
2122 2665 2297 2736 aliqua
2331 2663 2495 2736 minus
2536 2664 2673 2736 videt
2703 2676 2749 2718 et
2776 2667 3026 2736 intelligit,
3056 2680 3101 2720 et
3126 2686 3197 2722 sic
3220 2663 3397 2723 minorv
3411 2676 3503 2727 sibi

1929 2735 2051 2787 inest
2078 2734 2258 2803 gloria,
2290 2734 2462 2803 aliqua
2490 2749 2602 2787 vero
2627 2734 2813 2788 clarius
2838 2734 2965 2789 videt
3010 2748 3055 2789 et
3093 2740 3322 2793 subtilius
3351 2743 3501 2796 intel-

1930 2804 2036 2873 ligit
2061 2815 2107 2858 et
2135 2805 2205 2858 sic
2232 2806 2471 2875 rnajorent
2497 2806 2717 2871 possidet
2745 2806 2975 2875 gloriam.
3012 2807 3098 2859 Sic
3124 2812 3271 2862 etiam
3302 2812 3364 2863 de
3382 2812 3502 2866 illo-

1931 2891 2043 2927 rum
2095 2876 2386 2927 mist-rorum
2434 2874 2783 2927 danntatorum
2814 2878 2971 2945 pomis
3000 2879 3100 2930 dici
3141 2891 3314 2945 potest.
3366 2881 3503 2937 Nam

1930 2960 2041 2996 cum
2085 2960 2258 3022 oinpes
2292 2945 2475 2999 animle
2511 2945 2861 3022 damnatorum
2888 2948 2943 3022 in
2972 2965 3070 3000 uno
3099 2951 3369 3003 consistant
3404 2971 3505 3022 pne.

1930 3031 2111 3091 narum
2158 3014 2303 3091 loco,
2336 3026 2528 3091 tamen_
2530 3014 2735 3069 diversis
2761 3018 3057 3091 cruciantur
3073 3022 3229 3091 ptenis
3248 3014 3505 3091 juxta'vi-

1932 3085 2113 3138 tiorum
2160 3086 2442 3153 qualitates.
2487 3083 2704 3137 Tantum
2734 3088 2975 3150 siquidem
3008 3083 3173 3153 differt
3204 3083 3331 3143 inter
3355 3091 3505 3147 Chri-

1930 3157 2226 3231 stianorum,
2255 3156 2340 3227 qui
2364 3157 2431 3208 ibi
2457 3165 2746 3231 torquentur
2765 3198 2779 3223 ,
2833 3174 3021 3225 poenas,
3065 3168 3109 3209 et
3144 3158 3464 3231 Paganorum
3488 3208 3502 3228 ,

1932 3237 1992 3304 ut
2028 3224 2350 3304 _Pagattorunt
2392 3228 2725 3304 cruciamenta
2775 3238 2998 3304 respectu
3045 3224 3357 3304 eoruquuw
3386 3224 3505 3304 falsi

1930 3294 2203 3349 Christiani
2225 3307 2267 3350 et
2296 3307 2577 3363 peccatores
2596 3294 2863 3359 sustinent,
2883 3300 2979 3351 sint
3000 3301 3143 3361 quasi
3163 3294 3323 3363 nulla;
3346 3294 3505 3362 quan-

1932 3382 2081 3441 quam
2122 3366 2398 3441 ineffabilia
2442 3376 2576 3441 sunt,
2626 3384 2715 3441 nec
2748 3369 3093 3441 a_viventibus
3138 3373 3421 3441 cogitabilia
3453 3388 3505 3427 ut

1933 3438 2141 3512 dignum
2164 3448 2255 3491 est.
2289 3436 2426 3489 Nam
2445 3436 2522 3489 illi
2538 3438 2752 3512 gratiam
2782 3438 2873 3512 Dei
2892 3441 2941 3512 in
2964 3456 3171 3492 vacuum
3195 3436 3504 3512 iecepcrunt;

1933 3523 2022 3559 nec
2052 3510 2314 3561 voluerunt
2343 3526 2373 3558 a
2404 3508 2862 3577 peccatisicorrigi,
2895 3509 3014 3561 dum
3040 3512 3267 3563 vixerunt
3293 3508 3312 3575 ,’
3350 3515 3506 3567 sacris

1933 3576 2577 3651 continue,vociferantibus
2616 3576 2932 3651 Scripturisg,
2965 3596 3087 3648 quas
3112 3597 3203 3650 pro
3232 3583 3388 3635 nihilo
3415 3601 3507 3651 pu-

1935 3656 2117 3701 tavere.
2147 3649 2278 3702 Tum
2310 3664 2406 3719 ego
2435 3666 2448 3701 :
2482 3647 2739 3701 Horribile
2766 3656 2867 3713 est,
2903 3647 3136 3718 inquam,
3170 3653 3306 3719 quod
3336 3647 3465 3706 dicis
3490 3673 3505 3707 :

1934 3728 1987 3771 et
2017 3719 2216 3772 utinam
2255 3718 2436 3772 sedulo
2483 3718 2783 3771 mortalium
2828 3720 3096 3773 insisteret
3136 3718 3419 3787 mentibus,
3453 3736 3509 3778 ut

1934 3790 2013 3841 Vel
2042 3798 2300 3843 minarum
2334 3804 2608 3855 plenarum
2642 3798 2843 3843 terrore
2880 3805 2909 3841 a
2939 3790 3111 3858 pravis
3134 3805 3431 3855 cessarent,
3464 3796 3508 3848 si

1936 3858 2137 3911 nollent
2157 3874 2338 3931 altiore
2358 3859 2565 3926 gIOriazt
2593 3858 2719 3921 Sed,
2748 3874 2948 3931 quaeso.
2978 3861 3101 3928 quid
3121 3876 3242 3931 erga
3270 3873 3320 3916 te
3344 3864 3509 3930 pridie

1935 3935 2161 3979 exeunte
2188 3928 2361 3979 anima
2390 3936 2659 3993 peractum
2702 3938 2801 3990 est,
2847 3928 3077 3981 breviter
3107 3928 3397 3987 intiotesce.
3426 3936 3507 3988 Ad

1935 3995 2075 4064 quod
2118 3996 2208 4050 ille
2233 4013 2245 4047 :
2276 3996 2598 4056 Adveniente,
2628 3996 2815 4063 inquit,
2855 3999 3027 4049 mortis
3057 4015 3179 4051 mea:
3199 4000 3344 4064 hora,
3369 4013 3508 4057 tanta

1934 4066 2155 4139 inloco,
2198 4081 2294 4135 quo
2324 4065 2635 4139 migraturus
2670 4066 2955 4139 jacebam,
2986 4070 3318 4139 nefandorum
3361 4072 3508 4139 a/fuit

1935 4134 2514 4206 spirituum’multitudo,
2545 4137 2677 4204 quod
2710 4152 2814 4204 pra:
2853 4134 3172 4190 multitudine
3200 4134 3508 4197 dinumerari

1936 4208 2138 4283 omnino
2177 4215 2512 4283 nonpossent
2541 4221 2559 4258 :
2582 4222 2800 4283 quorum
2838 4208 3024 4277 species
3052 4209 3182 4283 _tali_s
3220 4223 3345 4274 erat,
3373 4216 3509 4283 quod

1936 4293 1993 4349 ea
2020 4275 2094 4329 nil
2113 4274 2384 4349 paenosius.
2418 4274 2548 4349 nilve
2566 4274 2872 4349 horribilius
2889 4278 3173 4349 excogitari
3190 4292 3364 4349 potest.
3384 4274 3505 4337 Ῥο-

1935 4347 2033 4402 tius
2059 4348 2190 4401 enim
2217 4346 2419 4415 quilibet
2442 4347 2697 4399 hominum
2721 4349 2940 4417 ﬂammis
2960 4346 3247 4403 ardentibus
3275 4369 3508 4407 arsurum

1935 4434 1988 4472 sc
2013 4425 2297 4489 exponeret,
2337 4432 2487 4489 quam
2523 4433 2693 4489 earum
2737 4422 3012 4489 formarum
3037 4419 3137 4472 ictu
3166 4422 3295 4474 oculi
3322 4424 3508 4479 visione

1936 4487 2201 4562 perstringi
2226 4487 2347 4556 :qui
2374 4486 2441 4539 ad
2471 4502 2549 4540 me
2562 4486 2836 4562 penien'tes,
2860 4491 3028 4542 omnia
3050 4506 3371 4559 quaecumque
3398 4511 3509 4562 per-

1937 4556 2124 4628 petravi
2153 4556 2305 4628 opera
2334 4569 2509 4610 contra
2550 4556 2732 4625 Deum,
2765 4560 2831 4611 ad
2861 4576 3018 4612 meam
3046 4556 3333 4613 memoriam
3362 4556 3509 4618 revo-

1936 4628 2152 4692 Cabant,‘
2189 4628 2451 4682 suadentes
2486 4629 2606 4680 mihi
2637 4639 2691 4680 ut
2715 4629 2933 4695 amplius
2960 4630 3177 4681 divinam
3219 4631 3508 4687 misericorv

1936 4700 2092 4763 diam,
2123 4715 2273 4768 quam
2300 4708 2400 4750 tam
2421 4699 2635 4768 graviter
2660 4697 2985 4763 o/fenderam,
3013 4715 3110 4752 non
3134 4716 3403 4768 sperarent.
3439 4704 3508 4757 Et

1937 4780 2068 4842 certe
2090 4767 2302 4842 nbveris.
2331 4767 2465 4835 quod
2481 4767 2590 4842 nisi
2616 4784 2693 4819 me
2720 4768 2888 4842 divina
2916 4770 3469 4842 miseratioadjuvisset
3488 4818 3504 4842 ,

1934 4840 2006 4915 eis
2033 4839 2255 4915 resistere
2284 4854 2383 4891 non
2408 4835 2691 4890 voluissem.
2727 4836 2863 4915 ant
2892 4839 3010 4915 dum
3040 4841 3180 4915 omni
3204 4835 3373 4915 vigore
3394 4835 3505 4915 spil

1937 4911 2062 4964 ritus
2104 4909 2443 4980 ιίιεδιίειιέιιέι,ἱ
2448 4924 2622 4980 eorum
2673 4907 2831 4962 verbis
2874 4907 3133 4976 paululum
3176 4907 3500 4980 assentirem,

1937 4980 2185 5053 gloriosus
2221 4976 2368 5045 affuit
2405 4975 2750 5053 ‘Hieronymus
2773 5020 2805 5053 ,_
2831 4975 3011 5053 magno
3051 4980 3265 5035 vallatus
3311 4975 3510 5053 agmine

1938 5048 2262 5122 Angelorum,
2290 5048 2468 5122 septies
2488 5048 2591 5101 sole
2609 5048 2938 5122 splendidior,
2964 5066 3042 5122 me
3065 5048 3374 5122 confortans.
3406 5055 3506 5119 Qui

1937 5118 2159 5175 ubiillos
2184 5119 2389 5188 spiritus
2430 5118 2713 5171 immundos
2751 5119 2848 5187 fuit
2888 5120 3096 5175 intuitus
3134 5118 3213 5175 me
3238 5131 3341 5175 tam
3381 5118 3507 5178 dure

1940 5191 2305 5251 exacerbantes,
2333 5188 2477 5260 valde
2500 5199 2774 5242 commotus
2802 5206 2919 5260 erga
2943 5206 3041 5253 cos,
3073 5208 3189 5246 voce
3208 5193 3416 5245 terribili
3433 5196 3507 5248 eis

1940 5262 2067 5315 dixit
2095 5276 2113 5315 :
2144 5260 2277 5325 Quid
2305 5258 2372 5312 ad
2400 5258 2550 5321 hunc,
2598 5260 2830 5325 nequitia:
2858 5258 2915 5314 et
2957 5262 3118 5313 omnis
3145 5263 3508 5317 maledictionis

1939 5332 2166 5402 spiritus,
2197 5329 2428 5402 venistis?
2454 5328 2741 5402 nesciebatis
2778 5330 2909 5383 hunc
2940 5331 3064 5402 meis
3088 5332 3198 5399 fore
3240 5334 3509 5402 fovendum

1941 5399 2179 5456 auxiliis?
2208 5399 2447 5453 Protinus
2481 5399 2612 5452 [tunc
2638 5399 2965 5469 relinquentes
2985 5399 3135 5465 abite,
3160 5412 3206 5454 et
3234 5399 3419 5455 vestras
3445 5404 3509 5457 ab

1939 5488 1998 5527 eo
2024 5472 2245 5541 elongate
2269 5469 2527 5541 nequitias,
2560 5480 2798 5541 quantum
2825 5470 2975 5522 distat
3009 5471 3173 5525 oriens
3205 5471 3268 5525 ab
3306 5488 3506 5526 occasu.

1942 5542 2043 5596 Hic
2061 5540 2150 5596 illa
2174 5540 2549 5593 maledictorum
2568 5540 2829 5610 spirituum
2849 5541 3058 5595 societas
3080 5542 3358 5608 perterrita,
3386 5544 3511 5597 diris

1942 5612 2241 5681 ululatibus,
2262 5622 2307 5665 et
2349 5609 2841 5681 clantoribtts_linten
2878 5610 2991 5672 loci,
3033 5611 3083 5663 in
3114 5629 3209 5676 quo
3231 5613 3460 5681 jaccbam
3486 5653 3503 5679 ,

1941 5685 2166 5737 excessit.
2202 5680 2340 5734 Tunc
2366 5681 2610 5753 gloriosus
2634 5678 2969 5753 Hieronymus
2993 5678 3240 5750 aliquibus
3259 5678 3511 5753 imperans

1944 5754 2155 5824 angelis,
2184 5769 2244 5807 ne
2268 5769 2298 5805 a
2326 5749 2404 5805 me
2430 5749 2751 5817 discederent,
2787 5749 2873 5805 sed
2897 5749 3151 5822 quousque
3187 5749 3511 5812 reverteretur

2773 5841 3228 5921 (Tremit-six.)
