  <div class='ocr_page' id='page_1' title='image "/cluster/home/n/w/nwhite01/storage/ocr_20150623/33/hvd.32044096580568/010.png"; bbox 0 0 4108 6172; ppageno 0'>
   <div class='ocr_carea' id='block_1_1' title="bbox 1205 392 2463 485">
    <p class='ocr_par' dir='ltr' id='par_1_1' title="bbox 1205 392 2463 485">
     <span class='ocr_line' id='line_1_1' title="bbox 1205 392 2463 485; baseline 0 -2"><span class='ocrx_word' id='word_1_1' title='bbox 1205 395 1320 485; x_wconf 92' lang='grc' dir='ltr'><strong>ΙΝ</strong></span> <span class='ocrx_word' id='word_1_2' title='bbox 1403 393 1621 482; x_wconf 86' lang='grc' dir='ltr'><strong>ΤΟΜ</strong></span> <span class='ocrx_word' id='word_1_3' title='bbox 1641 393 1794 484; x_wconf 86' lang='lat' dir='ltr'><strong>UM</strong></span> <span class='ocrx_word' id='word_1_4' title='bbox 1879 392 2463 483; x_wconf 86' lang='lat' dir='ltr'><strong>SECUNDUM</strong></span> 
     </span>
    </p>
   </div>
   <div class='ocr_carea' id='block_1_2' title="bbox 1392 578 2292 828">
    <p class='ocr_par' dir='ltr' id='par_1_2' title="bbox 1392 578 2292 828">
     <span class='ocr_line' id='line_1_2' title="bbox 1392 578 2292 828; baseline 0.002 -59"><span class='ocrx_word' id='word_1_5' title='bbox 1392 578 2292 828; x_wconf 46' lang='lat' dir='ltr'><strong>praefatio.</strong></span> 
     </span>
    </p>
   </div>
   <div class='ocr_carea' id='block_1_3' title="bbox 1570 938 2048 973">
    <p class='ocr_par' dir='ltr' id='par_1_3' title="bbox 1570 938 2048 973">
     <span class='ocr_line' id='line_1_3' title="bbox 1570 938 2048 973; baseline 0 -10"><span class='ocrx_word' id='word_1_6' title='bbox 1570 938 2048 973; x_wconf 53' lang='grc' dir='ltr'>ψ</span> 
     </span>
    </p>
   </div>
   <div class='ocr_carea' id='block_1_4' title="bbox 116 1074 3541 1164">
    <p class='ocr_par' dir='ltr' id='par_1_4' title="bbox 116 1074 3541 1164">
     <span class='ocr_line' id='line_1_4' title="bbox 116 1074 3541 1164; baseline 0.003 -24"><span class='ocrx_word' id='word_1_7' title='bbox 116 1074 123 1127; x_wconf 72' lang='grc' dir='ltr'>ἶ</span> <span class='ocrx_word' id='word_1_8' title='bbox 204 1087 267 1142; x_wconf 91' lang='lat' dir='ltr'><strong>Ut</strong></span> <span class='ocrx_word' id='word_1_9' title='bbox 280 1082 428 1139; x_wconf 88' lang='lat' dir='ltr'><strong>oculi</strong></span> <span class='ocrx_word' id='word_1_10' title='bbox 438 1082 564 1139; x_wconf 89' lang='lat' dir='ltr'><strong>aliis</strong></span> <span class='ocrx_word' id='word_1_11' title='bbox 582 1082 863 1154; x_wconf 91' lang='lat' dir='ltr'><strong>corporis</strong></span> <span class='ocrx_word' id='word_1_12' title='bbox 876 1081 1149 1138; x_wconf 81' lang='lat' dir='ltr'><strong>sensibus</strong></span> <span class='ocrx_word' id='word_1_13' title='bbox 1162 1088 1467 1155; x_wconf 70' lang='lat' dir='ltr'><strong>prmstant,</strong></span> <span class='ocrx_word' id='word_1_14' title='bbox 1487 1086 1566 1143; x_wconf 90' lang='lat' dir='ltr'><strong>ita</strong></span> <span class='ocrx_word' id='word_1_15' title='bbox 1580 1086 1896 1143; x_wconf 80' lang='lat' dir='ltr'><strong>illustrium</strong></span> <span class='ocrx_word' id='word_1_16' title='bbox 1919 1088 2178 1145; x_wconf 86' lang='lat' dir='ltr'><strong>virorum</strong></span> <span class='ocrx_word' id='word_1_17' title='bbox 2195 1088 2466 1159; x_wconf 67' lang='lat' dir='ltr'><strong>Epistolm</strong></span> <span class='ocrx_word' id='word_1_18' title='bbox 2480 1088 2707 1145; x_wconf 69' lang='lat' dir='ltr'><strong>caeteris</strong></span> <span class='ocrx_word' id='word_1_19' title='bbox 2720 1105 2926 1146; x_wconf 93' lang='lat' dir='ltr'><strong>eorum</strong></span> <span class='ocrx_word' id='word_1_20' title='bbox 2943 1092 3179 1163; x_wconf 80' lang='lat' dir='ltr'><strong>scriptis</strong></span> <span class='ocrx_word' id='word_1_21' title='bbox 3193 1092 3417 1164; x_wconf 88' lang='lat' dir='ltr'><strong>passim</strong></span> <span class='ocrx_word' id='word_1_22' title='bbox 3435 1092 3541 1149; x_wconf 81' lang='lat' dir='ltr'><strong>ati~</strong></span> 
     </span>
    </p>
   </div>
   <div class='ocr_carea' id='block_1_5' title="bbox 147 1171 3537 1251">
    <p class='ocr_par' dir='ltr' id='par_1_5' title="bbox 147 1171 3537 1251">
     <span class='ocr_line' id='line_1_5' title="bbox 147 1171 3537 1251; baseline 0.003 -22"><span class='ocrx_word' id='word_1_23' title='bbox 147 1174 412 1229; x_wconf 89' lang='lat' dir='ltr'><strong>tecellunt.</strong></span> <span class='ocrx_word' id='word_1_24' title='bbox 430 1174 490 1227; x_wconf 91' lang='lat' dir='ltr'><strong>ln</strong></span> <span class='ocrx_word' id='word_1_25' title='bbox 506 1173 591 1227; x_wconf 90' lang='lat' dir='ltr'><strong>eis</strong></span> <span class='ocrx_word' id='word_1_26' title='bbox 606 1172 773 1227; x_wconf 91' lang='lat' dir='ltr'><strong>enim</strong></span> <span class='ocrx_word' id='word_1_27' title='bbox 790 1177 1076 1244; x_wconf 88' lang='lat' dir='ltr'><strong>tanquam</strong></span> <span class='ocrx_word' id='word_1_28' title='bbox 1092 1171 1150 1227; x_wconf 92' lang='lat' dir='ltr'><strong>in</strong></span> <span class='ocrx_word' id='word_1_29' title='bbox 1166 1174 1407 1242; x_wconf 88' lang='lat' dir='ltr'><strong>gemino</strong></span> <span class='ocrx_word' id='word_1_30' title='bbox 1419 1174 1661 1230; x_wconf 90' lang='lat' dir='ltr'><strong>oculoru</strong></span> <span class='ocrx_word' id='word_1_31' title='bbox 1673 1192 1727 1231; x_wconf 92' lang='lat' dir='ltr'><strong>m</strong></span> <span class='ocrx_word' id='word_1_32' title='bbox 1745 1176 1987 1247; x_wconf 91' lang='lat' dir='ltr'><strong>speculo</strong></span> <span class='ocrx_word' id='word_1_33' title='bbox 2001 1177 2264 1233; x_wconf 84' lang='lat' dir='ltr'><strong>emicant</strong></span> <span class='ocrx_word' id='word_1_34' title='bbox 2277 1194 2545 1248; x_wconf 70' lang='lat' dir='ltr'><strong>personas</strong></span> <span class='ocrx_word' id='word_1_35' title='bbox 2559 1178 2748 1242; x_wconf 88' lang='lat' dir='ltr'><strong>dotes,</strong></span> <span class='ocrx_word' id='word_1_36' title='bbox 2766 1179 3031 1247; x_wconf 85' lang='lat' dir='ltr'><strong>affectus,</strong></span> <span class='ocrx_word' id='word_1_37' title='bbox 3049 1182 3290 1238; x_wconf 75' lang='lat' dir='ltr'><strong>virtutes</strong></span> <span class='ocrx_word' id='word_1_38' title='bbox 3305 1187 3360 1238; x_wconf 93' lang='lat' dir='ltr'><strong>et</strong></span> <span class='ocrx_word' id='word_1_39' title='bbox 3374 1183 3537 1251; x_wconf 89' lang='lat' dir='ltr'><strong>vitia;</strong></span> 
     </span>
    </p>
   </div>
   <div class='ocr_carea' id='block_1_6' title="bbox 116 1261 3541 1343">
    <p class='ocr_par' dir='ltr' id='par_1_6' title="bbox 116 1261 3541 1343">
     <span class='ocr_line' id='line_1_6' title="bbox 116 1261 3541 1343; baseline 0.003 -27"><span class='ocrx_word' id='word_1_40' title='bbox 116 1324 119 1331; x_wconf 37' lang='grc' dir='ltr'>ι</span> <span class='ocrx_word' id='word_1_41' title='bbox 148 1264 226 1318; x_wconf 89' lang='lat' dir='ltr'><strong>sic</strong></span> <span class='ocrx_word' id='word_1_42' title='bbox 244 1267 475 1317; x_wconf 90' lang='lat' dir='ltr'><strong>utnemo</strong></span> <span class='ocrx_word' id='word_1_43' title='bbox 501 1262 702 1331; x_wconf 85' lang='lat' dir='ltr'><strong>magis</strong></span> <span class='ocrx_word' id='word_1_44' title='bbox 722 1261 801 1317; x_wconf 92' lang='lat' dir='ltr'><strong>ad</strong></span> <span class='ocrx_word' id='word_1_45' title='bbox 818 1262 1018 1316; x_wconf 89' lang='lat' dir='ltr'><strong>vivum</strong></span> <span class='ocrx_word' id='word_1_46' title='bbox 1040 1277 1108 1316; x_wconf 91' lang='lat' dir='ltr'><strong>ea</strong></span> <span class='ocrx_word' id='word_1_47' title='bbox 1129 1263 1462 1332; x_wconf 81' lang='lat' dir='ltr'><strong>exprimere</strong></span> <span class='ocrx_word' id='word_1_48' title='bbox 1481 1265 1692 1335; x_wconf 85' lang='lat' dir='ltr'><strong>possit,</strong></span> <span class='ocrx_word' id='word_1_49' title='bbox 1713 1280 1891 1320; x_wconf 91' lang='lat' dir='ltr'><strong>nemo</strong></span> <span class='ocrx_word' id='word_1_50' title='bbox 1903 1265 2042 1320; x_wconf 88' lang='lat' dir='ltr'><strong>alibi</strong></span> <span class='ocrx_word' id='word_1_51' title='bbox 2061 1266 2270 1321; x_wconf 92' lang='lat' dir='ltr'><strong>melius</strong></span> <span class='ocrx_word' id='word_1_52' title='bbox 2288 1282 2474 1337; x_wconf 90' lang='lat' dir='ltr'><strong>quam</strong></span> <span class='ocrx_word' id='word_1_53' title='bbox 2490 1266 2548 1321; x_wconf 93' lang='lat' dir='ltr'><strong>in</strong></span> <span class='ocrx_word' id='word_1_54' title='bbox 2568 1267 3077 1338; x_wconf 91' lang='lat' dir='ltr'><strong>epistolisintueri.</strong></span> <span class='ocrx_word' id='word_1_55' title='bbox 3098 1270 3158 1324; x_wconf 93' lang='lat' dir='ltr'><strong>Id</strong></span> <span class='ocrx_word' id='word_1_56' title='bbox 3175 1271 3221 1325; x_wconf 88' lang='lat' dir='ltr'><strong>si</strong></span> <span class='ocrx_word' id='word_1_57' title='bbox 3240 1270 3315 1327; x_wconf 94' lang='lat' dir='ltr'><strong>de</strong></span> <span class='ocrx_word' id='word_1_58' title='bbox 3337 1272 3430 1343; x_wconf 92' lang='lat' dir='ltr'><strong>cuj</strong></span> <span class='ocrx_word' id='word_1_59' title='bbox 3442 1288 3541 1326; x_wconf 90' lang='lat' dir='ltr'><strong>us-</strong></span> 
     </span>
    </p>
   </div>
   <div class='ocr_carea' id='block_1_7' title="bbox 146 1348 3537 1428">
    <p class='ocr_par' dir='ltr' id='par_1_7' title="bbox 146 1348 3537 1428">
     <span class='ocr_line' id='line_1_7' title="bbox 146 1348 3537 1428; baseline 0.003 -23"><span class='ocrx_word' id='word_1_60' title='bbox 146 1366 306 1423; x_wconf 83' lang='lat' dir='ltr'><strong>quam</strong></span> <span class='ocrx_word' id='word_1_61' title='bbox 319 1349 659 1418; x_wconf 88' lang='lat' dir='ltr'><strong>alius,certe</strong></span> <span class='ocrx_word' id='word_1_62' title='bbox 673 1350 749 1405; x_wconf 89' lang='lat' dir='ltr'><strong>de</strong></span> <span class='ocrx_word' id='word_1_63' title='bbox 767 1348 1084 1420; x_wconf 80' lang='lat' dir='ltr'><strong>Augustini</strong></span> <span class='ocrx_word' id='word_1_64' title='bbox 1103 1348 1324 1405; x_wconf 89' lang='lat' dir='ltr'><strong>Litteris</strong></span> <span class='ocrx_word' id='word_1_65' title='bbox 1337 1352 1654 1417; x_wconf 89' lang='lat' dir='ltr'><strong>constat,in</strong></span> <span class='ocrx_word' id='word_1_66' title='bbox 1668 1353 1889 1425; x_wconf 89' lang='lat' dir='ltr'><strong>quibus</strong></span> <span class='ocrx_word' id='word_1_67' title='bbox 1904 1353 2262 1408; x_wconf 76' lang='lat' dir='ltr'><strong>sanctissimi</strong></span> <span class='ocrx_word' id='word_1_68' title='bbox 2282 1354 3138 1428; x_wconf 88' lang='lat' dir='ltr'><strong>Doctorisgenius,eloquentia</strong></span> <span class='ocrx_word' id='word_1_69' title='bbox 3152 1360 3297 1415; x_wconf 89' lang='lat' dir='ltr'><strong>citra</strong></span> <span class='ocrx_word' id='word_1_70' title='bbox 3310 1359 3537 1425; x_wconf 85' lang='lat' dir='ltr'><strong>fucum,</strong></span> 
     </span>
    </p>
   </div>
   <div class='ocr_carea' id='block_1_8' title="bbox 112 1437 3542 1518">
    <p class='ocr_par' dir='ltr' id='par_1_8' title="bbox 112 1437 3542 1518">
     <span class='ocr_line' id='line_1_8' title="bbox 112 1437 3542 1518; baseline 0.003 -25"><span class='ocrx_word' id='word_1_71' title='bbox 112 1464 117 1511; x_wconf 58' lang='grc' dir='ltr'><em>ς</em></span> <span class='ocrx_word' id='word_1_72' title='bbox 148 1439 456 1511; x_wconf 82' lang='lat' dir='ltr'><strong>prudentia,</strong></span> <span class='ocrx_word' id='word_1_73' title='bbox 472 1438 659 1500; x_wconf 87' lang='lat' dir='ltr'><strong>zelus,</strong></span> <span class='ocrx_word' id='word_1_74' title='bbox 676 1437 863 1495; x_wconf 91' lang='lat' dir='ltr'><strong>animi</strong></span> <span class='ocrx_word' id='word_1_75' title='bbox 881 1439 1239 1507; x_wconf 81' lang='lat' dir='ltr'><strong>constantia,</strong></span> <span class='ocrx_word' id='word_1_76' title='bbox 1266 1439 1525 1495; x_wconf 84' lang='lat' dir='ltr'><strong>veritatis</strong></span> <span class='ocrx_word' id='word_1_77' title='bbox 1547 1456 1616 1496; x_wconf 90' lang='lat' dir='ltr'><strong>ac</strong></span> <span class='ocrx_word' id='word_1_78' title='bbox 1634 1441 1864 1511; x_wconf 89' lang='lat' dir='ltr'><strong>pietatis</strong></span> <span class='ocrx_word' id='word_1_79' title='bbox 1888 1442 2171 1507; x_wconf 90' lang='lat' dir='ltr'><strong>studium,</strong></span> <span class='ocrx_word' id='word_1_80' title='bbox 2192 1442 2895 1513; x_wconf 87' lang='lat' dir='ltr'><strong>humanitas,modestia,</strong></span> <span class='ocrx_word' id='word_1_81' title='bbox 2913 1445 3161 1518; x_wconf 62' lang='lat' dir='ltr'><strong>aliaeque</strong></span> <span class='ocrx_word' id='word_1_82' title='bbox 3184 1447 3425 1503; x_wconf 87' lang='lat' dir='ltr'><strong>virtutes</strong></span> <span class='ocrx_word' id='word_1_83' title='bbox 3447 1464 3542 1504; x_wconf 90' lang='lat' dir='ltr'><strong>re-</strong></span> 
     </span>
    </p>
   </div>
   <div class='ocr_carea' id='block_1_9' title="bbox 144 1526 3538 1601">
    <p class='ocr_par' dir='ltr' id='par_1_9' title="bbox 144 1526 3538 1601">
     <span class='ocr_line' id='line_1_9' title="bbox 144 1526 3538 1601; baseline 0.003 -19"><span class='ocrx_word' id='word_1_84' title='bbox 144 1528 452 1601; x_wconf 87' lang='lat' dir='ltr'><strong>splendent.</strong></span> <span class='ocrx_word' id='word_1_85' title='bbox 470 1527 608 1583; x_wconf 86' lang='lat' dir='ltr'><strong>Jam</strong></span> <span class='ocrx_word' id='word_1_86' title='bbox 622 1526 868 1599; x_wconf 87' lang='lat' dir='ltr'><strong>quidem</strong></span> <span class='ocrx_word' id='word_1_87' title='bbox 887 1526 945 1581; x_wconf 93' lang='lat' dir='ltr'><strong>in</strong></span> <span class='ocrx_word' id='word_1_88' title='bbox 961 1526 1412 1583; x_wconf 88' lang='lat' dir='ltr'><strong>Confessionum</strong></span> <span class='ocrx_word' id='word_1_89' title='bbox 1428 1528 1594 1583; x_wconf 88' lang='lat' dir='ltr'><strong>libris</strong></span> <span class='ocrx_word' id='word_1_90' title='bbox 1609 1546 1670 1583; x_wconf 91' lang='lat' dir='ltr'><strong>se</strong></span> <span class='ocrx_word' id='word_1_91' title='bbox 1685 1530 1811 1601; x_wconf 91' lang='lat' dir='ltr'><strong>ipse</strong></span> <span class='ocrx_word' id='word_1_92' title='bbox 1826 1530 2153 1585; x_wconf 89' lang='lat' dir='ltr'><strong>luculenter</strong></span> <span class='ocrx_word' id='word_1_93' title='bbox 2167 1536 2540 1601; x_wconf 82' lang='lat' dir='ltr'><strong>expresserat</strong></span> <span class='ocrx_word' id='word_1_94' title='bbox 2555 1533 2915 1601; x_wconf 81' lang='lat' dir='ltr'><strong>Augustinus</strong></span> <span class='ocrx_word' id='word_1_95' title='bbox 2930 1549 2942 1597; x_wconf 91' lang='lat'><strong>;</strong></span> <span class='ocrx_word' id='word_1_96' title='bbox 2960 1539 3020 1589; x_wconf 90' lang='lat' dir='ltr'><strong>at</strong></span> <span class='ocrx_word' id='word_1_97' title='bbox 3035 1550 3153 1590; x_wconf 94' lang='lat' dir='ltr'><strong>non</strong></span> <span class='ocrx_word' id='word_1_98' title='bbox 3169 1536 3265 1599; x_wconf 88' lang='lat' dir='ltr'><strong>ita,</strong></span> <span class='ocrx_word' id='word_1_99' title='bbox 3284 1536 3327 1590; x_wconf 93' lang='lat' dir='ltr'><strong>si</strong></span> <span class='ocrx_word' id='word_1_100' title='bbox 3344 1535 3538 1593; x_wconf 87' lang='lat' dir='ltr'><strong>dicere</strong></span> 
     </span>
    </p>
   </div>
   <div class='ocr_carea' id='block_1_10' title="bbox 103 1615 3540 1696">
    <p class='ocr_par' dir='ltr' id='par_1_10' title="bbox 103 1615 3540 1696">
     <span class='ocr_line' id='line_1_10' title="bbox 103 1615 3540 1696; baseline 0.003 -24"><span class='ocrx_word' id='word_1_101' title='bbox 103 1690 113 1696; x_wconf 22' lang='grc' dir='ltr'><strong><em>Δ</em></strong></span> <span class='ocrx_word' id='word_1_102' title='bbox 142 1618 272 1681; x_wconf 89' lang='lat' dir='ltr'><strong>licet,</strong></span> <span class='ocrx_word' id='word_1_103' title='bbox 292 1618 554 1686; x_wconf 82' lang='lat' dir='ltr'><strong>genuine</strong></span> <span class='ocrx_word' id='word_1_104' title='bbox 576 1616 733 1671; x_wconf 86' lang='lat' dir='ltr'><strong>sicut</strong></span> <span class='ocrx_word' id='word_1_105' title='bbox 751 1616 809 1670; x_wconf 93' lang='lat' dir='ltr'><strong>in</strong></span> <span class='ocrx_word' id='word_1_106' title='bbox 836 1615 1125 1686; x_wconf 87' lang='lat' dir='ltr'><strong>Epistolis.</strong></span> <span class='ocrx_word' id='word_1_107' title='bbox 1148 1616 1408 1671; x_wconf 88' lang='lat' dir='ltr'><strong>Fitenim</strong></span> <span class='ocrx_word' id='word_1_108' title='bbox 1434 1622 1494 1672; x_wconf 92' lang='lat' dir='ltr'><strong>ut</strong></span> <span class='ocrx_word' id='word_1_109' title='bbox 1514 1632 1650 1689; x_wconf 70' lang='lat' dir='ltr'><strong>quae</strong></span> <span class='ocrx_word' id='word_1_110' title='bbox 1671 1618 1744 1673; x_wconf 90' lang='lat' dir='ltr'><strong>de</strong></span> <span class='ocrx_word' id='word_1_111' title='bbox 1759 1618 1968 1689; x_wconf 90' lang='lat' dir='ltr'><strong>seipsis</strong></span> <span class='ocrx_word' id='word_1_112' title='bbox 1986 1618 2479 1684; x_wconf 90' lang='lat' dir='ltr'><strong>scribuntsancti,</strong></span> <span class='ocrx_word' id='word_1_113' title='bbox 2498 1625 2600 1675; x_wconf 90' lang='lat' dir='ltr'><strong>aut</strong></span> <span class='ocrx_word' id='word_1_114' title='bbox 2629 1621 2952 1677; x_wconf 88' lang='lat' dir='ltr'><strong>immodice</strong></span> <span class='ocrx_word' id='word_1_115' title='bbox 2980 1622 3283 1687; x_wconf 86' lang='lat' dir='ltr'><strong>extollant,</strong></span> <span class='ocrx_word' id='word_1_116' title='bbox 3308 1624 3355 1678; x_wconf 87' lang='lat' dir='ltr'><strong>si</strong></span> <span class='ocrx_word' id='word_1_117' title='bbox 3378 1624 3540 1681; x_wconf 90' lang='lat' dir='ltr'><strong>mala</strong></span> 
     </span>
    </p>
   </div>
   <div class='ocr_carea' id='block_1_11' title="bbox 143 1704 3539 1782">
    <p class='ocr_par' dir='ltr' id='par_1_11' title="bbox 143 1704 3539 1782">
     <span class='ocr_line' id='line_1_11' title="bbox 143 1704 3539 1782; baseline 0.003 -21"><span class='ocrx_word' id='word_1_118' title='bbox 143 1709 253 1771; x_wconf 86' lang='lat' dir='ltr'><strong>sint;</strong></span> <span class='ocrx_word' id='word_1_119' title='bbox 268 1714 368 1762; x_wconf 89' lang='lat' dir='ltr'><strong>aut</strong></span> <span class='ocrx_word' id='word_1_120' title='bbox 383 1705 521 1776; x_wconf 87' lang='lat' dir='ltr'><strong>plus</strong></span> <span class='ocrx_word' id='word_1_121' title='bbox 554 1722 732 1777; x_wconf 66' lang='lat' dir='ltr'><strong>aequo</strong></span> <span class='ocrx_word' id='word_1_122' title='bbox 752 1704 1114 1775; x_wconf 86' lang='lat' dir='ltr'><strong>deprimant,</strong></span> <span class='ocrx_word' id='word_1_123' title='bbox 1130 1704 1178 1759; x_wconf 92' lang='lat' dir='ltr'><strong>si</strong></span> <span class='ocrx_word' id='word_1_124' title='bbox 1206 1704 1395 1761; x_wconf 87' lang='lat' dir='ltr'><strong>bona:</strong></span> <span class='ocrx_word' id='word_1_125' title='bbox 1413 1706 1459 1760; x_wconf 91' lang='lat' dir='ltr'><strong>si</strong></span> <span class='ocrx_word' id='word_1_126' title='bbox 1486 1722 1623 1761; x_wconf 90' lang='lat' dir='ltr'><strong>vero</strong></span> <span class='ocrx_word' id='word_1_127' title='bbox 1642 1707 1777 1778; x_wconf 87' lang='lat' dir='ltr'><strong>quis</strong></span> <span class='ocrx_word' id='word_1_128' title='bbox 1792 1706 1945 1762; x_wconf 89' lang='lat' dir='ltr'><strong>alius</strong></span> <span class='ocrx_word' id='word_1_129' title='bbox 1974 1707 2048 1762; x_wconf 92' lang='lat' dir='ltr'><strong>de</strong></span> <span class='ocrx_word' id='word_1_130' title='bbox 2071 1708 2207 1779; x_wconf 87' lang='lat' dir='ltr'><strong>ipsis</strong></span> <span class='ocrx_word' id='word_1_131' title='bbox 2231 1708 2446 1763; x_wconf 73' lang='lat' dir='ltr'><strong>scribit,</strong></span> <span class='ocrx_word' id='word_1_132' title='bbox 2468 1724 2588 1762; x_wconf 93' lang='lat' dir='ltr'><strong>non</strong></span> <span class='ocrx_word' id='word_1_133' title='bbox 2605 1710 2748 1765; x_wconf 87' lang='lat' dir='ltr'><strong>satis</strong></span> <span class='ocrx_word' id='word_1_134' title='bbox 2761 1725 2972 1766; x_wconf 91' lang='lat' dir='ltr'><strong>eorum</strong></span> <span class='ocrx_word' id='word_1_135' title='bbox 2997 1711 3208 1767; x_wconf 91' lang='lat' dir='ltr'><strong>intima</strong></span> <span class='ocrx_word' id='word_1_136' title='bbox 3229 1718 3539 1782; x_wconf 86' lang='lat' dir='ltr'><strong>penetrare</strong></span> 
     </span>
    </p>
   </div>
   <div class='ocr_carea' id='block_1_12' title="bbox 146 1793 3541 1872">
    <p class='ocr_par' dir='ltr' id='par_1_12' title="bbox 146 1793 3541 1872">
     <span class='ocr_line' id='line_1_12' title="bbox 146 1793 3541 1872; baseline 0.001 -18"><span class='ocrx_word' id='word_1_137' title='bbox 146 1799 305 1869; x_wconf 87' lang='lat' dir='ltr'><strong>possit</strong></span> <span class='ocrx_word' id='word_1_138' title='bbox 325 1814 339 1864; x_wconf 87' lang='lat'><strong>;</strong></span> <span class='ocrx_word' id='word_1_139' title='bbox 356 1796 714 1853; x_wconf 89' lang='lat' dir='ltr'><strong>autetiamsi</strong></span> <span class='ocrx_word' id='word_1_140' title='bbox 729 1793 1037 1866; x_wconf 91' lang='lat' dir='ltr'><strong>possit,apt</strong></span> <span class='ocrx_word' id='word_1_141' title='bbox 1049 1793 1251 1849; x_wconf 89' lang='lat' dir='ltr'><strong>issime</strong></span> <span class='ocrx_word' id='word_1_142' title='bbox 1263 1810 1333 1849; x_wconf 87' lang='lat' dir='ltr'><strong>ex</strong></span> <span class='ocrx_word' id='word_1_143' title='bbox 1343 1795 1559 1865; x_wconf 87' lang='lat' dir='ltr'><strong>plicare</strong></span> <span class='ocrx_word' id='word_1_144' title='bbox 1574 1812 1693 1851; x_wconf 91' lang='lat' dir='ltr'><strong>non</strong></span> <span class='ocrx_word' id='word_1_145' title='bbox 1711 1796 1921 1851; x_wconf 91' lang='lat' dir='ltr'><strong>valeat.</strong></span> <span class='ocrx_word' id='word_1_146' title='bbox 1938 1801 2002 1851; x_wconf 89' lang='lat' dir='ltr'><strong>At</strong></span> <span class='ocrx_word' id='word_1_147' title='bbox 2021 1796 2079 1850; x_wconf 93' lang='lat' dir='ltr'><strong>in</strong></span> <span class='ocrx_word' id='word_1_148' title='bbox 2098 1796 2272 1850; x_wconf 89' lang='lat' dir='ltr'><strong>variis</strong></span> <span class='ocrx_word' id='word_1_149' title='bbox 2286 1796 2547 1867; x_wconf 89' lang='lat' dir='ltr'><strong>epistolis</strong></span> <span class='ocrx_word' id='word_1_150' title='bbox 2561 1802 2830 1853; x_wconf 89' lang='lat' dir='ltr'><strong>auctores</strong></span> <span class='ocrx_word' id='word_1_151' title='bbox 2844 1805 3055 1871; x_wconf 91' lang='lat' dir='ltr'><strong>sponte</strong></span> <span class='ocrx_word' id='word_1_152' title='bbox 3069 1816 3130 1854; x_wconf 91' lang='lat' dir='ltr'><strong>se</strong></span> <span class='ocrx_word' id='word_1_153' title='bbox 3146 1800 3261 1871; x_wconf 89' lang='lat' dir='ltr'><strong>ipsi</strong></span> <span class='ocrx_word' id='word_1_154' title='bbox 3278 1802 3541 1872; x_wconf 91' lang='lat' dir='ltr'><strong>produnt</strong></span> 
     </span>
    </p>
   </div>
   <div class='ocr_carea' id='block_1_13' title="bbox 142 1882 3541 1960">
    <p class='ocr_par' dir='ltr' id='par_1_13' title="bbox 142 1882 3541 1960">
     <span class='ocr_line' id='line_1_13' title="bbox 142 1882 3541 1960; baseline 0.001 -17"><span class='ocrx_word' id='word_1_155' title='bbox 142 1888 412 1959; x_wconf 89' lang='lat' dir='ltr'><strong>pinguntq</strong></span> <span class='ocrx_word' id='word_1_156' title='bbox 424 1902 499 1941; x_wconf 90' lang='lat' dir='ltr'><strong>ue</strong></span> <span class='ocrx_word' id='word_1_157' title='bbox 516 1883 732 1939; x_wconf 85' lang='lat' dir='ltr'><strong>nativis</strong></span> <span class='ocrx_word' id='word_1_158' title='bbox 748 1882 1068 1949; x_wconf 91' lang='lat' dir='ltr'><strong>coloribus,</strong></span> <span class='ocrx_word' id='word_1_159' title='bbox 1082 1899 1236 1954; x_wconf 92' lang='lat' dir='ltr'><strong>quos</strong></span> <span class='ocrx_word' id='word_1_160' title='bbox 1258 1890 1488 1953; x_wconf 90' lang='lat' dir='ltr'><strong>natura,</strong></span> <span class='ocrx_word' id='word_1_161' title='bbox 1508 1883 1692 1949; x_wconf 90' lang='lat' dir='ltr'><strong>locus,</strong></span> <span class='ocrx_word' id='word_1_162' title='bbox 1714 1886 1971 1950; x_wconf 90' lang='lat' dir='ltr'><strong>occasio,</strong></span> <span class='ocrx_word' id='word_1_163' title='bbox 1999 1900 2443 1956; x_wconf 74' lang='lat' dir='ltr'><strong>personae,argu</strong></span> <span class='ocrx_word' id='word_1_164' title='bbox 2454 1885 2635 1941; x_wconf 92' lang='lat' dir='ltr'><strong>menti</strong></span> <span class='ocrx_word' id='word_1_165' title='bbox 2655 1888 2922 1953; x_wconf 89' lang='lat' dir='ltr'><strong>materia,</strong></span> <span class='ocrx_word' id='word_1_166' title='bbox 2945 1890 3123 1943; x_wconf 89' lang='lat' dir='ltr'><strong>etiam</strong></span> <span class='ocrx_word' id='word_1_167' title='bbox 3146 1905 3264 1943; x_wconf 91' lang='lat' dir='ltr'><strong>non</strong></span> <span class='ocrx_word' id='word_1_168' title='bbox 3282 1891 3541 1960; x_wconf 66' lang='lat' dir='ltr'><strong>cogitano</strong></span> 
     </span>
    </p>
   </div>
   <div class='ocr_carea' id='block_1_14' title="bbox 106 1971 3541 2048">
    <p class='ocr_par' dir='ltr' id='par_1_14' title="bbox 106 1971 3541 2048">
     <span class='ocr_line' id='line_1_14' title="bbox 106 1971 3541 2048; baseline 0.001 -17"><span class='ocrx_word' id='word_1_169' title='bbox 106 2014 113 2025; x_wconf 78' lang='lat'><strong>.</strong></span> <span class='ocrx_word' id='word_1_170' title='bbox 142 1977 277 2032; x_wconf 89' lang='lat' dir='ltr'><strong>tibus</strong></span> <span class='ocrx_word' id='word_1_171' title='bbox 304 1976 659 2047; x_wconf 83' lang='lat' dir='ltr'><strong>exprimunt</strong></span> <span class='ocrx_word' id='word_1_172' title='bbox 686 1991 700 2026; x_wconf 89' lang='lat'><strong>:</strong></span> <span class='ocrx_word' id='word_1_173' title='bbox 753 1972 904 2028; x_wconf 89' lang='lat' dir='ltr'><strong>adeo</strong></span> <span class='ocrx_word' id='word_1_174' title='bbox 945 1978 1009 2027; x_wconf 93' lang='lat' dir='ltr'><strong>ut</strong></span> <span class='ocrx_word' id='word_1_175' title='bbox 1036 1971 1288 2041; x_wconf 86' lang='lat' dir='ltr'><strong>diligens</strong></span> <span class='ocrx_word' id='word_1_176' title='bbox 1313 1972 1512 2045; x_wconf 89' lang='lat' dir='ltr'><strong>quivis</strong></span> <span class='ocrx_word' id='word_1_177' title='bbox 1552 1988 1747 2028; x_wconf 89' lang='lat' dir='ltr'><strong>rerum</strong></span> <span class='ocrx_word' id='word_1_178' title='bbox 1780 1975 2103 2030; x_wconf 69' lang='lat' dir='ltr'><strong>mstimator</strong></span> <span class='ocrx_word' id='word_1_179' title='bbox 2133 1975 2191 2028; x_wconf 93' lang='lat' dir='ltr'><strong>in</strong></span> <span class='ocrx_word' id='word_1_180' title='bbox 2230 1973 2652 2046; x_wconf 90' lang='lat' dir='ltr'><strong>epistolaribus</strong></span> <span class='ocrx_word' id='word_1_181' title='bbox 2682 1976 2913 2048; x_wconf 90' lang='lat' dir='ltr'><strong>scriptis</strong></span> <span class='ocrx_word' id='word_1_182' title='bbox 2951 1977 3209 2033; x_wconf 89' lang='lat' dir='ltr'><strong>auctoris</strong></span> <span class='ocrx_word' id='word_1_183' title='bbox 3237 1978 3450 2034; x_wconf 86' lang='lat' dir='ltr'><strong>faciem</strong></span> <span class='ocrx_word' id='word_1_184' title='bbox 3483 1984 3541 2035; x_wconf 89' lang='lat' dir='ltr'><strong>et</strong></span> 
     </span>
    </p>
   </div>
   <div class='ocr_carea' id='block_1_15' title="bbox 106 2060 1317 2134">
    <p class='ocr_par' dir='ltr' id='par_1_15' title="bbox 106 2060 1317 2134">
     <span class='ocr_line' id='line_1_15' title="bbox 106 2060 1317 2134; baseline -0.006 -14"><span class='ocrx_word' id='word_1_185' title='bbox 106 2082 110 2087; x_wconf 53' lang='grc' dir='ltr'><strong><em>ο</em></strong></span> <span class='ocrx_word' id='word_1_186' title='bbox 142 2066 390 2120; x_wconf 87' lang='lat' dir='ltr'><strong>animum</strong></span> <span class='ocrx_word' id='word_1_187' title='bbox 422 2081 456 2119; x_wconf 90' lang='lat' dir='ltr'><strong>e</strong></span> <span class='ocrx_word' id='word_1_188' title='bbox 490 2062 837 2134; x_wconf 89' lang='lat' dir='ltr'><strong>propinquo</strong></span> <span class='ocrx_word' id='word_1_189' title='bbox 859 2060 1072 2115; x_wconf 90' lang='lat' dir='ltr'><strong>intueri</strong></span> <span class='ocrx_word' id='word_1_190' title='bbox 1111 2061 1317 2131; x_wconf 89' lang='lat' dir='ltr'><strong>possit.</strong></span> 
     </span>
    </p>
   </div>
   <div class='ocr_carea' id='block_1_16' title="bbox 199 2148 3540 2223">
    <p class='ocr_par' dir='ltr' id='par_1_16' title="bbox 199 2148 3540 2223">
     <span class='ocr_line' id='line_1_16' title="bbox 199 2148 3540 2223; baseline 0.001 -13"><span class='ocrx_word' id='word_1_191' title='bbox 199 2154 304 2211; x_wconf 87' lang='lat' dir='ltr'><strong>Sed</strong></span> <span class='ocrx_word' id='word_1_192' title='bbox 318 2152 469 2209; x_wconf 91' lang='lat' dir='ltr'><strong>illud</strong></span> <span class='ocrx_word' id='word_1_193' title='bbox 482 2153 732 2222; x_wconf 87' lang='lat' dir='ltr'><strong>insuper</strong></span> <span class='ocrx_word' id='word_1_194' title='bbox 752 2150 1063 2218; x_wconf 81' lang='lat' dir='ltr'><strong>Augustini</strong></span> <span class='ocrx_word' id='word_1_195' title='bbox 1080 2148 1351 2218; x_wconf 87' lang='lat' dir='ltr'><strong>Epistolis</strong></span> <span class='ocrx_word' id='word_1_196' title='bbox 1363 2149 1712 2220; x_wconf 90' lang='lat' dir='ltr'><strong>dignitatem</strong></span> <span class='ocrx_word' id='word_1_197' title='bbox 1729 2151 1913 2215; x_wconf 88' lang='lat' dir='ltr'><strong>addit,</strong></span> <span class='ocrx_word' id='word_1_198' title='bbox 1929 2151 2245 2223; x_wconf 89' lang='lat' dir='ltr'><strong>quodcum</strong></span> <span class='ocrx_word' id='word_1_199' title='bbox 2265 2152 2672 2223; x_wconf 70' lang='lat' dir='ltr'><strong>sanctissimus</strong></span> <span class='ocrx_word' id='word_1_200' title='bbox 2689 2152 2949 2208; x_wconf 83' lang='lat' dir='ltr'><strong>Pontifex</strong></span> <span class='ocrx_word' id='word_1_201' title='bbox 2969 2154 3331 2223; x_wconf 88' lang='lat' dir='ltr'><strong>gravissimis</strong></span> <span class='ocrx_word' id='word_1_202' title='bbox 3346 2156 3540 2212; x_wconf 85' lang='lat' dir='ltr'><strong>Eccle-</strong></span> 
     </span>
    </p>
   </div>
   <div class='ocr_carea' id='block_1_17' title="bbox 139 2239 3544 2313">
    <p class='ocr_par' dir='ltr' id='par_1_17' title="bbox 139 2239 3544 2313">
     <span class='ocr_line' id='line_1_17' title="bbox 139 2239 3544 2313; baseline 0 -14"><span class='ocrx_word' id='word_1_203' title='bbox 139 2246 226 2299; x_wconf 64' lang='lat' dir='ltr'><strong>siae</strong></span> <span class='ocrx_word' id='word_1_204' title='bbox 242 2244 493 2313; x_wconf 90' lang='lat' dir='ltr'><strong>negotiis</strong></span> <span class='ocrx_word' id='word_1_205' title='bbox 511 2241 685 2295; x_wconf 90' lang='lat' dir='ltr'><strong>fuerit</strong></span> <span class='ocrx_word' id='word_1_206' title='bbox 698 2244 1046 2309; x_wconf 89' lang='lat' dir='ltr'><strong>occupatus,</strong></span> <span class='ocrx_word' id='word_1_207' title='bbox 1065 2239 1458 2309; x_wconf 85' lang='lat' dir='ltr'><strong>Epistolarum</strong></span> <span class='ocrx_word' id='word_1_208' title='bbox 1473 2240 1521 2311; x_wconf 84' lang='lat' dir='ltr'><strong>ej</strong></span> <span class='ocrx_word' id='word_1_209' title='bbox 1533 2257 1563 2294; x_wconf 86' lang='grc' dir='ltr'>υ</span> <span class='ocrx_word' id='word_1_210' title='bbox 1575 2259 1599 2293; x_wconf 85' lang='lat' dir='ltr'><strong>s</strong></span> <span class='ocrx_word' id='word_1_211' title='bbox 1614 2240 1886 2296; x_wconf 91' lang='lat' dir='ltr'><strong>collectio</strong></span> <span class='ocrx_word' id='word_1_212' title='bbox 1900 2255 2022 2295; x_wconf 90' lang='lat' dir='ltr'><strong>non</strong></span> <span class='ocrx_word' id='word_1_213' title='bbox 2040 2246 2267 2295; x_wconf 88' lang='lat' dir='ltr'><strong>tantum</strong></span> <span class='ocrx_word' id='word_1_214' title='bbox 2284 2241 2392 2311; x_wconf 90' lang='lat' dir='ltr'><strong>ipsi</strong></span> <span class='ocrx_word' id='word_1_215' title='bbox 2404 2258 2470 2295; x_wconf 90' lang='lat' dir='ltr'><strong>us</strong></span> <span class='ocrx_word' id='word_1_216' title='bbox 2490 2241 2806 2312; x_wconf 88' lang='lat' dir='ltr'><strong>privatam,</strong></span> <span class='ocrx_word' id='word_1_217' title='bbox 2828 2242 2933 2296; x_wconf 89' lang='lat' dir='ltr'><strong>sed</strong></span> <span class='ocrx_word' id='word_1_218' title='bbox 2951 2249 3005 2297; x_wconf 92' lang='lat' dir='ltr'><strong>et</strong></span> <span class='ocrx_word' id='word_1_219' title='bbox 3018 2248 3200 2298; x_wconf 92' lang='lat' dir='ltr'><strong>totam</strong></span> <span class='ocrx_word' id='word_1_220' title='bbox 3216 2243 3334 2299; x_wconf 90' lang='lat' dir='ltr'><strong>fere</strong></span> <span class='ocrx_word' id='word_1_221' title='bbox 3351 2246 3507 2300; x_wconf 91' lang='lat' dir='ltr'><strong>eccle</strong></span> <span class='ocrx_word' id='word_1_222' title='bbox 3522 2276 3544 2285; x_wconf 87' lang='lat'><strong>-</strong></span> 
     </span>
    </p>
   </div>
   <div class='ocr_carea' id='block_1_18' title="bbox 137 2326 3538 2404">
    <p class='ocr_par' dir='ltr' id='par_1_18' title="bbox 137 2326 3538 2404">
     <span class='ocr_line' id='line_1_18' title="bbox 137 2326 3538 2404; baseline 0.001 -18"><span class='ocrx_word' id='word_1_223' title='bbox 137 2334 424 2388; x_wconf 87' lang='lat' dir='ltr'><strong>siasticam</strong></span> <span class='ocrx_word' id='word_1_224' title='bbox 443 2330 600 2385; x_wconf 89' lang='lat' dir='ltr'><strong>illius</strong></span> <span class='ocrx_word' id='word_1_225' title='bbox 628 2326 914 2403; x_wconf 87' lang='lat' dir='ltr'><strong>temporis</strong></span> <span class='ocrx_word' id='word_1_226' title='bbox 938 2326 1246 2383; x_wconf 87' lang='lat' dir='ltr'><strong>historiam</strong></span> <span class='ocrx_word' id='word_1_227' title='bbox 1272 2328 1722 2401; x_wconf 86' lang='lat' dir='ltr'><strong>complectatur.</strong></span> <span class='ocrx_word' id='word_1_228' title='bbox 1749 2328 1914 2385; x_wconf 92' lang='lat' dir='ltr'><strong>Unde</strong></span> <span class='ocrx_word' id='word_1_229' title='bbox 1948 2329 1995 2383; x_wconf 92' lang='lat' dir='ltr'><strong>si</strong></span> <span class='ocrx_word' id='word_1_230' title='bbox 2028 2330 2161 2400; x_wconf 90' lang='lat' dir='ltr'><strong>quis</strong></span> <span class='ocrx_word' id='word_1_231' title='bbox 2192 2330 2633 2385; x_wconf 90' lang='lat' dir='ltr'><strong>Donatistarum</strong></span> <span class='ocrx_word' id='word_1_232' title='bbox 2654 2336 2709 2384; x_wconf 91' lang='lat' dir='ltr'><strong>et</strong></span> <span class='ocrx_word' id='word_1_233' title='bbox 2736 2328 3210 2399; x_wconf 81' lang='lat' dir='ltr'><strong>Pelagianorum,</strong></span> <span class='ocrx_word' id='word_1_234' title='bbox 3244 2348 3379 2404; x_wconf 65' lang='lat' dir='ltr'><strong>qua:</strong></span> <span class='ocrx_word' id='word_1_235' title='bbox 3402 2332 3538 2389; x_wconf 68' lang='lat' dir='ltr'><strong>dum</strong></span> 
     </span>
    </p>
   </div>
   <div class='ocr_carea' id='block_1_19' title="bbox 132 2417 3540 2491">
    <p class='ocr_par' dir='ltr' id='par_1_19' title="bbox 132 2417 3540 2491">
     <span class='ocr_line' id='line_1_19' title="bbox 132 2417 3540 2491; baseline -0 -14"><span class='ocrx_word' id='word_1_236' title='bbox 132 2424 372 2478; x_wconf 64' lang='lat' dir='ltr'><strong>haereses</strong></span> <span class='ocrx_word' id='word_1_237' title='bbox 406 2418 723 2475; x_wconf 85' lang='lat' dir='ltr'><strong>Ecclesiam</strong></span> <span class='ocrx_word' id='word_1_238' title='bbox 758 2434 863 2488; x_wconf 91' lang='lat' dir='ltr'><strong>per</strong></span> <span class='ocrx_word' id='word_1_239' title='bbox 893 2417 949 2471; x_wconf 89' lang='lat' dir='ltr'><strong>id</strong></span> <span class='ocrx_word' id='word_1_240' title='bbox 978 2427 1218 2488; x_wconf 88' lang='lat' dir='ltr'><strong>tempus</strong></span> <span class='ocrx_word' id='word_1_241' title='bbox 1247 2418 1507 2472; x_wconf 84' lang='lat' dir='ltr'><strong>maxime</strong></span> <span class='ocrx_word' id='word_1_242' title='bbox 1538 2417 1916 2483; x_wconf 83' lang='lat' dir='ltr'><strong>infestarunt,</strong></span> <span class='ocrx_word' id='word_1_243' title='bbox 1951 2434 2041 2472; x_wconf 89' lang='lat' dir='ltr'><strong>res</strong></span> <span class='ocrx_word' id='word_1_244' title='bbox 2074 2426 2272 2488; x_wconf 88' lang='lat' dir='ltr'><strong>gestas</strong></span> <span class='ocrx_word' id='word_1_245' title='bbox 2307 2418 2571 2474; x_wconf 87' lang='lat' dir='ltr'><strong>studiose</strong></span> <span class='ocrx_word' id='word_1_246' title='bbox 2600 2418 2887 2486; x_wconf 84' lang='lat' dir='ltr'><strong>indagare</strong></span> <span class='ocrx_word' id='word_1_247' title='bbox 2910 2434 2979 2473; x_wconf 89' lang='lat' dir='ltr'><strong>ac</strong></span> <span class='ocrx_word' id='word_1_248' title='bbox 3014 2419 3185 2489; x_wconf 89' lang='lat' dir='ltr'><strong>plene</strong></span> <span class='ocrx_word' id='word_1_249' title='bbox 3211 2420 3540 2491; x_wconf 89' lang='lat' dir='ltr'><strong>intelligere</strong></span> 
     </span>
    </p>
   </div>
   <div class='ocr_carea' id='block_1_20' title="bbox 100 2505 3322 2581">
    <p class='ocr_par' dir='ltr' id='par_1_20' title="bbox 100 2505 3322 2581">
     <span class='ocr_line' id='line_1_20' title="bbox 100 2505 3322 2581; baseline -0.001 -15"><span class='ocrx_word' id='word_1_250' title='bbox 100 2514 101 2519; x_wconf 68' lang='grc'><em>“</em></span> <span class='ocrx_word' id='word_1_251' title='bbox 132 2512 307 2581; x_wconf 86' lang='lat' dir='ltr'><strong>cupit,</strong></span> <span class='ocrx_word' id='word_1_252' title='bbox 339 2507 640 2576; x_wconf 72' lang='lat' dir='ltr'><strong>Augustini</strong></span> <span class='ocrx_word' id='word_1_253' title='bbox 678 2506 964 2577; x_wconf 86' lang='lat' dir='ltr'><strong>Epistolas</strong></span> <span class='ocrx_word' id='word_1_254' title='bbox 985 2505 1143 2575; x_wconf 90' lang='lat' dir='ltr'><strong>legat</strong></span> <span class='ocrx_word' id='word_1_255' title='bbox 1171 2522 1237 2561; x_wconf 89' lang='lat' dir='ltr'><strong>ac</strong></span> <span class='ocrx_word' id='word_1_256' title='bbox 1265 2506 1473 2561; x_wconf 90' lang='lat' dir='ltr'><strong>sedulo</strong></span> <span class='ocrx_word' id='word_1_257' title='bbox 1496 2508 1780 2571; x_wconf 88' lang='lat' dir='ltr'><strong>revolvat,</strong></span> <span class='ocrx_word' id='word_1_258' title='bbox 1814 2514 1868 2562; x_wconf 92' lang='lat' dir='ltr'><strong>et</strong></span> <span class='ocrx_word' id='word_1_259' title='bbox 1902 2505 2053 2561; x_wconf 89' lang='lat' dir='ltr'><strong>votis</strong></span> <span class='ocrx_word' id='word_1_260' title='bbox 2085 2506 2328 2562; x_wconf 88' lang='lat' dir='ltr'><strong>tandem</strong></span> <span class='ocrx_word' id='word_1_261' title='bbox 2364 2506 2486 2560; x_wconf 90' lang='lat' dir='ltr'><strong>suis</strong></span> <span class='ocrx_word' id='word_1_262' title='bbox 2514 2511 2786 2577; x_wconf 87' lang='lat' dir='ltr'><strong>optatum</strong></span> <span class='ocrx_word' id='word_1_263' title='bbox 2820 2506 3002 2562; x_wconf 86' lang='lat' dir='ltr'><strong>ﬁnem</strong></span> <span class='ocrx_word' id='word_1_264' title='bbox 3035 2508 3322 2578; x_wconf 88' lang='lat' dir='ltr'><strong>imponet.</strong></span> 
     </span>
    </p>
   </div>
   <div class='ocr_carea' id='block_1_21' title="bbox 98 2590 3542 2668">
    <p class='ocr_par' dir='ltr' id='par_1_21' title="bbox 98 2590 3542 2668">
     <span class='ocr_line' id='line_1_21' title="bbox 98 2590 3542 2668; baseline 0.001 -17"><span class='ocrx_word' id='word_1_265' title='bbox 98 2590 109 2599; x_wconf 85' lang='grc'><strong>’</strong></span> <span class='ocrx_word' id='word_1_266' title='bbox 206 2600 415 2654; x_wconf 83' lang='lat' dir='ltr'><strong>Verum</strong></span> <span class='ocrx_word' id='word_1_267' title='bbox 429 2599 487 2651; x_wconf 92' lang='lat' dir='ltr'><strong>in</strong></span> <span class='ocrx_word' id='word_1_268' title='bbox 500 2594 904 2668; x_wconf 88' lang='lat' dir='ltr'><strong>superioribus</strong></span> <span class='ocrx_word' id='word_1_269' title='bbox 915 2593 1274 2650; x_wconf 91' lang='lat' dir='ltr'><strong>editionibus</strong></span> <span class='ocrx_word' id='word_1_270' title='bbox 1290 2595 1442 2649; x_wconf 85' lang='lat' dir='ltr'><strong>adeo</strong></span> <span class='ocrx_word' id='word_1_271' title='bbox 1457 2595 1833 2665; x_wconf 88' lang='lat' dir='ltr'><strong>perturbatus</strong></span> <span class='ocrx_word' id='word_1_272' title='bbox 1846 2594 2557 2663; x_wconf 84' lang='lat' dir='ltr'><strong>eratAugustinianarum</strong></span> <span class='ocrx_word' id='word_1_273' title='bbox 2576 2594 2965 2666; x_wconf 89' lang='lat' dir='ltr'><strong>Epistolarum</strong></span> <span class='ocrx_word' id='word_1_274' title='bbox 2986 2597 3358 2661; x_wconf 92' lang='lat' dir='ltr'><strong>ordo,utnon</strong></span> <span class='ocrx_word' id='word_1_275' title='bbox 3373 2597 3542 2655; x_wconf 87' lang='lat' dir='ltr'><strong>facile</strong></span> 
     </span>
    </p>
   </div>
   <div class='ocr_carea' id='block_1_22' title="bbox 132 2682 3542 2760">
    <p class='ocr_par' dir='ltr' id='par_1_22' title="bbox 132 2682 3542 2760">
     <span class='ocr_line' id='line_1_22' title="bbox 132 2682 3542 2760; baseline 0 -18"><span class='ocrx_word' id='word_1_276' title='bbox 132 2687 450 2760; x_wconf 88' lang='lat' dir='ltr'><strong>quisquam</strong></span> <span class='ocrx_word' id='word_1_277' title='bbox 465 2685 523 2740; x_wconf 89' lang='lat' dir='ltr'><strong>id</strong></span> <span class='ocrx_word' id='word_1_278' title='bbox 539 2684 777 2756; x_wconf 90' lang='lat' dir='ltr'><strong>assequi</strong></span> <span class='ocrx_word' id='word_1_279' title='bbox 794 2684 1088 2755; x_wconf 89' lang='lat' dir='ltr'><strong>potuisset</strong></span> <span class='ocrx_word' id='word_1_280' title='bbox 1102 2683 1330 2755; x_wconf 87' lang='lat' dir='ltr'><strong>absque</strong></span> <span class='ocrx_word' id='word_1_281' title='bbox 1348 2683 1525 2754; x_wconf 90' lang='lat' dir='ltr'><strong>longa</strong></span> <span class='ocrx_word' id='word_1_282' title='bbox 1541 2692 1594 2739; x_wconf 92' lang='lat' dir='ltr'><strong>et</strong></span> <span class='ocrx_word' id='word_1_283' title='bbox 1612 2699 1768 2754; x_wconf 71' lang='lat' dir='ltr'><strong>saepe</strong></span> <span class='ocrx_word' id='word_1_284' title='bbox 1784 2684 2028 2756; x_wconf 91' lang='lat' dir='ltr'><strong>repetita</strong></span> <span class='ocrx_word' id='word_1_285' title='bbox 2043 2682 2291 2739; x_wconf 90' lang='lat' dir='ltr'><strong>lectione</strong></span> <span class='ocrx_word' id='word_1_286' title='bbox 2305 2700 2371 2739; x_wconf 88' lang='lat' dir='ltr'><strong>ac</strong></span> <span class='ocrx_word' id='word_1_287' title='bbox 2392 2682 2949 2740; x_wconf 85' lang='lat' dir='ltr'><strong>meditatione.Nam</strong></span> <span class='ocrx_word' id='word_1_288' title='bbox 2968 2685 3238 2755; x_wconf 84' lang='lat' dir='ltr'><strong>ejusdem</strong></span> <span class='ocrx_word' id='word_1_289' title='bbox 3258 2688 3542 2758; x_wconf 90' lang='lat' dir='ltr'><strong>temporis</strong></span> 
     </span>
    </p>
   </div>
   <div class='ocr_carea' id='block_1_23' title="bbox 134 2772 3538 2846">
    <p class='ocr_par' dir='ltr' id='par_1_23' title="bbox 134 2772 3538 2846">
     <span class='ocr_line' id='line_1_23' title="bbox 134 2772 3538 2846; baseline -0 -15"><span class='ocrx_word' id='word_1_290' title='bbox 134 2784 182 2832; x_wconf 85' lang='lat' dir='ltr'><strong>et</strong></span> <span class='ocrx_word' id='word_1_291' title='bbox 199 2774 538 2846; x_wconf 89' lang='lat' dir='ltr'><strong>argumenti</strong></span> <span class='ocrx_word' id='word_1_292' title='bbox 562 2772 831 2844; x_wconf 73' lang='lat' dir='ltr'><strong>Epistolas</strong></span> <span class='ocrx_word' id='word_1_293' title='bbox 849 2788 952 2843; x_wconf 91' lang='lat' dir='ltr'><strong>per</strong></span> <span class='ocrx_word' id='word_1_294' title='bbox 978 2777 1167 2826; x_wconf 88' lang='lat' dir='ltr'><strong>totum</strong></span> <span class='ocrx_word' id='word_1_295' title='bbox 1197 2772 1564 2827; x_wconf 89' lang='lat' dir='ltr'><strong>collectionis</strong></span> <span class='ocrx_word' id='word_1_296' title='bbox 1586 2788 1803 2843; x_wconf 89' lang='lat' dir='ltr'><strong>corpus</strong></span> <span class='ocrx_word' id='word_1_297' title='bbox 1828 2773 1967 2828; x_wconf 88' lang='lat' dir='ltr'><strong>hinc</strong></span> <span class='ocrx_word' id='word_1_298' title='bbox 1988 2773 2128 2827; x_wconf 91' lang='lat' dir='ltr'><strong>inde</strong></span> <span class='ocrx_word' id='word_1_299' title='bbox 2153 2772 2439 2844; x_wconf 66' lang='lat' dir='ltr'><strong>dispersas</strong></span> <span class='ocrx_word' id='word_1_300' title='bbox 2470 2778 2657 2838; x_wconf 88' lang='lat' dir='ltr'><strong>erant,</strong></span> <span class='ocrx_word' id='word_1_301' title='bbox 2692 2777 2814 2828; x_wconf 91' lang='lat' dir='ltr'><strong>tum</strong></span> <span class='ocrx_word' id='word_1_302' title='bbox 2847 2773 3074 2844; x_wconf 84' lang='lat' dir='ltr'><strong>priores</strong></span> <span class='ocrx_word' id='word_1_303' title='bbox 3103 2776 3538 2846; x_wconf 90' lang='lat' dir='ltr'><strong>posterioribus</strong></span> 
     </span>
    </p>
   </div>
   <div class='ocr_carea' id='block_1_24' title="bbox 133 2860 3541 2937">
    <p class='ocr_par' dir='ltr' id='par_1_24' title="bbox 133 2860 3541 2937">
     <span class='ocr_line' id='line_1_24' title="bbox 133 2860 3541 2937; baseline 0 -18"><span class='ocrx_word' id='word_1_304' title='bbox 133 2865 469 2937; x_wconf 70' lang='lat' dir='ltr'><strong>postposita:</strong></span> <span class='ocrx_word' id='word_1_305' title='bbox 483 2863 611 2918; x_wconf 93' lang='lat' dir='ltr'><strong>etin</strong></span> <span class='ocrx_word' id='word_1_306' title='bbox 632 2861 813 2917; x_wconf 82' lang='lat' dir='ltr'><strong>tinem</strong></span> <span class='ocrx_word' id='word_1_307' title='bbox 837 2862 1068 2931; x_wconf 76' lang='lat' dir='ltr'><strong>rejectae</strong></span> <span class='ocrx_word' id='word_1_308' title='bbox 1084 2876 1100 2926; x_wconf 89' lang='lat'><strong>;</strong></span> <span class='ocrx_word' id='word_1_309' title='bbox 1117 2876 1187 2916; x_wconf 89' lang='lat' dir='ltr'><strong>ac</strong></span> <span class='ocrx_word' id='word_1_310' title='bbox 1199 2860 1465 2925; x_wconf 87' lang='lat' dir='ltr'><strong>demum,</strong></span> <span class='ocrx_word' id='word_1_311' title='bbox 1486 2877 1620 2932; x_wconf 64' lang='lat' dir='ltr'><strong>quae</strong></span> <span class='ocrx_word' id='word_1_312' title='bbox 1643 2861 2018 2916; x_wconf 87' lang='lat' dir='ltr'><strong>intoleranda</strong></span> <span class='ocrx_word' id='word_1_313' title='bbox 2040 2860 2316 2916; x_wconf 88' lang='lat' dir='ltr'><strong>confusio</strong></span> <span class='ocrx_word' id='word_1_314' title='bbox 2330 2867 2472 2926; x_wconf 87' lang='lat' dir='ltr'><strong>erat,</strong></span> <span class='ocrx_word' id='word_1_315' title='bbox 2494 2862 2805 2931; x_wconf 82' lang='lat' dir='ltr'><strong>Augustini</strong></span> <span class='ocrx_word' id='word_1_316' title='bbox 2823 2862 3541 2935; x_wconf 85' lang='lat' dir='ltr'><strong>rescriptaquamlongis-</strong></span> 
     </span>
    </p>
   </div>
   <div class='ocr_carea' id='block_1_25' title="bbox 92 2948 3542 3053">
    <p class='ocr_par' dir='ltr' id='par_1_25' title="bbox 92 2948 3542 3053">
     <span class='ocr_line' id='line_1_25' title="bbox 92 2948 3542 3053; baseline -0.001 -42"><span class='ocrx_word' id='word_1_317' title='bbox 92 3004 100 3053; x_wconf 58' lang='grc' dir='ltr'>ι</span> <span class='ocrx_word' id='word_1_318' title='bbox 131 2953 358 3011; x_wconf 80' lang='lat' dir='ltr'><strong>simeab</strong></span> <span class='ocrx_word' id='word_1_319' title='bbox 372 2949 756 3020; x_wconf 89' lang='lat' dir='ltr'><strong>interrogatis</strong></span> <span class='ocrx_word' id='word_1_320' title='bbox 770 2948 1131 3004; x_wconf 89' lang='lat' dir='ltr'><strong>etcousultis</strong></span> <span class='ocrx_word' id='word_1_321' title='bbox 1144 2963 1583 3020; x_wconf 88' lang='lat' dir='ltr'><strong>nonnunquam</strong></span> <span class='ocrx_word' id='word_1_322' title='bbox 1597 2950 1867 3005; x_wconf 85' lang='lat' dir='ltr'><strong>aberant:</strong></span> <span class='ocrx_word' id='word_1_323' title='bbox 1885 2949 2007 3005; x_wconf 90' lang='lat' dir='ltr'><strong>imo</strong></span> <span class='ocrx_word' id='word_1_324' title='bbox 2022 2950 2307 3018; x_wconf 89' lang='lat' dir='ltr'><strong>rescripta</strong></span> <span class='ocrx_word' id='word_1_325' title='bbox 2319 2949 2606 3005; x_wconf 88' lang='lat' dir='ltr'><strong>consultis</strong></span> <span class='ocrx_word' id='word_1_326' title='bbox 2620 2950 2797 3020; x_wconf 88' lang='lat' dir='ltr'><strong>longe</strong></span> <span class='ocrx_word' id='word_1_327' title='bbox 2811 2949 3294 3021; x_wconf 74' lang='lat' dir='ltr'><strong>praeferebantur;</strong></span> <span class='ocrx_word' id='word_1_328' title='bbox 3311 2953 3463 3008; x_wconf 84' lang='lat' dir='ltr'><strong>adeo</strong></span> <span class='ocrx_word' id='word_1_329' title='bbox 3478 2957 3542 3009; x_wconf 90' lang='lat' dir='ltr'><strong>ut</strong></span> 
     </span>
    </p>
   </div>
   <div class='ocr_carea' id='block_1_26' title="bbox 88 3036 3534 3113">
    <p class='ocr_par' dir='ltr' id='par_1_26' title="bbox 88 3036 3534 3113">
     <span class='ocr_line' id='line_1_26' title="bbox 88 3036 3534 3113; baseline -0.001 -14"><span class='ocrx_word' id='word_1_330' title='bbox 88 3036 100 3081; x_wconf 85' lang='lat'><strong>-&quot;</strong></span> <span class='ocrx_word' id='word_1_331' title='bbox 130 3042 319 3099; x_wconf 75' lang='lat' dir='ltr'><strong>Evodii</strong></span> <span class='ocrx_word' id='word_1_332' title='bbox 334 3058 389 3097; x_wconf 88' lang='lat' dir='ltr'><strong>v.</strong></span> <span class='ocrx_word' id='word_1_333' title='bbox 406 3055 471 3111; x_wconf 91' lang='lat' dir='ltr'><strong>g.</strong></span> <span class='ocrx_word' id='word_1_334' title='bbox 487 3038 851 3095; x_wconf 89' lang='lat' dir='ltr'><strong>consulentis</strong></span> <span class='ocrx_word' id='word_1_335' title='bbox 869 3036 1142 3109; x_wconf 71' lang='lat' dir='ltr'><strong>Epistolm</strong></span> <span class='ocrx_word' id='word_1_336' title='bbox 1156 3044 1291 3110; x_wconf 91' lang='lat' dir='ltr'><strong>post</strong></span> <span class='ocrx_word' id='word_1_337' title='bbox 1306 3038 1525 3093; x_wconf 88' lang='lat' dir='ltr'><strong>multas</strong></span> <span class='ocrx_word' id='word_1_338' title='bbox 1542 3039 1952 3111; x_wconf 80' lang='lat' dir='ltr'><strong>interjacentes</strong></span> <span class='ocrx_word' id='word_1_339' title='bbox 1970 3038 2261 3110; x_wconf 83' lang='lat' dir='ltr'><strong>Epistolas</strong></span> <span class='ocrx_word' id='word_1_340' title='bbox 2284 3037 2599 3108; x_wconf 85' lang='lat' dir='ltr'><strong>Augustini</strong></span> <span class='ocrx_word' id='word_1_341' title='bbox 2619 3055 2977 3109; x_wconf 90' lang='lat' dir='ltr'><strong>responsum</strong></span> <span class='ocrx_word' id='word_1_342' title='bbox 3002 3047 3534 3113; x_wconf 89' lang='lat' dir='ltr'><strong>consequerentur.</strong></span> 
     </span>
    </p>
   </div>
   <div class='ocr_carea' id='block_1_27' title="bbox 128 3125 3538 3205">
    <p class='ocr_par' dir='ltr' id='par_1_27' title="bbox 128 3125 3538 3205">
     <span class='ocr_line' id='line_1_27' title="bbox 128 3125 3538 3205; baseline -0.001 -17"><span class='ocrx_word' id='word_1_343' title='bbox 128 3132 503 3205; x_wconf 79' lang='lat' dir='ltr'><strong>Quapropter</strong></span> <span class='ocrx_word' id='word_1_344' title='bbox 522 3126 859 3200; x_wconf 89' lang='lat' dir='ltr'><strong>optandum</strong></span> <span class='ocrx_word' id='word_1_345' title='bbox 877 3131 1002 3183; x_wconf 90' lang='lat' dir='ltr'><strong>erat</strong></span> <span class='ocrx_word' id='word_1_346' title='bbox 1029 3130 1093 3182; x_wconf 90' lang='lat' dir='ltr'><strong>ut</strong></span> <span class='ocrx_word' id='word_1_347' title='bbox 1118 3125 1436 3197; x_wconf 79' lang='lat' dir='ltr'><strong>Augustini</strong></span> <span class='ocrx_word' id='word_1_348' title='bbox 1465 3127 1735 3199; x_wconf 70' lang='lat' dir='ltr'><strong>Epistolaa</strong></span> <span class='ocrx_word' id='word_1_349' title='bbox 1758 3127 1816 3182; x_wconf 93' lang='lat' dir='ltr'><strong>in</strong></span> <span class='ocrx_word' id='word_1_350' title='bbox 1834 3131 2062 3183; x_wconf 88' lang='lat' dir='ltr'><strong>rectum</strong></span> <span class='ocrx_word' id='word_1_351' title='bbox 2076 3127 2350 3182; x_wconf 89' lang='lat' dir='ltr'><strong>ordinem</strong></span> <span class='ocrx_word' id='word_1_352' title='bbox 2365 3142 2473 3198; x_wconf 93' lang='lat' dir='ltr'><strong>pro</strong></span> <span class='ocrx_word' id='word_1_353' title='bbox 2492 3132 2829 3197; x_wconf 89' lang='lat' dir='ltr'><strong>temporum</strong></span> <span class='ocrx_word' id='word_1_354' title='bbox 2862 3127 3088 3183; x_wconf 90' lang='lat' dir='ltr'><strong>ratione</strong></span> <span class='ocrx_word' id='word_1_355' title='bbox 3116 3130 3538 3197; x_wconf 87' lang='lat' dir='ltr'><strong>digererentur.</strong></span> 
     </span>
    </p>
   </div>
   <div class='ocr_carea' id='block_1_28' title="bbox 131 3215 3534 3292">
    <p class='ocr_par' dir='ltr' id='par_1_28' title="bbox 131 3215 3534 3292">
     <span class='ocr_line' id='line_1_28' title="bbox 131 3215 3534 3292; baseline -0.001 -16"><span class='ocrx_word' id='word_1_356' title='bbox 131 3221 288 3285; x_wconf 86' lang='lat' dir='ltr'><strong>Quod</strong></span> <span class='ocrx_word' id='word_1_357' title='bbox 300 3217 716 3292; x_wconf 83' lang='lat' dir='ltr'><strong>proculdubio</strong></span> <span class='ocrx_word' id='word_1_358' title='bbox 729 3223 1042 3271; x_wconf 87' lang='lat' dir='ltr'><strong>curaturus</strong></span> <span class='ocrx_word' id='word_1_359' title='bbox 1056 3215 1266 3271; x_wconf 85' lang='lat' dir='ltr'><strong>fuisset</strong></span> <span class='ocrx_word' id='word_1_360' title='bbox 1280 3220 1316 3271; x_wconf 89' lang='lat' dir='ltr'><strong>A</strong></span> <span class='ocrx_word' id='word_1_361' title='bbox 1330 3216 1518 3285; x_wconf 88' lang='lat' dir='ltr'><strong>ugusti</strong></span> <span class='ocrx_word' id='word_1_362' title='bbox 1530 3232 1562 3270; x_wconf 92' lang='lat' dir='ltr'><strong>n</strong></span> <span class='ocrx_word' id='word_1_363' title='bbox 1574 3233 1639 3270; x_wconf 90' lang='lat' dir='ltr'><strong>us</strong></span> <span class='ocrx_word' id='word_1_364' title='bbox 1653 3216 1665 3269; x_wconf 93' lang='lat' dir='ltr'>i</span> <span class='ocrx_word' id='word_1_365' title='bbox 1677 3216 1852 3287; x_wconf 86' lang='lat' dir='ltr'><strong>pse,si</strong></span> <span class='ocrx_word' id='word_1_366' title='bbox 1866 3231 2072 3271; x_wconf 90' lang='lat' dir='ltr'><strong>earum</strong></span> <span class='ocrx_word' id='word_1_367' title='bbox 2088 3216 2493 3270; x_wconf 90' lang='lat' dir='ltr'><strong>recensionem</strong></span> <span class='ocrx_word' id='word_1_368' title='bbox 2511 3231 2695 3287; x_wconf 89' lang='lat' dir='ltr'><strong>quam</strong></span> <span class='ocrx_word' id='word_1_369' title='bbox 2710 3218 3131 3287; x_wconf 89' lang='lat' dir='ltr'><strong>susceperat,ei</strong></span> <span class='ocrx_word' id='word_1_370' title='bbox 3146 3217 3454 3273; x_wconf 87' lang='lat' dir='ltr'><strong>absolvere</strong></span> <span class='ocrx_word' id='word_1_371' title='bbox 3468 3218 3534 3273; x_wconf 78' lang='lat' dir='ltr'><strong>li-</strong></span> 
     </span>
    </p>
   </div>
   <div class='ocr_carea' id='block_1_29' title="bbox 123 3304 3542 3379">
    <p class='ocr_par' dir='ltr' id='par_1_29' title="bbox 123 3304 3542 3379">
     <span class='ocr_line' id='line_1_29' title="bbox 123 3304 3542 3379; baseline -0.001 -14"><span class='ocrx_word' id='word_1_372' title='bbox 123 3314 350 3365; x_wconf 81' lang='lat' dir='ltr'><strong>coisset.</strong></span> <span class='ocrx_word' id='word_1_373' title='bbox 369 3308 607 3379; x_wconf 85' lang='lat' dir='ltr'><strong>Quippe</strong></span> <span class='ocrx_word' id='word_1_374' title='bbox 621 3307 681 3361; x_wconf 91' lang='lat' dir='ltr'><strong>in</strong></span> <span class='ocrx_word' id='word_1_375' title='bbox 697 3304 1199 3361; x_wconf 82' lang='lat' dir='ltr'><strong>Retractationum</strong></span> <span class='ocrx_word' id='word_1_376' title='bbox 1216 3321 1462 3361; x_wconf 88' lang='lat' dir='ltr'><strong>suarum</strong></span> <span class='ocrx_word' id='word_1_377' title='bbox 1476 3305 1768 3376; x_wconf 73' lang='lat' dir='ltr'><strong>prooemio</strong></span> <span class='ocrx_word' id='word_1_378' title='bbox 1781 3311 1986 3375; x_wconf 90' lang='lat' dir='ltr'><strong>optare</strong></span> <span class='ocrx_word' id='word_1_379' title='bbox 2004 3321 2066 3358; x_wconf 91' lang='lat' dir='ltr'><strong>se</strong></span> <span class='ocrx_word' id='word_1_380' title='bbox 2083 3311 2346 3369; x_wconf 89' lang='lat' dir='ltr'><strong>testatur,</strong></span> <span class='ocrx_word' id='word_1_381' title='bbox 2371 3311 2432 3359; x_wconf 94' lang='lat' dir='ltr'><strong>ut</strong></span> <span class='ocrx_word' id='word_1_382' title='bbox 2447 3320 2631 3375; x_wconf 90' lang='lat' dir='ltr'><strong>opera</strong></span> <span class='ocrx_word' id='word_1_383' title='bbox 2644 3321 2751 3359; x_wconf 91' lang='lat' dir='ltr'><strong>sua</strong></span> <span class='ocrx_word' id='word_1_384' title='bbox 2769 3320 2972 3376; x_wconf 92' lang='lat' dir='ltr'><strong>eoquo</strong></span> <span class='ocrx_word' id='word_1_385' title='bbox 2987 3306 3200 3377; x_wconf 90' lang='lat' dir='ltr'><strong>scripta</strong></span> <span class='ocrx_word' id='word_1_386' title='bbox 3223 3314 3361 3362; x_wconf 91' lang='lat' dir='ltr'><strong>sunt</strong></span> <span class='ocrx_word' id='word_1_387' title='bbox 3376 3307 3542 3363; x_wconf 87' lang='lat' dir='ltr'><strong>ordi-</strong></span> 
     </span>
    </p>
   </div>
   <div class='ocr_carea' id='block_1_30' title="bbox 123 3392 3537 3470">
    <p class='ocr_par' dir='ltr' id='par_1_30' title="bbox 123 3392 3537 3470">
     <span class='ocr_line' id='line_1_30' title="bbox 123 3392 3537 3470; baseline -0.001 -16"><span class='ocrx_word' id='word_1_388' title='bbox 123 3414 190 3454; x_wconf 90' lang='lat' dir='ltr'><strong>ne</strong></span> <span class='ocrx_word' id='word_1_389' title='bbox 214 3399 625 3470; x_wconf 89' lang='lat' dir='ltr'><strong>perlegantur,</strong></span> <span class='ocrx_word' id='word_1_390' title='bbox 645 3394 819 3466; x_wconf 88' lang='lat' dir='ltr'><strong>eique</strong></span> <span class='ocrx_word' id='word_1_391' title='bbox 839 3395 919 3448; x_wconf 91' lang='lat' dir='ltr'><strong>rei</strong></span> <span class='ocrx_word' id='word_1_392' title='bbox 939 3393 1217 3449; x_wconf 89' lang='lat' dir='ltr'><strong>daturum</strong></span> <span class='ocrx_word' id='word_1_393' title='bbox 1240 3409 1299 3447; x_wconf 91' lang='lat' dir='ltr'><strong>se</strong></span> <span class='ocrx_word' id='word_1_394' title='bbox 1322 3408 1590 3463; x_wconf 87' lang='lat' dir='ltr'><strong>operam,</strong></span> <span class='ocrx_word' id='word_1_395' title='bbox 1610 3410 1732 3466; x_wconf 92' lang='lat' dir='ltr'><strong>quo</strong></span> <span class='ocrx_word' id='word_1_396' title='bbox 1748 3393 1995 3449; x_wconf 90' lang='lat' dir='ltr'><strong>demum</strong></span> <span class='ocrx_word' id='word_1_397' title='bbox 2018 3392 2348 3465; x_wconf 89' lang='lat' dir='ltr'><strong>intelligant</strong></span> <span class='ocrx_word' id='word_1_398' title='bbox 2367 3392 2615 3448; x_wconf 89' lang='lat' dir='ltr'><strong>lectores</strong></span> <span class='ocrx_word' id='word_1_399' title='bbox 2634 3392 2887 3463; x_wconf 83' lang='lat' dir='ltr'><strong>quomodo</strong></span> <span class='ocrx_word' id='word_1_400' title='bbox 2910 3394 3186 3450; x_wconf 71' lang='lat' dir='ltr'><strong>scribendo</strong></span> <span class='ocrx_word' id='word_1_401' title='bbox 3223 3396 3537 3467; x_wconf 74' lang='lat' dir='ltr'><strong>profecerit.</strong></span> 
     </span>
    </p>
   </div>
   <div class='ocr_carea' id='block_1_31' title="bbox 183 3481 3542 3559">
    <p class='ocr_par' dir='ltr' id='par_1_31' title="bbox 183 3481 3542 3559">
     <span class='ocr_line' id='line_1_31' title="bbox 183 3481 3542 3559; baseline -0.001 -17"><span class='ocrx_word' id='word_1_402' title='bbox 183 3493 253 3542; x_wconf 85' lang='lat' dir='ltr'><strong>At</strong></span> <span class='ocrx_word' id='word_1_403' title='bbox 268 3486 604 3559; x_wconf 88' lang='lat' dir='ltr'><strong>quominus</strong></span> <span class='ocrx_word' id='word_1_404' title='bbox 618 3483 678 3537; x_wconf 91' lang='lat' dir='ltr'><strong>id</strong></span> <span class='ocrx_word' id='word_1_405' title='bbox 692 3489 1054 3538; x_wconf 87' lang='lat' dir='ltr'><strong>tentaremus</strong></span> <span class='ocrx_word' id='word_1_406' title='bbox 1068 3481 1512 3537; x_wconf 83' lang='lat' dir='ltr'><strong>intercedebant</strong></span> <span class='ocrx_word' id='word_1_407' title='bbox 1527 3482 1777 3538; x_wconf 71' lang='lat' dir='ltr'><strong>diversas</strong></span> <span class='ocrx_word' id='word_1_408' title='bbox 1792 3498 1883 3537; x_wconf 91' lang='lat' dir='ltr'><strong>res</strong></span> <span class='ocrx_word' id='word_1_409' title='bbox 1906 3499 1921 3549; x_wconf 89' lang='lat'><strong>;</strong></span> <span class='ocrx_word' id='word_1_410' title='bbox 1942 3497 2157 3553; x_wconf 91' lang='lat' dir='ltr'><strong>nempe</strong></span> <span class='ocrx_word' id='word_1_411' title='bbox 2174 3498 2316 3537; x_wconf 90' lang='lat' dir='ltr'><strong>usus</strong></span> <span class='ocrx_word' id='word_1_412' title='bbox 2332 3484 2709 3553; x_wconf 86' lang='lat' dir='ltr'><strong>superiorum</strong></span> <span class='ocrx_word' id='word_1_413' title='bbox 2728 3489 3064 3554; x_wconf 84' lang='lat' dir='ltr'><strong>temporum</strong></span> <span class='ocrx_word' id='word_1_414' title='bbox 3076 3526 3088 3550; x_wconf 95' lang='lat'><strong>,</strong></span> <span class='ocrx_word' id='word_1_415' title='bbox 3105 3492 3379 3557; x_wconf 90' lang='lat' dir='ltr'><strong>receptus</strong></span> <span class='ocrx_word' id='word_1_416' title='bbox 3394 3485 3542 3542; x_wconf 88' lang='lat' dir='ltr'><strong>ordo</strong></span> 
     </span>
    </p>
   </div>
   <div class='ocr_carea' id='block_1_32' title="bbox 117 3569 3545 3643">
    <p class='ocr_par' dir='ltr' id='par_1_32' title="bbox 117 3569 3545 3643">
     <span class='ocr_line' id='line_1_32' title="bbox 117 3569 3545 3643; baseline -0.001 -12"><span class='ocrx_word' id='word_1_417' title='bbox 117 3577 191 3631; x_wconf 84' lang='lat' dir='ltr'><strong>ab</strong></span> <span class='ocrx_word' id='word_1_418' title='bbox 204 3576 384 3631; x_wconf 86' lang='lat' dir='ltr'><strong>annis</strong></span> <span class='ocrx_word' id='word_1_419' title='bbox 397 3572 635 3628; x_wconf 87' lang='lat' dir='ltr'><strong>circiter</strong></span> <span class='ocrx_word' id='word_1_420' title='bbox 650 3578 889 3626; x_wconf 91' lang='lat' dir='ltr'><strong>centum</strong></span> <span class='ocrx_word' id='word_1_421' title='bbox 915 3569 1318 3641; x_wconf 87' lang='lat' dir='ltr'><strong>septuaginta,</strong></span> <span class='ocrx_word' id='word_1_422' title='bbox 1343 3572 1649 3626; x_wconf 92' lang='lat' dir='ltr'><strong>citationes</strong></span> <span class='ocrx_word' id='word_1_423' title='bbox 1667 3571 1918 3637; x_wconf 68' lang='lat' dir='ltr'><strong>usitatas,</strong></span> <span class='ocrx_word' id='word_1_424' title='bbox 1940 3586 2092 3643; x_wconf 90' lang='lat' dir='ltr'><strong>quas</strong></span> <span class='ocrx_word' id='word_1_425' title='bbox 2112 3570 2355 3637; x_wconf 88' lang='lat' dir='ltr'><strong>violare,</strong></span> <span class='ocrx_word' id='word_1_426' title='bbox 2372 3576 2475 3627; x_wconf 91' lang='lat' dir='ltr'><strong>aut</strong></span> <span class='ocrx_word' id='word_1_427' title='bbox 2496 3570 2745 3626; x_wconf 90' lang='lat' dir='ltr'><strong>demum</strong></span> <span class='ocrx_word' id='word_1_428' title='bbox 2771 3579 3097 3642; x_wconf 89' lang='lat' dir='ltr'><strong>pervertere</strong></span> <span class='ocrx_word' id='word_1_429' title='bbox 3122 3573 3289 3629; x_wconf 85' lang='lat' dir='ltr'><strong>nefas</strong></span> <span class='ocrx_word' id='word_1_430' title='bbox 3307 3590 3438 3629; x_wconf 86' lang='lat' dir='ltr'><strong>esse</strong></span> <span class='ocrx_word' id='word_1_431' title='bbox 3466 3575 3545 3630; x_wconf 89' lang='lat' dir='ltr'><strong>vi-</strong></span> 
     </span>
    </p>
   </div>
   <div class='ocr_carea' id='block_1_33' title="bbox 118 3658 3535 3729">
    <p class='ocr_par' dir='ltr' id='par_1_33' title="bbox 118 3658 3535 3729">
     <span class='ocr_line' id='line_1_33' title="bbox 118 3658 3535 3729; baseline 0 -10"><span class='ocrx_word' id='word_1_432' title='bbox 118 3664 392 3727; x_wconf 90' lang='lat' dir='ltr'><strong>debatur,</strong></span> <span class='ocrx_word' id='word_1_433' title='bbox 406 3678 485 3717; x_wconf 92' lang='lat' dir='ltr'><strong>ne</strong></span> <span class='ocrx_word' id='word_1_434' title='bbox 504 3662 752 3715; x_wconf 89' lang='lat' dir='ltr'><strong>mutatio</strong></span> <span class='ocrx_word' id='word_1_435' title='bbox 766 3660 891 3714; x_wconf 73' lang='lat' dir='ltr'><strong>hmc</strong></span> <span class='ocrx_word' id='word_1_436' title='bbox 910 3658 1236 3729; x_wconf 90' lang='lat' dir='ltr'><strong>plurimum</strong></span> <span class='ocrx_word' id='word_1_437' title='bbox 1255 3659 1473 3729; x_wconf 92' lang='lat' dir='ltr'><strong>negotii</strong></span> <span class='ocrx_word' id='word_1_438' title='bbox 1488 3659 1772 3716; x_wconf 91' lang='lat' dir='ltr'><strong>studiosis</strong></span> <span class='ocrx_word' id='word_1_439' title='bbox 1786 3658 2119 3716; x_wconf 87' lang='lat' dir='ltr'><strong>facesseret.</strong></span> <span class='ocrx_word' id='word_1_440' title='bbox 2141 3659 2226 3715; x_wconf 92' lang='lat' dir='ltr'><strong>Ad</strong></span> <span class='ocrx_word' id='word_1_441' title='bbox 2243 3659 2370 3715; x_wconf 66' lang='lat' dir='ltr'><strong>haec</strong></span> <span class='ocrx_word' id='word_1_442' title='bbox 2384 3675 2505 3716; x_wconf 94' lang='lat' dir='ltr'><strong>non</strong></span> <span class='ocrx_word' id='word_1_443' title='bbox 2521 3660 3074 3717; x_wconf 82' lang='lat' dir='ltr'><strong>levesditﬂcultates</strong></span> <span class='ocrx_word' id='word_1_444' title='bbox 3089 3662 3149 3716; x_wconf 91' lang='lat' dir='ltr'><strong>in</strong></span> <span class='ocrx_word' id='word_1_445' title='bbox 3167 3663 3535 3720; x_wconf 81' lang='lat' dir='ltr'><strong>constituen-</strong></span> 
     </span>
    </p>
   </div>
   <div class='ocr_carea' id='block_1_34' title="bbox 74 3748 3539 3825">
    <p class='ocr_par' dir='ltr' id='par_1_34' title="bbox 74 3748 3539 3825">
     <span class='ocr_line' id='line_1_34' title="bbox 74 3748 3539 3825; baseline -0.001 -16"><span class='ocrx_word' id='word_1_446' title='bbox 74 3774 75 3779; x_wconf 47' lang='grc' dir='ltr'><strong>η</strong></span> <span class='ocrx_word' id='word_1_447' title='bbox 116 3754 191 3809; x_wconf 93' lang='lat' dir='ltr'><strong>do</strong></span> <span class='ocrx_word' id='word_1_448' title='bbox 206 3749 852 3825; x_wconf 84' lang='lat' dir='ltr'><strong>Epistolarumordiue,</strong></span> <span class='ocrx_word' id='word_1_449' title='bbox 868 3748 1265 3819; x_wconf 89' lang='lat' dir='ltr'><strong>quiomnibus</strong></span> <span class='ocrx_word' id='word_1_450' title='bbox 1280 3750 1597 3819; x_wconf 89' lang='lat' dir='ltr'><strong>probetur;</strong></span> <span class='ocrx_word' id='word_1_451' title='bbox 1619 3764 1751 3804; x_wconf 91' lang='lat' dir='ltr'><strong>cum</strong></span> <span class='ocrx_word' id='word_1_452' title='bbox 1769 3748 1839 3803; x_wconf 89' lang='lat' dir='ltr'><strong>de</strong></span> <span class='ocrx_word' id='word_1_453' title='bbox 1856 3748 2284 3805; x_wconf 89' lang='lat' dir='ltr'><strong>nonnullarum</strong></span> <span class='ocrx_word' id='word_1_454' title='bbox 2304 3754 2474 3805; x_wconf 70' lang='lat' dir='ltr'><strong>astate</strong></span> <span class='ocrx_word' id='word_1_455' title='bbox 2497 3748 2803 3820; x_wconf 85' lang='lat' dir='ltr'><strong>disputent</strong></span> <span class='ocrx_word' id='word_1_456' title='bbox 2818 3750 3050 3805; x_wconf 88' lang='lat' dir='ltr'><strong>eruditi.</strong></span> <span class='ocrx_word' id='word_1_457' title='bbox 3076 3753 3263 3823; x_wconf 83' lang='lat' dir='ltr'><strong>Atque</strong></span> <span class='ocrx_word' id='word_1_458' title='bbox 3280 3752 3405 3807; x_wconf 72' lang='lat' dir='ltr'><strong>haac</strong></span> <span class='ocrx_word' id='word_1_459' title='bbox 3432 3768 3539 3824; x_wconf 89' lang='lat' dir='ltr'><strong>po-</strong></span> 
     </span>
    </p>
   </div>
   <div class='ocr_carea' id='block_1_35' title="bbox 69 3835 3542 3910">
    <p class='ocr_par' dir='ltr' id='par_1_35' title="bbox 69 3835 3542 3910">
     <span class='ocr_line' id='line_1_35' title="bbox 69 3835 3542 3910; baseline 0.001 -19"><span class='ocrx_word' id='word_1_460' title='bbox 69 3874 75 3891; x_wconf 89' lang='lat'><strong>.</strong></span> <span class='ocrx_word' id='word_1_461' title='bbox 119 3843 423 3897; x_wconf 84' lang='lat' dir='ltr'><strong>tissimum</strong></span> <span class='ocrx_word' id='word_1_462' title='bbox 469 3855 579 3894; x_wconf 92' lang='lat' dir='ltr'><strong>nos</strong></span> <span class='ocrx_word' id='word_1_463' title='bbox 620 3838 772 3893; x_wconf 89' lang='lat' dir='ltr'><strong>ratio</strong></span> <span class='ocrx_word' id='word_1_464' title='bbox 812 3835 1449 3909; x_wconf 89' lang='lat' dir='ltr'><strong>morabatur;quippe</strong></span> <span class='ocrx_word' id='word_1_465' title='bbox 1484 3838 1587 3909; x_wconf 91' lang='lat' dir='ltr'><strong>qui</strong></span> <span class='ocrx_word' id='word_1_466' title='bbox 1625 3838 1685 3892; x_wconf 93' lang='lat' dir='ltr'><strong>id</strong></span> <span class='ocrx_word' id='word_1_467' title='bbox 1720 3838 2019 3910; x_wconf 71' lang='lat' dir='ltr'><strong>praecipue</strong></span> <span class='ocrx_word' id='word_1_468' title='bbox 2048 3838 2107 3892; x_wconf 92' lang='lat' dir='ltr'><strong>in</strong></span> <span class='ocrx_word' id='word_1_469' title='bbox 2146 3838 2419 3893; x_wconf 90' lang='lat' dir='ltr'><strong>animum</strong></span> <span class='ocrx_word' id='word_1_470' title='bbox 2460 3835 2830 3901; x_wconf 85' lang='lat' dir='ltr'><strong>induximus,</strong></span> <span class='ocrx_word' id='word_1_471' title='bbox 2863 3837 2977 3892; x_wconf 93' lang='lat' dir='ltr'><strong>hoc</strong></span> <span class='ocrx_word' id='word_1_472' title='bbox 3018 3838 3075 3892; x_wconf 91' lang='lat' dir='ltr'><strong>in</strong></span> <span class='ocrx_word' id='word_1_473' title='bbox 3105 3838 3309 3894; x_wconf 87' lang='lat' dir='ltr'><strong>labore</strong></span> <span class='ocrx_word' id='word_1_474' title='bbox 3334 3844 3542 3895; x_wconf 90' lang='lat' dir='ltr'><strong>nostro</strong></span> 
     </span>
    </p>
   </div>
   <div class='ocr_carea' id='block_1_36' title="bbox 116 3924 3542 3996">
    <p class='ocr_par' dir='ltr' id='par_1_36' title="bbox 116 3924 3542 3996">
     <span class='ocr_line' id='line_1_36' title="bbox 116 3924 3542 3996; baseline -0.002 -8"><span class='ocrx_word' id='word_1_475' title='bbox 116 3938 475 3987; x_wconf 86' lang='lat' dir='ltr'><strong>neutrorum</strong></span> <span class='ocrx_word' id='word_1_476' title='bbox 492 3928 801 3983; x_wconf 60' lang='lat' dir='ltr'><strong>sententia</strong></span> <span class='ocrx_word' id='word_1_477' title='bbox 825 3932 1041 3982; x_wconf 89' lang='lat' dir='ltr'><strong>temere</strong></span> <span class='ocrx_word' id='word_1_478' title='bbox 1059 3926 1362 3982; x_wconf 91' lang='lat' dir='ltr'><strong>adversari</strong></span> <span class='ocrx_word' id='word_1_479' title='bbox 1387 3932 1490 3983; x_wconf 90' lang='lat' dir='ltr'><strong>aut</strong></span> <span class='ocrx_word' id='word_1_480' title='bbox 1520 3925 1738 3982; x_wconf 88' lang='lat' dir='ltr'><strong>favere.</strong></span> <span class='ocrx_word' id='word_1_481' title='bbox 1777 3926 1909 3982; x_wconf 66' lang='lat' dir='ltr'><strong>Haec</strong></span> <span class='ocrx_word' id='word_1_482' title='bbox 1929 3941 2070 3995; x_wconf 87' lang='lat' dir='ltr'><strong>ergo</strong></span> <span class='ocrx_word' id='word_1_483' title='bbox 2091 3929 2396 3981; x_wconf 90' lang='lat' dir='ltr'><strong>momenta</strong></span> <span class='ocrx_word' id='word_1_484' title='bbox 2412 3941 2447 3981; x_wconf 92' lang='lat' dir='ltr'><strong>a</strong></span> <span class='ocrx_word' id='word_1_485' title='bbox 2470 3924 2761 3980; x_wconf 91' lang='lat' dir='ltr'><strong>mutando</strong></span> <span class='ocrx_word' id='word_1_486' title='bbox 2784 3925 3180 3996; x_wconf 86' lang='lat' dir='ltr'><strong>Epistolarum</strong></span> <span class='ocrx_word' id='word_1_487' title='bbox 3200 3926 3407 3983; x_wconf 90' lang='lat' dir='ltr'><strong>ordine</strong></span> <span class='ocrx_word' id='word_1_488' title='bbox 3430 3944 3542 3983; x_wconf 92' lang='lat' dir='ltr'><strong>nos</strong></span> 
     </span>
    </p>
   </div>
   <div class='ocr_carea' id='block_1_37' title="bbox 114 4012 2905 4087">
    <p class='ocr_par' dir='ltr' id='par_1_37' title="bbox 114 4012 2905 4087">
     <span class='ocr_line' id='line_1_37' title="bbox 114 4012 2905 4087; baseline -0.002 -11"><span class='ocrx_word' id='word_1_489' title='bbox 114 4019 525 4083; x_wconf 86' lang='lat' dir='ltr'><strong>deterrebant,</strong></span> <span class='ocrx_word' id='word_1_490' title='bbox 551 4032 662 4072; x_wconf 91' lang='lat' dir='ltr'><strong>nec</strong></span> <span class='ocrx_word' id='word_1_491' title='bbox 684 4016 851 4071; x_wconf 88' lang='lat' dir='ltr'><strong>facile</strong></span> <span class='ocrx_word' id='word_1_492' title='bbox 872 4015 926 4070; x_wconf 91' lang='lat' dir='ltr'><strong>id</strong></span> <span class='ocrx_word' id='word_1_493' title='bbox 950 4032 985 4071; x_wconf 90' lang='lat' dir='ltr'><strong>a</strong></span> <span class='ocrx_word' id='word_1_494' title='bbox 1012 4017 1178 4071; x_wconf 89' lang='lat' dir='ltr'><strong>nobis</strong></span> <span class='ocrx_word' id='word_1_495' title='bbox 1203 4021 1409 4071; x_wconf 91' lang='lat' dir='ltr'><strong>contra</strong></span> <span class='ocrx_word' id='word_1_496' title='bbox 1433 4016 1766 4087; x_wconf 89' lang='lat' dir='ltr'><strong>superiores</strong></span> <span class='ocrx_word' id='word_1_497' title='bbox 1788 4015 2079 4071; x_wconf 87' lang='lat' dir='ltr'><strong>editiones</strong></span> <span class='ocrx_word' id='word_1_498' title='bbox 2106 4014 2552 4087; x_wconf 87' lang='lat' dir='ltr'><strong>suscipiendum</strong></span> <span class='ocrx_word' id='word_1_499' title='bbox 2570 4012 2905 4070; x_wconf 90' lang='lat' dir='ltr'><strong>videbatur.</strong></span> 
     </span>
    </p>
   </div>
   <div class='ocr_carea' id='block_1_38' title="bbox 186 4102 3543 4175">
    <p class='ocr_par' dir='ltr' id='par_1_38' title="bbox 186 4102 3543 4175">
     <span class='ocr_line' id='line_1_38' title="bbox 186 4102 3543 4175; baseline -0 -13"><span class='ocrx_word' id='word_1_500' title='bbox 186 4110 274 4162; x_wconf 81' lang='lat' dir='ltr'><strong>Ex</strong></span> <span class='ocrx_word' id='word_1_501' title='bbox 290 4106 545 4161; x_wconf 86' lang='lat' dir='ltr'><strong>adverso</strong></span> <span class='ocrx_word' id='word_1_502' title='bbox 562 4110 763 4160; x_wconf 88' lang='lat' dir='ltr'><strong>tamen</strong></span> <span class='ocrx_word' id='word_1_503' title='bbox 782 4104 942 4159; x_wconf 89' lang='lat' dir='ltr'><strong>aliud</strong></span> <span class='ocrx_word' id='word_1_504' title='bbox 961 4104 1287 4160; x_wconf 87' lang='lat' dir='ltr'><strong>suadebant</strong></span> <span class='ocrx_word' id='word_1_505' title='bbox 1302 4119 1423 4159; x_wconf 92' lang='lat' dir='ltr'><strong>non</strong></span> <span class='ocrx_word' id='word_1_506' title='bbox 1445 4109 1675 4159; x_wconf 89' lang='lat' dir='ltr'><strong>tantum</strong></span> <span class='ocrx_word' id='word_1_507' title='bbox 1690 4104 1814 4158; x_wconf 90' lang='lat' dir='ltr'><strong>vari</strong></span> <span class='ocrx_word' id='word_1_508' title='bbox 1823 4103 2237 4159; x_wconf 88' lang='lat' dir='ltr'><strong>aeruditorum</strong></span> <span class='ocrx_word' id='word_1_509' title='bbox 2251 4103 2527 4175; x_wconf 84' lang='lat' dir='ltr'><strong>exempla</strong></span> <span class='ocrx_word' id='word_1_510' title='bbox 2549 4104 2609 4158; x_wconf 92' lang='lat' dir='ltr'><strong>in</strong></span> <span class='ocrx_word' id='word_1_511' title='bbox 2629 4102 2903 4174; x_wconf 85' lang='lat' dir='ltr'><strong>Epistolis</strong></span> <span class='ocrx_word' id='word_1_512' title='bbox 2919 4103 2975 4159; x_wconf 92' lang='lat' dir='ltr'><strong>S.</strong></span> <span class='ocrx_word' id='word_1_513' title='bbox 3001 4104 3301 4175; x_wconf 90' lang='lat' dir='ltr'><strong>Cypriani,</strong></span> <span class='ocrx_word' id='word_1_514' title='bbox 3325 4106 3379 4160; x_wconf 94' lang='lat' dir='ltr'><strong>S.</strong></span> <span class='ocrx_word' id='word_1_515' title='bbox 3399 4104 3543 4161; x_wconf 88' lang='lat' dir='ltr'><strong>Leo-</strong></span> 
     </span>
    </p>
   </div>
   <div class='ocr_carea' id='block_1_39' title="bbox 108 4192 3542 4265">
    <p class='ocr_par' dir='ltr' id='par_1_39' title="bbox 108 4192 3542 4265">
     <span class='ocr_line' id='line_1_39' title="bbox 108 4192 3542 4265; baseline -0 -13"><span class='ocrx_word' id='word_1_516' title='bbox 108 4198 226 4262; x_wconf 89' lang='lat' dir='ltr'><strong>nis,</strong></span> <span class='ocrx_word' id='word_1_517' title='bbox 253 4202 398 4261; x_wconf 91' lang='lat' dir='ltr'><strong>etc.,</strong></span> <span class='ocrx_word' id='word_1_518' title='bbox 416 4195 518 4249; x_wconf 91' lang='lat' dir='ltr'><strong>sed</strong></span> <span class='ocrx_word' id='word_1_519' title='bbox 534 4194 712 4248; x_wconf 89' lang='lat' dir='ltr'><strong>etiam</strong></span> <span class='ocrx_word' id='word_1_520' title='bbox 738 4193 999 4248; x_wconf 88' lang='lat' dir='ltr'><strong>virorum</strong></span> <span class='ocrx_word' id='word_1_521' title='bbox 1023 4208 1144 4249; x_wconf 92' lang='lat' dir='ltr'><strong>non</strong></span> <span class='ocrx_word' id='word_1_522' title='bbox 1164 4193 1362 4248; x_wconf 89' lang='lat' dir='ltr'><strong>minus</strong></span> <span class='ocrx_word' id='word_1_523' title='bbox 1386 4193 1629 4249; x_wconf 88' lang='lat' dir='ltr'><strong>scientia</strong></span> <span class='ocrx_word' id='word_1_524' title='bbox 1645 4208 1830 4264; x_wconf 86' lang='lat' dir='ltr'><strong>quam</strong></span> <span class='ocrx_word' id='word_1_525' title='bbox 1853 4192 2143 4262; x_wconf 88' lang='lat' dir='ltr'><strong>dignitate</strong></span> <span class='ocrx_word' id='word_1_526' title='bbox 2158 4192 2567 4264; x_wconf 72' lang='lat' dir='ltr'><strong>praestantium</strong></span> <span class='ocrx_word' id='word_1_527' title='bbox 2591 4193 2934 4258; x_wconf 90' lang='lat' dir='ltr'><strong>auctoritas,</strong></span> <span class='ocrx_word' id='word_1_528' title='bbox 2957 4194 3059 4265; x_wconf 86' lang='lat' dir='ltr'><strong>qui</strong></span> <span class='ocrx_word' id='word_1_529' title='bbox 3083 4195 3406 4264; x_wconf 87' lang='lat' dir='ltr'><strong>posteritati</strong></span> <span class='ocrx_word' id='word_1_530' title='bbox 3429 4195 3542 4251; x_wconf 88' lang='lat' dir='ltr'><strong>hac</strong></span> 
     </span>
    </p>
   </div>
   <div class='ocr_carea' id='block_1_40' title="bbox 106 4280 3546 4351">
    <p class='ocr_par' dir='ltr' id='par_1_40' title="bbox 106 4280 3546 4351">
     <span class='ocr_line' id='line_1_40' title="bbox 106 4280 3546 4351; baseline -0.001 -10"><span class='ocrx_word' id='word_1_531' title='bbox 106 4302 266 4341; x_wconf 84' lang='lat' dir='ltr'><strong>nova</strong></span> <span class='ocrx_word' id='word_1_532' title='bbox 279 4284 551 4340; x_wconf 89' lang='lat' dir='ltr'><strong>editione</strong></span> <span class='ocrx_word' id='word_1_533' title='bbox 565 4281 905 4338; x_wconf 91' lang='lat' dir='ltr'><strong>consultum</strong></span> <span class='ocrx_word' id='word_1_534' title='bbox 919 4283 1213 4338; x_wconf 89' lang='lat' dir='ltr'><strong>volebant.</strong></span> <span class='ocrx_word' id='word_1_535' title='bbox 1236 4281 1333 4337; x_wconf 86' lang='lat' dir='ltr'><strong>His</strong></span> <span class='ocrx_word' id='word_1_536' title='bbox 1351 4280 1598 4337; x_wconf 90' lang='lat' dir='ltr'><strong>omnino</strong></span> <span class='ocrx_word' id='word_1_537' title='bbox 1612 4281 1900 4351; x_wconf 86' lang='lat' dir='ltr'><strong>exemplis</strong></span> <span class='ocrx_word' id='word_1_538' title='bbox 1921 4285 1977 4336; x_wconf 89' lang='lat' dir='ltr'><strong>et</strong></span> <span class='ocrx_word' id='word_1_539' title='bbox 1991 4280 2446 4336; x_wconf 90' lang='lat' dir='ltr'><strong>auctoritatibus</strong></span> <span class='ocrx_word' id='word_1_540' title='bbox 2463 4280 2725 4346; x_wconf 88' lang='lat' dir='ltr'><strong>adducti,</strong></span> <span class='ocrx_word' id='word_1_541' title='bbox 2744 4282 2984 4337; x_wconf 89' lang='lat' dir='ltr'><strong>tandem</strong></span> <span class='ocrx_word' id='word_1_542' title='bbox 3005 4282 3449 4351; x_wconf 88' lang='lat' dir='ltr'><strong>consensimus,</strong></span> <span class='ocrx_word' id='word_1_543' title='bbox 3478 4288 3546 4339; x_wconf 88' lang='lat' dir='ltr'><strong>ut</strong></span> 
     </span>
    </p>
   </div>
   <div class='ocr_carea' id='block_1_41' title="bbox 104 4369 3544 4443">
    <p class='ocr_par' dir='ltr' id='par_1_41' title="bbox 104 4369 3544 4443">
     <span class='ocr_line' id='line_1_41' title="bbox 104 4369 3544 4443; baseline -0.001 -15"><span class='ocrx_word' id='word_1_544' title='bbox 104 4374 435 4443; x_wconf 82' lang='lat' dir='ltr'><strong>Augustini</strong></span> <span class='ocrx_word' id='word_1_545' title='bbox 459 4370 730 4441; x_wconf 66' lang='lat' dir='ltr'><strong>Epistolas</strong></span> <span class='ocrx_word' id='word_1_546' title='bbox 750 4370 825 4426; x_wconf 91' lang='lat' dir='ltr'><strong>ad</strong></span> <span class='ocrx_word' id='word_1_547' title='bbox 841 4386 1140 4426; x_wconf 91' lang='lat' dir='ltr'><strong>annorum</strong></span> <span class='ocrx_word' id='word_1_548' title='bbox 1155 4371 1389 4435; x_wconf 90' lang='lat' dir='ltr'><strong>seriem,</strong></span> <span class='ocrx_word' id='word_1_549' title='bbox 1414 4369 1617 4441; x_wconf 91' lang='lat' dir='ltr'><strong>quoad</strong></span> <span class='ocrx_word' id='word_1_550' title='bbox 1632 4369 1754 4424; x_wconf 86' lang='lat' dir='ltr'><strong>ﬁeri</strong></span> <span class='ocrx_word' id='word_1_551' title='bbox 1770 4374 1988 4440; x_wconf 92' lang='lat' dir='ltr'><strong>posset,</strong></span> <span class='ocrx_word' id='word_1_552' title='bbox 2013 4374 2355 4425; x_wconf 89' lang='lat' dir='ltr'><strong>accuratam</strong></span> <span class='ocrx_word' id='word_1_553' title='bbox 2379 4384 2816 4424; x_wconf 89' lang='lat' dir='ltr'><strong>revocaremus.</strong></span> <span class='ocrx_word' id='word_1_554' title='bbox 2843 4372 2900 4425; x_wconf 87' lang='lat' dir='ltr'><strong>Et</strong></span> <span class='ocrx_word' id='word_1_555' title='bbox 2923 4385 2994 4424; x_wconf 94' lang='lat' dir='ltr'><strong>ne</strong></span> <span class='ocrx_word' id='word_1_556' title='bbox 3008 4369 3121 4425; x_wconf 88' lang='lat' dir='ltr'><strong>levi</strong></span> <span class='ocrx_word' id='word_1_557' title='bbox 3146 4369 3544 4427; x_wconf 90' lang='lat' dir='ltr'><strong>fundamento</strong></span> 
     </span>
    </p>
   </div>
   <div class='ocr_carea' id='block_1_42' title="bbox 96 4457 3541 4529">
    <p class='ocr_par' dir='ltr' id='par_1_42' title="bbox 96 4457 3541 4529">
     <span class='ocr_line' id='line_1_42' title="bbox 96 4457 3541 4529; baseline -0.001 -11"><span class='ocrx_word' id='word_1_558' title='bbox 96 4464 259 4518; x_wconf 85' lang='lat' dir='ltr'><strong>hanc</strong></span> <span class='ocrx_word' id='word_1_559' title='bbox 286 4462 512 4517; x_wconf 88' lang='lat' dir='ltr'><strong>seriem</strong></span> <span class='ocrx_word' id='word_1_560' title='bbox 531 4460 881 4529; x_wconf 87' lang='lat' dir='ltr'><strong>designasse</strong></span> <span class='ocrx_word' id='word_1_561' title='bbox 906 4459 1238 4522; x_wconf 84' lang='lat' dir='ltr'><strong>videamur,</strong></span> <span class='ocrx_word' id='word_1_562' title='bbox 1260 4474 1378 4514; x_wconf 90' lang='lat' dir='ltr'><strong>non</strong></span> <span class='ocrx_word' id='word_1_563' title='bbox 1404 4458 1585 4513; x_wconf 88' lang='lat' dir='ltr'><strong>modo</strong></span> <span class='ocrx_word' id='word_1_564' title='bbox 1612 4458 1851 4523; x_wconf 89' lang='lat' dir='ltr'><strong>nostris,</strong></span> <span class='ocrx_word' id='word_1_565' title='bbox 1876 4457 1979 4513; x_wconf 92' lang='lat' dir='ltr'><strong>sed</strong></span> <span class='ocrx_word' id='word_1_566' title='bbox 2001 4458 2180 4513; x_wconf 90' lang='lat' dir='ltr'><strong>etiam</strong></span> <span class='ocrx_word' id='word_1_567' title='bbox 2200 4457 2409 4513; x_wconf 90' lang='lat' dir='ltr'><strong>alienis</strong></span> <span class='ocrx_word' id='word_1_568' title='bbox 2441 4474 2576 4513; x_wconf 89' lang='lat' dir='ltr'><strong>eam</strong></span> <span class='ocrx_word' id='word_1_569' title='bbox 2599 4457 2809 4513; x_wconf 91' lang='lat' dir='ltr'><strong>studiis</strong></span> <span class='ocrx_word' id='word_1_570' title='bbox 2827 4465 2883 4513; x_wconf 90' lang='lat' dir='ltr'><strong>et</strong></span> <span class='ocrx_word' id='word_1_571' title='bbox 2900 4459 3161 4514; x_wconf 87' lang='lat' dir='ltr'><strong>consiliis</strong></span> <span class='ocrx_word' id='word_1_572' title='bbox 3181 4458 3541 4529; x_wconf 90' lang='lat' dir='ltr'><strong>investigare</strong></span> 
     </span>
    </p>
   </div>
   <div class='ocr_carea' id='block_1_43' title="bbox 94 4546 3540 4621">
    <p class='ocr_par' dir='ltr' id='par_1_43' title="bbox 94 4546 3540 4621">
     <span class='ocr_line' id='line_1_43' title="bbox 94 4546 3540 4621; baseline -0 -16"><span class='ocrx_word' id='word_1_573' title='bbox 94 4553 467 4621; x_wconf 82' lang='lat' dir='ltr'><strong>sategimus.</strong></span> <span class='ocrx_word' id='word_1_574' title='bbox 502 4551 847 4605; x_wconf 80' lang='lat' dir='ltr'><strong>Nostrarum</strong></span> <span class='ocrx_word' id='word_1_575' title='bbox 873 4548 1029 4603; x_wconf 92' lang='lat' dir='ltr'><strong>hanc</strong></span> <span class='ocrx_word' id='word_1_576' title='bbox 1055 4547 1114 4602; x_wconf 93' lang='lat' dir='ltr'><strong>in</strong></span> <span class='ocrx_word' id='word_1_577' title='bbox 1142 4563 1265 4603; x_wconf 93' lang='lat' dir='ltr'><strong>rem</strong></span> <span class='ocrx_word' id='word_1_578' title='bbox 1287 4551 1591 4603; x_wconf 89' lang='lat' dir='ltr'><strong>momenta</strong></span> <span class='ocrx_word' id='word_1_579' title='bbox 1608 4546 1925 4611; x_wconf 89' lang='lat' dir='ltr'><strong>rationum,</strong></span> <span class='ocrx_word' id='word_1_580' title='bbox 1962 4546 2182 4618; x_wconf 89' lang='lat' dir='ltr'><strong>quibus</strong></span> <span class='ocrx_word' id='word_1_581' title='bbox 2204 4546 2475 4602; x_wconf 91' lang='lat' dir='ltr'><strong>ordinem</strong></span> <span class='ocrx_word' id='word_1_582' title='bbox 2504 4563 2539 4602; x_wconf 92' lang='lat' dir='ltr'><strong>a</strong></span> <span class='ocrx_word' id='word_1_583' title='bbox 2566 4546 2741 4602; x_wconf 90' lang='lat' dir='ltr'><strong>nobis</strong></span> <span class='ocrx_word' id='word_1_584' title='bbox 2769 4549 3153 4603; x_wconf 91' lang='lat' dir='ltr'><strong>constitutum</strong></span> <span class='ocrx_word' id='word_1_585' title='bbox 3185 4549 3540 4619; x_wconf 86' lang='lat' dir='ltr'><strong>comproba-</strong></span> 
     </span>
    </p>
   </div>
   <div class='ocr_carea' id='block_1_44' title="bbox 94 4634 3542 4711">
    <p class='ocr_par' dir='ltr' id='par_1_44' title="bbox 94 4634 3542 4711">
     <span class='ocr_line' id='line_1_44' title="bbox 94 4634 3542 4711; baseline -0.001 -16"><span class='ocrx_word' id='word_1_586' title='bbox 94 4658 257 4704; x_wconf 89' lang='lat' dir='ltr'><strong>mus,</strong></span> <span class='ocrx_word' id='word_1_587' title='bbox 292 4637 490 4711; x_wconf 85' lang='lat' dir='ltr'><strong>paulo</strong></span> <span class='ocrx_word' id='word_1_588' title='bbox 514 4637 759 4693; x_wconf 87' lang='lat' dir='ltr'><strong>inferius</strong></span> <span class='ocrx_word' id='word_1_589' title='bbox 790 4636 1167 4708; x_wconf 87' lang='lat' dir='ltr'><strong>subjicienda</strong></span> <span class='ocrx_word' id='word_1_590' title='bbox 1197 4641 1351 4700; x_wconf 90' lang='lat' dir='ltr'><strong>sunt,</strong></span> <span class='ocrx_word' id='word_1_591' title='bbox 1378 4640 1698 4708; x_wconf 90' lang='lat' dir='ltr'><strong>postquam</strong></span> <span class='ocrx_word' id='word_1_592' title='bbox 1722 4634 2016 4692; x_wconf 91' lang='lat' dir='ltr'><strong>nonnulla</strong></span> <span class='ocrx_word' id='word_1_593' title='bbox 2041 4634 2198 4691; x_wconf 92' lang='lat' dir='ltr'><strong>circa</strong></span> <span class='ocrx_word' id='word_1_594' title='bbox 2235 4650 2453 4691; x_wconf 89' lang='lat' dir='ltr'><strong>novam</strong></span> <span class='ocrx_word' id='word_1_595' title='bbox 2482 4635 2637 4691; x_wconf 88' lang='lat' dir='ltr'><strong>hanc</strong></span> <span class='ocrx_word' id='word_1_596' title='bbox 2677 4636 3072 4708; x_wconf 87' lang='lat' dir='ltr'><strong>Epistolarum</strong></span> <span class='ocrx_word' id='word_1_597' title='bbox 3099 4636 3419 4693; x_wconf 87' lang='lat' dir='ltr'><strong>editionem</strong></span> <span class='ocrx_word' id='word_1_598' title='bbox 3445 4637 3542 4693; x_wconf 91' lang='lat' dir='ltr'><strong>hic</strong></span> 
     </span>
    </p>
   </div>
   <div class='ocr_carea' id='block_1_45' title="bbox 96 4728 610 4799">
    <p class='ocr_par' dir='ltr' id='par_1_45' title="bbox 96 4728 610 4799">
     <span class='ocr_line' id='line_1_45' title="bbox 96 4728 610 4799; baseline -0.01 -13"><span class='ocrx_word' id='word_1_599' title='bbox 96 4728 610 4799; x_wconf 66' lang='lat' dir='ltr'><strong>praemiserimus.</strong></span> 
     </span>
    </p>
   </div>
   <div class='ocr_carea' id='block_1_46' title="bbox 161 4812 3546 4888">
    <p class='ocr_par' dir='ltr' id='par_1_46' title="bbox 161 4812 3546 4888">
     <span class='ocr_line' id='line_1_46' title="bbox 161 4812 3546 4888; baseline -0.001 -15"><span class='ocrx_word' id='word_1_600' title='bbox 161 4818 485 4888; x_wconf 86' lang='lat' dir='ltr'><strong>Principio</strong></span> <span class='ocrx_word' id='word_1_601' title='bbox 505 4815 897 4887; x_wconf 89' lang='lat' dir='ltr'><strong>Epistolarum</strong></span> <span class='ocrx_word' id='word_1_602' title='bbox 915 4813 1339 4882; x_wconf 88' lang='lat' dir='ltr'><strong>chronologico</strong></span> <span class='ocrx_word' id='word_1_603' title='bbox 1360 4813 1569 4868; x_wconf 89' lang='lat' dir='ltr'><strong>ordine</strong></span> <span class='ocrx_word' id='word_1_604' title='bbox 1590 4813 1928 4877; x_wconf 90' lang='lat' dir='ltr'><strong>constituto,</strong></span> <span class='ocrx_word' id='word_1_605' title='bbox 1945 4828 2048 4868; x_wconf 90' lang='lat' dir='ltr'><strong>eas</strong></span> <span class='ocrx_word' id='word_1_606' title='bbox 2065 4813 2124 4867; x_wconf 92' lang='lat' dir='ltr'><strong>in</strong></span> <span class='ocrx_word' id='word_1_607' title='bbox 2142 4818 2401 4885; x_wconf 91' lang='lat' dir='ltr'><strong>quatuor</strong></span> <span class='ocrx_word' id='word_1_608' title='bbox 2418 4812 2641 4868; x_wconf 90' lang='lat' dir='ltr'><strong>classes</strong></span> <span class='ocrx_word' id='word_1_609' title='bbox 2657 4814 3054 4879; x_wconf 89' lang='lat' dir='ltr'><strong>distinximus,</strong></span> <span class='ocrx_word' id='word_1_610' title='bbox 3074 4830 3330 4885; x_wconf 84' lang='lat' dir='ltr'><strong>quarum</strong></span> <span class='ocrx_word' id='word_1_611' title='bbox 3351 4814 3546 4886; x_wconf 90' lang='lat' dir='ltr'><strong>prima</strong></span> 
     </span>
    </p>
   </div>
   <div class='ocr_carea' id='block_1_47' title="bbox 91 4899 3543 4976">
    <p class='ocr_par' dir='ltr' id='par_1_47' title="bbox 91 4899 3543 4976">
     <span class='ocr_line' id='line_1_47' title="bbox 91 4899 3543 4976; baseline -0.003 -15"><span class='ocrx_word' id='word_1_612' title='bbox 91 4909 223 4963; x_wconf 83' lang='lat' dir='ltr'><strong>illas</strong></span> <span class='ocrx_word' id='word_1_613' title='bbox 244 4902 1049 4976; x_wconf 84' lang='lat' dir='ltr'><strong>exhibetquasAugustinus</strong></span> <span class='ocrx_word' id='word_1_614' title='bbox 1065 4901 1337 4957; x_wconf 91' lang='lat' dir='ltr'><strong>nondum</strong></span> <span class='ocrx_word' id='word_1_615' title='bbox 1355 4903 1674 4973; x_wconf 90' lang='lat' dir='ltr'><strong>episcopus</strong></span> <span class='ocrx_word' id='word_1_616' title='bbox 1696 4902 1948 4973; x_wconf 90' lang='lat' dir='ltr'><strong>scripsit.</strong></span> <span class='ocrx_word' id='word_1_617' title='bbox 1975 4903 2103 4967; x_wconf 88' lang='lat' dir='ltr'><strong>Qua</strong></span> <span class='ocrx_word' id='word_1_618' title='bbox 2127 4902 2182 4955; x_wconf 92' lang='lat' dir='ltr'><strong>in</strong></span> <span class='ocrx_word' id='word_1_619' title='bbox 2204 4917 2264 4955; x_wconf 90' lang='lat' dir='ltr'><strong>re</strong></span> <span class='ocrx_word' id='word_1_620' title='bbox 2292 4901 2686 4971; x_wconf 87' lang='lat' dir='ltr'><strong>Augustinum</strong></span> <span class='ocrx_word' id='word_1_621' title='bbox 2707 4900 2904 4969; x_wconf 91' lang='lat' dir='ltr'><strong>ipsum</strong></span> <span class='ocrx_word' id='word_1_622' title='bbox 2924 4899 3424 4953; x_wconf 88' lang='lat' dir='ltr'><strong>secutiauctorem</strong></span> <span class='ocrx_word' id='word_1_623' title='bbox 3449 4914 3543 4952; x_wconf 91' lang='lat' dir='ltr'><strong>su-</strong></span> 
     </span>
    </p>
   </div>
   <div class='ocr_carea' id='block_1_48' title="bbox 90 4986 3545 5068">
    <p class='ocr_par' dir='ltr' id='par_1_48' title="bbox 90 4986 3545 5068">
     <span class='ocr_line' id='line_1_48' title="bbox 90 4986 3545 5068; baseline -0.004 -17"><span class='ocrx_word' id='word_1_624' title='bbox 90 4996 394 5068; x_wconf 87' lang='lat' dir='ltr'><strong>mus,qui</strong></span> <span class='ocrx_word' id='word_1_625' title='bbox 417 4994 477 5049; x_wconf 91' lang='lat' dir='ltr'><strong>in</strong></span> <span class='ocrx_word' id='word_1_626' title='bbox 504 4990 1374 5062; x_wconf 84' lang='lat' dir='ltr'><strong>Retractationumpriorelibro</strong></span> <span class='ocrx_word' id='word_1_627' title='bbox 1395 5008 1467 5046; x_wconf 90' lang='lat' dir='ltr'><strong>ea</strong></span> <span class='ocrx_word' id='word_1_628' title='bbox 1495 4989 2101 5047; x_wconf 84' lang='lat' dir='ltr'><strong>duntaxatrecensuit</strong></span> <span class='ocrx_word' id='word_1_629' title='bbox 2131 4989 2424 5062; x_wconf 91' lang='lat' dir='ltr'><strong>opuscula</strong></span> <span class='ocrx_word' id='word_1_630' title='bbox 2453 5005 2587 5062; x_wconf 70' lang='lat' dir='ltr'><strong>quas</strong></span> <span class='ocrx_word' id='word_1_631' title='bbox 2610 4991 2933 5060; x_wconf 89' lang='lat' dir='ltr'><strong>antequam</strong></span> <span class='ocrx_word' id='word_1_632' title='bbox 2961 4987 3122 5042; x_wconf 82' lang='lat' dir='ltr'><strong>fieret</strong></span> <span class='ocrx_word' id='word_1_633' title='bbox 3152 4986 3545 5057; x_wconf 91' lang='lat' dir='ltr'><strong>episcopusin</strong></span> 
     </span>
    </p>
   </div>
   <div class='ocr_carea' id='block_1_49' title="bbox 82 5075 3546 5155">
    <p class='ocr_par' dir='ltr' id='par_1_49' title="bbox 82 5075 3546 5155">
     <span class='ocr_line' id='line_1_49' title="bbox 82 5075 3546 5155; baseline -0.003 -18"><span class='ocrx_word' id='word_1_634' title='bbox 82 5086 307 5139; x_wconf 83' lang='lat' dir='ltr'><strong>lucem</strong></span> <span class='ocrx_word' id='word_1_635' title='bbox 324 5084 676 5155; x_wconf 90' lang='lat' dir='ltr'><strong>protulerat.</strong></span> <span class='ocrx_word' id='word_1_636' title='bbox 706 5085 766 5136; x_wconf 92' lang='lat' dir='ltr'><strong>ln</strong></span> <span class='ocrx_word' id='word_1_637' title='bbox 791 5082 1056 5136; x_wconf 89' lang='lat' dir='ltr'><strong>secunda</strong></span> <span class='ocrx_word' id='word_1_638' title='bbox 1076 5081 1264 5136; x_wconf 89' lang='lat' dir='ltr'><strong>classe</strong></span> <span class='ocrx_word' id='word_1_639' title='bbox 1285 5086 1785 5151; x_wconf 65' lang='lat' dir='ltr'><strong>reprmsentantur</strong></span> <span class='ocrx_word' id='word_1_640' title='bbox 1810 5078 2082 5150; x_wconf 68' lang='lat' dir='ltr'><strong>Epistolie</strong></span> <span class='ocrx_word' id='word_1_641' title='bbox 2104 5094 2258 5150; x_wconf 90' lang='lat' dir='ltr'><strong>quas</strong></span> <span class='ocrx_word' id='word_1_642' title='bbox 2287 5077 2364 5133; x_wconf 94' lang='lat' dir='ltr'><strong>ad</strong></span> <span class='ocrx_word' id='word_1_643' title='bbox 2387 5078 2531 5133; x_wconf 90' lang='lat' dir='ltr'><strong>inito</strong></span> <span class='ocrx_word' id='word_1_644' title='bbox 2549 5076 2900 5149; x_wconf 84' lang='lat' dir='ltr'><strong>episcopatu</strong></span> <span class='ocrx_word' id='word_1_645' title='bbox 2914 5075 2989 5130; x_wconf 89' lang='lat' dir='ltr'><strong>ad</strong></span> <span class='ocrx_word' id='word_1_646' title='bbox 3010 5076 3385 5130; x_wconf 89' lang='lat' dir='ltr'><strong>collationem</strong></span> <span class='ocrx_word' id='word_1_647' title='bbox 3409 5088 3546 5127; x_wconf 89' lang='lat' dir='ltr'><strong>cum</strong></span> 
     </span>
    </p>
   </div>
   <div class='ocr_carea' id='block_1_50' title="bbox 86 5160 3549 5239">
    <p class='ocr_par' dir='ltr' id='par_1_50' title="bbox 86 5160 3549 5239">
     <span class='ocr_line' id='line_1_50' title="bbox 86 5160 3549 5239; baseline -0.004 -10"><span class='ocrx_word' id='word_1_648' title='bbox 86 5172 444 5229; x_wconf 81' lang='lat' dir='ltr'><strong>Donatistis</strong></span> <span class='ocrx_word' id='word_1_649' title='bbox 472 5170 827 5239; x_wconf 86' lang='lat' dir='ltr'><strong>Carthagine</strong></span> <span class='ocrx_word' id='word_1_650' title='bbox 849 5170 1116 5226; x_wconf 89' lang='lat' dir='ltr'><strong>habitam</strong></span> <span class='ocrx_word' id='word_1_651' title='bbox 1139 5174 1197 5225; x_wconf 93' lang='lat' dir='ltr'><strong>et</strong></span> <span class='ocrx_word' id='word_1_652' title='bbox 1229 5169 1559 5239; x_wconf 77' lang='lat' dir='ltr'><strong>Pelagianae</strong></span> <span class='ocrx_word' id='word_1_653' title='bbox 1581 5168 1876 5224; x_wconf 70' lang='lat' dir='ltr'><strong>haereseos</strong></span> <span class='ocrx_word' id='word_1_654' title='bbox 1901 5168 1959 5223; x_wconf 90' lang='lat' dir='ltr'><strong>in</strong></span> <span class='ocrx_word' id='word_1_655' title='bbox 1985 5168 2242 5222; x_wconf 86' lang='lat' dir='ltr'><strong>Africam</strong></span> <span class='ocrx_word' id='word_1_656' title='bbox 2274 5168 2670 5222; x_wconf 88' lang='lat' dir='ltr'><strong>invectionem</strong></span> <span class='ocrx_word' id='word_1_657' title='bbox 2696 5164 2900 5220; x_wconf 87' lang='lat' dir='ltr'><strong>edidit.</strong></span> <span class='ocrx_word' id='word_1_658' title='bbox 2929 5168 2986 5219; x_wconf 93' lang='lat' dir='ltr'><strong>In</strong></span> <span class='ocrx_word' id='word_1_659' title='bbox 3012 5164 3101 5218; x_wconf 86' lang='lat' dir='ltr'><strong>his</strong></span> <span class='ocrx_word' id='word_1_660' title='bbox 3126 5163 3282 5218; x_wconf 87' lang='lat' dir='ltr'><strong>enim</strong></span> <span class='ocrx_word' id='word_1_661' title='bbox 3309 5160 3549 5216; x_wconf 90' lang='lat' dir='ltr'><strong>duobus</strong></span> 
     </span>
    </p>
   </div>
   <div class='ocr_carea' id='block_1_51' title="bbox 83 5252 3551 5334">
    <p class='ocr_par' dir='ltr' id='par_1_51' title="bbox 83 5252 3551 5334">
     <span class='ocr_line' id='line_1_51' title="bbox 83 5252 3551 5334; baseline -0.003 -19"><span class='ocrx_word' id='word_1_662' title='bbox 83 5265 207 5319; x_wconf 83' lang='lat' dir='ltr'><strong>sive</strong></span> <span class='ocrx_word' id='word_1_663' title='bbox 224 5259 590 5334; x_wconf 81' lang='lat' dir='ltr'><strong>retegendis</strong></span> <span class='ocrx_word' id='word_1_664' title='bbox 604 5274 706 5314; x_wconf 90' lang='lat' dir='ltr'><strong>seu</strong></span> <span class='ocrx_word' id='word_1_665' title='bbox 722 5259 1079 5331; x_wconf 79' lang='lat' dir='ltr'><strong>extirpandis</strong></span> <span class='ocrx_word' id='word_1_666' title='bbox 1091 5258 1392 5315; x_wconf 78' lang='lat' dir='ltr'><strong>erroribus</strong></span> <span class='ocrx_word' id='word_1_667' title='bbox 1414 5262 1728 5312; x_wconf 86' lang='lat' dir='ltr'><strong>versantur</strong></span> <span class='ocrx_word' id='word_1_668' title='bbox 1742 5263 1804 5311; x_wconf 92' lang='lat' dir='ltr'><strong>ut</strong></span> <span class='ocrx_word' id='word_1_669' title='bbox 1824 5256 2034 5327; x_wconf 91' lang='lat' dir='ltr'><strong>plurim</strong></span> <span class='ocrx_word' id='word_1_670' title='bbox 2047 5273 2143 5310; x_wconf 89' lang='lat' dir='ltr'><strong>um</strong></span> <span class='ocrx_word' id='word_1_671' title='bbox 2161 5256 2251 5311; x_wconf 64' lang='lat' dir='ltr'><strong>bas</strong></span> <span class='ocrx_word' id='word_1_672' title='bbox 2268 5256 2628 5323; x_wconf 72' lang='lat' dir='ltr'><strong>litterae,quae</strong></span> <span class='ocrx_word' id='word_1_673' title='bbox 2642 5270 2849 5309; x_wconf 92' lang='lat' dir='ltr'><strong>eorum</strong></span> <span class='ocrx_word' id='word_1_674' title='bbox 2865 5252 3049 5315; x_wconf 88' lang='lat' dir='ltr'><strong>initia,</strong></span> <span class='ocrx_word' id='word_1_675' title='bbox 3070 5265 3437 5320; x_wconf 83' lang='lat' dir='ltr'><strong>progressus,</strong></span> <span class='ocrx_word' id='word_1_676' title='bbox 3463 5255 3551 5305; x_wconf 91' lang='lat' dir='ltr'><strong>at-</strong></span> 
     </span>
    </p>
   </div>
   <div class='ocr_carea' id='block_1_52' title="bbox 80 5339 3547 5423">
    <p class='ocr_par' dir='ltr' id='par_1_52' title="bbox 80 5339 3547 5423">
     <span class='ocr_line' id='line_1_52' title="bbox 80 5339 3547 5423; baseline -0.004 -16"><span class='ocrx_word' id='word_1_677' title='bbox 80 5368 205 5423; x_wconf 87' lang='lat' dir='ltr'><strong>que</strong></span> <span class='ocrx_word' id='word_1_678' title='bbox 228 5350 716 5407; x_wconf 86' lang='lat' dir='ltr'><strong>damnationem</strong></span> <span class='ocrx_word' id='word_1_679' title='bbox 738 5355 1009 5405; x_wconf 86' lang='lat' dir='ltr'><strong>accurate</strong></span> <span class='ocrx_word' id='word_1_680' title='bbox 1035 5348 1397 5404; x_wconf 88' lang='lat' dir='ltr'><strong>describunt.</strong></span> <span class='ocrx_word' id='word_1_681' title='bbox 1421 5348 1610 5401; x_wconf 84' lang='lat' dir='ltr'><strong>Tertia</strong></span> <span class='ocrx_word' id='word_1_682' title='bbox 1635 5345 2035 5417; x_wconf 88' lang='lat' dir='ltr'><strong>Epistolarum</strong></span> <span class='ocrx_word' id='word_1_683' title='bbox 2062 5346 2268 5401; x_wconf 90' lang='lat' dir='ltr'><strong>classis</strong></span> <span class='ocrx_word' id='word_1_684' title='bbox 2291 5360 2391 5400; x_wconf 85' lang='lat' dir='ltr'><strong>eas</strong></span> <span class='ocrx_word' id='word_1_685' title='bbox 2410 5343 2819 5414; x_wconf 82' lang='lat' dir='ltr'><strong>complectitur</strong></span> <span class='ocrx_word' id='word_1_686' title='bbox 2838 5357 2993 5412; x_wconf 88' lang='lat' dir='ltr'><strong>quas</strong></span> <span class='ocrx_word' id='word_1_687' title='bbox 3024 5340 3174 5394; x_wconf 89' lang='lat' dir='ltr'><strong>abeo</strong></span> <span class='ocrx_word' id='word_1_688' title='bbox 3200 5344 3464 5410; x_wconf 89' lang='lat' dir='ltr'><strong>tempore</strong></span> <span class='ocrx_word' id='word_1_689' title='bbox 3489 5339 3547 5393; x_wconf 89' lang='lat' dir='ltr'><strong>S.</strong></span> 
     </span>
    </p>
   </div>
   <div class='ocr_carea' id='block_1_53' title="bbox 82 5427 3551 5509">
    <p class='ocr_par' dir='ltr' id='par_1_53' title="bbox 82 5427 3551 5509">
     <span class='ocr_line' id='line_1_53' title="bbox 82 5427 3551 5509; baseline -0.003 -15"><span class='ocrx_word' id='word_1_690' title='bbox 82 5442 320 5497; x_wconf 84' lang='lat' dir='ltr'><strong>Doctor</strong></span> <span class='ocrx_word' id='word_1_691' title='bbox 343 5439 431 5495; x_wconf 87' lang='lat' dir='ltr'><strong>ad</strong></span> <span class='ocrx_word' id='word_1_692' title='bbox 463 5439 595 5494; x_wconf 62' lang='lat' dir='ltr'><strong>vitae</strong></span> <span class='ocrx_word' id='word_1_693' title='bbox 624 5437 811 5491; x_wconf 85' lang='lat' dir='ltr'><strong>tinem</strong></span> <span class='ocrx_word' id='word_1_694' title='bbox 834 5436 1112 5501; x_wconf 84' lang='lat' dir='ltr'><strong>exaravit,</strong></span> <span class='ocrx_word' id='word_1_695' title='bbox 1140 5437 1362 5509; x_wconf 91' lang='lat' dir='ltr'><strong>quibus</strong></span> <span class='ocrx_word' id='word_1_696' title='bbox 1384 5435 1606 5491; x_wconf 88' lang='lat' dir='ltr'><strong>scilicet</strong></span> <span class='ocrx_word' id='word_1_697' title='bbox 1634 5440 1795 5490; x_wconf 90' lang='lat' dir='ltr'><strong>certa</strong></span> <span class='ocrx_word' id='word_1_698' title='bbox 1821 5435 2052 5505; x_wconf 92' lang='lat' dir='ltr'><strong>epocha</strong></span> <span class='ocrx_word' id='word_1_699' title='bbox 2076 5440 2265 5505; x_wconf 91' lang='lat' dir='ltr'><strong>potest</strong></span> <span class='ocrx_word' id='word_1_700' title='bbox 2290 5432 2602 5502; x_wconf 88' lang='lat' dir='ltr'><strong>assignari.</strong></span> <span class='ocrx_word' id='word_1_701' title='bbox 2629 5432 2689 5485; x_wconf 92' lang='lat' dir='ltr'><strong>In</strong></span> <span class='ocrx_word' id='word_1_702' title='bbox 2720 5433 3001 5501; x_wconf 91' lang='lat' dir='ltr'><strong>quartam</strong></span> <span class='ocrx_word' id='word_1_703' title='bbox 3028 5427 3269 5482; x_wconf 91' lang='lat' dir='ltr'><strong>demum</strong></span> <span class='ocrx_word' id='word_1_704' title='bbox 3295 5427 3551 5483; x_wconf 89' lang='lat' dir='ltr'><strong>classem</strong></span> 
     </span>
    </p>
   </div>
   <div class='ocr_carea' id='block_1_54' title="bbox 76 5514 3548 5603">
    <p class='ocr_par' dir='ltr' id='par_1_54' title="bbox 76 5514 3548 5603">
     <span class='ocr_line' id='line_1_54' title="bbox 76 5514 3548 5603; baseline -0.004 -20"><span class='ocrx_word' id='word_1_705' title='bbox 76 5532 370 5603; x_wconf 79' lang='lat' dir='ltr'><strong>reliquas</strong></span> <span class='ocrx_word' id='word_1_706' title='bbox 400 5524 723 5597; x_wconf 86' lang='lat' dir='ltr'><strong>Augustini</strong></span> <span class='ocrx_word' id='word_1_707' title='bbox 749 5525 964 5580; x_wconf 89' lang='lat' dir='ltr'><strong>litteras</strong></span> <span class='ocrx_word' id='word_1_708' title='bbox 990 5524 1510 5596; x_wconf 87' lang='lat' dir='ltr'><strong>redegimus,quas</strong></span> <span class='ocrx_word' id='word_1_709' title='bbox 1540 5524 1787 5597; x_wconf 89' lang='lat' dir='ltr'><strong>quidem</strong></span> <span class='ocrx_word' id='word_1_710' title='bbox 1818 5522 2053 5596; x_wconf 88' lang='lat' dir='ltr'><strong>scripsit</strong></span> <span class='ocrx_word' id='word_1_711' title='bbox 2081 5523 2417 5595; x_wconf 90' lang='lat' dir='ltr'><strong>episcopus,</strong></span> <span class='ocrx_word' id='word_1_712' title='bbox 2444 5520 2605 5576; x_wconf 90' lang='lat' dir='ltr'><strong>nulla</strong></span> <span class='ocrx_word' id='word_1_713' title='bbox 2629 5527 2826 5573; x_wconf 89' lang='lat' dir='ltr'><strong>tamen</strong></span> <span class='ocrx_word' id='word_1_714' title='bbox 2850 5517 2967 5573; x_wconf 90' lang='lat' dir='ltr'><strong>alia</strong></span> <span class='ocrx_word' id='word_1_715' title='bbox 2992 5517 3235 5588; x_wconf 68' lang='lat' dir='ltr'><strong>praeﬁxa</strong></span> <span class='ocrx_word' id='word_1_716' title='bbox 3258 5514 3548 5587; x_wconf 89' lang='lat' dir='ltr'><strong>temporis</strong></span> 
     </span>
    </p>
   </div>
   <div class='ocr_carea' id='block_1_55' title="bbox 409 5605 3264 5677">
    <p class='ocr_par' dir='ltr' id='par_1_55' title="bbox 409 5605 3264 5677">
     <span class='ocr_line' id='line_1_55' title="bbox 409 5605 3264 5677; baseline -0.005 -5"><span class='ocrx_word' id='word_1_717' title='bbox 409 5621 658 5674; x_wconf 74' lang='lat' dir='ltr'><strong>PATROL.</strong></span> <span class='ocrx_word' id='word_1_718' title='bbox 708 5612 963 5669; x_wconf 81' lang='lat' dir='ltr'><strong>XXXIII.</strong></span> <span class='ocrx_word' id='word_1_719' title='bbox 3079 5605 3264 5677; x_wconf 63' lang='lat' dir='ltr'><strong>(Una)</strong></span> 
     </span>
    </p>
   </div>
   <div class='ocr_carea' id='block_1_56' title="bbox 101 5770 385 5933">
    <p class='ocr_par' dir='ltr' id='par_1_56' title="bbox 101 5770 385 5933">
     <span class='ocr_line' id='line_1_56' title="bbox 101 5770 385 5933; baseline 0 0"><span class='ocrx_word' id='word_1_720' title='bbox 101 5770 385 5933; x_wconf 50' lang='grc' dir='ltr'><strong>δίκα)</strong></span> 
     </span>
    </p>
   </div>
  </div>
