4108 6172
538 155 600 211 11
2028 148 2160 204 PR}.

2325 152 2435 211 'IO.
3880 157 3947 215 12

536 286 635 337 aut
652 276 1230 336 circumstantiarum
1257 278 1418 339 nota,
1442 290 1577 346 quas
1591 279 1817 330 certum
1842 279 2075 345 tempus
2090 291 2211 346 prae
2236 294 2297 333 se
2312 278 2479 333 ferat.
2503 282 2579 335 Ex
2594 280 2708 335 hac
2728 295 2907 352 porro
2920 277 3333 351 quadruplicis
3349 277 3559 333 classis
3578 280 3959 339 disistinctio-

534 385 610 426 ne
638 369 696 423 id
721 365 1020 423 commodi
1044 363 1293 427 eveniet,
1317 362 1482 433 quod
1506 369 1681 420 antea
1702 363 2198 431 observabamus,
2227 372 2287 420 ut
2314 367 2622 424 studiosus
2645 368 2833 426 lector
2854 384 2924 425 ea
2951 382 3089 439 quas
3111 366 3189 422 ad
3223 366 3475 423 haereses
3508 367 3955 427 Donatistarum

537 463 593 515 et
616 456 1054 526 Pelagianorum
1078 452 1391 523 pertinent,
1418 467 1537 507 uno
1557 451 1676 506 fere
1699 458 2017 522 conspectu
2040 468 2107 507 ac
2136 458 2335 509 tenore
2358 458 2672 528 percipiat.

610 546 829 600 Deinde
845 539 1180 595 monendus
1194 543 1280 594 est
1294 539 1475 594 lector
1491 540 1810 594 nonnullos
1826 541 2237 612 tractatus,qui
2253 542 2540 599 hactenus
2554 546 2612 600 in
2630 545 3029 617 Epistolarum
3047 543 3317 601 ordinem
3336 543 3500 600 relati
3517 546 3817 611 sunl,loco
3834 564 3957 605 mo-

540 639 631 690 tos
648 650 681 688 a
696 630 869 686 nobis
883 645 1002 683 non
1024 628 1225 692 fuisse,
1248 628 1483 682 tametsi
1507 628 1565 682 id
1582 644 1699 683 non
1718 628 1863 682 levis
1884 629 2166 683 momenti
2181 630 2439 687 rationes
2458 634 2713 690 suadere
2736 634 3111 690 videbantur.
3134 633 3196 687 In
3217 648 3287 687 eo
3308 647 3523 701 genere
3536 639 3629 689 est
3648 635 3955 705 publicum

538 722 682 778 illud
703 722 1183 780 instrumentum,
1198 732 1320 787 quo
1337 716 1625 771 Eraclium
1643 717 1903 772 futurum
1922 716 2028 771 sibi
2045 733 2453 775 successorem
2470 721 3143 793 designatAugustinus,
3170 726 3382 793 praeter
3394 721 3621 794 aliquot
3636 724 3958 793 prolixiora

538 808 849 880 opuscula,
868 822 1001 877 quae
1020 804 1097 859 ab
1117 805 1315 876 ipsoin
1342 804 1874 861 Retractationibus
1894 808 2371 864 censenturinter
2391 810 2597 865 libros.
2621 811 2685 865 Id
2716 827 2852 867 vero
2872 827 2907 866 a
2927 809 3100 866 nobis
3131 808 3464 880 praestitum
3490 810 3655 866 haud
3677 811 3804 877 fuit,
3837 828 3958 885 quo

537 898 633 954 vel
651 898 735 951 sic
753 898 1035 951 lectorum
1057 893 1401 957 commodo,
1417 898 1712 964 quantum
1729 892 1813 948 fas
1827 898 2000 958 esset,
2018 898 2449 952 consuleretur.
2470 900 2683 954 Verum
2707 898 2850 954 nihil
2867 898 3272 954 cunctandum
3288 898 3655 964 censuimus,
3670 902 3814 972 quin
3831 901 3960 972 reji-

539 993 769 1044 ceretur
802 986 859 1039 in
885 982 1291 1055 Appendicem
1326 982 1566 1052 vulgata
1595 981 1691 1037 illa
1717 983 2030 1038 Altercatio
2056 999 2193 1039 cum
2218 987 2543 1053 Pascentio,
2578 1004 2712 1060 quae
2735 1004 2981 1044 eLxxvm
3020 985 3452 1041 numerabatur
3477 986 3629 1043 inter
3655 989 3957 1058 Augustini

540 1075 850 1148 Epistolas.
878 1076 1037 1128 Hanc
1061 1071 1218 1125 enim
1241 1071 1635 1143 suppositiam
1658 1087 1789 1126 esse
1812 1072 2140 1127 manifestis
2159 1080 2390 1130 constat
2404 1077 2795 1146 argumentis,
2812 1092 2948 1149 quas
2970 1075 3031 1131 in
3052 1074 3475 1131 Admonitione
3496 1075 3691 1132 eidem
3711 1077 3961 1133 Alterca-

538 1165 682 1221 tioni
712 1162 960 1234 praeﬁxa
985 1160 1313 1215 retulimus.

608 1257 893 1308 Praeterea
906 1266 1031 1304 rem
1048 1250 1299 1319 gratiam
1318 1247 1639 1320 utilemque
1658 1248 1939 1304 studiosis
1954 1248 2211 1305 facturos
2225 1266 2334 1306 nos
2348 1252 2610 1309 arbitrati
2629 1268 2859 1319 sumus,
2882 1254 2926 1307 si
2941 1251 3247 1325 quasdam
3262 1251 3382 1307 huc
3398 1267 3817 1309 revocaremus
3830 1255 3959 1325 Epi-

537 1342 740 1403 stolas,
768 1355 887 1394 non
916 1337 1109 1392 solum
1128 1353 1280 1407 quas
1302 1338 1667 1405 Augustinus
1682 1338 1921 1391 nomine
1944 1353 2052 1393 suo
2069 1338 2314 1394 misitad
2337 1340 2505 1403 alios,
2530 1342 2635 1397 sed
2648 1357 2720 1397 ex
2736 1341 2848 1396 illis
2872 1342 3053 1396 etiam
3067 1355 3205 1411 qua
3226 1338 3301 1394 ad
3322 1339 3521 1410 ipsum
3544 1355 3579 1395 a
3606 1340 3808 1395 multis
3824 1347 3962 1396 sunt

535 1432 789 1485 directae.
816 1428 907 1483 Sic
934 1426 1175 1481 Timasii
1201 1433 1251 1480 et
1280 1425 1507 1489 Jacobi,
1534 1426 1615 1480 sic
1638 1425 1886 1480 Honorii
1906 1433 1955 1481 et
1986 1428 2292 1483 Theodosii
2314 1431 2757 1498 imperatorum,
2787 1428 3196 1497 Quodvultdei,
3222 1429 3519 1496 Prosperi,
3548 1428 3777 1485 Hilarii
3788 1434 3962 1501 atque

534 1516 929 1587 Anonymiad
948 1516 1348 1583 Augustinum
1366 1513 1586 1568 litteras
1612 1531 1623 1569 :
1655 1514 1897 1569 sicetab
1920 1513 2050 1585 ipso
2076 1516 2248 1571 datas
2265 1517 2345 1573 ad
2358 1517 2689 1589 Pelagium,
2717 1519 2798 1576 ad
2812 1518 3272 1587 Simplicianum
3294 1517 3366 1571 de
3392 1532 3570 1589 opere
3600 1517 3711 1588 ipsi
3737 1518 3960 1583 dicato,

535 1608 611 1661 ad
638 1605 974 1666 Aurelium,
998 1603 1078 1657 ad
1117 1603 1437 1663 Valerium.
1460 1603 1538 1657 ad
1558 1602 1890 1665 Claudium,
1924 1604 2004 1657 ad
2035 1604 2507 1669 Quodvultdeum
2538 1623 2718 1678 super
2738 1607 2905 1663 libris
2923 1622 3132 1662 eorum
3151 1605 3396 1661 nomine
3414 1607 3796 1678 nuncupatis,
3823 1622 3963 1679 qua:

536 1696 634 1751 hic
658 1698 833 1749 antea
858 1690 1377 1755 desiderabantur,
1412 1706 1519 1745 suo
1546 1690 2041 1746 inserendasloco
2071 1694 2451 1749 curavimus:
2481 1697 2560 1751 uti
2589 1702 2645 1751 et
2669 1695 3100 1752 catholicorum
3126 1695 3543 1766 episcoporum
3572 1696 3857 1765 rescripta
3882 1695 3968 1751 ad

537 1783 953 1840 Marcellinum
983 1780 1312 1844 tribunum,
1337 1780 1653 1835 occasione
1670 1779 1999 1835 collationis
2016 1782 2519 1851 Carthaginensis,
2538 1800 2771 1840 necnon
2789 1783 3112 1856 Epistolam
3127 1783 3207 1840 ad
3221 1782 3528 1838 Proculum
3544 1789 3595 1838 et
3615 1783 3965 1853 Cylinnium

540 1872 876 1928 Gallicanos
899 1869 1189 1923 antistites
1214 1868 1441 1939 Leporii
1464 1884 1651 1924 causa
1676 1869 2089 1925 transmissam
2110 1886 2273 1942 :qute
2306 1873 2590 1928 nimirum
2615 1875 2838 1945 scripta
2865 1887 2983 1928 non
3013 1873 3211 1927 minus
3243 1888 3353 1943 pro
3398 1873 3549 1926 veris
3572 1888 3642 1927 ac
3664 1874 3967 1941 germanis

541 1959 854 2030 Augustini
888 1958 1101 2012 fetibus
1134 1956 1413 2012 habenda
1455 1961 1612 2023 sunt,
1647 1972 1832 2029 quam
1868 1957 2137 2027 Epistolas
2181 1958 2294 2015 illae
2334 1962 2813 2033 Carthaginensis
2850 1977 2923 2017 ac
2959 1960 3307 2017 Milevitana)
3355 1960 3572 2033 synodi
3606 1962 3845 2017 nomine
3891 1961 3967 2017 ad

541 2050 942 2104 Innocentium
970 2046 1225 2108 directae,
1250 2061 1395 2116 quas
1428 2046 1508 2099 uti
1542 2060 1575 2099 a
1597 2044 1653 2099 S.
1685 2045 1931 2100 Doctore
1961 2045 2211 2102 dictatas
2243 2064 2378 2103 cum
2405 2049 2533 2104 aliis
2566 2051 2694 2120 ejus
2723 2050 2994 2122 Epistolis
3016 2065 3195 2105 omne
3222 2049 3534 2120 recipiunt.

612 2141 733 2193 Huc
750 2152 883 2191 vero
896 2136 1073 2190 etiam
1086 2134 1457 2189 revocandus
1470 2137 1908 2189 eratTractatus
1921 2134 1991 2190 de
2003 2134 2141 2191 bono
2165 2137 2498 2203 Viduitatis,
2515 2139 2626 2193 nisi
2643 2139 2698 2191 id
2714 2138 3116 2210 prohibuisset
3131 2154 3272 2193 usus
3279 2138 3643 2210 jampridem
3659 2142 3959 2210 receptus.

541 2227 645 2299 qui
667 2226 832 2281 Libri
851 2223 1083 2279 titulum
1102 2224 1153 2277 ei
1168 2222 1456 2291 assignat,
1471 2222 1702 2278 tametsi
1715 2238 1851 2278 vera
1866 2224 2261 2293 sitAugustini
2274 2226 2665 2283 adJustitiam
2681 2227 2961 2298 Epistola,
2977 2242 3167 2299 eoque
3179 2226 3423 2281 nomine
3440 2225 3602 2281 nulla
3624 2226 3755 2297 ejus
3780 2242 3959 2299 pecu-

538 2315 612 2371 lia
623 2315 666 2369 ri
690 2313 911 2368 mentio
926 2313 982 2366 in
1010 2312 1510 2367 Retractationuiu
1527 2310 1692 2365 libris
1706 2311 2015 2367 habeatur.
2043 2312 2321 2383 Ejusdem
2336 2316 2695 2371 conditionis
2712 2321 2884 2371 estea
2902 2314 3156 2388 Epistola
3172 2331 3353 2387 quam
3372 2316 3429 2371 S.
3449 2314 3663 2369 Doctor
3675 2314 3959 2370 ﬁdelibus

540 2404 621 2460 ad
662 2418 781 2458 sua;
799 2399 1247 2470 dispensationis
1261 2414 1467 2454 curam
1482 2399 1915 2466 pertinentibus
1934 2402 2167 2472 scripsit
2186 2408 2392 2458 contra
2408 2404 2786 2473 Petilianum,
2810 2420 2945 2476 quas
2967 2405 3045 2459 ab
3066 2401 3375 2472 Augustini
3400 2408 3687 2473 tempore,
3713 2402 3885 2457 sicuti
3901 2402 3960 2457 in

542 2492 644 2546 lib.
673 2495 705 2544 2
733 2488 1255 2554 Retractationum,
1282 2503 1330 2541 c.
1361 2488 1450 2551 25,
1493 2492 1759 2556 testatur,
1782 2489 1989 2558 prioris
2012 2490 2302 2545 adversus
2326 2492 2593 2561 ejusdem
2619 2493 2875 2548 haeretici
2905 2492 3143 2557 Litteras
3171 2490 3301 2546 libri
3340 2490 3534 2545 locum
3557 2490 3829 2545 obtinuit.
3854 2490 3962 2546 Oc.

540 2580 818 2634 currebat
846 2582 1134 2649 praeterea
1184 2576 1515 2631 Secundini
1562 2576 1871 2632 Manio/mi
1924 2577 2000 2632 ad
2039 2580 2435 2647 Augustinum
2482 2580 2763 2651 Epistola,
2795 2596 2933 2652 quin
2961 2585 3022 2635 ut
3052 2579 3197 2634 nihil
3228 2579 3492 2635 continet
3536 2578 3959 2634 observatione

539 2668 787 2737 dignum
804 2666 965 2738 quod
981 2664 1347 2719 eruditorum
1372 2664 1557 2719 oculis
1581 2667 1789 2719 merito
1811 2665 2181 2736 subjiciatur,
2208 2668 2407 2723 relicta
2420 2669 2576 2723 estin
2599 2674 2764 2724 sexto
2794 2668 3369 2738 Augustinianorum
3392 2683 3643 2738 operum
3667 2674 3848 2733 tomo,
3877 2668 3958 2724 ob

537 2757 596 2812 id
621 2756 815 2810 solum
839 2754 1113 2823 legenda,
1142 2760 1202 2807 ut
1218 2769 1287 2807 ea
1306 2753 1539 2824 plenius
1565 2754 1966 2822 intelligantur
1980 2771 2116 2826 quas
2138 2755 2255 2812 illic
2275 2756 2563 2811 adversus
2584 2757 2901 2813 Secundini
2927 2772 3157 2812 errores
3170 2756 3438 2827 disputat
3460 2758 3846 2827 Augustinus.

603 2856 803 2925 Neque
835 2868 973 2906 vero
995 2851 1184 2906 editas
1216 2850 1510 2905 duntaxat
1538 2851 1831 2922 Epistolas
1863 2852 2204 2908 recudimus
2232 2869 2247 2920 ;
2278 2853 2381 2909 sed
2408 2869 2596 2909 novas
2624 2855 2856 2927 aliquot
2875 2854 3052 2926 primi
3077 2854 3295 2908 damus
3315 2852 3375 2907 in
3398 2853 3592 2908 lucem
3616 2870 3627 2909 :
3654 2853 3712 2908 in
3732 2853 3959 2926 quibus

535 2940 1116 3011 occurritAugustini
1146 2946 1270 2994 tum
1294 2940 1623 3009 presbyteri
1640 2939 1890 3007 insignis
1907 2941 1983 2995 ad
2006 2941 2286 3014 Alypium
2309 2945 2657 3014 episcopum
2680 2943 3151 3011 Thagastensem
3168 2941 3451 3013 Epistola,
3476 2942 3956 3015 cujusperquam

536 3030 761 3101 egregit
785 3029 1468 3097 estargumentumJam
1492 3027 1724 3099 pridem
1754 3029 2221 3087 Christianorum
2244 3033 2519 3087 convivia
2532 3031 3129 3103 compotationesque
3152 3030 3212 3085 in
3235 3030 3505 3086 basilicis
3518 3032 3701 3087 natali
3721 3037 3961 3088 sancto-

535 3135 671 3175 rum
698 3134 802 3190 per
832 3118 958 3173 fieri
987 3116 1190 3172 solitas
1222 3132 1252 3171 e
1276 3116 1472 3171 medio
1506 3117 1704 3172 tollere
1727 3120 2037 3187 satagebat
2059 3121 2438 3189 Augustinus.
2475 3121 2610 3190 Ejus
2636 3122 2789 3175 hanc
2811 3120 2871 3174 iu
2902 3120 3029 3176 rem
3048 3119 3233 3176 verba
3264 3124 3402 3174 sunt
3434 3119 3493 3174 in
3528 3120 3707 3190 Epist.
3741 3120 3958 3177 xxuad

535 3210 619 3261 Au
630 3207 727 3261 reli
741 3223 837 3261 um
848 3249 860 3269 ,
879 3223 935 3260 n.
955 3211 983 3261 5
1001 3223 1012 3260 :
1030 3208 1074 3259 A
1088 3206 1433 3273 uferendum
1451 3211 1533 3260 est
1547 3206 1752 3261 malum
1770 3224 1877 3261 non
1889 3223 2110 3275 aspere,
2126 3209 2228 3263 sed
2237 3208 2387 3264 sicut
2402 3210 2687 3276 scriptum
2704 3213 2806 3272 est,
2822 3208 2885 3263 in
2898 3206 3114 3275 spiritu
3133 3204 3389 3260 lenitatis
3402 3210 3455 3259 et
3468 3204 3956 3261 mansuetudinis.

536 3298 662 3351 Νοη
678 3296 927 3357 duriter,
945 3310 1063 3348 non
1082 3294 1251 3347 modo
1268 3294 1582 3360 imperioso
1598 3295 1712 3349 ista
1735 3296 2033 3349 tolluntur
2054 3312 2073 3358 ;
2095 3297 2284 3365 magis
2308 3299 2597 3353 monendo
2613 3313 2791 3368 quam
2809 3294 3111 3351 minando.
3124 3294 3220 3349 Sic
3240 3293 3395 3348 enim
3419 3292 3711 3362 agendum
3726 3300 3806 3349 est
3821 3309 3958 3348 cum

538 3382 1321 3449 multitudinepeccantium.
1338 3380 1545 3435 Narrat
1571 3397 1709 3450 ergo
1727 3381 1819 3436 hic
1849 3382 2353 3453 quemadmodum
2371 3401 2470 3454 per
2494 3391 2606 3440 tres
2622 3386 2768 3450 dies,
2802 3382 3282 3453 nominatimque
3308 3382 3367 3436 in
3389 3380 3606 3436 Leontii
3640 3382 3818 3436 natali
3843 3383 3956 3447 die,

540 3471 869 3527 auctoritati
882 3472 990 3524 bus
1004 3486 1072 3524 ex
1089 3470 1292 3523 divina
1305 3469 1598 3540 Scriptura
1614 3470 1827 3539 petitis,
1845 3477 1960 3525 tum
1978 3471 2512 3542 precibus,ﬂetibus
2525 3489 2595 3529 ac
2609 3473 2879 3544 lacrymis
2895 3470 3054 3543 apud
3074 3470 3395 3525 solemnem
3408 3469 3760 3524 concionem
3774 3470 3960 3526 insta-

538 3561 660 3625 bat,
694 3560 851 3615 fazda
881 3564 937 3613 ut
961 3559 1157 3613 haecce
1184 3558 1555 3612 consuetudo
1582 3558 1659 3613 ab
1692 3559 1946 3614 Ecclesia
1973 3559 2377 3615 eliminaretur
2404 3579 2416 3617 :
2448 3577 2583 3633 quae
2615 3562 2716 3616 ubi
2747 3576 3081 3632 paucorum
3110 3573 3350 3614 movere
3376 3557 3612 3612 animos
3652 3558 3955 3622 intellexit.

537 3665 675 3703 mox
692 3648 917 3703 acriore
937 3646 1131 3701 studio
1147 3646 1444 3717 aliaatque
1458 3646 1574 3702 alia
1587 3646 1838 3715 subjecit
1852 3648 2017 3703 horta
2028 3653 2312 3713 menta,et
2331 3648 2621 3717 imperata
2632 3649 2898 3705 oratione
2914 3649 3149 3720 piorum
3170 3646 3456 3716 suffragia
3468 3646 3771 3711 adhibuit;
3790 3649 3876 3701 sic
3897 3653 3961 3703 ut

537 3738 658 3794 Deo
689 3738 950 3793 donante
964 3735 1204 3791 tandem
1235 3750 1270 3790 a
1295 3737 1843 3806 compotationibus
1862 3738 1989 3792 istis
2017 3743 2318 3793 cessatum
2344 3739 2532 3795 fuerit.
2558 3740 2709 3795 Inter
2728 3740 2844 3794 alia
2864 3754 3002 3793 vero
3020 3752 3156 3809 quin
3172 3736 3267 3791 hic
3291 3735 3628 3791 referuntur
3644 3735 3959 3791 ecclesias.

535 3829 663 3883 ticae
691 3826 1013 3896 disciplinae
1044 3829 1453 3887 monumenta,
1476 3826 1726 3880 notandi
1751 3827 1893 3880 ritus
1916 3825 1975 3881 in
1991 3831 2330 3883 sanctorum
2352 3828 2827 3884 solemnitatibus
2852 3833 2984 3882 tum
3004 3825 3293 3896 usurpati,
3319 3839 3537 3896 nempe
3550 3840 3747 3879 sermo
3782 3825 3959 3880 habi-

531 3923 625 3974 tus
642 3917 719 3972 ad
735 3915 1023 3987 populum
1043 3933 1058 3985 ;
1080 3929 1263 3970 sacras
1281 3913 1562 3969 lectiones
1583 3920 1637 3971 et
1658 3915 2035 3972 Psalmorum
2060 3916 2394 3973 modulatio
2415 3917 2656 3973 alternis
2670 3917 2898 3973 vicibus
2911 3916 3173 3987 repetita:
3194 3930 3208 3980 ;
3229 3918 3367 3969 acta
3397 3912 3737 3982 Vespertina
3757 3928 3952 3981 sacra,

530 4021 665 4077 qum
694 4004 949 4075 quotidie
969 4002 1251 4057 celebrari
1276 4001 1549 4057 solerent.

603 4102 894 4155 Prodeunt
922 4099 1098 4154 simul
1125 4115 1155 4153 θ
1174 4099 1431 4154 tenebris
1456 4099 1584 4154 aliae
1611 4099 1767 4163 duce,
1796 4100 2019 4171 quibus
2052 4117 2337 4157 numerus
2356 4102 2755 4173 Epistolarum
2778 4101 3091 4173 Augustini
3116 4099 3192 4155 ad
3212 4099 3521 4155 Paulinum
3546 4099 3855 4155 Nolensem
3890 4100 3950 4154 in

531 4190 773 4245 Possidii
791 4189 981 4243 indice
1010 4192 1330 4242 unnotatus
1355 4188 1719 4258 completur;
1743 4189 2043 4244 breviores
2069 4190 2315 4261 quidem
2342 4191 2475 4256 illae,
2494 4192 2597 4248 sed
2617 4192 2961 4247 Christiania
2982 4189 3217 4261 pietatis
3238 4204 3309 4244 ac
3324 4187 3751 4244 benevolentia;
3769 4204 3950 4243 sensu

530 4278 909 4352 plenissimae.
937 4276 1032 4331 His
1062 4277 1283 4331 Paulini
1309 4276 1529 4331 litteras
1552 4277 1970 4347 etopusculum
1988 4284 2195 4335 contra
2218 4280 2675 4353 Paganos,quod
2690 4280 2769 4337 ab
2790 4281 2924 4352 ipso
2947 4276 3240 4335 elaborari
3264 4275 3948 4346 didiceratAugustinus,

536 4366 971 4423 ardentissimis
999 4367 1149 4421 votis
1176 4371 1476 4437 expertere
1511 4381 1573 4420 se
1596 4371 1977 4421 contestatur.

609 4465 893 4521 Proxilior
914 4463 1321 4536 insigniorqne
1337 4468 1423 4517 est
1445 4463 1520 4517 ad
1547 4465 1924 4519 Mercatorem
1948 4464 2228 4536 Epistola,
2243 4482 2311 4523 ex
2338 4466 2504 4522 tertia
2518 4471 2685 4538 parte
2700 4466 2842 4522 olim
2858 4466 3116 4522 exhibita
3140 4466 3198 4519 in
3215 4463 3322 4521 lib.
3342 4463 3416 4518 ad
3434 4462 3771 4525 Dulcitium,
3789 4476 3949 4517 nunc

539 4560 737 4610 autem
763 4554 1022 4625 primum
1051 4569 1121 4607 ex
1149 4552 1376 4621 integro
1407 4552 1546 4607 data
1580 4568 1591 4606 :
1618 4568 1753 4623 quin
1779 4558 1839 4608 ut
1869 4570 2113 4624 peracre
2136 4556 2468 4610 Mercatoris
2490 4556 2817 4625 ingenium,
2848 4556 2929 4610 ita
2956 4552 3320 4624 singularem
3346 4552 3695 4607 modestiam
3722 4554 3950 4618 Augus-

537 4644 641 4698 tini
668 4642 884 4713 prodit,
909 4642 1463 4713 quisuccensentem
1481 4642 1641 4712 quod
1666 4640 1779 4695 sibi
1806 4657 1925 4696 non
1956 4643 2369 4714 rescripsisset,
2396 4644 2610 4715 accipit
2633 4644 3091 4715 gratantissime.
3121 4640 3421 4697 Notandus
3443 4641 3501 4694 in
3520 4655 3591 4694 ea
3612 4643 3947 4694 controver-

538 4733 763 4787 siarum
799 4731 947 4784 inter
965 4730 1298 4785 Catholicos
1326 4738 1381 4784 et
1409 4730 1755 4798 Pelagianos
1777 4735 1987 4795 status,
2016 4732 2177 4803 quod
2209 4732 2284 4786 ad
2306 4733 2697 4804 quaestionem
2726 4733 2800 4788 de
2826 4732 3125 4804 Baptismo
3147 4729 3535 4802 parvulorum
3569 4743 3637 4782 ac
3659 4728 3732 4781 de
3758 4733 3950 4785 morte

536 4825 782 4894 peccato
805 4819 1090 4873 retributa
1124 4819 1393 4888 pertinet,
1422 4817 1644 4889 liquido
1673 4818 2017 4889 explicatus.
2040 4820 2326 4877 Notanda
2351 4820 2553 4876 itidem
2583 4821 2809 4893 epocha
2832 4820 3177 4876 Litterarum
3202 4816 3509 4887 Augustini
3537 4816 3610 4870 ad
3640 4816 3858 4869 Sixtum
3893 4811 3951 4871 et

534 4910 610 4965 ad
643 4908 1020 4963 C(elestinum
1041 4907 1355 4961 diaconum
1375 4907 1466 4961 hic
1485 4906 1749 4961 detinita.
1772 4908 1882 4962 Sed
1902 4908 2045 4963 illud
2067 4910 2124 4963 in
2149 4909 2356 4980 primis
2373 4910 2790 4965 observatione
2812 4909 3058 4979 dignum
3074 4912 3179 4970 est,
3198 4904 3361 4977 quod
3379 4920 3449 4959 ex
3476 4905 3676 4957 eadem
3692 4901 3947 4973 epistola

534 4997 840 5068 intelligim
854 5011 1153 5065 us,uempe
1170 4995 1491 5050 catholicos
1508 4996 1818 5066 scriptores
1837 5002 2001 5051 extra
2018 4996 2260 5052 Africam
2277 4997 2501 5069 positos
2517 5014 2623 5053 sua
2638 4998 2965 5068 Augustino
2981 4995 3220 5066 scripta,
3234 5008 3368 5065 quas
3382 4990 3669 5047 adversus
3689 4990 3942 5060 Pelagia-

528 5105 639 5143 nos
670 5087 946 5152 edebant,
971 5084 1223 5152 dirigere
1248 5083 1447 5137 solitos
1477 5084 1677 5138 fuisse.
1716 5084 1899 5153 Hujus
1938 5085 2182 5155 quidem
2206 5086 2287 5141 rei
2320 5085 2725 5154 conjecturam
2755 5101 2969 5158 capere
2992 5084 3205 5140 licebat
3231 5098 3301 5138 ex
3324 5081 3593 5136 breviore
3615 5080 3691 5135 ad
3715 5081 3939 5135 Sixtum

531 5176 807 5245 Epistola,
832 5191 887 5230 η.
915 5192 950 5227 ι.
976 5175 1184 5228 Verum
1208 5172 1264 5226 id
1288 5171 1462 5241 longe
1485 5171 1702 5225 certius
1725 5172 1907 5243 liquet
1926 5189 1994 5228 ex
2023 5173 2113 5228 bis
2140 5174 2446 5243 Augustini
2474 5174 2631 5229 verbi
2655 5174 2726 5229 ad
2756 5177 3130 5230 Mercatorem
3159 5188 3173 5227 :
3198 5172 3325 5241 Ego
3344 5169 3546 5242 itaque
3569 5177 3637 5231 te,
3663 5168 3752 5237 ﬁli
3771 5168 3941 5224 dilec-

530 5263 764 5326 tissime,
791 5264 1141 5319 scribentem
1166 5261 1315 5317 mihi
1341 5262 1432 5317 vel
1456 5262 1533 5315 ad
1548 5275 1638 5315 me
1655 5260 2079 5317 consideranda
2106 5268 2210 5317 tua
2232 5263 2458 5331 scripta
2485 5263 2827 5327 mittentem,
2846 5263 2991 5317 absit
3014 5269 3078 5317 ut
3100 5261 3470 5332 negligenter
3491 5260 3802 5327 accipiam,
3828 5263 3934 5312 etc.

596 5352 730 5404 Jam
762 5366 899 5405 vero
927 5352 983 5405 in
1009 5353 1183 5407 haece
1207 5349 1465 5405 editione
1493 5348 1968 5419 capitulationes,
1993 5366 2126 5419 quae
2150 5367 2371 5423 paucas
2396 5352 2453 5405 in
2483 5351 2769 5423 Epistolas
2796 5352 3051 5407 antehac
3077 5352 3337 5406 inductae
3365 5354 3551 5416 erant,
3578 5345 3929 5409 retinemus;

529 5454 721 5495 novas
750 5440 806 5491 in
840 5439 990 5506 aliis,
1018 5441 1115 5494 uhi
1143 5438 1532 5494 commodum
1560 5438 2225 5505 videtur,institnimus;
2249 5456 2427 5512 porro
2450 5440 2509 5495 in
2535 5440 2818 5495 omnibus
2851 5441 3145 5494 sectiones
3167 5440 3555 5511 designamus
3583 5436 3936 5507 frequentes,

529 5526 725 5586 attixis
744 5527 1064 5583 numericis
1091 5530 1259 5597 notis,
1287 5529 1369 5585 uti
1396 5528 1520 5601 jam
1556 5526 1613 5581 in
1648 5527 1826 5600 primi
1856 5529 1996 5583 tomi
2025 5529 2334 5601 opusculis
2360 5528 2486 5585 ﬁeri
2517 5528 2717 5601 ccepit,
2743 5543 2866 5600 quo
2896 5532 3049 5584 esset
3070 5528 3354 5600 deinceps
3379 5525 3607 5582 facilior
3626 5520 3934 5595 Augustini
