4108 6172
526 166 596 219 15

526 288 726 359 diique
749 304 777 343 a
798 286 1056 357 genuino
1075 298 1249 359 sensu
1266 299 1371 354 per
1395 283 1512 359 vim
1528 284 1899 359 detorquent,
1925 284 2088 359 nulla
2113 284 2173 338 id

526 354 1008 428 exigentecausa.
1027 356 1171 420 Quid
1188 360 1335 428 enim
1355 354 1877 428 obstatquouiinus
1892 356 2172 425 intelliga-

526 426 1008 499 musAngustino
1032 429 1143 499 sub
1168 426 1608 482 matrisobitum
1628 429 1702 482 ad
1729 444 1871 482 suos
1892 429 2173 496 navigare

524 504 756 579 paranti
780 498 1011 579 moram
1039 498 1488 579 allatam‘fuisse
1510 500 1712 579 aliquo
1735 515 1886 579 casu.
1906 500 1933 554 ‘?
1952 499 2173 579 quidve

522 569 680 641 cogit
710 572 947 626 credere
970 570 1164 639 ipsum
1191 570 1388 623 statim
1419 570 1495 623 ab
1526 569 1692 625 obitu
1720 571 1922 625 matris
1950 570 2009 623 in
2033 569 2175 623 Afri-

523 640 653 699 cam
674 645 942 704 solvisse,
966 657 1101 695 cum
1131 641 1189 694 id
1214 642 1458 694 minime
1483 640 1692 696 dicat?
1714 642 1863 705 Quin
1892 644 2087 711 potius
2112 642 2171 695 in

523 716 885 769 tRetractat.
900 712 1068 775 libro,
1087 728 1251 781 capp.
1268 718 1320 776 7,
1342 713 1459 776 8,9,
1475 713 2030 782 recensetopuscula
2046 716 2175 781 post

521 786 891 856 baptismum
920 799 955 837 a
979 799 1042 837 se
1070 786 1266 837 Romae
1283 785 1631 856 conscripta,
1660 784 1879 856 quibus
1911 782 2172 856 profecto

525 854 886 928 peiticiendis
902 862 993 910 sat
1010 871 1145 909 esse
1160 870 1269 908 non
1283 854 1567 924 potuisset
1584 855 1861 909 tantillum
1880 854 2169 928 temporis,

524 926 641 999 quo
674 929 729 981 in
764 927 923 999 Urbe
959 933 1099 999 ante
1137 934 1340 999 matris
1372 942 1489 999 sua:
1520 934 1772 980 mortem
1802 926 2123 999 resedisset
2155 943 2168 991 ;

523 996 768 1070 quando
786 997 1030 1069 quidem
1050 996 1127 1070 ab
1148 996 1371 1050 itineris
1394 996 1617 1070 labore,
1642 1013 1821 1069 quem
1842 997 2172 1051 Mediolano

523 1068 759 1125 rediens
775 1085 900 1122 cum
917 1070 1036 1122 suis
1053 1068 1422 1133 toleraverat,
1439 1068 1690 1123 nondum
1708 1073 2000 1123 recreatus
2027 1074 2169 1130 erat,

523 1158 657 1196 cum
686 1142 759 1195 ad
786 1140 943 1196 Ostia
968 1139 1237 1211 Tiberina
1264 1140 1529 1211 pervenit
1557 1155 1568 1193 :
1598 1139 1727 1211 illic
1753 1141 1931 1201 enim,
1960 1139 2167 1211 inquit,

517 1220 631 1283 post
665 1211 807 1281 longi
834 1211 1053 1264 itineris
1084 1209 1313 1283 laborem
1342 1209 1780 1264 instaurabamus
1818 1226 1912 1283 nos
1941 1209 2173 1280 naviga-

519 1280 937 1354 gationis’.rQua
968 1289 1208 1354 propter
1246 1280 1374 1350 ejus
1411 1282 2013 1354 commoratioRomaa
2048 1296 2170 1354 non

518 1351 675 1418 ante,
706 1353 806 1407 sed
825 1351 1210 1423 post’obitum
1228 1352 1510 1423 Monnicae
1536 1353 1903 1423 reponenda,
1928 1353 2169 1407 creden—

518 1427 785 1496 dumque
808 1422 893 1496 est
926 1423 1238 1496 quidpiam
1263 1423 1313 1496 ei
1340 1422 1519 1477 fuisse
1550 1422 1993 1495 impedimento,
2018 1438 2172 1495 quo-

518 1494 717 1552 minus
737 1496 793 1549 in
820 1494 1073 1549 Africam
1090 1506 1209 1548 tam
1225 1494 1337 1548 cito
1361 1494 1669 1549 remearet.

587 1571 724 1623 Nam
743 1567 894 1620 illius
909 1566 1176 1636 temporis
1194 1567 1436 1620 historia
1452 1564 1948 1637 proditMaximum
1973 1570 2170 1634 tyran-

516 1654 663 1693 num
688 1639 801 1691 hoc
824 1639 956 1707 ipso
978 1652 1137 1691 anno
1155 1637 1279 1701 387,
1307 1638 1532 1691 circiter
1556 1652 1820 1691 mensem
1844 1642 2165 1705 augustum

516 1709 734 1763 infesto
751 1708 986 1777 agmine
1006 1707 1382 1762 descendisse
1413 1709 1469 1761 in
1488 1708 1738 1770 Italiam,
1755 1715 1808 1762 et
1828 1711 1999 1778 pulso
2014 1722 2079 1761 ex
2096 1723 2167 1762 ea

517 1780 944 1843 Valentiniano,
968 1778 1225 1834 Africam
1253 1781 1471 1849 pariter
1495 1794 1841 1850 occupasse.
1871 1778 2006 1833 Fieri
2024 1794 2164 1848 ergo

517 1852 712 1923 potuit
735 1858 793 1905 ut
811 1850 883 1904 de
897 1852 989 1905 his
1004 1852 1212 1923 certior
1229 1850 1419 1905 factus
1439 1851 1829 1919 Augustinus,
1844 1866 1980 1904 cum
1996 1850 2165 1918 aegri-

518 1923 721 1977 tudine
742 1922 1062 1989 matris,cuj
1076 1938 1141 1975 us
1158 1922 1385 1976 obitum
1400 1923 1459 1975 in
1485 1938 1749 1976 mensem
1764 1928 2019 1989 augusto
2032 1923 2165 1975 cite-

516 1995 732 2049 riorem
749 1993 961 2047 referre
976 1992 1121 2046 nihil
1138 1997 1313 2056 vetat,
1330 1994 1403 2047 ad
1420 1993 1865 2047 OstiaTiberina
1878 1992 2163 2047 detinere-

519 2070 630 2130 tur,
648 2070 875 2119 mutato
890 2062 1132 2117 subinde
1154 2064 1422 2126 consilio,
1444 2065 1624 2133 hujus
1640 2065 1924 2118 tumultus
1941 2064 2160 2117 exitum

517 2135 777 2216 opperiri
801 2138 1000 2216 Romae
1026 2135 1313 2216 statuerit,
1359 2134 1458 2189 ubi
1483 2134 1871 2216 acivilis‘b‘elli
1891 2133 2163 2216 cladibus

516 2205 889 2287 tutiorquam
911 2205 1430 2287 Thagastedegere
1443 2212 1687 2286 poterat.
1707 2208 1792 2260 Ad
1816 2205 1945 2287 haec
2053 2212 2163 2259 Au-

515 2277 732 2349 gustini
766 2277 1219 2333 conversionem
1246 2278 1466 2331 referas
1493 2278 1937 2349 inannum387,
1967 2278 2161 2349 dicere

513 2348 887 2417 cogeriseum
908 2348 969 2402 in
998 2364 1233 2402 secessu
1263 2348 2163 2419 propeMediolanumruriquie-

509 2421 679 2485 visse,
701 2420 799 2473 illa
818 2421 942 2489 ipsa
966 2418 1446 2489 tempestate,qua
1460 2420 1729 2473 universa
1746 2419 1908 2473 Italia
1924 2418 2161 2474 Maximo

507 2490 1192 2546 invadenteturbabatur
1217 2506 1229 2555 ;
1256 2497 1309 2545 et
1330 2506 1398 2544 ex
1417 2506 1488 2545 ea
1516 2489 2158 2560 Valentinianuslmpe-

506 2569 666 2617 rator
691 2560 1124 2632 expellabatur,
1155 2562 1264 2615 hoc
1298 2566 1385 2616 est
1415 2563 1471 2615 in
1504 2562 1702 2616 medio
1733 2560 1876 2616 belli
1902 2561 2157 2625 turbine,

505 2635 603 2704 qui
622 2636 775 2704 circa
792 2632 1183 2687 Mediolanum
1213 2634 1500 2704 praecipue
1517 2632 1859 2696 detonabat,
1874 2648 1999 2704 cum
2016 2632 2074 2686 in
2089 2648 2159 2689 ea

506 2702 652 2759 urbe
679 2702 1001 2759 Comitatus
1029 2702 1407 2774 Imperatoris
1443 2704 1794 2775 plerumque
1829 2703 2111 2775 resideret
2142 2720 2154 2759 :

507 2792 635 2847 quae
660 2781 913 2845 tempore
928 2782 1128 2847 censet
1154 2774 1529 2847 Baronius’ex
1547 2774 1836 2847 Ambrosii
1863 2774 2159 2829 verbisin-

504 2845 682 2915 telligi
706 2862 879 2918 posse
899 2845 1362 2901 Mediolanenses
1388 2846 1543 2900 cives
1565 2846 1639 2900 de
1662 2845 1807 2915 fuga
1837 2847 2154 2915 cogitasse.

800 2936 867 2990 Il.
913 2964 974 2973 —
1012 2933 1229 3004 Scripta
1264 2934 1413 2987 circa
1452 2934 1590 2987 idem
1628 2940 1849 3004 tempus.

578 3022 970 3093 Subsequitur
987 3021 1229 3093 epistola
1244 3021 1317 3074 ad
1332 3020 1645 3093 Zenobium,
1664 3021 1829 3076 illum
1845 3022 2066 3093 ipsum,
2096 3028 2160 3076 ut

551 3093 749 3147 uidem
781 3092 934 3147 nobs
987 3092 1232 3155 videtur,
1266 3092 1362 3146 cui
1396 3094 1725 3163 nuncupati
1758 3099 1895 3147 sunt
1924 3092 2056 3147 libri
2096 3093 2157 3147 de

551 3109 749 3147 uidem
781 3109 934 3147 nons
987 3109 1232 3155 Videtur,
1266 3109 1362 3146 CUI
1396 3109 1725 3163 nuncupati
1758 3109 1895 3147 sunt
1924 3109 2056 3147 nnri
2096 3109 2157 3147 ae

503 3109 729 3229 grdine,
764 3164 900 3218 editi
918 3170 1166 3218 exeunte
1191 3179 1351 3218 anno
1374 3167 1498 3219 386.
1525 3163 1735 3218 Confer
1755 3164 1910 3218 hanc
1940 3165 2159 3235 episto-

506 3234 696 3290 larum
730 3235 832 3289 lib.
866 3240 897 3289 2
928 3235 994 3289 de
1026 3235 1254 3297 Ordine,
1288 3250 1421 3304 cap.
1452 3241 1505 3306 7,
1541 3251 1598 3289 n.
1632 3238 1720 3302 20,
1754 3251 1875 3306 quo
1906 3235 2037 3289 loco
2073 3236 2155 3289 di-

504 3307 579 3360 cit
618 3306 1007 3373 Augustinus,
1040 3321 1215 3358 serum
1250 3321 1382 3374 saepe
1435 3305 1497 3357 de
1536 3322 1717 3359 rerum
1750 3305 1946 3359 ordine
1974 3312 2157 3360 contu-

506 3376 627 3431 lisse
668 3376 1009 3443 Zenobium,
1057 3378 1367 3447 ipsumque
1404 3382 1543 3429 tunc
1594 3378 1876 3447 temporis
1912 3392 2155 3447 peregre

502 3447 839 3519 profectum
867 3448 1045 3519 fuisse
1078 3446 1390 3519 signiﬁcat.
1426 3449 1540 3500 Hac
1568 3446 1768 3500 autem
1816 3451 1873 3501 in
1905 3446 2155 3519 epistola

501 3518 803 3573 desiderat
833 3517 1147 3591 absentem
1170 3518 1513 3591 Zenobium,
1542 3523 1827 3591 optatque
1871 3517 2163 3591 ut'dispu-

502 3591 791 3645 tationem
815 3605 949 3644 cum
981 3589 1112 3659 ipso
1135 3589 1476 3643 inchoatam
1512 3590 1690 3642 simul
1731 3589 2063 3645 absolvant.

960 3677 1050 3730 Ill.
1085 3706 1150 3715 —
1179 3676 1405 3746 Scripta
1446 3692 1539 3729 an.
1569 3677 1693 3730 387.

577 3767 718 3840 Quae
739 3766 835 3840 hic
862 3766 1067 3840 ordine
1092 3765 1259 3840 tertia
1282 3772 1392 3840 est,
1417 3766 1487 3840 ad
1505 3766 1827 3821 Nebridium
1855 3767 1994 3822 data
2029 3784 2162 3840 pro-

500 3837 605 3891 diit
629 3838 787 3893 haud
827 3837 1013 3892 multo
1050 3844 1184 3909 post
1213 3837 1627 3908 Soliloquiorum
1655 3853 1827 3908 opus,
1851 3840 2013 3908 quod
2033 3837 2159 3895 'sub

499 3909 731 3964 initium
756 3911 894 3981 anni
918 3910 1021 3964 387
1045 3909 1366 3980 perfectum
1402 3910 1506 3963 fuit
1531 3926 1543 3964 :
1568 3911 1792 3980 quippe
1825 3910 1880 3964 id
1907 3912 2101 3981 operis
2123 3928 2155 3966 a

504 3997 565 4034 se
598 3997 802 4035 recens
826 3980 1047 4034 editum
1087 3996 1214 4034 esse
1240 3982 1836 4049 innuitAugustinus,
1858 3997 1916 4035 n.
1949 3980 2157 4047 i.Quid

507 4053 607 4114 ait,
639 4052 688 4105 si
716 4050 1013 4120 Soliloquia
1058 4050 1269 4120 legisset
1303 4052 1626 4114 Nebridius,
1670 4052 1962 4105 laetaretur
1990 4052 2156 4108 multo

501 4121 891 4184 exundantius,
918 4138 1015 4174 nec
1041 4128 1216 4192 tamen
1238 4124 1503 4191 reperiret
1528 4123 1658 4191 plus
1680 4122 1887 4192 aliquid
1907 4123 2047 4192 quod
2079 4141 2155 4178 me

502 4193 827 4263 appellaret,
855 4209 1010 4262 quam
1043 4191 1264 4246 beatum.
1298 4196 1358 4247 Et
1387 4210 1443 4247 n.
1472 4197 1504 4246 4
1540 4213 1550 4257 ;
1585 4192 1740 4247 Nihil
1761 4191 1936 4247 autem
1965 4194 2150 4249 horum

502 4264 627 4334 ﬁeri
642 4280 810 4332 posse,
844 4263 1144 4335 Soliloquia
1172 4270 1362 4317 nostra
1374 4266 1489 4333 jam
1520 4268 1812 4318 continent.
1834 4267 1908 4318 Ex
1933 4266 2152 4335 quibus

503 4334 1247 4403 verbisintelligiturlibros
1261 4336 1332 4389 de
1346 4335 1701 4397 Academicis,
1730 4334 1791 4389 de
1824 4334 1987 4390 Beata
2016 4337 2148 4403 vita,

498 4407 758 4477 aliosque
781 4413 1030 4461 exeunte
1060 4407 1355 4469 anno386,
1379 4414 1432 4460 et
1463 4406 1701 4460 ineunte
1725 4406 1824 4461 387
1849 4412 1985 4461 ante
2015 4407 2152 4462 Soli-

498 4478 683 4547 loquia
726 4478 801 4532 ab
834 4478 1162 4546 Augustino
1193 4479 1576 4547 compositos,
1620 4477 1900 4532 Nebridio
1939 4479 2150 4548 legenti

490 4548 1024 4619 arrisisseuitgestii
1048 4550 1161 4604 ntis
1174 4550 1357 4603 animi
1375 4548 2001 4620 motuvelutabreptus
2017 4567 2153 4606 con-

494 4620 677 4674 tinere
700 4637 760 4674 se
782 4637 895 4673 non
920 4620 1193 4690 potuerit,
1226 4622 1551 4689 quominus
1572 4636 1708 4674 eum
1742 4620 1980 4675 beatum
2000 4638 2147 4677 nun-

490 4698 753 4761 cuparet.
784 4692 915 4745 Haec
956 4690 1151 4761 itaque
1184 4690 1431 4762 epistola
1454 4691 1507 4744 in
1541 4692 1608 4745 iis
1637 4694 2005 4747 numeranda
2036 4701 2142 4760 est,

489 4762 562 4816 de
587 4763 805 4832 quibus
820 4764 1182 4830 Augustinus
1203 4762 1258 4816 in
1276 4763 1372 4816 lib.
1393 4768 1422 4817 9
1446 4762 1601 4833 Conf.
1620 4779 1750 4833 cap.
1772 4767 1820 4825 4,
1848 4764 2140 4832 dicit:Ibi,

484 4833 540 4887 id
572 4838 680 4901 est,
711 4834 869 4903 apud
900 4834 1316 4897 Cassiciacum,
1348 4834 1479 4903 quid
1508 4834 1708 4903 egerim
1748 4834 1807 4887 in
1829 4834 2139 4889 Iitteris.....

482 4920 599 4959 cum
616 4905 825 4959 absente
849 4905 1125 4969 Nebridio,
1151 4912 1371 4959 testante
1385 4905 1637 4975 epistolw.
1667 4906 1891 4960 Scilicet
1911 4908 2137 4975 Augus-

482 4979 668 5031 tinum
696 4976 828 5031 illuc
849 4976 1217 5030 secedentem
1245 4985 1480 5030 secutus
1504 4993 1618 5030 non
1641 4983 1762 5031 erat
1786 4976 2094 5033 Nebridius
2122 4996 2134 5045 ;

478 5051 759 5103 Amicitia:
787 5048 925 5102 enim
958 5054 1151 5101 nostra
1179 5056 1423 5113 cesserat,
1459 5048 1647 5117 inquit
1682 5050 2046 5118 Augustinus
2073 5050 2131 5105 in

473 5119 575 5173 lib.
614 5122 646 5172 8
682 5120 842 5189 Conf.
878 5138 927 5171 c.
958 5124 1009 5183 6,
1046 5126 1104 5173 ut
1144 5120 1379 5173 omnium
1417 5126 1655 5173 nostrum
1690 5117 2131 5187 faiiiiIiar-t'ssz'mo

488 5190 788 5245 Vereczmdo
807 5190 1204 5248 Mediolanensi
1221 5192 1328 5243 civi
1350 5196 1397 5244 et
1421 5192 1777 5261 grammatico
1801 5190 2125 5250 subdoceret.

474 5260 613 5313 Hinc
641 5278 816 5330 porro
843 5270 929 5317 est
962 5263 1121 5333 quod
1160 5264 1213 5316 in
1247 5260 1511 5316 extrema
1542 5268 1706 5332 parte
1731 5263 1994 5331 epistolas
2018 5264 2126 5318 ali-

468 5338 613 5404 quot
637 5333 711 5385 Illi
732 5335 802 5386 de
821 5336 1136 5404 verborum
1168 5333 1691 5404 conjugationibus
1712 5335 1919 5404 quaesti
1941 5350 2120 5390 uncu-

464 5399 547 5455 lat
580 5403 879 5472 proponit.

750 5474 838 5526 IV.
883 5503 947 5512 -—
988 5474 1203 5546 Scripta
1238 5476 1384 5529 circa
1420 5473 1556 5528 idem
1600 5479 1823 5544 tempus.

536 5545 608 5596 Ex
628 5544 831 5616 eodem
850 5559 992 5616 agro
1009 5544 1821 5616 (Ias—siciacodeditepistolam
1836 5544 1927 5598 hic
1942 5559 2107 5614 quar-

460 5619 577 5667 tam
610 5614 678 5666 ad
722 5615 1046 5668 Nebridium
1077 5632 1194 5686 qua
1242 5618 1320 5671 illi
1356 5614 1758 5671 satisfamebat
1792 5616 2105 5686 inquirenti

456 5690 747 5758 quantum
767 5686 821 5758 in
849 5700 1085 5737 secessu
1106 5686 1469 5753 profecisset.
1494 5689 1844 5742 Exciderunt
1866 5687 2105 5758 reliqum

461 5754 729 5823 Epistolas
754 5756 831 5809 ab
860 5758 1186 5821 Augustino
1210 5771 1312 5826 per
1339 5758 1392 5811 id
1426 5760 1521 5812 otii
1553 5760 1627 5813 ad
1653 5754 2104 5813 Nebridium'di-

454 5834 639 5890 ctatze,
656 5842 809 5898 quas
824 5826 1038 5897 majori
1066 5842 1317 5882 numero
1330 5835 1506 5899 atque
1522 5829 1876 5901 impensiori
1900 5828 2102 5885 studio

2022 157 2404 214 PREFATIO
2417 196 2434 214 .

3864 162 3934 217 16

2282 282 2657 354 conscriptas
2674 282 2856 338 fuisse
2886 298 2954 338 ex
2987 281 3165 339 allato
3186 282 3440 339 locolib.
3465 284 3500 338 9
3532 285 3707 354 Conf.
3727 286 3937 344 subin-

2284 354 2617 424 telligimus.

2602 427 2662 479 V.
2704 454 2774 464 —
2812 425 3041 495 Scripta
3061 424 3211 479 circa
3236 426 3332 495 ﬁn.
3366 441 3461 481 an.
3487 428 3610 482 388.

2354 495 2566 560 Quinta
2588 501 2677 550 est
2694 511 2764 550 ea
2793 512 2978 566 quam
2997 512 3031 549 a
3056 496 3324 550 Nebridio
3349 499 3589 567 recepit,
3618 514 3753 553 cum
3778 507 3936 556 esset

2280 566 2571 639 Thagaste
2596 568 2652 620 in
2677 567 2867 621 Africa
2891 583 2905 632 ;
2928 582 3049 637 quo
3066 582 3135 621 ex
3168 568 3332 623 Italia
3352 566 3522 623 rediit
3544 576 3679 639 post
3700 572 3933 627 Maximi

2285 638 2517 709 tyranni
2549 654 2776 700 necem.
2811 654 2946 709 quas
2987 653 3084 692 an.
3118 638 3243 710 388,
3278 654 3484 694 mense
3520 638 3669 710 julio
3702 642 3792 696 vel
3832 659 3935 698 au-

2282 715 2458 777 gusto
2471 710 2703 764 accidit.
2724 711 2956 781 Miratur
2970 709 3282 764 Nebridius
3295 709 3691 781 Augustinum
3710 730 3769 767 se
3792 712 3934 769 Tha-

2280 780 2645 852 gastensium
2678 780 3180 852 civiuminegotiis
3209 780 3647 852 interpellatum
3677 800 3797 840 non
3824 784 3933 841 im-

2324 852 2568 927 atienter
2609 851 2778 914 ferre,
2829 851 3108 923 doletque
3146 851 3415 927 nondum
3462 854 3785 927 redditam,
3815 856 3932 927 ipsi

2307 923 2486 987 uisse,
2548 938 2729 993 quam
2790 927 3097 993 tantopere
3145 923 3491 993 exoptabat,
3533 940 3568 980 a
3608 923 3932 983 mundanis

2280 994 2433 1048 curis
2450 995 2861 1048 cessationem.
2882 994 3121 1048 Videtur
3138 993 3338 1065 itaque
3360 994 3710 1052 collocanda
3729 998 3932 1054 isthmc

2279 1066 2526 1139 epistola
2558 1065 2765 1139 iniine
2794 1065 3063 1133 ejusdem
3085 1067 3225 1139 anni
3258 1068 3378 1139 388,
3413 1074 3517 1122 aut
3540 1071 3598 1123 in
3628 1070 3930 1139 sequentis

2279 1136 2697 1211 anniexordio.
2716 1138 2864 1190 Nam
2882 1137 3246 1211 Augustinus
3258 1138 3613 1207 Thagastem
3630 1136 3928 1211 reversus,

2277 1206 2754 1281 haudquaquam
2777 1207 3077 1281 sustinuit,
3098 1208 3243 1278 quin
3264 1206 3617 1281 conoeptum
3642 1212 3767 1281 jam
3791 1206 3927 1266 inde

2278 1295 2315 1334 a
2341 1277 2843 1349 suo'baptismate
2870 1277 3188 1332 consilium
3218 1277 3525 1334 secedendi
3552 1277 3689 1337 cum
3716 1282 3928 1337 amicis

2278 1350 2337 1405 in
2361 1364 2557 1420 agros,
2577 1364 2726 1424 quos
2747 1349 2819 1404 ad
2845 1349 3196 1424 Thagastern
3222 1351 3630 1424 possidebant,
3648 1370 3925 1424 exseque-

2275 1426 2437 1476 retur
2451 1421 2897 1493 quamprimum
2920 1420 3135 1493 liceret.
3157 1420 3438 1493 Etreipsa
3453 1423 3568 1478 illic
3585 1426 3641 1478 in
3662 1420 3924 1490 secessu,

2277 1508 2312 1547 a
2334 1508 2398 1565 se
2405 1494 2532 1565 jam
2556 1492 2825 1547 alienatis
2845 1492 3001 1565 curis
3014 1492 3418 1565 saecularibus,
3435 1498 3717 1565 transegit
3737 1496 3925 1551 ferme

2276 1564 2693 1637 trien_nium,ex
2713 1562 2999 1637 Possidio,
3015 1578 3147 1637 cap.
3164 1563 3218 1629 3,
3234 1565 3423 1637 donec
3436 1562 3764 1637 Hipponem
3782 1568 3926 1623 data

2274 1634 2541 1706 quadam
2569 1634 2882 1708 occasione
2904 1634 3225 1708 profectus,
3251 1635 3329 1690 ibi
3356 1634 3664 1708 presbyter
3682 1637 3923 1694 ordina-

2270 1705 2630 1786 retur,quod
2654 1721 2814 1760 anno
2839 1709 2933 1786 39}
2970 1707 3483 1786 ineuntecontigit.
3507 1705 3780 1786 Attamen
3804 1709 3924 1786 dici

2274 1783 2467 1856 potest
2486 1777 2685 1902 igsum
2710 1792 2818 1857 suo
2837 1777 3096 1832 etiamin
3116 1792 3376 1842 secessu,
3393 1777 3535 1833 cum
3551 1780 3803 1835 nimium
3827 1781 3924 1836 ille

2274 1854 2327 1902 et
2344 1863 2505 1902 acm
2556 1864 2623 1901 us
2649 1863 2771 1902 suis
2789 1855 3110 1902 amaretur.
3134 1853 3192 1902 et
3213 1865 3282 1902 ex
3311 1865 3486 1902 aequo
3504 1850 3659 1902 cives
3677 1867 3816 1902 suos
3838 1868 3924 1902 re-

2273 1854 2327 1921 et
2344 1850 2623 1903 acivibus
2649 1850 2771 1902 suis
2789 1855 3110 1921 amaretur,
3134 1853 3192 1902 et
3213 1865 3282 1904 ex
3311 1865 3486 1921 aequo
3504 1850 3659 1906 cives
3677 1867 3816 1906 suos
3838 1868 3925 1907 re-

2272 1920 2562 1993 damaret,
2579 1918 3225 1993 suscepisseinterduin
3246 1918 3447 1993 curam
3475 1922 3811 1993 graviorum
3828 1939 3924 1977 ne-

2273 1992 2591 2062 gotiorum,
2614 2006 2748 2060 quas
2770 1990 2844 2044 ad
2869 1991 3066 2061 ipsum
3092 1989 3560 2061 perferebantur.

2486 2061 2577 2127 Vl,
2600 2062 2713 2115 Vll.
2732 2091 2795 2132 έ
2818 2062 3037 2132 Scripta
3053 2064 3207 2116 circa
3228 2063 3451 2117 initium
3467 2080 3561 2119 an.
3582 2064 3706 2120 389.

2343 2133 2530 2205 Sexta:
2553 2131 2815 2205 epistola
2835 2131 3072 2205 tempus
3095 2138 3419 2205 utcumque
3446 2135 3701 2191 habetur
3716 2153 3787 2193 ex
3804 2141 3927 2193 Au-

2315 2203 2487 2276 ustini
2536 2203 3134 2276 rescriptoproxime
3164 2203 3584 2276 subsequente,
3619 2207 3745 2274 ubi,
3779 2225 3837 2263 η.
3866 2213 3921 2275 4,

2326 2274 2646 2329 erecundum
2684 2274 3040 2350 familiarem»
3066 2274 3383 2350 quondam;
3411 2294 3585 2332 suum
3638 2274 3925 2350 appellat.

2271 2347 2491 2417 Nempe
2506 2345 2873 2417 Augustinus
2887 2348 3045 2417 apud
3064 2346 3338 2402 Mediolan
3351 2365 3447 2402 um
3463 2345 3803 2405 existen's'de
3820 2353 3926 2406 Ve-

2270 2416 2555 2495 recundo,
2573 2419 2616 2471 si
2635 2416 2748 2495 illic
2770 2416 3040 2495 adhu’cin
3063 2418 3213 2495 vivis
3237 2424 3453 2495 ageret.
3472 2435 3591 2475 non
3619 2421 3701 2495 sic
3716 2421 3926 2495 loque-

2269 2495 2428 2563 retur
2444 2504 2457 2552 ;
2473 2494 2527 2542 et
2544 2487 2732 2563 multo
2749 2490 2869 2542 min
2882 2505 2952 2563 us
2963 2489 3123 2559 apud
3145 2489 3569 2555 Cassiciacum,
3595 2491 3693 2547 ubi
3712 2487 3839 2563 ips'e
3858 2496 3923 2550 in

2270 2560 2595 2613 Verecundi
2619 2558 2752 2613 villa
2766 2558 3132 2615 versabatur.
3155 2563 3352 2620 Neque
3366 2563 3439 2617 de
3452 2570 3664 2618 caetero
3684 2558 3923 2620 videtur

2269 2629 2769 2706 referenda_utraq
2781 2646 2850 2706 ue
2864 2630 3112 2706 epistola
3124 2631 3216 2706 ad
3230 2629 3374 2706 illud
3392 2636 3649 2704 tempus,
3664 2650 3785 2706 quo
3801 2639 3920 2691 Ro-

2271 2716 2383 2777 mm
2414 2701 2756 2777 morabatur
2780 2701 3165 2777 Augustinus,
3184 2703 3316 2756 licet
3334 2701 3710 2777 verecundus
3732 2722 3836 2777 per
3855 2707 3919 2762 id

2269 2774 2595 2845 temporise
2610 2772 2758 2826 vivis
2780 2774 3097 2828 excesserit
3115 2789 3128 2838 ;
3146 2777 3275 2828 tum
3288 2775 3597 2845 quiaistud
3622 2772 3758 2831 cum
3774 2793 3923 2833 voce

2300 2843 2529 2917 uondam
2550 2858 2669 2898 non
2683 2845 2976 2917 congruit,
2994 2850 3120 2917 tum
3142 2843 3527 2915 quiaﬁullum
3550 2847 3920 2917 ejuscemodi

2294 2915 2527 2987 itterarii
2551 2914 2912 2980 commercii,
2938 2915 3100 2987 quod
3127 2914 3267 2971 tunc
3283 2914 3618 2987 Augustino
3645 2935 3782 2973 cum
3806 2923 3920 2976 Ne-

2266 2984 2891 3061 bridiointercesserit,
2917 2984 3402 3061 indiciumnobis
3413 2991 3689 3061 suppetit.
3713 2990 3805 3045 Sic
3828 3007 3922 3045 er-

2310 3057 2661 3131 oepistolas
2684 3062 2927 3131 sextam
2957 3057 3210 3131 Nebridii
3234 3064 3289 3113 et
3313 3057 3631 3130 septimam
3671 3068 3814 3131 Aug.
3845 3062 3923 3116 ad

2323 3127 2612 3204 ebridium,
2651 3129 2769 3204 illis
2805 3128 2932 3197 jam
2959 3128 3019 3183 in
3060 3128 3253 3184 Africa
3283 3127 3617 3187 constitutis
3662 3127 3920 3204 scriptas

2263 3197 2447 3254 fuisse
2471 3199 2823 3268 colligimus.

2479 3271 2764 3343 Vill-XIV.
2792 3300 2859 3309 —
2884 3269 3108 3343 Scripta:
3131 3270 3292 3343 circa
3306 3270 3445 3325 idem
3470 3280 3690 3343 tempus.

2339 3340 2498 3413 Idem
2527 3357 2704 3412 porro
2730 3341 2805 3413 de
2823 3340 3065 3411 reliquis
3087 3340 3351 3411 epistolis
3373 3359 3526 3413 quas
3550 3340 3625 3398 ad
3649 3361 3711 3398 se
3742 3344 3923 3399 vicis-

2266 3411 2375 3465 sim
2398 3411 2703 3477 miseruut,
2725 3412 2784 3466 id
2808 3418 2896 3465 est
2916 3419 3151 3475 octava,
3180 3428 3360 3478 nona,
3384 3411 3639 3478 decima,
3668 3416 3925 3471 undeci-

2274 3498 2395 3546 ma,
2410 3482 2445 3535 d
2458 3483 2790 3555 uodecima,
2806 3483 2975 3537 tertia
2992 3482 3227 3537 decima
3240 3485 3923 3555 etqnartadecima,lon-

2273 3567 2344 3627 ge
2369 3554 2779 3627 magisiiquet.
2814 3555 3167 3627 Quanquam
3197 3554 3355 3627 enim
3384 3557 3667 3627 temporis
3699 3558 3921 3613 articu-

2269 3624 2539 3699 lumquo
2564 3624 2814 3699 singulae
2836 3624 2990 3699 datae
3012 3625 3270 3689 fuerunt,
3289 3626 3451 3699 haud
3474 3624 3812 3699 expeditum
3839 3632 3921 3687 sit

2268 3695 2543 3770 distincte
2557 3695 2865 3770 assignare
2886 3712 2898 3750 :
2924 3696 2974 3770 is
3001 3704 3198 3752 tamen
3213 3698 3362 3753 ordo
3378 3695 3563 3770 quem
3575 3700 3668 3755 hic
3684 3701 3740 3755 in
3752 3709 3834 3755 ter
3844 3718 3915 3758 se

2268 3772 2463 3821 tenent
2488 3766 2657 3822 facile
2676 3767 3053 3822 constituitur
3069 3783 3140 3822 ex
3153 3774 3362 3824 mutuo
3384 3766 3590 3825 earum
3613 3779 3913 3827 respectu.

2266 3837 2352 3891 Ad
2380 3844 2711 3893 extremum
2738 3838 2795 3893 id
2819 3843 2977 3893 certo
2999 3838 3213 3893 certius
3236 3844 3340 3909 est,
3364 3855 3574 3896 omnes
3601 3842 3675 3897 ad
3705 3837 3916 3899 Nebri-

2265 3909 2429 3985 dium
2444 3910 2725 3985 epistolas
2740 3915 3114 3985 anteannum
3132 3911 3225 3985 39f
3248 3910 3558 3985 prodiisse.
3584 3913 3813 3985 Quippe
3830 3915 3914 3970 de

2265 3979 2428 4034 obitu
2442 3980 2704 4035 Nebridii
2719 3980 2923 4055 scribit
2938 3979 3306 4055 Augustinus
3328 3982 3387 4036 in
3401 3982 3550 4037 libro
3566 3979 3915 4055 9Coafessio-

2269 4066 2414 4113 num,
2439 4067 2488 4106 c.
2514 4056 2543 4107 3
2559 4068 2617 4106 n.
2642 4055 2672 4106 6
2704 4068 2715 4105 :
2739 4052 2901 4117 Quem
2921 4067 3024 4104 non
3048 4052 3213 4106 multo
3227 4060 3351 4122 post
3373 4052 3760 4109 conversionem
3781 4073 3913 4113 nos-

2267 4126 2415 4176 tram
2429 4128 2477 4175 et
2490 4123 2944 4192 regenerationem
2957 4138 3053 4191 per
3064 4122 3400 4193 baptismum.
3413 4166 3425 4178 .
3437 4166 3448 4178 .
3461 4163 3473 4176 .
3491 4141 3655 4180 carne
3673 4127 3910 4186 solvisti.

2264 4193 2482 4265 Quibus
2506 4193 2699 4248 verbis
2727 4200 2928 4265 aperte
2949 4194 3237 4248 docemur
3259 4201 3561 4250 mortuum
3594 4197 3777 4252 fuisse
3798 4198 3914 4253 Ne-

2261 4262 2543 4323 bridium.
2573 4262 2896 4335 antequam
2928 4265 3001 4335 ad
3031 4264 3469 4335 presbyterium
3500 4276 3912 4326 assumeretur

2262 4336 2643 4409 Augustinus.
2670 4334 2933 4409 At’quiad
2949 4334 3005 4389 id
3024 4334 3604 4409 munuSassumptus
3622 4340 3909 4399 fuitanno

2260 4406 2449 4461 39t’ex
2463 4406 2826 4461 eruditorum
2851 4406 3288 4472 observatione,
3304 4406 3542 4463 duobus
3560 4412 3694 4465 nixa
3718 4413 3913 4468 Possi-

2260 4477 2335 4531 dii
2357 4477 2700 4549 testimoniis
2714 4478 2814 4549 qui
2831 4477 3091 4547 primum
3106 4494 3237 4549 cap.
3254 4482 3306 4543 3,
3322 4479 3502 4535 ﬁdem
3518 4481 3656 4536 facit
3673 4482 3910 4549 Augus-

2259 4549 2448 4603 tinum
2470 4564 2540 4603 ex
2559 4548 2787 4603 ltaliain
2804 4548 3055 4604 Africam
3074 4564 3407 4620 regressum
3424 4552 3479 4605 in
3499 4568 3734 4608 secessu
3756 4548 3908 4611 Tha-

2255 4622 2512 4693 gastensi
2524 4619 3467 4693 [ermetriennioconstitisse,tumq
3479 4638 3550 4677 ue
3562 4624 3906 4684 ordinatum

2254 4690 2433 4745 fuisse
2456 4690 2862 4768 presbyterum
2886 4692 3046 4763 apud
3069 4691 3425 4768 Hipponem.
3456 4690 3645 4750 'Porro
3671 4712 3905 4768 regres-

2253 4766 2479 4838 _s_us_est
2525 4762 2890 4838 Augustinus
2918 4762 3110 4838 anno,
3147 4762 3545 4838 iut_diximn_s,
3586 4766 3712 4838 388.
3740 4762 3904 4838 'post

2250 4833 2474 4906 maximi
2499 4848 2726 4887 necem.
2757 4833 2969 4889 Deinde
2997 4849 3128 4906 cap.
3150 4838 3207 4890 3t
3239 4833 3434 4906 ipsum
3456 4835 3717 4891 clericatu
3732 4833 3813 4892 vel
3836 4843 3898 4896 in

2247 4905 2548 4975 episcopatu
2576 4906 2738 4958 annis
2759 4907 2925 4972 ferme
2952 4905 3340 4975 quadraginta,
3372 4906 3589 4960 scilicet
3628 4908 3704 4961 ad
3728 4910 3895 4966 diem

2249 4991 2434 5047 usque
2448 4976 2764 5044 28augusti
2778 4975 2919 5030 anni
2943 4981 3063 5044 430,
3079 4976 3289 5031 vixisse
3309 4981 3572 5031 testatur.
3600 4978 3779 5035 Porro
3793 4982 3898 5040 illa

2243 5046 2426 5121 ipsius
2440 5046 2734 5121 ordinatio
2759 5047 3057 5121 nonnullis
3078 5048 3533 5121 quadragesima
3548 5047 3889 5121 incipiente,

2241 5118 2415 5172 nobis
2459 5118 2770 5189 aliquanto
2801 5124 2935 5174 ante
2953 5117 3186 5175 dierum
3208 5118 3401 5190 spatio
3418 5117 3577 5175 facta
3609 5117 3838 5178 videtur
3873 5142 3885 5179 :

2238 5190 2459 5263 quippe
2473 5206 2608 5243 cum
2627 5191 2987 5263 Augustinus
3002 5191 3409 5263 presbyteratu
3427 5200 3705 5263 suscepto
3723 5210 3783 5247 se
3804 5196 3890 5249 vi-

2236 5260 2647 5336 ricumsuarum
2669 5261 2725 5336 in
2742 5277 2810 5336 e_o
2830 5276 3073 5336 munere
3092 5260 3339 5336 atquein
3359 5262 3541 5336 divini
3558 5260 3719 5336 verbi
3739 5281 3886 5336 prm-

2232 5332 2525 5386 dicatione
2557 5332 2886 5404 periculum
2912 5331 3119 5404 fecisse
3147 5331 3205 5404 in
3228 5333 3478 5404 epistola
3510 5350 3624 5395 xxI,
3650 5331 3883 5402 innuat,

2230 5403 2309 5458 ob
2338 5404 2515 5527 idque
2543 5419 2577 5457 a
2606 5402 2832 5484 Valerio
2866 5403 3148 5474 episcopo
3180 5402 3451 5473 ﬂagitare
3478 5421 3540 5459 se
3570 5407 3728 5462 dicat
3755 5408 3888 5462 die-

2230 5489 2359 5527 rum
2380 5492 2412 5527 a
2440 5478 2602 5527 iauot
2620 5473 2891 5527 induetas
2908 5478 2964 5527 et
2990 5473 3328 5527 facultatem
3350 5476 3426 5527 ad
3448 5477 3671 5527 Pascha
3690 5495 3882 5527 “sane

2228 5489 2359 5528 rum
2380 5473 2602 5551 aliquot
2620 5473 3426 5551 induciasetfacultatemad
3447 5477 3672 5551 Pascha
3690 5495 3882 5551 usque

2227 5544 2560 5622 secedendi,
2587 5550 2649 5622 ut
2670 5545 2853 5622 sacris
2884 5544 3128 5622 Litteris,
3160 5546 3218 5601 in
3242 5546 3462 5619 quibus
3495 5549 3695 5604 minus
3725 5544 3883 5622 péri-

2221 5621 2343 5671 tum
2377 5616 2736 5688 sejamctum
2770 5616 3154 5688 intelligebat,
3184 5616 3430 5688 operam
3464 5627 3657 5678 navet.

2554 5686 2677 5740 XV.
2708 5718 2771 5727 ——-
2803 5687 3023 5758 Scripta
3055 5689 3199 5742 circa
3228 5686 3334 5745 an.
3364 5692 3485 5745 390.

2288 5756 2606 5832 Epistolam
2628 5758 2698 5832 ad
2719 5756 3138 5832 Romaa'ianum,
3160 5774 3293 5832 quae
3309 5759 3409 5832 hic
3431 5759 3641 5832 ordine
3659 5763 3873 5832 quinta

2212 5827 2446 5885 decima
2457 5830 2856 5903 est,scriptam
2870 5830 2949 5887 ab
2960 5827 3427 5904 Augustinojam
3440 5827 3727 5907 episcopo
3745 5849 3870 5893 cre-
