4108 6172
158 149 218 205 21
1698 152 2106 213 ΡΒᾹΞΕΑΤΙΟ.
3521 165 3594 219 22

163 274 249 337 tis,
272 288 436 351 agn.
458 277 513 328 2.
529 273 812 351 Hegalius
836 289 1011 346 porro
1026 278 1209 351 paulo
1226 283 1361 334 ante
1378 277 1622 343 obierat,
1640 294 1825 351 quam

160 345 486 421 concilium
518 345 872 421 Carthagine
895 364 993 421 an.
1021 345 1141 417 397,
1173 350 1267 405 die
1289 354 1358 405 28
1385 352 1618 421 augusti
1648 345 1825 408 liabe-

161 423 336 472 retur.
360 419 487 472 Hoc
511 418 670 472 enim
687 417 743 472 in
763 419 1015 475 concilio
1034 426 1279 477 testatur
1303 417 1570 478 Aurelius
1597 422 1824 478 litteras

163 506 195 567 a
224 489 648 567 Crescentiano
680 490 810 567 sib_i_
836 493 1220 567 transmissas
1260 494 1460 558 fuisse,
1500 494 1723 567 quibus
1763 508 1824 550 se

162 561 283 635 ipse
310 560 753 635 Qrecentianus
770 562 1057 618 Numidia
1082 565 1393 635 primatem
1417 560 1545 620 esse
1568 566 1827 620 insinua-

166 632 284 685 bat.
323 632 711 704 Quapropter
742 632 898 688 hanc
928 632 1240 704 epistolam
1274 638 1387 691 sub
1423 638 1691 692 medium
1724 652 1825 690 an-

164 718 306 779 num
347 706 452 757 397
501 703 892 779 reponimus;
930 703 1094 779 quod
1141 707 1270 776 ejus
1309 714 1545 779 tempus
1586 724 1665 779 ex
1707 706 1824 762 alio

163 774 363 829 itidem
386 774 585 849 capite
603 774 1205 849 facileinves'tigatur.
1220 781 1347 834 Nan
1367 774 1502 833 cum
1524 778 1595 833 ad
1615 779 1823 849 Pro/u-

162 854 351 921 terum
368 845 606 916 perlata
618 845 952 921 sitepistola
966 863 1070 919 per
1084 849 1395 913 Victorem,
1416 850 1520 921 qui
1540 845 1824 905 Constan-

162 917 349 972 tinam
366 918 856 987 perrecturus,de
872 934 940 973 eo
967 917 1821 991 'ramonueratA'ugustinum,

162 1005 227 1044 ex
252 1004 312 1043 ιι.
340 988 375 1042 3
402 1004 526 1043 ιιοιι
558 994 747 1045 potest
776 988 836 1044 in
862 936 1113 1045 duﬁium
1140 991 1359 1045 vocari.
1387 993 1533 1045 quin
1560 992 1665 1045 iste
1691 993 1821 1045 Pro-

158 1005 227 1063 ex
252 1004 312 1043 ιι.
340 988 375 1042 3
402 1004 541 1063 non
558 994 747 1063 potest
771 988 836 1063 in
862 988 1113 1046 dubium
1140 991 1367 1063 vocari,
1387 988 1533 1063 quin
1560 992 1665 1046 iste
1691 993 1827 1047 Pro-

156 1060 400 1135 futurus
415 1060 515 1114 ille
528 1060 928 1135 ipsesitCirta
945 1076 1050 1135 seu
1061 1060 1469 1135 gonstantin'a
1483 1064 1824 1135 episcopus,

160 1132 265 1203 qui
288 1133 348 1185 in
371 1146 509 1201 cap.
546 1135 629 1195 l6,
648 1131 751 1203 lib.
777 1132 842 1187 de
874 1134 1029 1187 unico
1052 1133 1327 1200 Baptism
1346 1140 1485 1189 cont.
1510 1131 1828 1191 Petitfcir-

161 1201 305 1257 diter
327 1218 430 1257 an.
463 1205 571 1275 400
591 1201 772 1269 edito,
794 1210 923 1259 ante
946 1206 1291 1273 paucissimos
1324 1223 1490 1260 annos
1519 1205 1826 1275 defunctus,

159 1279 222 1328 et
253 1274 559 1349 Fortunati
603 1280 739 1349 tunc
783 1275 988 1349 sedem
1021 1276 1182 1349 illam
1218 1274 1828 1349 occupantisprade-

162 1360 365 1417 cessor
385 1345 631 1400 dicitur.
668 1348 889 1417 Nempe
912 1347 1259 1402 Profuturus
1285 1345 1446 1403 anno
1475 1351 1577 1404 394
1600 1345 1701 1404 aut
1724 1351 1825 1403 395

162 1416 473 1489 ordinatus
509 1416 853 1489 episcopus,
886 1433 1004 1472 non
1039 1419 1225 1473 multo
1256 1425 1445 1489 poste
1476 1420 1594 1474 vita
1626 1420 1827 1474 deces-

172 1489 266 1550 sit,
312 1486 396 1541 uti
430 1487 661 1542 collatis
696 1487 962 1558 epistolis
992 1505 1194 1555 xxvm,
1243 1486 1300 1543 ιι.
1342 1496 1389 1556 1,
1421 1494 1477 1546 et
1507 1507 1661 1554 uxr,
1691 1507 1742 1545 c.
1776 1490 1826 1553 1,

169 1574 227 1613 ιι.
257 1562 311 1622 2,
336 1574 487 1631 cum
519 1558 770 1631 epistola
804 1576 977 1623 Lxxu,
1006 1576 1057 1614 c.
1092 1561 1143 1626 1,
1182 1576 1240 1615 ιι.
1284 1566 1327 1625 I,
1365 1561 1730 1631 intelligitur.
1769 1562 1830 1616 Et

175 1646 315 1703 sane
329 1630 530 1702 ipsum
549 1630 794 1698 Megalio
809 1631 1048 1703 nonnisi
1066 1632 1350 1702 perbreve
1364 1630 1602 1702 tempus
1626 1648 1830 1703 super-

173 1700 385 1756 vixisse
401 1706 640 1773 Oportet
660 1702 907 1773 quando
930 1700 1115 1773 ipsius
1143 1719 1456 1759 successor
1476 1700 1829 1760 Fortunatus

171 1773 330 1855 prius
364 1772 691 1855 ordinatus
730 1772 858 1855 fuit,
893 1789 1080 1855 quam
1125 1774 1345 1845 Megalii
1374 1778 1720 1855 _pr02timus,
1771 1780 1832 1829 ut

173 1848 403 1926 putant,
430 1858 745 1926 successor
773 1844 1103 1926 Possidius;
1128 1844 1740 1926 quemadmodumgs
1760 1862 1831 1901 eo

173 1916 355 1986 probe
378 1915 603 1987 colligit
628 1916 911 1987 Henricus
937 1916 1011 1971 de
1034 1915 1201 1972 Noris
1228 1917 1283 1971 in
1314 1917 1416 1974 lib.
1442 1924 1473 1973 2
1496 1918 1617 1973 bist.
1646 1917 1827 1987 Pelag.

169 2003 217 2041 c.
245 1992 298 2051 8,
326 1986 496 2058 quod
522 1987 578 2058 in
602 1986 917 2042 collatione
940 1988 1387 2056 Carthagiuensi
1416 2005 1513 2044 an.
1540 1992 1662 2052 411,
1689 1994 1745 2044 et
1772 1986 1830 2044 in

172 2057 424 2130 epistola
453 2057 796 2130 Milevitana
829 2058 1043 2129 synodi
1066 2075 1163 2113 an.
1193 2063 1295 2115 416
1318 2060 1674 2117 Fortunatus
1695 2066 1830 2115 ante

176 2129 509 2202 Pessidium
538 2129 903 2202 nominetur.
938 2132 987 2184 Is
1018 2131 1176 2202 enim
1208 2131 1358 2186 inter
1390 2131 1696 2187 Africanos
1731 2147 1833 2202 pa-

174 2209 282 2275 tres
322 2200 478 2255 ordo
520 2200 793 2275 religiose
844 2201 1218 2275 servabatur,
1259 2203 1360 2272 qui
1402 2219 1510 2275 pro
1550 2200 1831 2272 suscepto

171 2273 528 2342 episcOpatu
550 2272 764 2396 cuigne
790 2272 1184 2342 competebat.
1230 2272 1432 2345 Dequo
1464 2290 1627 2329 more
1658 2290 1833 2329 cons-

173 2349 361 2396 tanter
411 2343 636 2396 retinet]
686 2358 719 2396 0
759 2349 960 2396 actum
1001 2350 1090 2396 est
1131 2344 1189 2396 in
1231 2345 1464 2396 svnodo
1501 2345 1831 2396 Milevitana

173 2349 361 2398 tenter
411 2343 719 2416 retinendo
759 2349 960 2416 actum
1001 2350 1090 2416 est
1131 2344 1189 2399 in
1231 2343 1464 2416 synodo
1501 2345 1831 2402 Milevitana

173 2430 248 2469 an
288 2418 415 2477 £02,
448 2414 544 2467 die
576 2414 641 2467 27
676 2415 912 2483 augusti
946 2415 1261 2471 celebrata.

494 2485 711 2540 XXXIX.
742 2516 812 2557 7—7-
861 2484 1077 2557 Scripta
1104 2489 1244 2555 forte
1272 2504 1363 2541 an.
1397 2485 1521 2541 397.

251 2554 592 2630 Prasidioin
610 2554 997 2630 Occidentem
1012 2554 1315 2630 naviganti
1340 2558 1697 2630 Hieronymus
1712 2555 1831 2630 epi-

173 2624 398 2679 stolam
440 2627 529 2680 hic
560 2626 921 2696 trigesimam
957 2624 1185 2684 nonani
1215 2624 1682 2684 commendavit.
1731 2624 1829 2683 Ha

171 2696 457 2751 secunda
498 2704 633 2752 sunt
662 2698 847 2768 ipsius
878 2699 951 2753 ad
990 2702 1386 2769 Augustinum
1422 2700 1647 2754 littera.
1681 2701 1827 2754 Nam

170 2771 419 2842 primas,
451 2784 590 2839 qua
627 2770 985 2842 exciderunt,
1022 2787 1126 2842 per
1170 2772 1463 2842 Asterium
1493 2771 1828 2842 diaconum

170 2840 434 2901 miserat.
469 2850 796 2910 promptum,
829 2848 890 2896 ut
921 2840 1035 2906 hic,
1070 2858 1128 2897 ιι.
1160 2847 1206 2906 1,
1236 2842 1335 2905 ait,
1372 2841 1593 2896 reddens
1617 2842 1831 2895 saluta-

167 2912 337 2965 tionis
367 2910 710 2982 obsequium:
742 2928 859 2967 non
892 2914 1134 2984 quidem
1169 2929 1275 2984 pro
1309 2916 1556 2984 receptis
1587 2919 1721 2968 ante
1752 2912 1829 2967 ab

170 2984 512 3054 Augustino
529 2983 755 3049 litteris,
774 2984 901 3051 sed,
919 2983 984 3038 ιιι
1004 2986 1130 3054 ipse
1152 2983 1518 3054 Augustinus
1540 2985 1596 3038 in
1628 2984 1829 3038 subse-

168 3059 386 3125 quente
418 3053 695 3125 epistola,
725 3071 782 3111 ιι.
826 3062 869 3120 1,
900 3053 1184 3122 rescribit,
1224 3053 1323 3126 pro
1352 3055 1652 3126 subscripta
1679 3055 1829 3110 salu-

166 3126 386 3180 tatione.
424 3127 491 3180 In
521 3126 704 3181 hacce
725 3126 998 3197 epistola,
1018 3144 1075 3182 ιι.
1110 3132 1160 3192 2,
1184 3129 1573 3197 Hieronymus
1606 3128 1829 3181 salvere

163 3197 329 3277 jubet
363 3196 645 3267 Alypium
672 3197 1273 3277 Papam,“eodemque
1300 3196 1465 3253 titulo
1494 3198 1679 3277 donat
1708 3204 1828 3252 Au-

171 3268 514 3335 gustinum;
536 3268 1139 3340 exquointelligimus
1158 3268 1292 3326 eam
1312 3285 1433 3324 non
1447 3275 1583 3340 ante
1601 3284 1829 3324 annum

168 3343 265 3394 396
288 3339 613 3412 scripsisse
630 3339 654 3393 :’
671 3356 805 3395 cum
826 3356 943 3412 que
965 3341 1293 3412 Augustino
1314 3340 1389 3395 ad
1413 3339 1828 3412 episcopatum

166 3416 454 3481 provecto
479 3410 537 3482 in
562 3426 633 3465 ea
655 3425 774 3465 non
801 3410 1150 3482 gratuletur,
1178 3412 1237 3467 id
1260 3410 1559 3467 credimus
1585 3410 1663 3465 ab
1701 3412 1830 3481 ipso

168 3484 430 3553 prastitu
442 3499 500 3536 m
519 3481 723 3553 litteris
738 3481 1041 3552 superiore
1054 3498 1215 3538 anno
1231 3499 1327 3553 per
1342 3483 1631 3537 Asterium
1646 3482 1829 3553 direc-

169 3555 257 3607 tis.
289 3553 378 3607 Ad
396 3552 533 3608 hac
556 3552 857 3625 signiﬁcat
884 3552 1277 3625 Hieronymus
1301 3571 1359 3607 se
1384 3554 1440 3608 in
1472 3552 1830 3625 monasterio

167 3626 587 3687 constitutum,
621 3623 1007 3680 nihilominus
1044 3623 1218 3679 variis
1258 3625 1383 3679 hinc
1422 3624 1544 3679 inde
1582 3623 1832 3694 ﬂuctibus

165 3696 337 3777 quati.
365 3696 750 3777 Quapropter
782 3696 1101 3777 Epistolam
1144 3712 1261 3750 non
1291 3701 1430 3777 post
1460 3711 1687 3777 annum
1725 3695 1825 3749 397

165 3766 457 3839 scriptam
480 3766 909 3839 ducimustsed
935 3773 1258 3839 antequam
1288 3766 1414 3838 ipse
1442 3784 1577 3821 cum
1606 3768 1830 3821 Joanne

164 3837 677 3910 Jerosolymitano
704 3838 972 3910 rediisset
1002 3840 1059 3894 in
1088 3837 1339 3908 gratiam
1365 3855 1378 3892 :
1412 3854 1548 3894 cum
1586 3839 1829 3910 minime

166 3908 445 3977 legamus
470 3908 674 3980 ipsum
697 3908 774 3965 ab
795 3909 891 3965 illa
912 3911 1387 3965 reconciliatione
1406 3925 1592 3980 usque
1611 3909 1687 3963 ad
1706 3924 1828 3977 per-

165 3981 511 4036 secutiones
542 3980 601 4035 in
623 3982 905 4036 eumdem
921 3996 955 4035 a
973 3981 1300 4050 Pelagianis
1319 3982 1644 4036 concitatas
1664 3996 1833 4035 occa-

165 4054 398 4108 sionem
429 4052 516 4108 ita
532 4051 941 4124 conquerendi
955 4052 1254 4108 habuisse.
1280 4052 1336 4106 Si
1354 4052 1488 4123 quis
1506 4067 1685 4124 porro
1704 4066 1833 4106 sen-

164 4125 265 4179 tiat
314 4124 482 4178 hanc
526 4122 843 4193 epistolam
881 4122 1831 4195 sexagesimaoctava—posterio-

163 4211 308 4259 rem,
343 4201 404 4250 et
430 4195 803 4265 hancipsam
832 4210 959 4266 esse
980 4194 1039 4249 in
1066 4210 1188 4266 qua
1218 4194 1637 4266 Hieronymus,
1666 4195 1748 4248 uti
1772 4194 1830 4248 in

164 4266 423 4336 epistola
454 4281 671 4329 Lxxxu,
697 4282 753 4321 ιι.
791 4270 838 4328 1,
870 4264 1103 4334 legitur,
1128 4264 1619 4336 epistolam’illam
1642 4280 1831 4335 vam,

168 4353 274 4407 per
318 4338 617 4392 Asterium
656 4352 719 4391 se
757 4336 990 4391 misisse
1024 4336 1361 4402 recolebat;
1398 4352 1572 4391 nemo
1607 4342 1830 4401 tamen,

167 4406 505 4478 speramus,
543 4407 792 4463 moleste
840 4406 979 4463 feret
1036 4425 1144 4463 nos
1185 4408 1318 4464 aliis
1368 4424 1439 4463 ex
1476 4408 1833 4473 coniecturis

169 4481 329 4535 hunc
352 4479 488 4549 ejus
510 4478 888 4551 constituisse
914 4479 1207 4545 ordinem,
1239 4478 1317 4535 ad
1339 4494 1519 4551 quem
1550 4478 1833 4551 pleraque

167 4567 285 4607 non
318 4550 481 4605 male
506 4550 828 4620 quadrant.

463 4623 570 4678 XL.
604 4653 671 4661 -
710 4620 933 4693 Scripta
966 4622 1120 4676 circa
1151 4621 1297 4693 idem,
1326 4627 1547 4693 tempus.

235 4692 365 4749 Sub
397 4691 559 4747 idem
610 4691 845 4764 tempus
890 4694 1189 4764 secundas
1228 4692 1406 4764 etiam
1451 4691 1521 4746 ad
1559 4691 1833 4761 Hierony-

166 4781 315 4844 ιιςιιιι
345 4764 597 4844 litteras,
627 4763 937 4844 epiStolam
963 4763 1182 4844 scilicet
1206 4763 1739 4844 quadragesimae}
1762 4777 1834 4817 ex

167 4835 362 4890 Africa
380 4835 654 4890 mittebat
681 4836 1063 4899 Augustinus,
1082 4833 1455 4903 significans,
1473 4849 1522 4889 c.
1548 4838 1599 4898 5,
1625 4833 1751 4897 n.8,
1770 4849 1834 4888 se

168 4907 403 4976 priores
436 4906 517 4960 ad
549 4922 682 4961 eum
715 4904 936 4961 litteras
965 4906 1220 4965 dedisse.
1264 4922 1400 4976 qua
1433 4905 1670 4976 perlata
1712 4919 1833 4976 non

169 4975 309 5032 sunt
339 4996 353 5042 ;
386 4983 569 5047 atque
600 4979 659 5032 in
682 4976 922 5032 exordio
945 4980 1190 5046 gratiam
1217 4975 1412 5031 habens
1434 4975 1571 5047 quod
1591 4992 1691 5045 pro
1718 4975 1836 5029 sub-

162 5050 379 5117 scripta
404 5046 764 5115 salutatione,
797 5048 1012 5117 plenam
1033 5049 1141 5103 sibi
1167 5046 1458 5116 epistolam’
1490 5046 1833 5111 reddidisset,

165 5120 288 5175 licet
304 5120 629 5174 breviorem.
648 5120 874 5184 Quibus
893 5120 1084 5175 verbis
1103 5135 1221 5173 non
1238 5119 1600 5189 superiorem
1624 5118 1832 5187 episto-

166 5192 285 5247 lam
310 5207 500 5247 χχχιι
520 5196 705 5255 notat,
724 5191 828 5245 sed
846 5190 1093 5246 alteram
1113 5188 1401 5246 hactenus
1413 5188 1744 5244 desiderata
1755 5206 1833 5253 ιιι,

169 5266 225 5317 in
252 5279 380 5334 qua
415 5262 824 5334 Hieronymus
845 5264 1155 5333 Origenem
1184 5261 1496 5334 carpebat;
1527 5261 1606 5315 uti
1640 5259 1836 5334 videre

171 5332 378 5389 esthic
401 5348 539 5403 cap.
562 5336 616 5397 6,
636 5332 702 5389 ιι.
722 5337 777 5397 9,
795 5333 869 5387 de
889 5332 1011 5403 quo
1036 5334 1283 5401 Origene
1307 5332 1451 5387 forte
1473 5332 1835 5403 Augustinus

174 5349 261 5388 est
278 5349 378 5389 nnc
401 5349 539 5403 cap.
562 5349 616 5397 ιι,
642 5349 702 5389 n.
722 5349 777 5397 9,
795 5349 869 5387 ue
937 5350 1011 5388 uo
1036 5349 1283 5401 urigene
1307 5349 1451 5387 torte
1473 5349 1835 5399 augusunus

174 5408 424 5460 verbum
446 5405 685 5466 fecerat.
717 5421 856 5460 cum
874 5349 1114 5459 interius
1134 5404 1450 5473 cujusdam
1471 5403 1671 5457 litteris
1703 5402 1839 5457 sub-

174 5477 438 5532 scribens
472 5492 610 5531 eum
628 5475 894 5531 officiose
922 5476 1221 5531 salutavit.
1256 5478 1330 5530 Ea
1359 5479 1464 5539 est,
1494 5475 1837 5543 cpiuamur,

176 5549 450 5613 epistola.
468 5564 653 5613 quam
674 5563 778 5615 per
791 5547 1083 5601 Asterium
1101 5549 1494 5615 Hieronymus
1509 5545 1838 5600 misitanno

178 5619 378 5674 forsan
400 5618 529 5683 396,
556 5625 617 5673 ut
634 5618 964 5687 Augustino
982 5617 1354 5673 salutationis
1368 5616 1630 5671 ofﬁcium
1649 5616 1839 5687 redhi-

177 5689 357 5745 beret.
376 5690 551 5755 Quod
571 5686 773 5745 autem
799 5689 873 5743 ad
893 5705 982 5752 XL,
1007 5689 1081 5744 de
1102 5704 1221 5756 qua
1244 5687 1501 5757 agimus,
1525 5686 1838 5758 epistolam

179 5764 401 5825 attinet,
424 5760 644 5817 Paulus
665 5761 771 5831 qui
793 5776 929 5817 eam
947 5759 1361 5831 perferendam
1383 5764 1714 5831 acceperat,
1738 5774 1839 5814 na-

180 5832 500 5906 vigationis
520 5830 842 5892 consilium
866 5830 1132 5900 mutavit,
1150 5848 1224 5889 ex
1245 5830 1416 5904 epist.
1436 5846 1673 5897 uxu,c.
1705 5834 1751 5897 1,
1776 5844 1835 5886 ιι.

1938 284 1987 345 1,
2012 294 2121 334 nec
2140 282 2341 358 tamen
2359 279 2993 358 eamadAugustinum
3015 284 3208 339 retulit
3224 284 3397 357 juxta
3414 288 3591 358 epist.

1934 366 2129 430 Lxxin,
2146 364 2206 404 ιι.
2232 354 2260 405 5
2282 366 2294 415 ;
2315 350 2469 430 unde
2489 351 2580 406 ha
2595 350 2800 408 littera
2817 355 2977 424 prius
2996 371 3099 430 per
3123 350 3348 413 Italiam
3368 350 3593 430 sparsa

1935 429 2090 486 sunt,
2106 422 2371 500 quamad
2393 422 2831 500 Hieronymum,
2848 422 3248 491 pervenirent:
3268 422 3428 500 quod
3446 433 3594 486 inter

1936 500 2252 571 utrumque
2270 492 2632 571 discordiam
2646 496 2984 571 animorum
3002 514 3189 552 serere
3211 492 3460 571 poterat,
3479 502 3593 557 nisi

1933 565 2245 631 Augustini
2274 564 2575 619 humilitas
2600 573 2653 619 et
2680 567 2983 631 utriusque
3015 564 3270 625 Charitas
3302 564 3595 628 offensio-

1934 583 2245 631 augusum
2274 583 2575 619 numlutas
2600 583 2653 619 et
2680 583 2862 621 utrius
2915 584 2983 622 ue
3015 583 3270 625 cnaritas
3302 583 3585 628 ollensto-

1934 636 2025 710 nis
2058 636 2291 710 semina
2316 634 2684 710 suffocasset.
2714 638 2846 691 Jain
2868 583 2943 692 (de
2969 640 3153 694 altera
3178 644 3427 710 epistola
3450 650 3585 698 ante

1934 706 2089 783 hanc
2114 707 2472 783 Hieronymo
2491 709 2711 783 scripta
2732 709 3073 783 contigerat,
3098 719 3157 765 ut
3178 706 3305 782 ejus
3333 715 3593 783 perlator

1936 777 2278 832 Profuturus
2302 780 2447 832 dum
2472 794 2597 855 sese
2622 779 2807 855 itineri
2837 777 3108 855 accingit,
3134 777 3415 838 continuo
3438 787 3595 855 epis-

1935 865 2123 919 copus
2140 855 2392 927 creatus,
2410 865 2528 903 non
2546 850 2909 927 trajiceretin
2926 853 3319 922 Palastinam,
3334 871 3400 909 ex
3418 850 3587 927 epist.

1934 936 2108 983 Lxxn,
2141 936 2188 975 c.
2224 927 2264 988 t,
2289 936 2348 992 ιι.
2377 925 2393 974 1
2427 936 2699 984 ;necuon
2720 939 2788 976 ex
2818 925 2985 992 epist.
3016 940 3155 990 ιιιιιι,
3181 941 3231 979 c.
3266 931 3312 988 l,
3333 943 3386 979 ιι.
3412 925 3470 988 2,
3492 928 3588 982 ubi

1933 993 2140 1063 primas
2170 992 2312 1046 istas
2341 991 2561 1066 litteras
2590 1009 2624 1047 a
2652 1010 2711 1046 se
2732 991 2905 1066 adhuc
2928 995 3233 1065 presbytero
3249 1006 3593 1066 prceparatas

1936 1069 2135 1141 monet
2162 1064 2547 1141 Augustinus,
2570 1070 2635 1141 ut
2662 1065 2943 1141 secunda
2965 1064 3431 1139 posterioresque
3461 1071 3592 1141 ipso

1930 1135 2057 1205 jam
2090 1133 2372 1205 episcopo
2403 1134 2636 1189 dictata
2669 1133 3088 1205 intelligantur.

1939 1204 2088 1279 XLI.‘
2112 1204 2175 1244 4-
2215 1204 2435 1279 Scripta
2478 1206 2573 1259 sub
2615 1208 2841 1261 initium
2868 1204 3218 1277 episcopatus
3255 1208 3581 1279 Augustini.

2007 1275 2094 1329 Ad
2127 1292 2317 1348 annos
2338 1275 2725 1347 episcopatus
2758 1275 3073 1345 Augustini
3092 1278 3317 1348 priores
3344 1275 3594 1335 referen-

1936 1346 2077 1401 dam
2106 1347 2382 1421 ducimus
2405 1346 2719 1421 episLOIam
2749 1346 3277 1421 quadragesimam
3308 1352 3591 1421 primam,

1937 1417 2334 1491 conscriptam
2362 1420 2602 1491 nomine
2623 1417 2815 1490 Alypii
2833 1424 2888 1491 et
2904 1421 3232 1489 Augustini,
3249 1417 3348 1491 qui
3368 1422 3597 1477 Aurelio

1937 1490 2384 1563 Carthaginensi
2417 1490 2789 1563 gratulantur
2820 1490 2897 1545 ob
2927 1491 3084 1545 hanc
3119 1490 3418 1563 praecipue
3451 1510 3594 1547 cau-

1940 1576 2092 1625 sam,
2139 1561 2299 1631 quod
2344 1561 2703 1631 presbyteris
2750 1577 2811 1614 se
2861 1569 3150 1631 prasente
3196 1561 3444 1617 verbum
3497 1565 3595 1619 Dei

1938 1631 2101 1703 apud
2138 1632 2429 1703 populum
2480 1637 2728 1687 tractare
2763 1632 3017 1703 jamjam
3061 1634 3380 1702 permittat.
3424 1633 3597 1690 Aliud

1939 1704 2096 1758 enim
2128 1703 2354 1758 ferebat
2402 1703 2774 1758 consuetudo
2822 1718 2927 1773 per
2964 1703 3269 1759 Africanas
3311 1705 3598 1761 Ecclesias

1943 1775 2161 1846 ubique
2188 1778 2463 1844 recepta;
2494 1775 2551 1828 in
2584 1790 2768 1846 quam
2799 1774 3119 1829 offendisse
3149 1776 3599 1846 vituperabatur

1942 1844 2219 1912 Valerius,
2253 1847 2353 1916 qui
2387 1844 2719 1911 Augustino
2750 1846 3098 1971 presbytero
3131 1844 3485 1916 potestatem
3514 1847 3594 1903 fe-

1942 1916 2489 1971 cissetnradicandi
2514 1918 2747 1971 Evange
2777 1917 2811 1970 ii
2831 1923 3121 1971 prasente
3138 1918 3273 1971 ipso
3289 1920 3594 1971 eniscono.

1939 1916 2489 1987 cissetpradicandi
2514 1916 2811 1989 Evangelii
2831 1916 3121 1989 prasente
3138 1918 3273 1987 ipso
3289 1920 3596 1989 episcopo.

1942 1989 2052 2044 Sed
2085 1989 2362 2043 observat
2401 1987 2721 2053 Possidius,
2757 2003 2806 2042 c.
2841 1992 2891 2050 5,
2926 2004 3063 2043 cum
3095 1988 3252 2043 fama
3288 1987 3596 2045 sacrarum

1939 2060 2307 2123 concionum,
2325 2074 2477 2130 quas
2494 2058 2571 2130 ad
2585 2057 3319 2130 populumHipponensem
3334 2060 3599 2116 habebat

1939 2075 2307 2123 concionum,
2325 2075 2477 2183 quas
2494 2075 2571 2113 an
2585 2075 2865 2129 populum
2889 2075 3319 2185 mpgonensem
3334 2075 3597 2116 nanenat

1938 2131 2321 2199 Augustinus,
2363 2145 2516 2198 onge
2538 2129 2772 2199 lateque
2795 2129 2984 2185 diffun
3033 2137 3247 2197 eretur,
3268 2132 3597 2187 consultius

1939 2202 2135 2256 visum
2164 2218 2291 2255 esse
2318 2200 2615 2271 episcopis
2636 2200 2784 2267 aliis,
2814 2202 3019 2272 Valerii
3044 2202 3385 2272 exemplum
3412 2219 3597 2258 amu-

1938 2273 2065 2328 lari.
2101 2274 2229 2337 Qua
2262 2272 2316 2326 in
2352 2270 2411 2326 re
2442 2270 2745 2343 Aurelium
2776 2270 3018 2343 reliquis
3052 2270 3353 2343 praivisse
3387 2274 3475 2328 fas
3507 2279 3599 2328 est

1938 2344 2301 2412 existimare;
2324 2348 2380 2397 et
2397 2358 2533 2415 vero
2555 2342 2698 2415 satis
2718 2342 3145 2415 intelligiturex
3162 2344 3274 2399 hac
3294 2344 3422 2415 ipsa
3444 2345 3597 2415 epis-

1940 2415 2095 2479 tola;
2128 2430 2262 2487 qua
2294 2414 2543 2487 proinde
2576 2414 2634 2469 in
2670 2414 2979 2469 ulteriores
3011 2430 3205 2470 annos
3237 2414 3597 2471 remittenda

1940 2502 2060 2542 non
2093 2486 2222 2541 fuit.

2127 2558 2279 2612 XLII.
2325 2586 2390 2595 —
2428 2554 2646 2623 Scripta
2684 2561 2913 2611 exeunte
2941 2562 3118 2610 testate
3147 2573 3238 2611 an.
3273 2556 3397 2612 397.

2010 2626 2269 2697 Epistola
2292 2626 2763 2698 quadragesima
2786 2627 3050 2681 secunda
3074 2627 3152 2681 ad
3171 2628 3498 2691 Paulinum,
3528 2642 3601 2682 ex

1938 2698 2414 2754 Phimarconensi
2440 2698 2848 2768 manuscripto
2872 2713 3029 2753 nunc
3048 2698 3308 2768 primum
3334 2698 3595 2767 vulgata,

1941 2770 2192 2841 pertinet
2214 2768 2289 2824 ad
2317 2784 2544 2823 annum
2572 2773 2695 2841 397,
2722 2770 2940 2841 scripta
2962 2769 3490 2841 videlicetlabente
3516 2786 3602 2841 se:

1938 2839 2135 2895 cunda
2168 2847 2367 2895 astate
2390 2856 2425 2895 a
2448 2839 2698 2910 receptis
2730 2839 2949 2895 ultimis
2979 2840 3201 2895 Paulini
3229 2840 3431 2895 litteris
3459 2840 3602 2896 anni

1937 2913 2062 2967 395.
2086 2911 2298 2967 Confer
2319 2912 2474 2983 hanc
2496 2910 2810 2981 epistolam
2834 2928 2970 2965 cum
2999 2912 3251 2983 epistola
3274 2928 3435 2974 xxxn,
3462 2928 3527 2983 n.
3545 2916 3596 2964 8.

1938 2985 2119 3048 XLIII,
2153 2984 2325 3038 XLIV.
2352 3014 2404 3022 -
2430 2982 2664 3053 Scripta:
2686 2983 2833 3035 circa
2854 2982 3051 3051 [inani
3075 2987 3178 3038 397
3200 2990 3295 3038 aut
3320 2983 3447 3036 init.
3472 2982 3596 3038 398.

2010 3058 2149 3109 Dua
2172 3054 2620 3125 subsequuntur
2643 3053 2853 3125 Gloria,
2876 3053 3092 3125 Eleusio
3117 3053 3486 3125 Felicibusque
3510 3053 3597 3108 in-

1937 3125 2194 3196 scripta,
2236 3123 2499 3196 epistola
2530 3140 2683 3194 quas
2705 3123 2859 3196 nihil
2894 3123 3092 3196 obstat
3122 3123 3451 3195 quominus
3486 3125 3597 3179 sub

1938 3194 2126 3251 unum
2148 3200 2205 3251 et
2231 3194 2388 3251 idem
2415 3200 2670 3266 tempus,
2700 3194 2757 3247 id
2785 3200 2871 3248 est
2898 3194 3009 3249 sub
3030 3194 3256 3249 annum
3282 3200 3594 3250 exeuntem

1936 3268 2058 3330 397,
2096 3271 2217 3333 aut,
2248 3267 2550 3321 ineuntem
2586 3270 2689 3322 398
2721 3266 3090 3337 conscriptas
3121 3266 3499 3320 arbitremur.
3540 3268 3601 3320 Et

1983 3338 2181 3393 uidem
2205 3340 2261 3392 in
2293 3352 2447 3403 mu,
2475 3352 2657 3408 quam
2691 3336 3162 3407 priorem’altera
3195 3338 3595 3408 suspicamur,

1991 3410 2131 3479 ptati
2153 3405 2667 3478 Thamugadensis
2691 3405 3071 3479 tyrannidem
3096 3424 3227 3462 sum
3240 3405 3337 3463 ma
3357 3405 3597 3479 dicendi

1935 3477 2204 3536 libertate
2230 3477 3069 3547 commemoratAugustinus,
3096 3495 3145 3534 c.
3178 3482 3229 3544 8,
3262 3494 3319 3533 ιι.
3347 3482 3453 3543 24;
3489 3477 3598 3532 sed

1936 3552 2007 3607 iis
2049 3557 2251 3607 tamen
2292 3550 2511 3616 verbis,
2545 3565 2681 3621 qua
2712 3549 2875 3605 illam
2907 3550 3178 3605 nondum
3221 3549 3464 3604 desiisse
3505 3550 3595 3621 ιιι-τ

1938 3629 2142 3677 nuant.
2182 3622 2360 3677 Desiit
2384 3619 2583 3677 autem
2612 3621 2711 3675 illa
2744 3622 3013 3693 tyrannis
3045 3637 3203 3676 anno
3234 3624 3357 3693 398,
3402 3620 3484 3675 uti
3520 3619 3599 3675 ad

1936 3693 2247 3773 epistolam
2265 3710 2377 3760 Lm,
2395 3708 2452 3773 ιι.
2470 3698 2522 3773 6,
2540 3694 2745 3773 innota
2762 3692 3175 3773 observamus.
3198 3692 3599 3773 Dicit‘quoque

1938 3765 2161 3820 ibidem
2188 3780 2373 3836 quam
2405 3764 2621 3836 injuste
2647 3763 2957 3836 sacrilegia
2984 3780 3093 3817 sua
3122 3778 3227 3836 per
3256 3763 3595 3836 ordinarias

1938 3833 2237 3891 humanas
2256 3833 2573 3905 potestates
2596 3834 2843 3905 ﬂagellis
2868 3833 3298 3905 temporalibus
3317 3834 3598 3905 emenda;

1937 3908 1983 3962 ri
2015 3906 2200 3961 nolint
2226 3903 2562 3961 Donatista.
2584 3903 2774 3961 Sedid
2795 3903 3042 3959 refertur
3058 3921 3242 3976 quam
3271 3905 3497 3976 optime
3520 3903 3600 3976 ad

1939 3986 2230 4048 tempora,
2262 3984 2319 4032 ut
2344 3976 2663 4048 vocabant,
2694 3976 3047 4048 Macariana,
3074 3975 3147 4029 de
3173 3975 3395 4045 quibus
3426 3975 3598 4048 ιιιτί-

1938 4046 2268 4127 bursieensi
2289 4047 2587 4127 colloquio
2610 4048 2920 4127 Fortunius
2946 4046 3599 4127 episcopusDonatista

1937 4120 2243 4245 querel‘am
2286 4116 2490 4187 movit,
2532 4135 2601 4175 ex
2644 4116 3041 4191 subsequente
3081 4116 3330 4189 epistola
3360 4133 3512 4183 xuv,
3546 4133 3595 4171 c.

1941 4198 1996 4245 2.
2033 4208 2092 4245 ιι.
2170 4234 2181 4245 .

1941 4198 1996 4258 2,
2033 4208 2092 4246 ιι.
2128 4198 2181 4245 4.

2008 4266 2265 4335 Equum
2282 4277 2418 4335 vero
2432 4264 2521 4315 est
2535 4259 2945 4335 demonstrare
2963 4258 3361 4335 quandonam
3372 4261 3600 4335 Augus-

1942 4328 2195 4389 tinus-ad
2219 4333 2374 4387 istud
2406 4331 2662 4387 Fortunii
2687 4328 3055 4402 colloquium
3079 4329 3318 4402 venerit.
3345 4329 3405 4384 1d
3437 4328 3600 4402 enim

1939 4405 2204 4461 eruditos
2239 4403 2394 4459 viros
2428 4402 2772 4457 Baronianis
2801 4398 3121 4457 annalibus
3150 4401 3489 4455 insistentes
3521 4398 3599 4453 ad

1942 4476 2149 4531 Christi
2177 4491 2405 4531 annum
2426 4473 2529 4529 412
2556 4473 2770 4528 referre
2798 4474 3028 4543 passim
3057 4471 3353 4527 videmus.
3383 4478 3425 4525 A
3454 4486 3600 4541 quo-

1942 4564 2073 4602 rum
2105 4547 2694 4618 opinionerrevocant
2716 4560 2826 4599 nos
2857 4543 3125 4618 subjecta
3150 4544 3449 4598 rationum
3478 4558 3601 4618 mo-

1941 4615 2162 4673 menta:
2185 4620 2329 4673 Cum
2353 4615 2662 4671 Tibursico
2686 4616 3046 4685 Augustinus
3068 4615 3285 4670 Cirtam
3308 4616 3595 4684 pergeret,

1944 4694 2005 4743 ut
2034 4689 2144 4744 fert
2170 4690 2363 4743 haece
2388 4686 2634 4756 epistola
2662 4703 2817 4750 xuv,
2851 4702 2907 4740 ιι.
2939 4691 2984 4753 1,
3011 4685 3069 4740 id
3094 4686 3199 4740 iter
3217 4686 3451 4755 agebat.
3477 4699 3597 4756 non

1942 4760 2207 4832 quidem,
2232 4759 2397 4832 quod
2428 4754 2677 4832 Baronio
2700 4757 3019 4832 visumest,
3041 4754 3359 4832 occasione
3381 4754 3599 4826 synodi

1944 4828 2149 4903 (quam
2185 4828 2641 4903 Lo'vaniensium
2658 4828 2842 4903 editio
2863 4828 3435 4903 CirtensemLpriores
3457 4840 3598 4881 vero

1942 4899 2230 4957 editiones
2256 4909 2311 4957 et
2336 4901 2565 4968 antiqui
2594 4901 2745 4955 MSS.
2782 4905 3128 4955 constanter
3156 4899 3463 4953 zertensem
3490 4912 3599 4951 no-

1945 4974 2192 5037 minant,
2218 4988 2353 5027 cum
2381 4973 2438 5027 in
2474 4972 2707 5027 Retract.
2743 4971 2891 5026 tibro
2918 4974 2970 5035 2,
3007 4987 3056 5026 c.
3082 4974 3171 5037 40,
3202 4978 3328 5025 tum
3358 4972 3416 5024 in
3447 4968 3598 5037 epis-

1944 5046 2060 5101 tola
2082 5046 2252 5112 cm),
2280 5043 2383 5099 sed
2403 5042 2662 5113 episcopi
2687 5042 3004 5097 ordinandi
3027 5058 3208 5096 causa
3230 5058 3299 5096 eo
3328 5046 3594 5113 vocatus,

1944 5117 2024 5172 uti
2064 5109 2297 5171 disertis
2327 5109 2521 5170 verbis
2552 5109 2678 5185 ipse
2719 5118 2966 5169 testatur
2996 5113 3362 5185 Augustinus
3395 5110 3453 5163 in
3485 5109 3598 5163 hac

1943 5187 2191 5259 epistola
2210 5203 2362 5249 xuv,
2380 5202 2430 5259 c.
2455 5190 2506 5241 6.
2520 5183 2591 5259 ιι.
2622 5188 2701 5239 13.
2730 5188 2904 5240 Porro
2922 5183 3310 5259 sufﬁciendus
3326 5187 3451 5259 erat
3467 5195 3597 5259 suc-

1943 5253 2162 5324 cessor,
2192 5259 2239 5312 si
2270 5274 2387 5313 non
2417 5257 2529 5327 ipsi
2557 5259 2890 5319 Fortunato,
2921 5256 3023 5325 qui
3056 5268 3217 5327 anno
3244 5255 3345 5327 416
3377 5253 3602 5327 Cirten-

1946 5347 2071 5386 sem
2130 5323 2456 5384 Ecclesiam
2503 5327 2701 5382 adhuc
2754 5323 3012 5392 regebat,
3064 5325 3210 5378 inter
3259 5323 3601 5380 Milevitana

1944 5401 2160 5472 synodi
2216 5408 2414 5471 patres
2457 5404 2593 5472 ante
2644 5397 2973 5451 Possidium
3014 5395 3387 5472 nominatus.
3447 5399 3603 5472 certe

1944 5466 2274 5536 Profuturo,
2291 5472 2389 5543 qui
2406 5471 2815 5543 episcopatum
2840 5482 2999 5523 anno
3021 5467 3126 5543 394
3151 5472 3260 5543 aut
3280 5467 3383 5543 395
3409 5466 3600 5543 adep-

1946 5551 2061 5607 tus,
2079 5543 2241 5598 brevi
2257 5537 2386 5614 post
2400 5537 2666 5611 tempore
2680 5538 2994 5614 defunctus
3009 5542 3117 5614 est.
3135 5539 3307 5614 Atqui
3322 5537 3459 5614 huic
3473 5552 3605 5614 suc-

1945 5615 2119 5671 cessit
2158 5607 2282 5681 ipse
2326 5607 2678 5668 Fortunatus
2726 5610 2898 5680 cujus
2945 5607 3245 5664 ordinatio
3298 5611 3449 5664 ultra
3491 5607 3603 5681 ini;

1947 5687 2093 5741 tium
2124 5677 2261 5739 anni
2291 5686 2392 5740 398
2423 5682 2636 5737 remitti
2662 5681 2754 5736 vix
2786 5677 2974 5755 possit
3003 5697 3074 5737 ex
3106 5681 3278 5736 dictis
3307 5694 3491 5752 supra
3522 5677 3603 5736 ad

1947 5756 2263 5830 epistolam
2299 5769 2541 5830 xx_1_svm_.

2017 5833 2107 5885 An
2126 5828 2304 5885 etiam
2326 5825 2567 5883 aliunde
2597 5827 2832 5883 constat
2853 5824 3082 5882 huncce
3107 5820 3420 5895 Augustini
3458 5834 3599 5878 cum
