4108 6172
269 144 350 201 25
1787 137 2162 198 PR/EF'ATIO
2176 182 2191 196 .
3617 140 3691 198 26

270 270 420 334 sius,
445 266 552 340 qui
572 266 689 340 hoc
714 266 846 340 ipso
869 281 1030 323 anno
1054 266 1331 340 decessit,
1348 267 1405 322 in
1440 269 1709 323 Romana
1734 266 1928 340 cathe-

268 341 385 396 dra
417 337 670 411 sedebat
700 337 770 394 eo
793 338 891 411 die
912 355 1035 410 quo
1058 339 1447 404 scribebatur,
1477 356 1608 411 cap.
1635 342 1721 404 51,
1747 337 1923 411 lib.n_2,

267 418 484 468 contra
512 410 826 482 praedictas
859 408 1081 465 litteras
1114 411 1396 477 Petiliani,
1432 411 1511 465 uti
1539 408 1782 465 testatur
1809 408 1926 463 illic

270 485 664 553 Augustinus.

487 553 623 616 LVI,
672 552 829 607 LVII.
876 582 936 591 -—
979 551 1208 622 Scripta
1245 553 1393 607 circa
1429 568 1522 606 an.
1564 554 1688 606 400.

344 622 638 695 Epistolas
680 625 1246 695 quinquagesimam
1282 630 1510 678 sextam
1542 630 1596 678 et
1626 623 1923 695 quinqua-

269 694 565 765 gesimam
598 695 911 765 septimam
940 694 1017 748 ad
1045 695 1279 749 Celerem
1306 695 1467 749 dedit
1490 695 1697 765 procul
1740 694 1924 748 dubio

267 774 403 822 ante
426 766 811 821 collationem
831 768 1380 836 Carthaginensem,
1401 767 1468 820 de
1491 765 1925 835 cujusaetisni-

268 838 348 893 hil
378 838 523 893 dicit
547 837 672 892 :sed
692 845 829 907 post
851 838 1040 892 editos
1068 854 1177 893 ase
1204 838 1385 892 libros
1400 837 1924 908 aliquotadversus

267 909 634 973 Donatistas,
685 924 838 980 quos
880 908 995 980 ipsi
1025 908 1310 978 legendos
1350 909 1605 964 exhibet.
1636 908 1925 974 Quocirca

266 981 504 1036 videtur
528 980 849 1035 commode
878 981 1087 1051 reponi
1118 980 1231 1035 sub
1264 981 1375 1036 hoc
1404 981 1562 1036 idem
1595 985 1849 1049 tempus.

412 1059 597 1115 LVIII.
640 1091 705 1099 —
745 1058 963 1129 Scripta
994 1074 1185 1115 versus
1223 1066 1501 1115 exeuntem
1531 1076 1621 1112 an.
1653 1059 1779 1114 401.

336 1138 857 1210 Quinquagesima
906 1145 1119 1194 octava
1157 1140 1235 1194 ad
1282 1139 1677 1193 Pammachium
1708 1138 1925 1209 scripta

263 1219 350 1265 est
366 1210 638 1265 fortassis
671 1226 875 1265 versus
904 1210 1081 1265 ﬁnem
1102 1211 1244 1265 anni
1273 1212 1396 1272 401,
1432 1210 1923 1265 etcommendata

265 1282 473 1353 legatis
504 1283 607 1353 qui
640 1281 1125 1353 Carthaginensis
1146 1282 1402 1345 concilii,
1439 1281 1636 1337 Idibus
1670 1288 1925 1353 septem-

271 1354 392 1408 bris
425 1352 615 1407 habiti
657 1352 902 1424 nomine
933 1369 1164 1424 preces
1212 1353 1673 1423 lmperatoribus
1704 1352 1921 1407 detule-

266 1431 419 1480 runt.
455 1428 603 1480 Nam
632 1430 694 1478 ut
725 1426 782 1478 in
837 1423 1085 1493 hujusce
1107 1424 1339 1479 concilii
1368 1423 1614 1479 exordio
1646 1429 1925 1479 notantur

263 1497 710 1567 Donatistarum
739 1494 1748 1567 insidiiefetrimprobitates.quibus
1780 1495 1921 1549 Afri~

261 1583 485 1622 canam
523 1566 842 1621 Ecclesiam
872 1566 1242 1637 catholicam
1282 1570 1533 1637 graviter
1558 1566 1919 1630 vexabant;

260 1639 340 1693 ita
370 1640 431 1693 in
453 1638 625 1693 istius
673 1636 937 1708 epistolae
975 1636 1093 1692 ﬁne
1132 1637 1207 1693 de
1246 1636 1652 1693 haereticorum
1696 1637 1922 1692 insidiis

266 1710 527 1779 loquens
560 1708 947 1777 Augustinus,
1001 1708 1208 1764 Audies
1249 1717 1425 1764 tamen
1465 1710 1588 1773 hinc,
1617 1709 1720 1773 ait,
1752 1725 1785 1762 a
1808 1710 1923 1778 fra-

273 1781 456 1835 tribus
482 1781 632 1845 meis,
662 1797 790 1850 quos
816 1780 1117 1849 plurimum
1138 1781 1437 1835 commendo
1465 1780 1770 1835 eximietati
1798 1786 1919 1835 tute.

466 1861 602 1914 LIX.
638 1890 700 1900 —
728 1860 953 1930 Scripta
979 1862 1128 1914 circa
1154 1868 1432 1915 exeuntem
1461 1877 1553 1915 an.
1582 1863 1705 1915 401.

326 1941 632 1994 Tractoria
662 1940 877 2009 quinto
910 1939 1046 1994 ldus
1073 1941 1420 1995 novembris
1458 1958 1491 1995 a
1529 1940 1802 1995 Victorino
1822 1954 1918 1995 ac-

257 2018 457 2081 cepta,
489 2027 606 2082 qua
654 2011 700 2064 is
735 2010 1051 2082 concilium
1083 2016 1144 2065 ut
1181 2012 1470 2066 Numidiae
1511 2012 1736 2065 Primas
1778 2027 1922 2066 con-

258 2081 539 2144 vocabat,
573 2081 869 2151 rescripsit
898 2081 979 2136 illi
1008 2084 1377 2151 Augustinus
1409 2083 1721 2151 epistolam
1752 2083 1920 2153 quin-

256 2154 681 2224 quagesimam
733 2169 991 2225 nonam,
1031 2154 1375 2221 signiﬁcans
1421 2154 1777 2225 Xantippum
1818 2156 1921 2209 Ta-

304 2240 585 2279 osensem
610 2225 825 2288 dicere,
858 2224 995 2296 quod
1023 2241 1137 2279 eum
1165 2225 1449 2279 Primatus
1478 2224 1603 2296 ipse
1622 2227 1915 2294 contingat.

262 2241 585 2349 gosensem
610 2241 825 2288 dicere,
858 2241 995 2296 quoa
1023 2241 1137 2279 eum
1165 2241 1449 2279 rrimatus
1478 2242 1587 2296 ipse
1622 2241 1915 2294 contingat.

308 2311 448 2350 orro
514 2296 839 2365 Xantippus
892 2296 1216 2365 primatum
1266 2296 1520 2367 adeptus
1577 2303 1702 2351 erat
1736 2312 1920 2367 quam

261 2367 597 2439 tardissime
627 2382 787 2421 anno
813 2370 938 2431 402,
971 2374 1029 2422 ut
1050 2367 1235 2439 liquet
1273 2384 1342 2423 ex
1370 2368 1619 2439 epistola
1636 2384 1767 2434 va,
1801 2367 1916 2438 ipsi

264 2437 415 2499 Seni,
448 2438 504 2491 id
538 2442 628 2491 est
655 2439 892 2507 primati
917 2445 1051 2493 ante
1086 2437 1365 2494 Paschale
1408 2437 1619 2493 festum
1657 2440 1767 2494 hoc
1816 2437 1919 2493 an-

264 2524 346 2562 no
379 2508 553 2581 data;
576 2508 956 2578 maximeque
984 2525 1053 2564 ex
1075 2510 1318 2581 Synodo
1350 2510 1681 2565 Milevitana
1704 2510 1917 2565 eodem

270 2595 436 2633 anno
463 2580 751 2654 celebrata
797 2580 1158 2654 27_augnsti,
1187 2583 1243 2635 in
1284 2582 1607 2654 quaidem
1647 2582 1917 2652 episcopus

259 2654 465 2721 prime
489 2651 623 2723 sedis
650 2651 928 2706 Numidiae
966 2651 1321 2723 appellatum
1355 2652 1619 2719 Igiturgsi
1670 2651 1915 2707 causam

264 2722 725 2795 suamncollegis
768 2722 1049 2795 probavit
1080 2724 1435 2795 Victorinus,
1476 2725 1722 2795 pertinet
1774 2723 1917 2778 forte

256 2794 511 2866 epistola
536 2810 626 2848 ιιι
657 2794 733 2848 ad
764 2794 1131 2864 superiorem
1162 2794 1423 2866 aliquem
1466 2794 1694 2850 annum
1727 2811 1760 2849 a
1792 2800 1913 2857 397,

254 2880 378 2935 quo
402 2867 636 2935 primas
686 2868 1058 2921 renuntiatus
1100 2866 1207 2921 fuit
1251 2870 1720 2929 Crescentianus,
1755 2867 1919 2936 elap-

254 2952 411 2991 sum.
449 2938 550 2989 Sin
587 2943 789 2991 autem
814 2937 929 3001 ille,
957 2938 1116 3008 quod
1144 2937 1519 2992 verisimilius
1548 2943 1652 3001 est,
1678 2953 1711 2992 a
1735 2953 1918 2993 causa

256 3008 492 3069 cecidit,
522 3023 641 3061 non
670 3009 966 3063 immerito
997 3009 1318 3064 collocatur
1335 3016 1584 3064 exeunte
1612 3024 1773 3065 anno
1792 3010 1913 3065 401.

473 3089 580 3144 LX.
612 3118 680 3127 —
711 3087 933 3159 Scripta
980 3090 1202 3144 circiter
1232 3090 1392 3161 finem
1421 3106 1512 3144 an.
1549 3092 1672 3144 401.

322 3170 385 3220 In
419 3166 683 3237 epistola
724 3164 1097 3237 sexagesima
1143 3169 1214 3223 ad
1264 3170 1556 3224 Aurelium
1610 3168 1805 3237 agitur
1842 3168 1917 3224 de

254 3237 499 3310 duobus
530 3238 815 3294 fratribus
843 3240 946 3310 qui
1000 3240 1074 3293 de
1130 3244 1491 3296 monasterio
1520 3256 1639 3295 non
1670 3240 1917 3295 obtenta

252 3309 499 3365 licentia
531 3309 893 3376 recedentes,
923 3310 999 3365 ad
1026 3311 1915 3367 eumdem.Aureliumtransie-

252 3384 391 3454 rant
422 3397 437 3443 ;
473 3396 511 3435 a
541 3396 664 3451 quo
722 3382 873 3454 tales
897 3382 1145 3437 instituti
1172 3385 1261 3437 sui
1293 3383 1624 3438 desertores
1649 3384 1915 3454 cooptari

250 3454 308 3525 in
336 3452 566 3506 clerum
595 3468 713 3505 non
750 3452 961 3523 probat
995 3454 1380 3523 Augustinus.
1414 3457 1477 3510 Et
1508 3452 1917 3525 alterum'qui-

251 3524 388 3579 dem
427 3526 728 3597 Donatum
779 3526 1038 3597 nomine,
1071 3526 1172 3597 qui
1213 3526 1522 3581 ordinatus
1557 3527 1743 3597 fuerat
1781 3524 1916 3580 ante

254 3594 749 3649 constitutionem
791 3612 861 3649 ea
899 3596 973 3650 de
1013 3594 1335 3652 re—faetam
1375 3614 1410 3651 a
1464 3596 1915 3665 Carthaginensi

251 3665 643 3739 conciliodie
691 3669 749 3720 l3
778 3667 1143 3739 septembris
1179 3684 1340 3723 anno
1386 3671 1482 3724 401
1518 3668 1744 3732 habito,
1776 3684 1918 3739 pru-

251 3738 467 3791 dentiae
524 3736 674 3810 illius
706 3737 1068 3810 arbitrioque
1108 3740 1408 3810 permittit.
1468 3739 1547 3794 De
1600 3736 1916 3794 altero'au-

253 3816 396 3873 tem,
417 3813 479 3881 et
500 3809 755 3863 maxime
782 3809 922 3881 quia
937 3811 1064 3881 ejus
1085 3809 1267 3865 causa
1288 3812 1549 3866 Donatus
1569 3812 1643 3867 de
1675 3827 1917 3866 monas-

248 3884 398 3935 terio
426 3880 828 3945 abscesserat,
858 3880 1018 3935 aliud
1052 3881 1236 3937 videri
1265 3882 1377 3937 sibi
1406 3882 1723 3949 signiﬁcat.
1751 3882 1915 3938 Unde

249 3950 599 4026 colligimus
628 3950 786 4026 hanc
840 3951 1153 4026 epistolam
1193 3968 1314 4009 non
1368 3954 1554 4009 multo
1594 3959 1729 4026 post
1754 3954 1913 4009 idem

249 4022 579 4079 concilium
624 4022 903 4089 scriptam
931 4023 1129 4079 fuisse.

353 4094 482 4149 LXI.
517 4124 586 4133 —
618 4091 839 4165 Scripta
864 4102 1090 4149 exeunte
1119 4112 1210 4150 an.
1240 4098 1335 4150 40t
1373 4101 1469 4151 aut
1498 4096 1663 4166 paulo
1691 4103 1825 4167 post.

323 4174 452 4228 Sub
479 4172 898 4248 idemtempus
927 4174 1067 4248 data
1084 4175 1314 4231 videtur
1343 4176 1597 4248 epistola
1620 4176 1917 4248 sexagesi-

249 4260 354 4298 ma
393 4243 725 4317 primafad
770 4245 1129 4310 Theodorum,
1183 4262 1305 4317 qua
1352 4243 1700 4316 interposito
1747 4243 1915 4317 j'ura-

248 4322 463 4371 mento
492 4314 803 4385 pollice=ur
830 4314 1287 4383 Augustinusse
1331 4314 1558 4373 clericis
1600 4314 1915 4374 Donatistis

247 4386 718 4460 adHEcelesiam
759 4388 1145 4443 redeuntibus
1194 4387 1483 4444 honorem
1524 4390 1613 4445 sui
1649 4391 1913 4460 ipsorum

245 4458 487 4515 ordinis
518 4464 916 4513 servaturum.
951 4462 1096 4515 Nam
1128 4460 1391 4526 praedicti
1421 4460 1653 4516 concilii
1671 4458 1912 4517 decreto

244 4531 300 4585 id
341 4529 780 4603 relictumerat
800 4529 1084 4603 voluntati
1100 4531 1481 4603 arbitrioque
1511 4533 1777 4603 episcopi
1809 4550 1911 4587 eu-

238 4603 475 4672 jusque
528 4600 837 4673 Catholici,
884 4607 948 4656 ut
1007 4602 1052 4656 si
1095 4602 1210 4672 ipsi
1263 4600 1565 4673 expedire'
1598 4600 1909 4668 videretur,

242 4670 503 4728 eosdem
531 4670 815 4743 deinceps
836 4688 975 4728 cum
1006 4670 1133 4728 suis
1160 4670 1489 4730 honoribus
1520 4681 1575 4730 et
1594 4675 1909 4731 ordinibus

243 4746 571 4800 reciperet.

372 4760 571 4899 pLg-Ital:
591 4813 764 4869 LXIII.
800 4846 868 4896 —.
890 4813 1118 4885 Scripta:
1146 4816 1296 4899 circa
1318 4815 1470 4899 Iidem
1504 4824 1729 4899 tempus.

312 4885 591 4957 Epistola
603 4887 979 4954 sexagesima
996 4889 1262 4941 secunda
1279 4892 1337 4942 et
1354 4885 1729 4957 sexagesima
1742 4889 1911 4943 tertia

239 4958 306 5010 ad
322 4958 590 5031 Severum
621 4958 856 5031 scriptae
871 4957 1103 5031 fuerunt
1125 4959 1182 5012 in
1206 4959 1491 5031 Timothei
1512 4976 1716 5028 causa,
1740 4961 1877 5031 cuju

236 5029 570 5083 occasione
583 5028 824 5099 opinam
837 5045 902 5083 ur
915 5028 1219 5084 conditum
1236 5030 1416 5084 fuisse
1434 5031 1600 5087 illum
1614 5028 1845 5087 canone

233 5100 879 5173 aMiIevitanasynodo
896 5101 964 5173 27
986 5100 1651 5173 septembrisann0402.
1686 5104 1754 5158 Ut
1791 5104 1905 5173 qui-

233 5187 469 5243 cumque
500 5172 564 5223 in
588 5170 829 5225 Ecclesia
858 5171 937 5225 vel
976 5170 1137 5227 seruet
1166 5172 1375 5243 legerit,
1414 5174 1483 5228 ab
1521 5176 1643 5229 alia
1672 5170 1911 5229 Ecclesia

233 5242 305 5315 ad
331 5243 663 5315 clericatum
694 5258 796 5296 non
826 5249 1091 5298 teneatur.
1128 5242 1292 5299 Certe
1317 5246 1567 5315 epistola
1594 5262 1819 5311 1.xm,n.
1853 5249 1902 5307 4,

237 5314 336 5386 ubi
358 5314 653 5386 Severum
686 5315 1234 5386 rogatAugustinus
1268 5322 1328 5369 ut
1353 5314 1515 5386 apud
1536 5333 1599 5371 se
1621 5318 1745 5386 ipse
1771 5333 1909 5372 con-

238 5385 403 5458 sulto
438 5385 561 5438 Deo
579 5384 1123 5458 perpendatutrum
1149 5388 1204 5441 Ti
1217 5384 1509 5452 mothéus,
1532 5389 1630 5458 qui
1648 5384 1906 5444 Lectoris

236 5454 447 5510 otﬁcio
479 5471 600 5529 non
631 5456 834 5529 semel,
864 5459 1288 5529 nequeiniuno
1315 5458 1445 5513 loco
1475 5454 1750 5515 «timcesis
1778 5461 1908 5529 Hip-

238 5526 1034 5599 ponensistunctusfuisset,
1065 5528 1316 5596 iudicari
1347 5532 1652 5599 possitaut
1692 5526 1908 5585 debeat

238 5613 364 5670 non
405 5599 613 5670 Lector
640 5597 854 5670 fuisse:
886 5597 1361 5670 haudquaquam
1382 5602 1743 5657 mentionem
1766 5601 1905 5659 facit

238 5670 313 5743 de
347 5668 467 5743 isto
518 5669 830 5743 Milevitani
874 5671 1104 5743 concilii
1155 5668 1385 5727 canone
1428 5690 1549 5743 quo
1579 5690 1673 5729 res
1708 5679 1904 5728 tamen

240 5739 481 5816 liquido
541 5740 831 5816 explicata
851 5741 995 5816 Aluit.
1027 5744 1412 5816 Quapropter
1450 5739 1584 5801 'has
1626 5744 1905 5816 epistolas

241 5812 408 5868 ultra
433 5820 669 5885 tempus
704 5812 867 5870 istud
891 5812 1187 5871 remittere
1203 5812 1322 5872 non
1354 5815 1507 5874 licet.

2038 262 2223 318 LXIV.
2266 292 2334 302 —
2383 262 2596 334 Scripta
2622 262 2785 333 paulo
2808 267 2931 333 post
2971 262 3165 319 Natat.
3199 262 3409 319 Christi
3435 279 3523 318 an.
3560 266 3684 317 401.

2108 335 2171 389 In
2204 334 2453 403 epistola
2481 336 2854 402 sexagesima
2911 341 3125 405 quarta
3174 336 3246 388 ad
3301 334 3685 399 Quintianum,

2034 405 2214 477 paulo
2238 412 2365 475 post
2401 406 2608 461 Christi
2644 404 3135 469 Natalem,’sicuti
3166 423 3236 460 ex
3266 422 3323 459 n.
3357 411 3387 459 2
3417 404 3683 470 habetur,

2033 478 2370 546 conscripta
2403 477 2697 543 signiﬁcat
2733 478 3102 543 Augustinus
3133 494 3191 531 n.
3226 478 3258 530 3
3288 485 3547 532 statutum
3580 493 3686 532 esse

2034 549 2245 602 recenti
2272 547 2511 613 concilio,
2540 555 2601 603 ut
2631 549 2691 600 de
2726 549 2909 618 aliquo
2938 549 3269 602 monasterio
3318 551 3416 618 qui
3457 564 3682 603 recesse-

2033 620 2150 672 rint
2182 620 2514 689 velprojecti
2568 620 2802 688 fuerint,
2855 636 2958 673 non
2988 620 3121 688 ﬁant
3168 618 3303 673 alibi
3347 620 3557 682 clerici,
3588 623 3687 673 aut

2028 691 2315 760 praepositi
2345 691 2811 753 monasteriorum,
2868 691 3031 760 quod
3087 706 3204 744 non
3256 690 3421 744 aliud
3478 689 3686 760 procul

2033 761 2218 815 dubio
2250 767 2336 815 est
2370 762 2479 815 nisi
2510 762 2995 829 Carthaginensis
3024 761 3253 815 concilii
3286 764 3348 817 13
3389 762 3679 832 septeuib.

2033 849 2107 887 an
2133 834 2229 887 40I
2285 832 2589 886 decretum
2628 834 2787 887 istud
2819 850 2830 886 :
2862 834 2992 885 Item
3022 834 3255 901 placuit,
3298 836 3432 903 utsi
3477 833 3594 903 quis
3623 832 3684 886 de

2031 904 2260 1029 qltterius
2309 905 2638 1028 18ntqnasterio
2706 911 3001 974 repertum,
3064 911 3169 957 etc.
3229 906 3291 957 In
3341 902 3497 958 Cod.’
3535 919 3674 960 can.

2106 991 2279 1029 ric.c.
2390 1014 2401 1025 .

2032 975 2205 1030 Afric.
2231 991 2279 1029 c.
2313 976 2401 1028 80.

2341 1045 2490 1099 LXV.
2525 1076 2591 1084 —
2621 1045 2837 1115 Scripta
2875 1045 3092 1099 ineunte
3119 1061 3209 1098 an.
3245 1048 3368 1099 402.

2107 1116 2365 1186 Epistola
2387 1116 2762 1183 sexagesima
2793 1118 3003 1187 quinta
3030 1115 3099 1169 ad
3133 1116 3471 1187 Xantippum
3510 1132 3682 1170 senem

2032 1187 2249 1257 scripta
2281 1194 2367 1241 est
2396 1188 2697 1258 aliquanto
2750 1195 2884 1242 ante
2941 1188 3281 1241 Dominicum
3322 1187 3553 1251 Paschw,
3587 1188 3684 1257 qui

2032 1259 2255 1329 futurus
2277 1266 2392 1312 erat
2414 1266 2592 1313 octavo
2622 1260 2747 1313 Idus
2771 1259 2987 1329 api-itis,
3022 1275 3107 1313 ex.
3141 1274 3198 1310 n.
3234 1262 3285 1310 ‘2.
3317 1260 3490 1329 Atqui
3526 1260 3685 1313 Xan-

2030 1330 2199 1401 tippo
2230 1330 2378 1393 Sene,
2414 1346 2537 1394 seu,
2570 1332 2730 1400 quod
2761 1347 2829 1385 eo
2873 1330 3038 1384 titulo
3071 1329 3390 1397 signiﬁcari
3428 1329 3679 1393 videtur,

2030 1402 2666 1482 primatumgereuta,_
2698 1402 2921 1481 Pascha
2962 1402 3019 1454 in
3053 1401 3209 1482 diem
3242 1404 3271 1453 6
3330 1401 3533 1482 aprilis
3561 1416 3680 1481 non

2030 1416 2644 1482 primatumgereute,
2698 1416 2921 1481 Pascha
2962 1417 3019 1454 in
3053 1416 3209 1454 (nem
3242 1416 3271 1453 ο
3330 1416 3533 1523 agnus
3561 1416 3680 1481 non

2030 1472 3354 1541 mandit,nisianno402,utioptimeobservant
3414 1487 3682 1525 erronius

2029 1544 2089 1598 in
2114 1544 2215 1599 lib.
2258 1544 2544 1597 adversus
2567 1544 3013 1609 responsionem
3043 1542 3217 1609 Regis
3243 1542 3679 1598 Britanniarum

2030 1631 2083 1670 e.
2112 1617 2201 1680 48,
2226 1614 2557 1669 etNorisius
2585 1615 2639 1668 in
2673 1614 2776 1669 lib.
2806 1619 2835 1667 ‘2
2880 1614 3016 1668 Hist.
3057 1614 3247 1680 Pelag.
3283 1629 3333 1667 c.
3379 1617 3430 1667 8.

2274 1688 2445 1739 LXVI.
2490 1716 2554 1725 —-
2589 1686 2809 1755 Scripta
2846 1688 2987 1739 circo
3027 1685 3164 1739 idem
3196 1693 3427 1754 tempus.

2100 1760 2224 1812 Non
2252 1759 2437 1811 serius
2464 1758 2576 1811 hoc
2602 1754 2866 1827 tempore
2912 1757 3301 1811 commissum
3348 1761 3438 1811 est
3471 1771 3504 1809 a
3535 1754 3682 1827 Cris-

2030 1827 2173 1898 pino
2200 1828 2533 1883 Calamensi
2602 1825 2829 1883 facinus
2874 1828 3037 1889 illud,
3073 1829 3145 1881 de
3177 1842 3297 1897 quo
3330 1827 3387 1879 in
3424 1825 3680 1896 epistola

2029 1900 2402 1967 sexagesima
2426 1904 2593 1954 sexta
2622 1900 2783 1969 apud
2813 1900 3094 1952 eumdem
3126 1898 3443 1968 Crispinum
3465 1914 3681 1969 rexpns-

2029 1970 2173 2025 tulat
2211 1972 2590 2038 Augustinus.
2616 1968 2845 2041 Quippe
2880 1969 2937 2023 in
2973 1970 3080 2041 lib.
3121 1975 3151 2024 2
3174 1974 3385 2024 contra
3420 1968 3545 2025 Litt.
3579 1968 3678 2021 Pe-

2029 2041 2237 2105 tiliani,
2271 2059 2403 2111 cap.
2438 2046 2524 2107 83,
2585 2040 3101 2112 quem’scribebat
3161 2056 3320 2112 anno
3344 2043 3467 2112 40'2,
3502 2045 3677 2112 testa-

2029 2118 2121 2167 tur
2158 2113 2272 2167 hoe
2301 2130 2472 2183 nuper
2506 2111 2843 2177 contigisse,
2879 2111 3057 2182 idque
3096 2127 3156 2183 se
3190 2111 3363 2165 adhuc
3385 2111 3561 2183 lugere
3592 2111 3679 2165 di-

2027 2183 2126 2240 cit.
2168 2185 2318 2248 Quia
2347 2182 2544 2238 tamen
2570 2184 2728 2238 vocis
2768 2200 2940 2252 nuper
2959 2182 3329 2250 signiﬁcatus
3372 2184 3447 2236 ad
3482 2182 3679 2251 plures

2028 2255 2325 2309 interdum
2356 2270 2547 2309 annos
2590 2255 2958 2324 porrigituris
2994 2260 3191 2323 posset
3233 2253 3393 2306 istud
3426 2252 3675 2324 Crispini

2027 2326 2249 2406 factum
2298 2326 2374 2381 ad
2402 2326 2667 2406 aliquem
2702 2341 2733 2378 e
2777 2324 3186 2406 superioribus
3217 2324 3391 2378 annis
3430 2323 3631 2406 referri
3662 2339 3673 2376 :

2026 2397 2129 2451 sed
2156 2412 2293 2452 cum
2319 2397 2486 2450 nobis
2516 2396 2954 2466 incompertum
2986 2397 3059 2450 sit
3087 2411 3208 2466 quo
3230 2410 3389 2449 anno
3421 2396 3679 2462 contige-

2025 2468 2119 2533 rit,
2144 2469 2335 2523 visum
2367 2476 2452 2522 est
2500 2468 2657 2522 hanc
2685 2467 2997 2537 epistolam
3039 2468 3149 2520 hoc
3196 2466 3328 2521 loco
3366 2482 3677 2536 reponere.

2208 2540 2409 2617 LXVII,
2445 2538 2671 2617 LXVIII.
2717 2570 2780 2578 —
2807 2539 3040 2617 Spriptae
3065 2539 3212 2592 circa
3250 2555 3340 2617 an.
3374 2541 3498 2592 402.

2096 2609 2482 2678 Sexagesima
2508 2612 2761 2680 septima
2786 2610 2854 2662 ad
2879 2608 3260 2680 Hieronymum
3288 2614 3344 2663 et
3375 2608 3677 2675 sexagesi-

2024 2698 2126 2735 ma
2152 2689 2364 2737 octava
2393 2682 2702 2751 Hieronymi
2722 2681 2797 2735 ad
2830 2680 3247 2747 Augustinum,
3282 2682 3511 2750 scriptae
3540 2684 3679 2751 sunt

2024 2757 2160 2824 post
2199 2752 2522 2808 Pauliniani
2564 2750 2896 2819 regressum
2929 2767 2998 2806 ex
3041 2752 3354 2808 Occidente
3386 2752 3443 2805 in
3478 2750 3677 2824 Palaes-

2025 2822 2211 2879 tinam
2268 2823 2761 2894 quandoquidem
2813 2824 3176 2886 Augustinus
3208 2824 3404 2894 ipsum
3441 2822 3677 2887 salutat,

2029 2895 2409 2966 vicissimque
2439 2896 2516 2950 ab
2568 2896 2698 2965 ipso
2736 2910 2841 2965 per
2890 2895 3315 2964 Hieronymum
3367 2894 3677 2949 salutatur.

2024 2967 2202 3022 Porro
2233 2965 2451 3021 missus
2488 2967 2873 3021 Paulinianus
2907 2982 2941 3020 a
2969 2966 3145 3019 fratre
3180 2982 3290 3019 suo
3320 2965 3679 3035 Hieronymo

2025 3038 2085 3092 in
2104 3038 2481 3092 Occidentem
2502 3053 2600 3091 an.
2617 3040 2741 3102 398,
2773 3042 2833 3091 ut
2850 3053 3029 3091 suum
3052 3052 3370 3091 commune
3389 3038 3678 3106 patrimo-

2025 3110 2191 3164 nium
2223 3109 2582 3169 divenderet,
2617 3108 2689 3161 de
2735 3124 2855 3179 quo
2898 3109 3289 3179 Hieronymus
3316 3109 3375 3161 in
3407 3111 3472 3160 ‘26
3494 3108 3677 3179 epist.

2024 3181 2099 3235 ad
2135 3180 2611 3241 Pammachium,
2647 3177 2772 3233 non
2820 3178 2993 3233 rediit
3024 3178 3358 3232 Bethlehem
3394 3178 3506 3231 nisi
3565 3177 3680 3232 sub

2025 3252 2206 3306 ﬁnem
2239 3267 2335 3306 an.
2387 3252 2507 3305 401.
2553 3251 2839 3305 Praeterea
2889 3250 3287 3321 Hieronymus
3345 3249 3679 3321 Augustino

2024 3339 2186 3378 nunc
2219 3321 2561 3378 transmittit
2598 3321 2951 3393 Apologiam
2982 3319 3176 3393 suam
3219 3320 3508 3393 adversus
3542 3319 3678 3374 Ruf-

2025 3394 2207 3448 finum
2232 3410 2333 3449 seu
2362 3391 3307 3464 primam,seusecundam,cujus
3325 3392 3501 3446 verba
3516 3407 3682 3462 quaa-

2024 3466 2163 3521 dam
2181 3463 2401 3536 profert
2430 3466 2799 3533 Augustinus
2831 3463 2886 3517 in
2904 3463 3151 3536 epistola
3174 3478 3417 3536 CLXVI.C.
3444 3468 3559 3526 5,n.
3596 3467 3677 3536 ᾗ.

2025 3532 2322 3605 Certe—jam
2340 3536 2413 3590 ad
2432 3532 2845 3605 Hieronymum
2862 3534 3146 3589 maledicta
3157 3551 3251 3589 sua
3270 3534 3487 3589 miserat
3504 3532 3682 3588 Rufﬁ-

2024 3608 2517 3662 nusutidiciturin
2537 3608 2647 3661 hac
2672 3606 2923 3677 epistola
2944 3606 3424 3677 1.xvui.n.3,quod
3439 3605 3679 3676 quidem

2024 3679 2263 3734 fecitille
2279 3686 2409 3749 pest
2428 3678 3277 3747 Apologiampriorem,sicque
3302 3678 3680 3749 occasionem

2025 3747 2329 3821 posteriori
2347 3750 2613 3821 praebuit,
2635 3756 2694 3803 ut
2728 3765 2795 3803 ex
2810 3748 3018 3821 eadem
3048 3748 3373 3821 posteriore
3393 3747 3682 3821 Apglogia

2025 3818 2206 3893 patet,
2246 3818 2382 3892 quae
2416 3820 2706 3893 Apologia
2758 3820 3006 3893 pertinet
3048 3820 3121 3873 ad
3157 3835 3256 3872 an.
3307 3821 3432 3873 402.
3487 3818 3683 3873 Peria-

2025 3890 2146 3948 tore
2188 3890 2579 3962 Hieronymus
2622 3890 3040 3962 ut_iturAsterio
3079 3904 3375 3962 perquem
3398 3894 3536 3962 ante
3578 3902 3681 3943 sex

2024 3978 2215 4019 annOs
2247 3959 2415 4018 misit
2438 3964 2660 4033 primas
2682 3959 2900 4016 litteras
2918 3959 3099 4033 supra
3131 3960 3186 4013 in
3218 3959 3467 4033 epistola
3499 3975 3680 4033 xxxix

2024 4042 2410 4098 memoratas,
2428 4031 2576 4105 quas
2597 4049 2732 4087 cum
2765 4032 3365 4105 nonnisisatutationis
3382 4031 3681 4105 obsequium

2024 4107 2300 4178 appellet,
2329 4105 2406 4178 ab
2439 4102 2637 4178 hoede
2662 4120 2784 4178 quo
2816 4104 3364 4178 agimusrescripto
3408 4102 3681 4157 diversas

2023 4174 2153 4235 esse
2169 4179 2253 4232 vel
2270 4177 2405 4232 inde
2420 4174 2750 4246 conjectare
2764 4176 2912 4230 licet.
2935 4176 3193 4246 Denique
3210 4174 3303 4229 hic
3330 4190 3388 4246 n7.
3414 4179 3457 4237 1,
3492 4188 3684 4228 anno-

2024 4250 2275 4325 tandum
2310 4249 2470 4325 venit
2496 4245 2771 4325 eXempl‘a
2791 4245 3115 4325 litteraru
3132 4245 3442 4313 Augustini
3459 4260 3560 4325 per
3578 4246 3682 4325 Sy:

2023 4321 2283 4375 sionium
2311 4321 2635 4374 diaconum
2676 4314 2871 4372 'allata
2896 4333 3024 4371 esse
3057 4319 3413 4388 Hieronymo
3459 4314 3676 4388 subuid

2022 4396 2417 4462 tempus,quo
2452 4390 2631 4445 Paula
2652 4388 3083 4462 aegrotabatEx
3109 4386 3681 4462 quointelligasdia-

2021 4458 2241 4519 conum
2294 4458 2522 4517 huncce
2575 4476 2694 4515 non
2721 4459 2999 4515 eumdem
3031 4458 3158 4514 esse
3193 4476 3328 4514 cum
3372 4458 3677 4529 Sysinnio,

2022 4534 2117 4605 qui
2132 4550 2231 4589 an.
2260 4537 2382 4596 406,
2418 4534 2475 4587 id
2489 4538 2574 4586 est
2588 4532 2828 4605 biennio
2843 4537 2975 4605 post
2990 4531 3180 4605 Paula:
3199 4530 3422 4585 obitum
3440 4530 3681 4605 naviga-

2020 4601 2105 4660 vit
2132 4605 2592 4674 Jerosolymam;
2615 4608 2715 4657 aut
2754 4604 2800 4657 si
2819 4603 3117 4672 idemipse
3144 4607 3391 4666 est,eum
3413 4601 3678 4674 secundo

2019 4673 2495 4747 illuctrajeeisse,
2526 4678 2731 4747 contra
2751 4690 2946 4747 quam
2976 4674 3331 4727 existimavit
3368 4673 3677 4729 Baronius.

2329 4748 2509 4803 LXIX.
2544 4778 2611 4786 —
2640 4745 2856 4815 Scripta
2894 4752 3118 4800 exeunte
3145 4762 3237 4799 an.
3268 4748 3393 4799 402.

2092 4818 2349 4889 Epistola
2364 4818 2732 4889 sexagesima
2750 4814 2993 4889 nonaad
3007 4817 3314 4889 Castorium
3331 4814 3678 4889 conferenda

2020 4886 2253 4962 estcum
2271 4890 2504 4962 synodo
2523 4888 2845 4962 Milevitana
2868 4888 2963 4942 die
2981 4892 3047 4941 27
3070 4888 3307 4962 augusti
3340 4902 3437 4962 an.
3583 4900 3673 4962 ee-

2020 4955 2331 5041 lebrataals
2356 4962 2511 5041 enim
2532 4960 2924 5041 Maximianus
2947 4975 3126 5041 quem
3148 4955 3242 5041 hic
3261 4958 3508 5011 laudant

2021 5032 2153 5102 pius
2180 5034 2652 5107 etAugustinns,
2687 5030 2848 5107 quod
2891 5027 3411 5107 episcopalnonus
3446 5027 3679 5107 pacifica

2015 5099 2295 5177 permotus,
2313 5105 2520 5177 pietate
2548 5099 2872 5177 deposuerit,
2898 5099 3113 5177 cuique
3127 5103 3183 5154 in
3200 5099 3543 5177 Vaginensis
3566 5099 3679 5153 Ec-

2020 5171 2212 5229 clesiae
2228 5176 2300 5228 ad
2313 5171 2743 5229 ministratione
2760 5174 2988 5227 fratrem
3004 5171 3189 5240 ipsius
3203 5171 3531 5223 Castorium
3548 5185 3679 5224 suc-

2020 5246 2227 5301 cedere
2242 5245 2610 5315 cupiunt.i|le
2626 5247 2749 5315 ipse
2766 5250 2870 5305 est,
2888 5244 3255 5315 eruditorum
3270 5240 3679 5315 quorumdam

2013 5317 2261 5388 judicio,
2280 5312 2674 5388 Maximianus
2694 5314 3062 5388 Bagaiens_i_s,_
3079 5312 3521 5388 quiepiscopali
3540 5313 3676 5367 sede

2018 5383 2227 5443 cedere
2245 5390 2602 5458 permittitur
2627 5387 2779 5441 illius
2795 5384 3014 5458 synodi
3029 5384 3288 5458 decreto,
3314 5384 3369 5458 in
3386 5383 3527 5440 Cod.
3541 5400 3673 5458 can.

2021 5459 2135 5513 Afr.
2180 5454 2457 5515 c.'88.Sic
2484 5459 2701 5517 Rivius.
2729 5458 2809 5511 sic
2833 5456 3149 5511 anteillum
3183 5457 3366 5511 sensit
3391 5454 3675 5511 Baronius

2020 5531 2094 5584 ad
2123 5548 2221 5585 an.
2253 5534 2374 5586 402.
2412 5530 2513 5586 Ubi
2546 5535 2742 5583 tamen
2776 5528 3079 5593 admonet,
3122 5542 3183 5582 se
3215 5526 3542 5599 aliquando
3568 5542 3673 5599 pu-

2019 5608 2177 5677 tasse
2205 5602 2623 5677 Maximianum
2658 5600 3008 5677 episcOpum
3037 5599 3201 5677 illum
3261 5600 3671 5677 Bagaiensem,

2017 5674 2119 5744 qui
2159 5673 2380 5727 scilicet
2418 5689 2452 5727 a
2488 5672 2805 5744 Donatistis
2837 5669 3112 5744 cmsuset
3134 5672 3207 5744 de
3238 5669 3377 5744 turri
3410 5669 3677 5742 praecipi-

2019 5741 2172 5800 tatus
2202 5744 2379 5799 fuisse
2399 5747 2674 5798 narratur
2699 5743 2777 5798 ab
2807 5743 3133 5811 Augustino
3158 5742 3216 5796 in
3240 5741 3669 5812 epist."c1.xxxv,

2016 5831 2075 5872 n.
2101 5820 2188 5883 26,
2231 5822 2285 5872 et
2316 5831 2592 5881 Lxxxvni,
2623 5830 2683 5872 n.
2716 5816 2769 5883 7,
2790 5821 2845 5872 et
2883 5815 2945 5871 in
2972 5814 3123 5871 libro
3150 5816 3180 5869 3
3207 5817 3413 5869 contra
3437 5812 3674 5868 Cresco-
