4164 6182
262 171 334 227 29
1761 169 2161 231 ΡΡυΕΡΑΤῙΟ.

267 294 564 363 Vindingu
575 309 624 358 s,
647 307 720 346 eo
731 290 897 365 quod
911 290 1075 365 istius
1089 291 1416 365 presbyteri
1433 309 1758 364 praecessor
1769 295 1825 348 di
1833 310 1934 349 ca-

261 373 361 422 tur
376 362 768 438 Fortunatus?
790 364 952 438 hunc
972 362 1170 434 ipsum
1186 362 1344 418 enim
1362 362 1563 419 Felicis
1582 366 1766 420 fuisse
1783 383 1934 438 prae-

264 453 572 493 cessorem
652 435 884 489 videtur
928 435 1179 490 innuere
1223 438 1590 506 Augustinus
1632 439 1692 492 in
1736 435 1838 492 lib.
1901 439 1925 491 1

266 511 518 565 Retract.
548 523 599 561 c.
632 510 686 561 8.

305 581 502 636 LXXX.
563 608 631 617 —
679 575 900 646 Scripta
934 593 1026 629 an.
1067 579 1190 640 405,
1245 577 1393 632 circa
1431 595 1597 632 mens.
1647 580 1930 633 martium.

337 648 823 720 Octogesimaad
853 647 1150 702 Paulinum
1175 664 1236 701 n.
1277 654 1294 703 1
1325 667 1385 704 se
1421 651 1548 720 ipsa
1581 651 1934 720 proditscri-

267 730 432 794 ptam
459 721 580 794 sub
607 719 749 773 illud
771 725 1027 794 tempus,
1045 719 1466 794 cumproxime
1480 719 1710 794 futurus
1733 739 1932 792 spera-

264 791 684 865 baturreditus
698 792 1116 865 episcoporum
1140 791 1378 865 Theasii
1399 798 1457 846 et
1486 793 1682 847 Evodii
1703 810 1714 846 :
1733 791 1832 865 qui
1849 795 1933 848 Vi-

263 865 482 920 delicet
513 881 548 918 a
579 861 1026 934 Carthaginensi
1055 862 1308 916 concilio
1344 865 1661 934 superioris
1685 861 1825 919 an'ni
1857 866 1933 920 ad

267 937 600 992 Honorium
636 931 820 995 missi,
853 931 1089 1001 legibus
1123 940 1328 988 contra
1369 931 1707 991 Donatistas
1741 936 1837 991 die
1874 940 1934 990 l2

266 1007 551 1063 februarii
586 1007 664 1059 ab
718 1004 1084 1075 Imperatori:
1124 1005 1538 1075 promulgatis,
1569 1007 1825 1063 reditum
1874 1007 1934 1062 in

267 1080 532 1135 Africam
574 1075 738 1131 haud
779 1074 964 1130 dubie
1006 1074 1398 1132 maturarunt.

597 1147 814 1202 LXXXI.
841 1177 910 1186 —
939 1146 1161 1218 Scripta
1197 1147 1343 1217 forte
1375 1165 1464 1202 an.
1509 1149 1632 1204 405.

343 1218 670 1288 Epistolam
693 1219 1130 1292 octogesimum
1147 1219 1402 1292 primam
1425 1219 1820 1292 Hieronymus
1835 1235 1938 1290 per

272 1291 526 1346 Firmum
545 1288 1191 1362 transmisit,excusans
1204 1290 1356 1362 quod
1371 1291 1449 1346 ab
1464 1288 1793 1359 Augustino
1808 1288 1937 1362 pro-

270 1366 520 1417 vocatus
534 1359 1011 1432 compulsusque
1024 1361 1100 1415 ad
1115 1359 1683 1432 respondendum,id
1699 1359 1936 1417 demum

275 1433 839 1505 feceritvelinvitus,
860 1431 1344 1502 scilicetepistola
1375 1450 1536 1499 LXXV,
1561 1450 1696 1505 quae
1722 1433 1938 1489 idcirco

273 1521 475 1576 pauco
491 1513 756 1572 tempore
773 1503 948 1558 istam
965 1519 1134 1558 LXXXI
1151 1506 1528 1576 praecessisse
1543 1503 1789 1560 videtur.
1803 1507 1938 1562 Sus-

277 1575 518 1655 picatur
553 1589 796 1655 quoque
830 1576 1198 1642 Augustinus
1232 1575 1294 1655 in
1324 1576 1724 1655 subsequente
1765 1576 1939 1647 epist.

268 1663 407 1718 cap.
439 1653 490 1711 t,
527 1663 589 1701 n.
643 1651 689 1710 l,
731 1648 1110 1716 Hieronymo,
1156 1648 1509 1718 priusquam
1553 1648 1711 1703 hanc
1769 1664 1939 1702 LXXXI

270 1719 353 1773 ad
373 1720 580 1800 ipsum
609 1718 877 1800 dictaret,
900 1716 1187 1773 redditam
1211 1717 1392 1800 fuisse
1427 1719 1740 1800 epistolam
1765 1736 1940 1800 suam

273 1806 475 1846 LXXIII.
506 1791 704 1860 Itaque
731 1790 846 1845 i~ta
885 1804 1054 1844 LXXXI
1088 1804 1210 1844 non
1241 1795 1461 1846 temere
1487 1791 1564 1845 ad
1595 1807 1812 1845 annum
1837 1792 1942 1846 cir-

274 1863 424 1917 citer
465 1863 568 1917 405
611 1867 940 1917 revocatur.

553 1933 793 1987 LXXXII.
826 1961 893 1970 —
921 1931 1136 2001 Scripta
1162 1931 1258 1986 sub
1287 1931 1422 1987 idem
1451 1939 1672 2002 tempus.

355 2005 532 2059 Lecta
564 2003 866 2068 superiore
879 2002 1128 2072 epistola
1144 2019 1279 2058 mox
1291 2003 1718 2072 octogesimam
1735 2018 1940 2058 secun-

277 2074 544 2146 damiad
599 2073 989 2144 Hieronymum
1036 2075 1340 2144 rescripsit
1396 2076 1785 2143 Augustinus,
1820 2090 1943 2146 qua

283 2153 410 2200 tum
447 2145 545 2200 isti
601 2152 911 2214 postremae
963 2160 1066 2216 per
1099 2146 1361 2200 Firmum
1409 2146 1622 2211 allatae,
1655 2152 1777 2200 tum
1815 2145 1943 2200 aliis

283 2217 530 2272 duabus
550 2232 705 2288 quas
721 2217 1064 2288 Cyprianus
1095 2217 1392 2280 retulerat,
1434 2217 1650 2273 scilicet
1690 2234 1863 2283 LXXII,
1887 2222 1943 2273 et

283 2305 443 2344 LXXV
475 2287 816 2358 respondet.

581 2359 848 2414 LXXXIII.
890 2388 957 2398 —
986 2357 1208 2415 Scripta
1236 2358 1384 2413 circa
1411 2376 1504 2412 an.
1533 2359 1656 2415 405.

355 2433 488 2496 Quo
505 2434 770 2500 tempore
798 2428 1237 2484 discutiendum
1267 2429 1485 2486 venerit
1512 2431 1570 2485 id
1604 2429 1844 2499 negotii,
1867 2429 1942 2485 de

285 2518 410 2573 quo
429 2504 488 2556 in
513 2499 764 2571 epistola
776 2499 1144 2570 octogesima
1167 2502 1333 2556 tertia
1360 2501 1430 2554 ad
1460 2501 1716 2573 Alypium
1730 2509 1944 2557 tracta-

293 2572 407 2638 tur,
440 2589 554 2627 non
582 2572 750 2627 aliter
775 2572 1785 2644 innotescit,nisiquodn.4scribitA
1799 2590 1941 2641 ugu-

289 2646 496 2710 stinus,
526 2661 648 2698 rem
685 2660 749 2698 se
778 2659 917 2698 cum
943 2642 1937 2715 Samsucio—episcopo,contulisse.

285 2716 469 2796 I’orro
499 2715 844 2794 Samsucius
877 2714 1009 2796 sub"
1027 2714 1338 2796 exordium
1380 2714 1935 2796 episeqpatusntgpg;

272 2788 405 2858 jam
449 2794 576 2840 erat
609 2789 930 2858 episcopus
977 2786 1092 2840 ﬁde
1123 2791 1180 2842 et
1208 2786 1575 2858 auctoritate
1597 2786 1937 2856 praeclarus,

279 2857 359 2913 uti
390 2857 740 2936 intelligitur
765 2874 833 2912 ex
872 2873 962 2936 ep.
998 2863 1282 2936 χιλίη-Αἱ
1309 2857 1386 2913 ab
1419 2859 1939 2936 ap..407,pifh_il_d_e

277 2947 348 2983 eo
369 2919 671 3002 deinceps
695 2919 1020 3002 reperitur.
1058 2919 1437 3002 Conjecturar'
1452 2919 1613 3000 latuit
1640 2919 1955 3002 .qiié‘t‘ltliic"

275 2996 642 3056 Thiavenses
675 2996 954 3055 dicuntur
980 3015 1122 3054 nunc
1146 2996 1437 3055 catholici!
1459 2996 1887 3068 pauet-aestu.»
1919 3010 1954 3065 ;‘

275 3073 426 3126 forte
458 3077 711 3143 propter
735 3071 896 3140 leges
926 3086 1023 3125 an.
1050 3074 1178 3143 405,
1210 3073 1267 3126 in
1310 3072 1664 3127 Donatistas.

277 3141 551 3200 LXXXIV.
575 3141 636 3183 Σ-
657 3141 878 3212 Scripta
903 3143 1036 3197 circ.
1056 3142 1149 3197 hoc
1165 3151 1391 3212 tempus,
1417 3159 1506 3197 seu
1538 3151 1662 3198 ante
1687 3160 1777 3197 an.
1811 3143 1870 3197 41
1892 3148 1904 3196 1
1923 3185 1935 3198 .

352 3214 623 3286 Epistula
642 3213 1011 3286 octogesima
1023 3220 1239 3285 quarta
1255 3214 1325 3269 ad
1343 3215 1610 3272 Novatum
1631 3215 1940 3286 aliquanto

274 3285 416 3341 ante
447 3285 832 3341 collationem
859 3285 1387 3354 Carthaginensem
1421 3286 1642 3356 scripta
1670 3285 1775 3355 est,
1800 3302 1938 3341 cum

273 3358 536 3412 dubium
594 3373 714 3412 non
745 3358 818 3411 sit
858 3359 1174 3422 Novatum,
1215 3358 1316 3427 qui
1349 3355 1647 3412 collationi
1680 3357 1941 3412 interfuit

275 3429 579 3485 Sitifensis
612 3429 954 3499 episcopus,
985 3427 1059 3482 de
1089 3429 1458 3483 restituendo
1486 3428 1595 3483 sibi
1630 3429 1805 3484 fratre
1830 3445 1938 3483 suo

280 3500 509 3555 Lucilio
561 3499 820 3554 diacono
873 3499 1030 3571 (quae
1080 3514 1174 3555 res
1222 3499 1358 3555 huic
1388 3500 1660 3566 Epistolas
1692 3516 1939 3556 causam

274 3572 470 3641 dedit)
503 3571 702 3639 egisse
736 3571 898 3641 apud
932 3571 1325 3640 Augustinum
1349 3571 1547 3626 statim
1579 3579 1759 3642 atque
1790 3572 1942 3642 epis-

274 3643 489 3712 copale
516 3658 670 3697 onus
701 3642 760 3696 in
782 3658 842 3696 se
860 3642 1140 3710 suscepit.
1169 3645 1232 3697 Et
1255 3643 1546 3713 saneipse
1574 3645 1940 3711 Augustinus

271 3714 388 3768 hoc
451 3714 744 3783 rescripto
795 3729 903 3767 suo
953 3713 1161 3777 innuit,
1214 3728 1334 3768 non
1390 3715 1468 3768 ita
1504 3713 1732 3783 pridem
1773 3715 1940 3770 illum

273 3786 593 3856 adeptum,
627 3800 756 3839 esse
797 3799 930 3856 eam
984 3785 1332 3856 dignitatem
1368 3799 1379 3836 :
1431 3785 1656 3856 quippe
1685 3787 1789 3856 qui
1839 3785 1942 3841 ali-

273 3854 432 3929 quos
464 3855 741 3911 Ecclesia:
771 3854 1073 3929 ministros
1094 3855 1362 3929 nondum
1377 3854 1558 3929 perse
1573 3854 1936 3912 instituisset.

607 3929 844 3982 LXXXV.
873 3957 942 3966 —
973 3927 1196 3997 Scripta
1233 3927 1336 3984 cir.
1376 3945 1468 3982 an.
1501 3928 1627 3984 405.

347 3999 736 4058 Octogesima
759 3998 968 4070 quinta
991 3998 1258 4068 epistola,
1291 4014 1411 4070 qua
1426 3999 1942 4068 AugustinusPa-u-

281 4070 392 4123 lum
427 4069 789 4141 episcopum
815 4069 893 4125 ab
921 4075 1157 4140 arrepto
1184 4069 1394 4125 sancto
1413 4071 1718 4140 proposito
1756 4087 1942 4141 quam

275 4141 640 4208 longissime
680 4141 1081 4196 discedentem
1128 4141 1428 4211 objurgat,
1461 4141 1627 4196 haud
1665 4141 1942 4197 collocari

277 4218 494 4281 posset
527 4213 718 4268 multo
743 4219 880 4267 ante
918 4212 1032 4266 hoc
1050 4217 1316 4284 tempus,
1368 4212 1866 4284 quandoquidem
1894 4215 1942 4267 is

280 4285 336 4337 in
387 4284 622 4338 Christo
676 4301 775 4353 per
823 4283 1176 4354 Evangelium
1224 4283 1303 4338 ab
1349 4283 1679 4354 Augustino
1708 4285 1940 4354 genitus,

277 4355 666 4427 subindeque
710 4355 859 4427 bene
897 4354 1143 4427 meritus
1191 4354 1264 4410 de
1298 4355 1578 4421 Ecclesia,
1614 4356 1832 4411 multos
1865 4354 1941 4409 ad

277 4442 415 4482 eam
464 4425 600 4498 jam
654 4425 963 4494 collegisse
1010 4426 1243 4481 dicitur.
1298 4429 1498 4498 Neque
1534 4443 1713 4493 porro
1754 4427 1942 4481 serius

277 4497 642 4569 reponenda
665 4498 1176 4569 videtur,quando
1192 4497 1529 4553 BonifaCius
1557 4500 1614 4553 in
1646 4499 1941 4553 demortui

278 4567 446 4624 Pauli
478 4567 704 4632 locum,
741 4569 911 4636 juxta
950 4567 1260 4638 epistolam
1292 4584 1446 4632 XCVI,
1482 4585 1541 4623 n.
1574 4573 1626 4634 2,
1657 4569 1941 4625 suffectus

271 4642 398 4707 jam
436 4646 570 4695 erat
597 4655 754 4712 anno
767 4643 892 4701 408,
913 4641 1304 4712 Cataquensis
1328 4640 1654 4711 episcopus
1682 4641 1943 4712 appella-

278 4718 371 4766 tus
427 4713 490 4766 in
538 4711 791 4781 epistola
822 4726 994 4776 XCVII,
1029 4727 1086 4765 n.
1120 4711 1172 4765 3.
1231 4712 1517 4766 Eumdem
1554 4713 1711 4768 enim
1752 4711 1810 4766 in
1844 4712 1944 4767 illa

275 4784 535 4853 epistola
550 4798 890 4853 xcv1,quem
909 4783 1001 4837 hic
1017 4783 1072 4836 in
1089 4783 1340 4852 epistola
1352 4783 1721 4854 octogesima
1735 4785 1944 4853 quinta

279 4855 538 4909 Paulum
589 4854 779 4907 notari
807 4869 924 4908 non
956 4853 1232 4925 dubitant
1263 4854 1552 4915 Verlinus.
1596 4854 1942 4925 Vindingus,

276 4927 642 4988 Holstenius,
673 4925 975 4995 claretque
1005 4924 1233 4980 collatis
1265 4925 1516 4981 invicem
1544 4927 1832 4992 epistolis.

582 4997 838 5052 LXXXVI.
878 5027 932 5034 -—
976 4995 1194 5066 Scripta
1232 4996 1373 5066 forte
1411 5013 1502 5051 an.
1537 4998 1656 5052 405.

348 5067 526 5131 Quod
560 5083 597 5121 a
624 5067 937 5122 Caeciliano
971 5068 1263 5136 petiturin
1297 5068 1546 5138 epistola
1579 5067 1944 5135 octogesima

277 5145 471 5200 sexta,
498 5140 679 5208 utqui
699 5155 801 5206 per
821 5138 968 5194 alias
993 5139 1199 5194 Africae
1215 5143 1396 5194 terras
1413 5139 1623 5194 unitati
1639 5139 1944 5194 catholicae

280 5209 546 5264 mirabili
579 5209 848 5265 efﬁcacia
871 5209 1424 5279 consuluisset,jam
1460 5211 1700 5266 tandem
1730 5211 1943 5280 Hippo-

281 5282 455 5336 nensi
489 5281 720 5348 regioni
745 5285 810 5352 et
857 5281 1060 5336 vicinis
1092 5281 1362 5352 partibus
1405 5281 1727 5352 prmsidiali
1753 5283 1944 5336 edicto

278 5353 650 5415 subveniret,
700 5351 758 5406 id
793 5352 968 5422 plane
999 5351 1353 5422 argumento
1385 5351 1472 5407 est
1506 5355 1788 5420 scriptam
1824 5369 1943 5407 non

281 5423 469 5478 fuisse
497 5423 838 5492 epistolam,
862 5424 970 5478 nisi
994 5431 1126 5494 post
1143 5425 1395 5480 emissas
1413 5425 1648 5478 ineunte
1665 5440 1827 5478 anno
1843 5428 1945 5480 405

279 5494 444 5565 leges
460 5495 534 5549 ab
561 5496 820 5550 Honorio
833 5502 1037 5550 contra
1054 5496 1430 5550 Donastistas.
1462 5497 1602 5549 Cum
1621 5512 1757 5550 vero
1772 5495 1947 5551 Greci-

278 5567 394 5622 lian
409 5584 478 5621 us
494 5567 761 5639 hicidem
778 5565 938 5622 haud
953 5566 1132 5620 dubie
1147 5567 1332 5635 sitqui
1347 5584 1508 5639 anno
1522 5571 1622 5621 409
1638 5567 1946 5639 praefectus

280 5637 560 5694 Praetorio
608 5637 739 5702 fuit,
775 5653 968 5708 neque
1001 5638 1314 5693 verisimile
1344 5638 1612 5693 videatur
1638 5637 1830 5693 ’virum
1877 5655 1946 5694 ea

277 5710 576 5773 dignitate
592 5709 861 5765 functum
887 5709 943 5764 in
962 5709 1278 5779 prtesidiali
1305 5710 1464 5780 apud
1483 5709 1737 5765 Africam
1753 5710 1948 5764 admi-

279 5782 634 5854 nistratione
670 5785 891 5854 postea
923 5781 1234 5854 meruisse,
1267 5781 1486 5854 idcirco
1528 5781 1752 5837 hancce
1784 5781 1948 5854 epis-

277 5854 466 5910 tolam
487 5851 571 5910 ad
598 5867 829 5908 annum
843 5852 1073 5909 circiter
1089 5853 1193 5910 405
1205 5852 1497 5926 pertinere
1509 5854 1640 5925 conj
1653 5851 1946 5912 ectanius.

3637 165 3716 230 30.

2042 295 2332 367 LXXXVII.
2367 325 2434 335 —
2454 293 2670 367 Scripta
2690 297 2832 367 forte
2860 313 2953 351 an.
2989 299 3114 360 405,
3143 303 3288 351 certe
3305 303 3429 352 ante
3458 314 3549 352 an.
3573 298 3698 354 411.

2111 365 2192 420 De
2222 371 2486 436 tempore
2501 365 2764 437 epistolas
2780 369 3162 438 octogesimas
3178 368 3442 439 septimae
3466 369 3702 424 adEme-

2039 438 2233 510 ritum,
2267 442 2389 491 duo
2416 445 2573 492 certa
2593 446 2728 495 sunt
2752 455 2764 493 :
2800 440 3056 510 primum
3082 438 3352 494 nondum
3381 443 3700 496 Emeritum

2039 508 2877 582 videratAugustinusmeq‘ue
2899 511 3150 566 omnino
3179 512 3364 566 virum
3392 512 3502 566 nisi
3541 513 3702 568 fama

2042 583 2308 653 noverat.
2339 595 2409 634 ex
2439 596 2603 635 num.
2625 582 2736 653 4,4
2752 589 2806 636 et
2829 586 2906 644 10,
2925 584 3194 653 adeoque
3211 585 3479 636 nondum
3495 583 3701 640 habita

2041 650 2230 724 fuerat
2245 651 2731 724 Carthaginensis
2749 653 3004 716 collatio,
3021 650 3140 724 qua
3157 654 3435 707 nimirum
3451 655 3508 708 in
3525 656 3702 710 colla-

2043 723 2198 776 tione
2228 723 2536 786 Emeritus,
2589 738 2730 777 unus
2763 741 2946 778 eorum
2991 723 3178 794 septem
3209 741 3333 794 quos
3381 725 3700 781 Donatistae

2043 809 2145 863 pro
2159 810 2280 847 suae
2294 810 2490 848 causae
2506 794 2850 848 defensione
2864 795 3286 863 delegerant,in
3303 796 3502 850 eadem
3518 812 3700 852 causa

2043 865 2303 918 maxime
2320 865 2839 936 laboravit,inquit
2853 869 3215 932 Augustinus
3229 867 3285 920 in
3302 867 3439 921 lib.2
3453 867 3697 923 Retract.

2043 935 2594 1006 c.51.Deindequod
2612 935 3491 1007 non’minnsliquidumest.jam
3508 942 3702 993 Hono-

2043 1007 2166 1080 rius
2200 1007 2407 1062 tulerat
2437 1008 2596 1077 leges
2621 1010 2755 1063 anni
2789 1012 2889 1063 405
2933 1009 3112 1079 paulo
3153 1011 3475 1063 severiores
3515 1027 3701 1080 quam

2041 1079 2358 1147 impetrare
2410 1079 2728 1134 voluissent
2758 1079 2934 1147 legati
2969 1080 3186 1147 synodi
3222 1079 3700 1150 Carthaginiensis

2043 1151 2186 1204 anni
2225 1150 2350 1204 404.
2386 1153 2602 1221 Nempe
2628 1167 2746 1205 cum
2773 1151 2937 1220 legati
2969 1152 3190 1206 Romam
3218 1158 3503 1215 venerunt,
3530 1155 3609 1206 uti
3642 1152 3702 1207 in

2046 1221 2435 1291 subsequeuti
2463 1222 2731 1293 epistola,
2769 1239 2826 1276 n.
2859 1229 2887 1276 7
2932 1229 3225 1287 narratur,
3258 1224 3377 1293 jam
3419 1224 3704 1277 cicatrices

2045 1293 2308 1373 episcopi
2338 1292 2606 1373 catholici
2638 1295 2941 1362 Bagaitani
2987 1292 3299 1348 horrendae
3334 1311 3402 1373 ac
3427 1295 3703 1373 recentis-

2046 1364 2212 1418 simae
2269 1364 2693 1431 Imperatorem
2739 1370 3211 1429 commoverant,
3255 1373 3316 1418 ut
3362 1365 3521 1432 leges
3556 1365 3700 1420 tales

2048 1435 2438 1506 mitterentur,
2471 1437 2674 1504 quales
2705 1441 2761 1506 et
2792 1437 2992 1489 missas
3033 1443 3186 1490 sunt.
3227 1436 3347 1491 Hoc
3376 1437 3580 1506 ipsum
3612 1441 3704 1491 est

2046 1505 2211 1579 quod
2241 1505 2495 1561 Emerito
2526 1505 2822 1579 signiﬁcat
2852 1512 3096 1576 August.
3118 1507 3222 1579 hic
3252 1523 3308 1560 n.
3344 1510 3398 1561 8.

2193 1579 2505 1631 LXXXVIII.
2543 1609 2605 1617 —
2637 1577 2853 1647 Scripta
2881 1584 2996 1647 post
3040 1578 3267 1632 initium
3297 1594 3386 1632 an.
3429 1577 3554 1632 406.

2121 1646 2590 1718 Hipponensinm
2651 1646 3002 1704 Clericorum
3053 1649 3302 1718 epistola
3337 1648 3701 1719 octogesima

2049 1726 2258 1774 octava
2289 1719 2711 1775 adJanuarium
2743 1721 2955 1790 (prima:
2999 1720 3140 1774 sedis
3167 1720 3348 1790 partis
3376 1720 3602 1784 Donati,
3636 1726 3702 1774 ut

2047 1791 2223 1845 nostri
2234 1791 2367 1845 MSS
2377 1833 2387 1844 .
2405 1792 2621 1861 ferunt)
2647 1792 2832 1846 missa
2845 1799 2931 1845 est
2953 1792 3263 1862 aliquanto
3280 1799 3541 1862 tempore
3566 1797 3701 1846 ante

2049 1862 2258 1916 initam
2308 1878 2446 1916 cum
2494 1862 2814 1917 Donatistis
2857 1863 3254 1929 collationem,
3287 1879 3470 1933 quam
3518 1863 3597 1916 illi
3638 1878 3701 1918 se

2048 1933 2432 1988 vehementer
2479 1939 2746 2004 expetere
2799 1934 2996 1988 multis
3049 1940 3477 1989 contestantur.
3527 1933 3701 2001 Quod

2051 2010 2249 2059 autem
2279 2021 2337 2058 n.
2381 2005 2441 2058 l0
2471 2005 2560 2058 his
2592 2005 2784 2060 verbis
2812 2005 3180 2060 obtendunt:
3233 2007 3398 2060 Vestri
3429 2005 3571 2059 enim
3596 2006 3705 2060 col-

2050 2085 2184 2154 tegte
2219 2076 2321 2154 qui
2372 2076 2780 2154 uavigaverant,
2817 2076 2961 2146 apud
2987 2077 3594 2154 prce/ectastdizrerunt
3651 2092 3704 2154 se

2048 2147 2238 2201 audiri
2266 2148 2503 2200 venisse:
2535 2164 2669 2201 cum
2703 2150 2848 2202 citra
2877 2164 3118 2202 omnem
3151 2147 3585 2202 dubitationem
3627 2149 3703 2201 ad
3777 2148 3790 2154 “

2050 2218 2326 2287 gestailla
2342 2218 2789 2288 pertineat,quaa
2804 2219 3090 2288 producta
3106 2220 3377 2285 leguntur
3391 2219 3446 2272 in
3465 2217 3703 2273 Cartha-

2051 2289 2278 2357 ginensi
2319 2289 2630 2344 collatione
2668 2293 2794 2352 3,n.
2819 2289 3011 2354 l24,iu
3029 2290 3240 2359 judicio
3265 2290 3448 2343 habita
3476 2291 3696 2359 prwfec-

2052 2367 2208 2424 turre,
2245 2360 2333 2414 ubi
2369 2377 2426 2414 se
2478 2376 2609 2429 pars
2637 2360 2882 2423 adversa,
2928 2361 2985 2415 id
3019 2366 3107 2415 est
3153 2361 3696 2425 schismaticorum,

2047 2431 2242 2485 audiri
2271 2437 2550 2501 tantopere
2576 2432 2846 2501 ﬂagitavit
2876 2449 2894 2485 :
2943 2447 3149 2502 quaeve
3188 2431 3245 2486 in
3277 2432 3489 2487 eadem
3521 2431 3705 2486 colla-

2050 2503 2206 2557 tione
2234 2518 2292 2557 n.
2323 2505 2442 2567 l4l,
2473 2510 2751 2557 notantur
2779 2503 3050 2557 confecta
3073 2505 3340 2558 Ravenna:
3367 2504 3463 2557 sub
3486 2503 3570 2556 die
3592 2510 3705 2556 ter—

2051 2576 2129 2628 tia
2152 2573 2424 2628 Kalendas
2450 2573 2776 2642 februa-rius,
2821 2573 3047 2628 Domino
3092 2582 3271 2628 nostro
3310 2574 3552 2629 Arcadio
3578 2590 3703 2644 per-

2044 2647 2484 2715 petIM‘Augtma
2504 2651 2552 2699 et
2570 2644 2756 2698 'Probo
2779 2653 3035 2714 quartum
3075 2645 3302 2710 consule,
3334 2645 3391 2699 id
3423 2653 3511 2699 est
3539 2660 3701 2700 anno

2051 2715 2802 2794 'Jbrrst‘ifpgitrp‘rpféeto
2825 2717 3193 2794 demonstrat
3223 2718 3504 2788 scriptam
3540 2716 3702 2786 Epis-

2050 2777 2524 2857 tolain'p'o's't'h'iij
2537 2777 2669 2842 u'sce
2700 2779 2842 2842 anni
2870 2788 3202 2842 exordium.

2081 2917 2097 2935 ³
2130 2931 2153 2936 Α
2212 2859 2524 2936 ληΙΑΧΧΡςΙΧ.
2559 2890 2626 2936 τ
2663 2857 2879 2936 Scripta
2909 2859 3052 2936 circa
3086 2858 3224 2936 idem
3258 2864 3476 2929 tempus.

2120 2920 2498 3010 Octpgesliiia
2514 2920 2981 3010 utitta‘abﬂli’estum
2994 2931 3134 2984 data
3146 2920 3704 3010 estpos'tpraedictas

2050 3000 2588 3068 Honcrfilsgesfdti
2621 3000 2964 3068 littellZgitur
2979 3018 3047 3055 ex
3074 3019 3131 3054 II.
3155 3005 3208 3065 2,
3227 3006 3256 3055 6
3288 3006 3384 3055 et7
3411 3000 3544 3066 ;sed
3569 3006 3704 3054 ante

2046 3072 2573 3140 Carthaginensem
2593 3071 2972 3126 collationem
3003 3095 3013 3126 :
3036 3073 3257 3142 quippe
3279 3072 3452 3141 cujus
3476 3070 3703 3125 nullam

2049 3159 2292 3214 prorsus
2305 3143 2664 3214 mentionem
2678 3141 3501 3214 Augustinus’facit,quamvis
3516 3141 3706 3196 Eccle-

2049 3213 2150 3269 siae
2168 3230 2404 3269 causam
2420 3213 2486 3267 ad
2497 3229 2698 3267 versus
2720 3214 3050 3268 Donatistas
3065 3213 3141 3268 ibi
3161 3214 3286 3268 fuse
3303 3217 3701 3283 persequatur.

2131 3287 2234 3348 XC,
2263 3286 2392 3341 XCI.
2425 3315 2492 3324 —
2534 3284 2770 3355 Scripta:
2795 3302 2886 3339 an.
2920 3285 3047 3352 408,
3085 3292 3200 3356 post
3230 3287 3254 3337 1
3291 3284 3435 3338 diem
3459 3283 3630 3354 junii.

2120 3357 2382 3412 Duarum
2437 3357 2705 3427 proxime
2748 3363 3126 3427 sequenttum
3169 3362 3399 3410 aetatem
3441 3361 3704 3427 repetere

2049 3425 2488 3497 oportetillisex
2516 3427 2706 3481 verbis
2724 3425 3121 3496 Augustiniad
3137 3427 3456 3482 Nectarium
3496 3425 3705 3480 rescri-

2050 3500 2243 3553 bentis
2272 3516 2332 3555 n.
2362 3503 2422 3554 8:
2449 3500 3064 3554 Contrarecentissimas
3086 3499 3220 3569 leges
3243 3498 3504 3552 Kalendis
3521 3497 3705 3566 juniis

2046 3573 2188 3640 festo
2211 3571 2554 3641 Paganorum
2577 3570 2851 3640 sacrilega
2878 3571 3182 3625 solemnitus
3202 3570 3409 3640 agitata
3430 3575 3540 3624 est:
3573 3585 3704 3640 quae

2049 3642 2282 3711 quidem
2299 3640 2474 3695 Verba
2491 3641 2769 3695 Baronius
2785 3649 2841 3695 et
2855 3658 2960 3695 non
2973 3641 3108 3696 nulli
3122 3641 3331 3695 eruditi
3346 3641 3422 3695 ad
3435 3641 3595 3708 leges
3607 3655 3706 3693 au-

2050 3729 2124 3768 no
2138 3712 2241 3769 399
2253 3717 2460 3768 contra
2474 3715 2742 3781 Paganos
2759 3713 2835 3766 ab
2859 3713 3112 3768 Ilonorio
3127 3713 3276 3766 latas
3293 3712 3569 3766 referunt.
3592 3711 3704 3764 Sed

2050 3799 2122 3838 ea
2156 3792 2421 3853 spectare
2449 3799 2567 3838 non
2590 3783 3140 3851 dubitamuslegem
3168 3784 3362 3837 Curtio
3395 3783 3602 3837 datam
3644 3787 3703 3835 l7

2051 3855 2295 3910 Kalend.
2313 3854 2647 3909 decembris
2667 3856 2724 3908 in
2740 3854 2885 3909 Cod.
2910 3853 3128 3909 Theod.
3149 3853 3251 3908 lib.
3270 3855 3358 3917 16,
3382 3853 3464 3908 tit.
3489 3857 3571 3914 10,
3588 3853 3703 3921 leg.

2055 3928 2137 3990 19,
2168 3927 2296 4006 sive
2327 3926 2530 4006 datam
2571 3926 2608 4006 8.
2633 3925 2876 4006 Kalend.
2914 3924 3188 4006 decemb:
3221 3927 3702 4006 RomaeLet‘pro-

2051 3997 2309 4065 positam
2334 3996 2689 4066 Carthagine
2709 3996 3126 4065 Noniisjuniis,
3154 3998 3335 4050 Basso
3359 4000 3414 4049 et
3432 3994 3704 4065 Philippo

2050 4069 2211 4124 Coss.
2240 4085 2309 4123 ex
2340 4067 2610 4138 Append.
2657 4067 2798 4123 Cod.
2830 4067 3049 4123 Theod.
3088 4082 3226 4138 pag.
3267 4071 3355 4122 35.
3393 4067 3704 4121 Enimvero

2051 4140 2349 4211 ipsissima
2377 4137 2516 4195 sent
2541 4139 2789 4208 hujusce
2814 4139 2959 4209 legis
2987 4137 3189 4202 verba,
3213 4155 3347 4208 quae
3372 4138 3489 4211 huc
3519 4145 3707 4211 trans-

2052 4210 2295 4266 ferenda
2323 4211 2550 4265 curavit
2575 4213 2964 4273 Augustinus,
2996 4225 3372 4279 conquerens
3399 4210 3708 4264 solemnita-

2051 4291 2154 4337 tem
2183 4291 2372 4338 contra
2412 4283 2542 4352 leges
2580 4283 2841 4352 agitatam
2887 4282 3076 4352 fuisse.
3107 4282 3504 4352 Praeterquam
3540 4280 3702 4352 quod

2051 4354 2284 4423 legibus
2312 4351 2468 4407 anno
2491 4357 2593 4409 399
2620 4351 3024 4422 promulgatis
3057 4351 3354 4406 sacriﬁcia
3373 4351 3706 4407 idolistieri

2053 4425 2460 4498 prohibentur,
2517 4440 2633 4478 non
2677 4424 2984 4498 solemnia
3035 4423 3184 4478 festa
3240 4423 3546 4498 celebrari.
3583 4423 3709 4498 Imp

2055 4493 2266 4551 eodem
2300 4497 2408 4550 isto
2442 4511 2602 4550 anno
2639 4496 2702 4549 13
2735 4495 2980 4550 Kalend.
3010 4493 3304 4563 septemb.
3351 4495 3542 4563 legem
3579 4495 3706 4551 tulit

2057 4567 2350 4623 Honorius
2380 4568 2438 4620 in
2461 4567 2585 4620 haec
2614 4566 2793 4622 verba
2822 4583 2834 4620 :
2880 4567 2950 4622 Ut
2970 4566 3228 4636 profanos
3256 4566 3401 4619 ritus
3421 4567 3537 4636 jam
3558 4565 3710 4620 salu-

2055 4639 2143 4694 bri
2171 4639 2276 4709 lege
2313 4639 2679 4693 submovimus
2711 4656 2727 4692 :
2757 4638 2837 4692 ita
2881 4638 3043 4708 festos
3087 4644 3372 4691 conventus
3401 4638 3622 4701 civium,
3656 4644 3711 4709 et

2052 4708 2373 4766 communem
2418 4711 2655 4763 omnium
2689 4709 2943 4764 laetitiam
2989 4725 3093 4762 non
3118 4711 3364 4778 patimur
3387 4708 3702 4764 submoveri.

2053 4783 2140 4836 Ad
2169 4783 2296 4837 haec
2318 4781 2582 4851 epistolae
2598 4780 2692 4834 hic
2720 4780 2927 4834 ordine
2951 4794 3084 4836 XCIV
3105 4785 3160 4842 et
3190 4795 3312 4843 xcv,
3339 4796 3597 4851 quarum
3629 4780 3710 4835 al-

2054 4859 2242 4910 teram
2301 4868 2504 4906 mense
2538 4851 2717 4918 maio,
2772 4851 3022 4906 alteram
3066 4851 3180 4906 sub
3220 4851 3399 4906 ﬁnem
3429 4851 3708 4922 ejusdem

2054 4925 2216 4987 anni,
2233 4939 2353 4995 quo
2370 4923 2512 4978 illud
2534 4940 2566 4978 a
2585 4922 3346 4995 Calamensibusﬂagitium
3372 4923 3708 4976 admissum

2055 5004 2161 5059 est,
2188 4993 2479 5065 prodiisse
2497 4994 2695 5048 nullus
2717 4993 3097 5059 dubitaverit,
3122 5010 3242 5048 non
3269 4999 3522 5064 possunt
3549 5007 3710 5048 anno

2054 5069 2156 5122 399
2189 5066 2486 5121 collocari.
2530 5069 2728 5136 Neque
2767 5066 2926 5120 enim
2968 5065 3216 5122 Melania
3248 5065 3443 5136 senior
3473 5068 3711 5136 Versata

2055 5145 2143 5195 est
2165 5139 2220 5192 in
2243 5137 2435 5193 Africa
2455 5153 2614 5192 anno
2634 5134 2742 5194 398
2771 5153 2782 5192 :
2813 5143 3173 5193 cumtamen
3196 5152 3264 5190 ex
3287 5134 3535 5204 epistola
3555 5150 3705 5199 XCIV,

2057 5227 2116 5264 n.
2165 5215 2198 5265 2
2245 5215 2406 5265 certo
2433 5209 2744 5277 colligatur
2795 5208 2958 5263 illam
3009 5209 3086 5264 ab
3135 5206 3469 5277 Augustino
3510 5206 3708 5262 Visam

2058 5283 2239 5336 fuisse
2272 5281 2541 5351 proxime
2575 5276 2709 5336 ante
2751 5283 3010 5351 tempus,
3040 5277 3261 5351 negotii
3302 5276 3710 5351 Qalamensis.

2057 5397 2062 5402 .
2125 5355 2256 5407 Jam
2267 5348 2406 5407 Vero
2423 5353 2744 5407 observare
2763 5348 3056 5410 convenit.
3077 5349 3230 5403 illius
3245 5348 3320 5404 ad
3338 5350 3598 5404 Curtium
3633 5349 3711 5404 le-

2056 5425 2141 5495 gis
2155 5425 2696 5495 promulgationem
2715 5419 3128 5495 factamfuisse
3152 5421 3317 5495 prius
3335 5421 3390 5474 in
3407 5421 3708 5495 Numidia,

2058 5491 2353 5566 posterius
2384 5493 2753 5560 Carthagine,
2784 5491 2881 5546 ubi
2916 5492 3009 5566 die
3097 5491 3250 5563 junii
3282 5493 3590 5564 proposita
3617 5493 3709 5548 lex

2057 5563 2114 5621 in
2145 5568 2375 5622 Codicis
2431 5566 2652 5621 Theod.
2711 5563 3051 5631 Appendice
3096 5569 3377 5620 notatur:
3414 5569 3514 5621 aut
3553 5569 3708 5620 certe

2059 5638 2199 5693 illud
2228 5638 2300 5692 de
2332 5653 2453 5709 quo
2480 5637 2671 5709 agitur
2704 5633 3146 5709 calamensinm
3185 5636 3443 5709 facinus_
3467 5635 3708 5709 nonnisi

2058 5725 2219 5764 anno
2249 5707 2716 5777 409‘contigisse.
2745 5707 2916 5772 Quod
2949 5712 3316 5778 postremum
3349 5707 3522 5762 nobis
3550 5707 3709 5762 vide-

2059 5788 2150 5836 tur
2178 5779 2376 5835 minus
2408 5779 2742 5844 verisimile,
2775 5795 2914 5835 cum
2949 5780 3152 5835 animo
3187 5786 3536 5849 reputemus
3580 5782 3710 5833 Pos-

2059 5851 2304 5918 sidium,
2327 5852 2430 5924 qui
2461 5850 2539 5910 ab
2570 5852 2971 5929 Imperatoris
2993 5851 3301 5916 comitatu,
3335 5865 3520 5923 quem
3547 5849 3708 5909 illius
