4164 6182
420 146 483 207 31
1918 142 2290 203 ΡΒΑΞΡΑΤΙΟ
2304 190 2318 203 .
3748 150 3817 207 32

420 272 640 344 negotii
684 289 865 329 causa
895 273 1140 337 adierat,
1182 288 1303 328 non
1336 277 1470 328 ante
1511 288 1780 329 mensem
1810 272 2060 344 aprilem

422 346 785 416 insequentis
807 347 946 400 anni
968 345 1253 409 discessit,
1276 344 1635 413 legationem
1656 344 1833 400 aliam
1857 346 2064 399 adlm-

421 425 749 499 peratorem
773 417 828 497 in
856 416 1573 499 Carttiagincnsiconei'lio
1602 432 1699 498 an:
1732 416 1973 499 4l0,_die
2006 419 2065 471 l4

417 487 938 559 juniisuscepisse.
964 487 1250 551 Quocirca
1266 487 1421 542 hanc
1441 488 1695 559 Nectarii
1722 489 2059 559 epistolam,

420 558 891 630 rescriptumque
913 558 1222 627 Augustini
1247 574 1406 612 anno
1432 560 1535 613 408
1556 558 1843 613 collocare
1875 558 2062 613 satius

422 631 727 686 duximus.
746 631 807 683 Id
834 645 969 683 vero
992 646 1167 683 suum
1192 630 1541 699 rescriptum
1560 630 1867 684 mensibus
1882 630 2063 684 ferme

421 710 555 757 octo
596 708 730 756 ante
771 701 928 754 diem
988 705 1050 754 '27
1105 701 1299 755 martii
1329 702 1468 756 anni
1526 702 1891 772 insequentis
1923 719 1958 755 a
2002 717 2063 755 se

420 773 719 828 redditum
745 777 987 844 testatur
1015 773 1377 841 Augustinus
1408 772 1466 826 in
1494 772 1746 844 epistola
1776 788 1889 837 Civ,
1925 788 1981 827 n.
2014 777 2059 837 1,

420 844 482 899 id
512 851 599 900 est
632 845 742 899 sub
772 842 1001 897 initium
1033 844 1288 911 augusti.

774 914 928 969 XCII.
959 915 1281 985 —Scripta
1309 914 1454 968 circa
1481 930 1572 969 an.
1600 917 1722 969 408.

492 984 1942 1056 Epistolanonagesimasecunda,quaAugustinus
1960 985 2064 1039 Ita-

422 1056 583 1111 licam
610 1073 788 1126 super
806 1057 971 1111 obitu
992 1057 1185 1111 mariti
1214 1056 1574 1123 consolatur,
1603 1057 1741 1111 data
1763 1063 1852 1111 est
1884 1057 2063 1127 paulo

420 1134 555 1182 ante
599 1144 727 1182 xcnx
760 1129 970 1182 Italicas
1000 1128 1186 1182 eidem
1223 1128 1593 1198 inscriptam.
1652 1132 1713 1183 ln
1744 1128 1857 1183 ista
1903 1128 2063 1183 enim

419 1215 571 1263 xcrx,
612 1215 668 1253 n.
709 1200 761 1263 3,
829 1199 1083 1269 parvulos
1119 1199 1309 1270 ipsius
1365 1200 1664 1265 resalutat,
1720 1199 2063 1270 indicatque

420 1270 534 1325 hoc
575 1270 704 1342 ipso
732 1286 1017 1342 eamtnon
1050 1272 1133 1326 ita
1164 1270 1396 1342 pridem
1431 1272 1555 1325 viro
1588 1286 1696 1342 suo
1730 1270 2059 1325 viduatam.

775 1340 951 1397 XCIII.
980 1372 1046 1381 —
1072 1342 1301 1410 Scripta
1317 1341 1447 1395 circ.
1475 1358 1566 1396 an.
1594 1340 1718 1397 408.

495 1412 569 1463 De
596 1411 907 1467 collatione
935 1411 1386 1481 Carthaginensi
1418 1412 1602 1467 altum
1632 1412 1854 1481 ubique
1877 1411 2060 1466 silen-

495 1428 569 1463 ue
596 1428 907 1467 couauone
935 1428 1386 1481 Carinaginenm
1418 1428 1602 1467 altum
1632 1428 1730 1467 ubi
1786 1428 1854 1465 ue
1877 1428 2060 1466 suen-

420 1481 567 1553 tium
596 1482 651 1535 in
680 1483 931 1553 epistola
962 1486 1357 1553 nonagesima
1391 1484 1554 1539 tertia
1594 1484 1666 1538 ad
1724 1428 2063 1539 lgincentium

420 1552 777 1622 Rogatistam,
794 1554 1027 1609 tametsi
1041 1555 1327 1609 adversus
1344 1557 1785 1610 Donatistarum
1802 1554 2064 1611 schisma

420 1640 490 1678 ex
532 1624 801 1707 professo
854 1632 909 1680 et
948 1628 1200 1707 copiose
1240 1627 1581 1707 disseratur.
1633 1628 2063 1707 C_uinqiie__tam

421 1694 709 1774 prolixum
728 1694 1066 1774 sermonem
1088 1698 1161 1752 de
1192 1698 1319 1752 latis
1336 1698 1393 1752 in
1421 1714 1524 1774 eos
1549 1698 1778 1774 legibus
1799 1694 2065 1774 instituat

420 1766 642 1821 ibidem
674 1770 1058 1835 Augustinus,
1092 1784 1214 1840 quo
1246 1766 1826 1840 earumdem’legum
1855 1769 2065 1823 severi-

418 1841 597 1892 tatem
614 1845 853 1893 excuset
881 1856 893 1903 ;
928 1840 1154 1895 nullum
1179 1846 1378 1896 tamen
1408 1840 1659 1895 verbum
1684 1840 1820 1896 facit
1846 1840 1963 1895 sive
1990 1840 2064 1894 de

416 1909 658 1964 Honorii
687 1909 972 1980 rescripto
1002 1911 1114 1966 sub
1143 1911 1322 1967 tinem
1353 1912 1493 1967 anni
1523 1916 1624 1968 409
1651 1912 1813 1979 dato,
1840 1916 1900 1967 ut
1929 1926 2063 1966 eam

417 1982 872 2058 q_uam_qu_isque
890 1982 1067 2058 vellet
1081 1983 1436 2058 religionem
1468 1983 1649 2058 libere
1670 1984 2061 2058 profiteretur,

419 2051 543 2123 sive
571 2052 643 2105 de
666 2051 735 2105 iis
757 2051 890 2123 quae
918 2070 951 2107 a
972 2054 1304 2109 Stilichonis
1333 2069 1475 2110 nece
1497 2051 1694 2109 statim
1722 2055 2066 2109 acciderunt

417 2122 647 2177 circiter
664 2122 978 2179 exeuntem
1000 2141 1227 2180 annum
1248 2127 1368 2189 408,
1388 2142 1522 2180 cum
1550 2127 1765 2193 Pagani
1788 2132 1843 2179 et
1873 2128 2064 2180 Dona-

416 2193 567 2267 tistie
593 2194 650 2267 in
666 2194 858 2267 Africa
884 2212 1000 2250 non
1022 2196 1199 2250 modo
1220 2196 1401 2252 falsos
1414 2212 1682 2251 rumores
1696 2202 2062 2267 spargerent,

418 2264 579 2334 leges
600 2266 866 2339 videlicet
897 2268 952 2321 in
978 2268 1144 2338 ipsos
1176 2283 1561 2339 nequaquam
1588 2264 1828 2323 Honorii
1862 2267 2065 2322 volun-

419 2340 553 2410 tate,
579 2337 1039 2410 sedStilichonis
1055 2337 1442 2394 invidia'lata's
1462 2339 1665 2404 fuisse,
1686 2340 1957 2410 adeoque
1972 2340 2063 2393 ni-

418 2406 499 2479 hil
510 2407 626 2477 jam
645 2408 911 2463 obtinere
930 2410 1159 2465 roboris
1184 2426 1198 2475 ;
1216 2410 1317 2465 sed
1335 2413 1501 2464 etiam
1518 2411 1573 2464 in
1588 2406 1921 2465 Catholicos
1934 2427 2065 2479 gra-

416 2478 566 2532 viter
592 2479 978 2553 insurgerent,
1024 2481 1321 2553 nonnullis
1353 2482 1650 2553 episcopis
1688 2498 1891 2536 necem
1926 2478 2064 2536 affe-

415 2554 629 2623 rentes.
656 2551 819 2605 Unde
843 2553 1169 2620 conjectare
1198 2552 1327 2607 licet
1345 2551 1650 2623 aliquanto
1674 2559 1807 2608 ante
1835 2568 2063 2608 annum

418 2622 511 2697 4l_t
527 2663 540 2685 ,
564 2621 685 2675 imo
703 2627 840 2677 ante
860 2623 1039 2677 ﬁnem
1057 2625 1157 2678 408
1173 2621 2083 2697 θοι-ἱρῐδιιὶαΐυῖδβθιᾌᾶξιρῷᾤρἱὶξ

415 2691 1029 2755 tolam,eotamentem
1084 2691 1693 2766 oreqquugustiaiis
1710 2691 2085 2764 seduloég'e-E

418 2762 522 2817 bat
555 2770 613 2817 ut
644 2764 901 2819 haeretici
926 2710 1157 2819 Icadius
1190 2773 1480 2819 naterent.
1504 2767 1672 2819 Ouod
1697 2767 1916 2819 abeius
1936 2784 2066 2819 mo-

418 2762 522 2837 bat
555 2770 613 2817 ut
644 2764 901 2837 limi-elici
926 2762 1157 2834 legibus
1190 2762 1480 2837 paterent.
1504 2767 1672 2831 Quod
1697 2767 1916 2835 abejus
1936 2762 2066 2823 nio-

422 2834 587 2909 ribus
620 2835 879 2909 alienum
915 2834 1230 2909 reputabat
1263 2838 1597 2907 Vincentius
1639 2854 1650 2892 :
1684 2834 2057 2909 Cum’optime.

416 2905 726 2975 inquiebat
758 2907 849 2961 ille
878 2909 933 2962 in
976 2905 1085 2964 sua
1125 2908 1201 2962 ad
1236 2905 1692 2977 Augu'smi'uinfe
1716 2905 2099 2974 )istol'a‘hic,;_

417 2991 475 3030 η.
509 2981 594 3035 51.
625 2980 872 3034 noverim
892 2987 939 3033 te
957 2980 1291 3035 lonaeadhue
1304 2921 2093 3035 azﬂdecﬁristiagasemsitum?

1736 2997 2063 3049 aseposutum
2082 3016 2087 3023 -

417 2991 452 3030 n
463 3014 475 3026 .
502 2972 539 3032 Β
553 2982 567 3030 1
583 2980 872 3050 [noverim
892 2987 939 3033 te
957 2980 1104 3050 longe
1115 2980 1291 3034 adhuc
1304 2972 1693 3050 afﬁdeéﬁristia

415 3054 463 3121 et
491 3048 687 3121 studiis
711 3050 840 3103 olim
865 3048 1099 3106 debitum
1122 3048 1455 3117 litterarum,
1482 3052 1679 3121 quietis
1699 3060 1748 3106 et
1770 3048 2063 3107 honestatis

411 3119 575 3188 fuisse
588 3121 866 3176 cultorem.
891 3126 1021 3176 'l'am
1036 3122 1398 3190 singularem
1415 3119 1563 3177 int—er
1574 3123 1840 3178 homines
1854 3124 2063 3179 hones-

418 3195 597 3245 tatem
619 3208 739 3267 prte
773 3208 834 3247 se
868 3193 991 3247 tulit
1015 3196 1401 3267 Augustinus,
1437 3194 1530 3249 vel
1557 3209 1626 3250 ea
1660 3200 1853 3267 aetate,
1877 3211 2061 3267 quam

418 3276 626 3337 amaro
650 3264 784 3337 stilo
799 3269 862 3337 et
890 3266 1051 3337 gravi
1070 3265 1221 3320 adeo
1241 3266 1402 3321 luctu
1427 3266 1804 3337 persequitur
1825 3266 1882 3320 in
1900 3264 2063 3322 'Con-

416 3332 742 3389 fessionum
772 3334 964 3389 libris.

740 3406 917 3469 XCIV,
947 3404 1113 3460 XCV.
1147 3437 1207 3445 —
1242 3408 1473 3476 Scripta?
1497 3423 1588 3461 an.
1618 3410 1739 3462 408.

489 3475 1035 3548 Mensemidiemque
1053 3476 1208 3533 data:
1226 3494 1260 3532 a
1283 3494 1343 3531 se
1366 3475 1633 3548 epistolas
1660 3478 2061 3545 nonagesimae

418 3549 645 3615 quartas
664 3546 883 3602 indicat
902 3548 1170 3602 Paulinus
1195 3565 1247 3603 c.
1275 3550 1328 3614 8,
1348 3546 1440 3604 his
1460 3548 1655 3604 verbis
1681 3566 1691 3605 :
1726 3549 1916 3604 Pridie
1939 3550 2063 3605 Idus

416 3616 589 3669 maias
614 3618 760 3690 periit
793 3619 861 3672 ad
887 3637 979 3673 nos
1000 3620 1232 3685 Quintus
1249 3620 1524 3686 diaconus,
1557 3627 1615 3675 ut
1631 3620 1900 3690 rescripta
1918 3627 2062 3690 pete-

416 3692 523 3751 ret,
539 3693 588 3741 et
604 3687 789 3744 Idibus
800 3698 922 3745 ante
941 3700 1144 3745 sextam
1172 3692 1644 3747 dimittiobtinuit.
1670 3687 1904 3746 Annum
1919 3687 2061 3747 vero

416 3760 924 3834 Augustinusipse
940 3763 995 3816 in
1014 3763 1264 3834 epistola
1284 3764 1673 3831 nonagesima
1686 3763 1914 3834 quinta,
1929 3780 1988 3817 n.
2011 3769 2058 3829 1,

413 3830 745 3905 reseribens
777 3849 789 3886 :
814 3830 1063 3888 Proinde
1084 3833 1155 3887 ad
1181 3835 1339 3889 istam
1366 3830 1644 3897 laetitiam.
1672 3830 1778 3905 qua
1799 3834 2063 3890 vobiscum

414 3906 492 3954 est
513 3901 693 3971 frater
707 3904 1003 3969 Possidius,
1020 3922 1140 3959 eum
1156 3923 1220 3960 ea:
1240 3907 1354 3975 ipso
1369 3901 1855 3976 audieritisfquam
1881 3907 2061 3962 tristis

412 3987 719 4047 eum_causa
738 3977 1079 4044 compulerit,
1115 3978 1206 4031 hoc
1252 3995 1333 4031 me
1352 3978 1630 4032 verissime
1656 3978 1843 4032 dicere
1872 3994 2062 4047 cogno-

410 4044 587 4123 1saetis.
612 4048 833 4123 Nempe
848 4048 1026 4101 tristis
1049 4048 1148 4123 ilta
1165 4064 1345 4103 causa
1362 4064 1497 4123 quin
1523 4049 1850 4123 Possidium
1871 4044 2061 4123 in'lta-

407 4112 550 4168 liam
574 4112 854 4189 navigare
867 4117 1173 4188 compulit,
1189 4135 1308 4174 non
1331 4112 1445 4173 alia
1457 4124 1760 4189 est,quam
1786 4119 2059 4175 Ecclesia

410 4201 530 4239 sure
557 4186 921 4243 Calamensis
952 4186 1262 4245 calamitas
1296 4186 1705 4260 perniciesque
1732 4206 1767 4245 a
1809 4192 2057 4258 Paganis

410 4260 722 4338 anno_408,_
744 4276 950 4338 mense
971 4261 1144 4338 junio
1175 4262 1361 4338 iltata.
1396 4261 1497 4317 Cui
1517 4262 1800 4338 Possidio
1826 4261 2057 4338 proﬁci-

414 4329 595 4403 scenti
627 4329 808 4403 dubio
848 4329 1054 4401 procul
1085 4332 1365 4387 traditum
1398 4338 1486 4388 est
1515 4332 1672 4387 istud
1704 4329 2054 4403 rescriptum

410 4399 830 4475 perferendum
850 4399 1113 4468 Paulino,
1130 4410 1230 4459 aut
1251 4410 1403 4459 certe
1426 4419 1545 4459 non
1575 4404 1760 4459 multo
1774 4399 1906 4475 post
1927 4405 2056 4474 ejus

413 4470 840 4547 profectionem
896 4475 1313 4547 transmissum
1362 4477 1469 4530 fuit
1505 4492 1518 4527 :
1561 4470 2054 4547 quandoquidem

412 4547 535 4596 tum
559 4542 699 4617 illud
727 4546 961 4617 scripsit
979 4548 1344 4614 Augustinus
1364 4564 1481 4602 cum
1496 4542 2057 4617 Carthagine'hiema-

410 4619 499 4685 ret
519 4617 573 4667 et
601 4616 848 4685 epistola
878 4632 1027 4681 cxxr,
1072 4633 1129 4673 n.
1192 4622 1272 4682 14,
1308 4618 1367 4673 id
1417 4624 1507 4673 est
1566 4616 1759 4673 hieme
1793 4619 2054 4684 ineunte,

408 4682 502 4738 vel
525 4682 794 4761 exeunte:
818 4703 954 4742 nam
979 4689 1382 4761 mediahieme
1404 4694 1527 4745 erat
1548 4690 1707 4761 apud
1726 4682 2054 4761 Hipponem

408 4770 479 4809 ex
512 4756 760 4826 epistola
785 4775 953 4822 xcvu,
983 4777 1041 4815 n.
1074 4760 1126 4813 3.
1154 4761 1272 4815 Nisi
1296 4761 1441 4815 forte
1472 4756 1671 4816 media
1691 4756 1883 4816 hiems
1909 4770 2054 4816 tem-

409 4841 528 4902 pus
553 4829 914 4902 navigationi
942 4831 1070 4900 jam
1103 4833 1361 4887 maxime
1391 4832 1709 4887 adversum
1740 4833 2051 4902 signiﬁcat.

482 4897 751 4976 Nonnihil
766 4897 983 4976 negotii
1001 4903 1169 4976 uobis
1183 4903 1437 4976 hocloco
1451 4904 1713 4976 exhibuit
1730 4897 1934 4976 Opinio
1949 4906 2053 4960 viri

410 4969 644 5033 eruditi,
672 4974 777 5042 qui
805 4974 981 5045 hasce
994 4974 1142 5028 duas
1156 4974 1428 5045 epistolas
1444 4974 1518 5029 ad
1536 4991 1751 5029 annum
1773 4969 1877 5032 399
1894 4992 2054 5031 revo-

414 5047 530 5109 cat,
552 5048 772 5117 putans
796 5044 1103 5101 Publicolae
1124 5044 1375 5111 obitum,
1400 5045 1473 5101 de
1503 5062 1623 5117 quo
1651 5047 1828 5101 veluti
1855 5047 2054 5104 adhuc

407 5115 700 5190 recentiin
728 5117 979 5190 epistola
994 5133 1117 5171 xcrv
1146 5118 1363 5190 agitur,
1395 5115 1710 5190 nonposse
1735 5118 1793 5172 in
1818 5123 2053 5190 tempus

410 5198 571 5237 anno
588 5188 689 5240 409
713 5189 1050 5253 proximum
1066 5188 1714 5253 remitti.Quoniam,uti
1737 5188 2054 5258 argumen-

413 5258 861 5330 taturLscriptor
877 5260 1121 5330 quidem
1151 5261 1283 5315 vitae
1306 5259 1822 5329 Mclaniaajunioris
1856 5269 2055 5317 narrat

411 5339 545 5380 eam
576 5327 819 5397 Piniano
845 5327 1115 5397 junctam
1148 5332 1329 5387 fuisse
1359 5347 1519 5386 anno
1549 5327 1737 5385 (etatis
1781 5335 1877 5397 t4;
1913 5336 2053 5389 tunc

410 5396 687 5478 eamdem
705 5406 832 5467 post
848 5396 1355 5478 Publicolaapatris
1367 5402 1457 5478 sui
1472 5402 1700 5457 obitum
1717 5396 2055 5478 smculqva-

406 5468 685 5523 ledixisse
712 5486 871 5525 anno
894 5476 1081 5528 (etatis
1119 5468 1205 5529 20.
1243 5474 1537 5530 Palladius
1580 5480 1777 5528 autem
1812 5474 1870 5529 in
1903 5475 2049 5531 Hist.

408 5539 577 5617 Laus,
601 5556 732 5611 cap.
757 5542 880 5617 118,
897 5545 1393 5617 traditMelaniam
1417 5545 1732 5610 seniorem,
1757 5562 1893 5617 cum
1913 5563 2054 5617 nep-

408 5615 526 5692 tem
553 5627 725 5692 suam
755 5614 1057 5692 Melapiam
1082 5618 1415 5692 nupsieseet
1443 5617 1586 5692 v_elie
1604 5614 2050 5692 smc‘ulorenun-

406 5683 551 5737 tiare
580 5683 863 5749 audisset,
892 5688 1139 5742 Romam
1170 5683 1235 5741 ex
1255 5689 1569 5744 Palaestina
1590 5688 1851 5744 rediisse.
1883 5689 2055 5745 Deni-

410 5768 527 5826 que
556 5753 806 5813 Melania
836 5758 1036 5814 senior
1072 5758 1328 5815 creditur
1371 5759 1616 5816 rediisse
1646 5777 1781 5817 cum
1816 5761 2052 5816 Rufﬁno

410 5829 677 5898 tempore
718 5828 901 5888 Siricii
921 5845 1116 5904 papa.
1145 5831 1536 5904 Quapropter,
1562 5830 1643 5890 uti
1678 5833 1764 5890 vir
1786 5832 2052 5891 eruditus

2167 272 2529 351 infert,_en_no
2551 273 2651 351 ςδθῖ
2668 272 3638 351 ᾳιξὶροεηθωυεδίρξᾳίο-ἲυίιηίᾳω
3662 293 3811 351 nup-

2171 350 2328 421 serat
2356 343 2604 421 Melania
2630 343 3075 421 juniortneque
3108 344 3421 421 Publicolas
3456 343 3674 421 obitus,
3710 343 3812 421 qui

2168 416 2355 470 astatis
2379 413 2643 471 Melaniae
2666 430 2826 472 anno
2857 418 2924 469 20
2949 413 3007 469 et
3039 432 3075 471 a
3106 417 3328 486 nuptiis
3359 418 3625 486 ejusdem
3654 425 3684 475 6
3709 413 3814 477 aut

2169 491 2199 540 7
2232 486 2495 557 contigit,
2526 486 2585 541 in
2617 503 2839 541 annum
2867 487 3329 561 Christicirciter
3350 491 3451 561 409
3479 489 3678 545 referri
3713 509 3815 561 po-

2171 562 2298 612 test.
2316 565 2585 631 Attamen
2612 573 2672 631 re
2690 564 2922 631 mature
2937 559 3312 631 considerata
3326 560 3469 615 visas
3487 559 3813 631 suntlonge

2169 629 2511 684 certissima;
2534 629 2791 684 rationes
2816 629 2949 701 illae,
2967 630 3186 701 quibus
3212 631 3428 701 negotii
3451 629 3814 689 Calamensis

2171 706 2404 775 tempus
2428 716 2611 775 supra
2642 701 2717 756 ad
2744 700 2912 775 epist.
2945 700 3011 775 _xc
3034 700 3419 775 investigatur
3446 702 3547 767 ;de
3573 720 3694 775 quo
3717 721 3813 760 ne-

2170 772 2329 844 gotio
2357 772 2753 844 Augustinum
2778 773 2836 826 in
2865 772 3131 844 epistola:
3152 788 3262 828 xcv
3287 774 3479 828 verbis
3502 772 3813 832 hic'allatis

2170 843 2624 916 intelligendum
2638 859 2765 916 esse
2778 843 3156 899 non'dubitat
3178 844 3262 898 vir
3276 844 3564 900 eruditus.
3597 846 3661 902 ld
3676 863 3813 903 vero

2170 916 2343 997 nobis
2359 914 2640 997 epparuit
2663 914 2862 997 minus
2883 915 3279 997 exploratum,
3303 917 3466 997 quod
3482 918 3707 997 passim
3728 920 3814 974 di-

2169 985 2341 1053 citur,
2369 985 2677 1042 Melaniam
2708 985 2930 1041 scilicet
2959 985 3017 1041 in
3050 985 3262 1042 Rutﬂni
3293 985 3577 1043 comitatu
3608 987 3808 1054 fuisse,

2168 1057 2415 1129 quando
2462 1058 2555 1113 ille
2603 1058 2810 1129 Siricio
2838 1057 3434 1129 Romanopontifice
3475 1059 3552 1114 ad
3587 1060 3811 1117 Italiam

2169 1128 2441 1199 appulit;
2474 1145 2613 1184 cum
2642 1128 2903 1185 Melaniae
2942 1145 3012 1183 ex
3044 1128 3358 1184 Palaestina
3411 1129 3635 1185 reditus
3678 1140 3813 1187 ante

2169 1216 2266 1274 an.
2301 1202 2424 1264 402,
2456 1205 2659 1274 nostro
2688 1200 2933 1274 quidem
2965 1199 3214 1265 calculo,
3246 1201 3453 1274 reponi
3482 1202 3578 1257 vix
3605 1204 3810 1274 possit.

2166 1272 2448 1343 Adeoque
2468 1271 2542 1327 de
2571 1270 2785 1326 harum
2811 1271 3195 1342 epistolarum
3226 1270 3457 1341 epocha
3484 1270 3687 1330 non'ex
3714 1274 3814 1331 illa

2169 1342 2451 1413 opinione
2476 1343 2835 1398 constituere
2862 1344 3051 1397 visum
3082 1348 3191 1407 est,
3234 1342 3337 1396 sed
3367 1359 3398 1397 e
3420 1349 3645 1399 contra.

2281 1414 2453 1468 XCVI.
2496 1445 2560 1453 —
2592 1414 2818 1483 Scripta
2854 1431 2947 1468 an.
2984 1417 3107 1485 408.
3139 1413 3287 1468 circa
3317 1414 3443 1468 init.
3472 1414 3718 1485 septemb.

2242 1485 2457 1565 Audito
2500 1490 2847 1565 provectum
2878 1500 3006 1539 esse
3038 1484 3353 1565 Olympium
3392 1485 3471 1540 ad
3504 1484 3814 1565 celsiorem

2170 1555 2541 1629 dignitatem,
2559 1556 2919 1625 Augustinus
2946 1571 3084 1611 mox
3102 1556 3180 1610 ad
3202 1555 3398 1625 ipsum
3417 1556 3649 1627 scripsit
3668 1559 3817 1629 epis-

2172 1628 2350 1683 tolam
2384 1629 2837 1696 nonagesimam
2869 1631 3120 1689 sextam,
3145 1642 3282 1681 cum
3313 1634 3499 1682 utrum
3524 1646 3653 1684 vera
3682 1637 3813 1685 esset

2174 1698 2339 1754 fama
2368 1715 2503 1771 quas
2534 1700 2588 1753 in
2619 1699 2885 1772 Africam
2938 1698 3011 1753 de
3050 1697 3239 1772 ipsius
3282 1700 3660 1768 provectione
3686 1716 3815 1772 per-

2174 1769 2430 1835 venerat,
2486 1770 2720 1824 nondum
2767 1771 2961 1838 fuisset
3010 1769 3403 1840 conﬁrmatum,
3438 1775 3498 1826 ut
3551 1772 3632 1827 ait
3668 1769 3725 1827 ri.
3761 1777 3809 1826 1.

2173 1842 2349 1897 Porro
2374 1857 2591 1896 munus
2611 1841 2876 1909 magistri
2897 1840 3427 1911 otliciorum.quod
3443 1842 3537 1896 hic
3559 1848 3813 1905 notatur,

2170 1913 2422 1983 adeptus
2444 1917 2537 1985 est
2562 1912 2874 1985 Olympius
2917 1911 3437 1985 Stilichonetanno
3465 1912 3722 1985 408,_die
3750 1918 3816 1970 23

2172 1985 2407 2053 augusti
2439 1983 2810 2055 interempto.
2845 1985 3131 2055 Quocirca
3169 1983 3374 2055 isthmc
3413 1983 3663 2055 epistola
3696 1999 3816 2039 non

2172 2055 2377 2127 procul
2410 2072 2444 2110 a
2471 2053 2828 2127 septem’bris
2859 2055 3025 2109 initio
3050 2053 3191 2110 data
3220 2053 3471 2111 videtur.

2455 2127 2672 2182 XCVII.
2701 2157 2768 2166 —
2790 2125 3010 2196 Scripta
3038 2133 3257 2180 exeunte
3286 2143 3376 2180 an.
3405 2128 3528 2181 408.

2244 2196 2437 2252 Altera
2466 2196 2536 2251 ad
2562 2197 2863 2268 Olympium
2897 2198 3105 2252 ordine
3137 2198 3532 2267 nonagesima
3560 2198 3818 2268 septima

2173 2268 2362 2323 missa
2382 2274 2467 2323 est
2490 2274 2623 2339 post
2647 2270 3015 2339 superiorem
3046 2274 3101 2323 et
3120 2269 3315 2324 media
3342 2268 3539 2324 hieme
3569 2284 3639 2323 ex
3670 2285 3729 2324 n.
3763 2274 3815 2324 3.

2174 2340 2293 2395 Hac
2323 2340 2571 2409 epistola
2600 2341 2794 2411 ipsum
2829 2340 3211 2411 admonetde
3240 2340 3549 2395 concitatis
3576 2340 3634 2395 in
3666 2339 3818 2395 Afri-

2171 2427 2343 2483 cana,
2384 2410 2637 2466 Ecclesia
2678 2410 3251 2483 perturbationibus,
3305 2411 3497 2483 quod
3530 2412 3817 2467 exstincto

2173 2482 2490 2538 Stilichone
2518 2484 2735 2552 pagani
2773 2486 2829 2537 et
2861 2482 3118 2537 hieretici
3143 2481 3457 2553 jactarent,
3485 2481 3646 2553 leges
3678 2498 3820 2538 con-

2172 2560 2262 2633 tra
2288 2560 2593 2635 sbeupraalet‘
2626 2555 2989 2635 gotuntatem
3032 2553 3563 2635 Imperatorisnvel
3594 2569 3666 2609 eo
3692 2569 3821 2635 nes-

2174 2620 2603 2697 ciente—inﬂictis
2634 2625 2837 2697 fuisse,
2858 2630 3049 2697 atque
3078 2620 3219 2697 hinc
3246 2623 3660 2697 imperitorum
3689 2626 3820 2680 ani-

2116 2692 2141 2763 ρ
2162 2688 2620 2762 mosEavaersus
2654 2688 2972 2751 Ecclesiani
3006 2688 3384 2751 vehementer
3404 2696 3818 2752 accenderent.

2171 2767 2309 2823 Ideo
2340 2767 2601 2838 postulat
2632 2767 3151 2838 utquamprimum
3179 2773 3504 2830 succurrat,
3529 2766 3821 2838 faciatque

2173 2854 2277 2909 PFO
2302 2839 2812 2906 suaauctoritate,
2842 2854 2963 2909 quo
2984 2838 3251 2893 Ecclesia:
3270 2838 3491 2893 inimici
3510 2839 3670 2906 leges
3693 2838 3821 2894 illas

2172 2919 2273 2965 ex:
2294 2910 2675 2979 Imperatoris
2703 2910 3026 2964 :voluntate
3058 2909 3410 2965 constitutas
3464 2910 3821 2979 intelligant.

2172 2972 2436 3037 causa:
2469 2980 2727 3051 causam,
2758 2981 2814 3035 in
2862 2979 3313 3051 Carthaginensi
3362 2980 3615 3036 concilio
3654 2972 3822 3037 anno

2170 3056 2293 3118 408,
2326 3053 2420 3107 die
2469 3056 2528 3108 t3
2577 3050 2837 3107 octobris
2870 3050 3228 3121 legationem
3262 3052 3336 3107 ad
3380 3054 3813 3121 Imperatorem

2173 3125 3014 3205 susceperuntARestitutus-et
3072 3123 3400 3205 Florentius
3431 3123 3713 3205 episcopi,
3755 3139 3815 3205 e_o

2171 3194 2401 3267 tempore
2425 3211 2525 3267 quo
2552 3194 2861 3267 Severus_et
2890 3195 3177 3267 Macarius
3197 3195 3362 3250 occisi
3387 3200 3532 3260 sunt,
3564 3194 3649 3251 uti
3680 3194 3821 3265 legi-

2171 3265 2350 3323 tur‘in
2381 3265 2524 3322 God.
2565 3282 2698 3320 can.
2733 3265 2851 3321 Afr.
2880 3281 2930 3320 c.
2980 3265 3098 3320 106.

2488 3337 2717 3394 XCVIII.
2741 3368 2808 3377 -—
2831 3336 3056 3407 Scripta
3072 3338 3221 3407 forte
3257 3353 3348 3391 an.
3371 3335 3491 3392 408.

2242 3410 2445 3480 Visum
2475 3416 2562 3463 est
2592 3408 2751 3463 hunc
2782 3407 2842 3462 in
2870 3408 3069 3480 locum
3098 3408 3315 3463 referre
3352 3408 3673 3480 epistolam
3718 3423 3819 3464 no-

2172 3479 2543 3548 nagesimam
2558 3485 2831 3534 octavam
2842 3478 2913 3532 ad
2932 3479 3281 3549 Boni/‘acium
3303 3478 3670 3550 episcopum,
3699 3495 3819 3535 non

2171 3558 2306 3605 ante
2335 3552 2447 3605 hoc
2479 3556 2714 3622 tempus
2747 3552 3147 3622 conscriptam
3176 3550 3521 3622 ;_siquidem
3555 3550 3652 3606 hic
3686 3552 3816 3622 ipse

2171 3629 2305 3695 est,7
2338 3624 2439 3695 qui
2485 3623 2541 3675 in
2576 3620 3106 3695 superioribusad
3148 3620 3493 3695 Olympium
3549 3621 3819 3692 epistolis

2169 3691 2469 3755 laudaiur,
2496 3691 2665 3748 Pauli
2685 3708 2805 3747 non
2838 3691 2917 3747 ita
2942 3692 3171 3762 pridem

2170 3771 2224 3821 et
2256 3764 2643 3837 Cataquensis
2670 3764 3013 3834 episcopus.

2240 3834 2499 3892 XCIXX—
2512 3835 2740 3905 Scripta
2754 3842 2976 3889 exeunte
3005 3851 3096 3888 an.
3122 3834 3225 3890 408
3248 3842 3344 3889 aut
3367 3834 3587 3890 ineunte
3616 3838 3743 3891 409.

2244 3907 2501 3979 Epistola
2518 3906 2913 3979 nonagesima
2928 3905 3187 3979 nona,ad
3201 3905 3451 3979 Italicam
3465 3906 3820 3979 _data,perti-

2169 3984 2266 4033 net
2292 3977 2369 4035 ad
2392 3983 2631 4049 tempus
2651 3977 2839 4033 cladis
2871 3977 3095 4104 populo
3119 3980 3387 4033 Romano
3420 3977 3597 4033 illata:
3620 3977 3819 4048 prima

2172 4051 2331 4104 urbis
2362 4066 2467 4104 per
2498 4050 2796 4104 Alaricum
2828 4066 2864 4103 ο
2914 4049 3165 4104 sidione.
3194 4047 3266 4103 de
3290 4064 3413 4104 qua
3454 4064 3511 4103 n.
3556 4056 3599 4103 t.
3636 4050 3819 4104 Porro

2172 4051 2331 4105 urbis
2362 4066 2467 4121 per
2498 4047 2807 4121 Alaricumt
2828 4047 3165 4121 obsidione,
3194 4047 3266 4103 de
3290 4064 3413 4120 qua
3434 4064 3511 4121 An.
3556 4056 3599 4103 t.
3627 4047 3819 4104 Porro

2167 4121 2323 4177 hanc
2346 4118 2601 4192 primam
2619 4119 2994 4192 obsidionem
3020 4119 3079 4175 in
3106 4119 3288 4192 ﬁnem
3306 4118 3447 4174 anui
3472 4123 3575 4176 408
3601 4122 3818 4177 referre

2168 4190 2528 4274 compellunt
2555 4192 2735 4247 verba
2763 4191 3000 4259 Zosimi,
3028 4206 3163 4263 quis
3193 4190 3382 4247 habes
3404 4192 3464 4246 in
3488 4193 3616 4247 Not.
3637 4192 3818 4265 hujus

2167 4272 2337 4336 epist.

3243 3693 3460 3749 efuncti
3485 3710 3817 3761 successor,

2485 4334 2545 4389 C.
2578 4364 2644 4374 —
2669 4332 2891 4403 Scripta
2917 4332 3216 4405 circeidem
3239 4338 3459 4405 tempus.

2238 4406 2299 4461 In
2331 4405 2585 4477 epistola
2614 4405 2936 4477 centesima
2960 4420 3017 4459 n.
3051 4404 3082 4457 Ξ
3114 4403 3238 4472 agit
3262 4403 3629 4477 Augustinus
3647 4403 3810 4475 apud

2164 4475 2438 4533 Donatum
2466 4476 2908 4547 proconsulem,
2940 4480 2999 4531 ut
3016 4477 3127 4531 cito
3153 4491 3250 4547 per
3279 4476 3453 4547 ipsius
3476 4475 3707 4530 edictum
3725 4492 3813 4530 no-

2162 4552 2341 4604 verint
2361 4546 2611 4605 haeretici
2631 4548 2951 4610 Donatista,
2986 4563 3199 4602 manere
3212 4546 3343 4617 leges
3368 4554 3556 4602 contra
3575 4563 3813 4601 errorem

2162 4638 2315 4700 euum
2338 4621 2654 4700 latas,_quas
2664 4620 2781 4690 jam
2796 4619 2939 4700 nihil
2951 4619 3126 4700 valere
3135 4619 3493 4700 arbitrantur
3516 4625 3563 4672 et
3571 4618 3810 4700 jactant‘,

2166 4692 2329 4748 Unde
2359 4689 2952 4759 intelligas’scribere
2979 4692 3178 4761 ipsum
3220 4690 3333 4761 sub
3371 4689 3551 4744 ﬁnem
3584 4705 3684 4761 an.
3709 4691 3811 4745 408

2168 4779 2304 4819 mox
2326 4768 2555 4818 utnova
2569 4767 2775 4817 contra
2797 4760 3104 4817 haereticos
3122 4760 3404 4831 rescripta
3422 4760 3770 4831 prodierunt
3794 4773 3807 4812 :

2164 4835 2461 4906 interquaa
2475 4840 2664 4889 exstat
2678 4833 2769 4888 lex
2782 4833 2860 4888 ad
2876 4833 3199 4903 ipsummet
3214 4833 3507 4906 Donatum
3522 4831 3696 4888 die2i
3711 4847 3811 4906 no-

2166 4902 2427 4961 vembris
2455 4906 2695 4961 directa.
2724 4902 3053 4959 Porro’cum
3083 4907 3311 4959 Donato
3339 4902 3423 4957 sic
3442 4918 3548 4974 pro
3569 4902 3813 4959 exordio

2165 4978 2425 5102 aerii-tm
2463 4978 2633 5050 quasi
2687 4975 2780 5031 ille
2812 4976 3303 5047 proconsulatum
3354 4974 3558 5030 Africa
3608 4990 3813 5029 recens

2166 5050 2397 5105 adierit.

2472 5117 2557 5173 CI.
2594 5148 2661 5158 —
2690 5117 2916 5188 Scripta
2935 5117 3085 5171 circa
3120 5117 3258 5171 idem
3284 5124 3507 5187 tempus.

2240 5189 2505 5259 Epistolas
2520 5186 2858 5243 centesimis
2880 5188 3084 5259 prima;
3110 5188 3181 5241 ad
3207 5186 3527 5243 Memorium
3554 5186 3815 5258 perlator

2164 5258 2906 5329 fuitPossidiusepiscopus
2923 5258 3305 5323 Calamensis,
3321 5276 3391 5314 ex
3417 5276 3477 5314 n.
3500 5264 3547 5324 1,
3564 5260 3665 5329 qui
3683 5273 3813 5329 pro-

2164 5340 2293 5404 pter
2304 5332 2566 5387 ecclesire
2581 5349 2701 5404 suas
2715 5346 2959 5404 causam
2976 5330 3262 5404 adversus
3285 5333 3569 5399 Paganos,
3591 5330 3670 5384 uti
3685 5331 3813 5398 jam

2164 5401 2637 5466 observavimus,
2657 5403 2711 5455 iu
2734 5401 2964 5457 Italiam
2988 5401 3306 5471 navigavit.
3325 5409 3427 5458 aut
3444 5408 3695 5457 exeunte
3710 5416 3810 5455 an.

2163 5477 2269 5531 408
2294 5481 2397 5529 aut
2425 5474 2618 5545 potius
2637 5475 2873 5545 ineunte
2887 5476 3153 5545 409,7tum
3168 5474 3309 5545 quia
3323 5474 3433 5529 hoc
3446 5488 3607 5527 anno
3628 5473 3724 5527 die
3744 5477 3811 5527 27

2167 5547 2359 5601 martii
2384 5545 2779 5613 Augustinum
2803 5544 3001 5599 adhuc
3022 5544 3245 5601 latebat
3260 5551 3603 5600 utrumnam
3628 5545 3815 5599 Possi-

2163 5618 2296 5672 dius
2327 5618 2660 5688 quidquam
2691 5616 2749 5671 in
2779 5615 3105 5685 ﬂagitiosos
3146 5617 3609 5688 impetrasset_ex
3636 5614 3815 5686 epist.

2162 5704 2271 5753 Civ,
2299 5686 2361 5742 ni
2389 5695 2429 5751 t,
2460 5686 2585 5743 tum
2610 5690 2747 5757 quia
2769 5703 2879 5743 xcv
2894 5688 3168 5759 epistola,
3191 5686 3813 5759 quamproficiscente

2164 5760 2255 5817 vel
2286 5776 2490 5817 recens
2522 5756 2788 5828 profecto
2828 5756 3101 5816 Possidio
3133 5756 3229 5815 ad'
3259 5756 3570 5814 Paulinum
3605 5758 3813 5815 datam

2162 5831 2445 5896 diximus,
2470 5830 2671 5889 hiemo
2692 5832 2915 5890 dictata
2941 5830 3070 5886 fuit.
