4164 6182
346 104 416 161 33
1836 102 2213 160 ΡΗΑΞΡΑΤΙΟ
2227 145 2241 159 .
3672 108 3740 162 34

632 226 747 283 CII.
781 257 849 268 —
879 227 1109 299 Scripta
1129 229 1277 283 circa
1308 229 1445 283 idem
1480 235 1701 299 tempus.

418 298 1038 371 Epistolacentesima
1080 300 1347 354 secunda
1375 300 1445 354 ad
1493 300 1835 371 Deogratias,
1884 299 1989 371 qui

345 369 494 424 liber
556 377 643 425 est
693 369 1014 440 inscriptus
1065 371 1142 425 ab
1178 372 1530 439 Augustino,
1562 369 1664 426 sex
1692 369 1990 441 questiones

341 448 537 495 contra
562 441 811 511 Paganos
834 442 1106 511 expositae,
1141 442 1368 497 nullum
1398 444 1586 497 aetatis
1609 460 1730 498 suae
1748 443 1989 497 charac-

346 520 528 566 terem
546 514 797 585 praefert.
818 515 855 567 H
867 528 981 567 unc
994 512 1044 567 ei
1064 516 1259 585 locum
1280 515 1684 583 assignamus,
1699 514 1989 585 quoniam

342 586 495 639 inter
522 584 708 638 libros
739 590 874 654 post
926 599 1154 638 annum
1200 584 1304 640 406
1349 594 1404 639 et
1450 592 1584 640 ante
1612 584 1840 640 annum
1885 587 1982 640 411

341 655 534 710 editos
557 662 899 709 recensetur
924 656 981 709 in
1013 654 1113 709 lib.
1144 656 1174 709 2
1205 656 1443 711 Retract.
1472 672 1524 711 c.
1558 660 1644 712 31.

380 725 516 789 CIII,
545 725 680 780 CIV.
708 756 776 765 --
806 726 1031 796 Scripta:
1065 742 1157 779 an.
1191 730 1314 790 409,
1346 727 1442 782 sub
1472 744 1633 781 mens.
1661 727 1948 782 martium.

412 797 669 851 Nectarii
680 800 1082 869 posteriorem
1107 796 1440 869 epistolam,
1473 798 1568 853 hic
1598 801 1985 853 centesimam

339 871 597 941 tertiam,
631 866 726 922 die
757 872 820 922 27
848 869 1040 923 martii
1063 866 1283 941 recepit
1308 870 1703 940 Augustinus,
1727 885 1987 941 moxque

339 940 540 995 eidem
572 942 956 1012 centesimam
978 940 1256 1012 quartam
1279 941 1554 1006 reddidit,
1578 957 1648 996 ex
1672 958 1731 1012 n.
1760 944 1808 1005 1,
1831 940 1931 996 ubi
1952 957 1988 996 a

342 1012 612 1067 Nectario
653 1010 1022 1083 inquiritcur
1069 1011 1179 1065 sibi
1204 1018 1323 1067 tam
1366 1028 1499 1068 sero
1530 1014 1633 1068 dat
1667 1010 1983 1083 rescripta:

343 1083 570 1155 quippe
590 1084 687 1153 qui
710 1082 976 1153 epistolae
1006 1098 1091 1136 xci
1114 1083 1352 1138 nonnisi
1381 1090 1515 1155 post
1538 1100 1773 1138 menses
1802 1082 1985 1139 ferme

342 1159 480 1226 octo
505 1158 883 1226 respondeat.
900 1156 1075 1209 Porro
1089 1156 1373 1226 suspicari
1390 1172 1644 1226 pronum
1666 1162 1768 1220 est,
1787 1158 1986 1211 Necta-

340 1225 494 1279 rium
530 1232 661 1282 post
683 1224 1022 1280 Stilichouis
1039 1224 1242 1280 necem
1262 1224 1481 1282 idcirco
1503 1228 1865 1281 rescribendi
1890 1245 1985 1282 cu-

340 1242 494 1279 num
573 1242 661 1278 osr
683 1242 1022 1280 διιιιοιιοιιιε
1039 1242 1242 1280 necem
1262 1242 1481 1282 idcirco
1503 1242 1865 1281 rescribendi
1890 1245 1984 1282 cu-

338 1312 469 1369 ram
485 1242 800 1369 atijecisse,
823 1297 984 1367 quod
1001 1297 1321 1352 Ecclesiam
1337 1298 1395 1352 in
1415 1313 1665 1368 magnas
1678 1299 1984 1369 perturba-

339 1368 532 1442 tiones
549 1367 825 1442 incidisse
848 1370 1223 1442 perspiceret,
1245 1367 1625 1442 crederetque
1642 1367 1826 1442 leges,
1848 1386 1983 1441 quae

339 1438 471 1509 ejus
492 1454 677 1512 causa
691 1440 832 1512 _vivo
849 1438 1165 1512 Stilichone
1182 1441 1337 1494 datas
1351 1438 1903 1512 fuissent,jamjam,
1923 1448 1985 1497 ut

337 1526 549 1584 rumor
569 1509 811 1584 ferebat,
832 1525 1081 1584 prorsus
1091 1510 1430 1584 abrogatas.
1455 1516 1494 1568 N
1506 1529 1618 1568 unc
1632 1509 1771 1567 vero
1789 1513 1865 1568 ad
1889 1530 1984 1584 pe-

339 1581 600 1655 tendam
622 1582 853 1655 veniam
879 1580 1085 1651 ﬂagitii
1129 1582 1630 1655 civiumsuorum
1672 1580 1985 1655 propterea

337 1653 700 1725 convertisse
722 1652 1013 1725 animum,
1048 1654 1209 1724 quod
1243 1654 1623 1711 intellexisset
1650 1652 1837 1711 novas
1875 1672 1983 1725 pro

335 1724 599 1779 Ecclesia
624 1723 783 1792 leges
810 1723 885 1779 ab
906 1723 1256 1795 Imperatore
1274 1742 1615 1792 emanasse,
1648 1742 1769 1781 non
1803 1723 1983 1781 modo

332 1796 392 1850 in
408 1796 526 1849 ﬁne
541 1797 684 1849 anni
703 1796 826 1859 408,
843 1795 945 1849 sed
960 1799 1134 1849 etiam
1154 1796 1315 1851 initio
1330 1799 1468 1851 anni
1490 1802 1609 1853 409.
1636 1801 1777 1853 Nam
1793 1804 1984 1853 exstat

332 1866 421 1940 lex
437 1868 495 1940 in
511 1866 633 1920 haec
649 1866 856 1940 verba:
884 1865 967 1921 Ne
983 1866 1315 1940 Donatistae-
1338 1868 1683 1940 Judaeiatque
1698 1870 1955 1923 Gentiles.
1967 1912 1979 1924 .

331 1936 684 1992 arbitrentur
705 1936 875 2007 legum
896 1945 1019 1992 ante
1043 1938 1322 1994 adversum
1344 1956 1394 1993 se
1410 1936 1669 1995 datarum
1695 1942 1983 1995 constituta

331 2009 589 2081 tepuisse,
608 2010 855 2081 noverint
858 2009 1069 2078 judices
1090 2027 1161 2064 un
1170 2011 1619 2080 iversiprteceptis
1632 2028 1816 2066 eorum
1832 2012 1982 2081 ﬁdeli

330 2080 948 2153 devotioneparendum,
986 2087 1096 2153 etc.
1156 2086 1293 2147 Quae
1347 2083 1592 2153 quidem
1621 2083 1714 2137 lex
1739 2084 1795 2136 in
1838 2084 1977 2138 Cod.

327 2151 547 2207 Theod.
575 2151 675 2205 lib.
707 2154 786 2215 I6,
813 2152 893 2206 tit.
920 2152 1027 2217 5,1.
1054 2155 1141 2214 46,
1162 2160 1314 2207 recte
1334 2151 1691 2209 subnotatur
1712 2154 1851 2209 data
1868 2155 1980 2209 hoc

330 2238 495 2277 anno
514 2225 643 2296 409,
661 2221 757 2275 die
780 2226 842 2296 t_5
859 2222 961 2293 jau
974 2225 1137 2296 uarii.
1163 2224 1309 2296 Attin
1329 2224 1629 2280 Sirmundi
1650 2227 1981 2296 appendice

329 2309 472 2418 θεῖε.
493 2296 579 2357 45,
604 2294 756 2373 data
795 2293 862 2347 18
885 2294 1010 2349 Kal.
1036 2294 1179 2348 febr.
1208 2295 1465 2351 Honorio
1488 2297 1553 2351 IX
1570 2303 1625 2351 et
1648 2293 1981 2379 Theodosio

412 2381 569 2418 coss.
602 2363 659 2418 id
683 2370 770 2418 est
813 2380 911 2418 an.
954 2368 1077 2418 412.
1113 2365 1255 2418 Male
1290 2383 1533 2418 Drorsus
1570 2368 1981 2418 :auandoam-

412 2363 569 2439 cos_s_.
602 2363 659 2418 id
683 2370 770 2439 est
813 2380 911 2419 an.
954 2368 1077 2439 4I2.
1113 2365 1255 2421 Male
1290 2383 1533 2438 prorsus
1570 2368 1982 2439 :quandoqui—

336 2435 475 2509 dem
500 2434 897 2509 Theodorum,
919 2437 1012 2490 cui
1042 2436 1139 2509 lex
1163 2434 1442 2507 praefecto
1475 2434 1751 2509 praetorio
1779 2434 1982 2494 inscri-

341 2506 906 2583 bitur,_Ca3cilianus
938 2506 1189 2578 excepit,
1218 2508 1275 2583 id
1308 2506 1528 2564 munus
1574 2511 1828 2583 adeptus
1860 2526 1978 2567 non

340 2576 551 2649 procul
576 2577 905 2632 abineunte
934 2576 1106 2649 anno
1144 2578 1270 2636 409.

673 2650 780 2703 CV.
811 2678 879 2689 —
917 2648 1129 2720 Scripta
1162 2651 1374 2705 ineunte
1398 2667 1490 2705 an.
1519 2650 1640 2707 409.

409 2717 656 2792 Siubhoc
689 2724 922 2790 tempus
952 2717 1265 2792 epistolam
1294 2724 1679 2778 centesimam
1709 2723 1979 2792 quintam

327 2789 404 2844 ad
430 2790 749 2845 Donatistas
775 2789 1058 2861 scriptam
1092 2792 1628 2860 intelligimus,tum
1654 2789 1833 2849 exhis
1858 2812 1975 2850 ver-

329 2860 426 2935 bis
454 2877 515 2935 n.
531 2866 563 2917 6
592 2877 605 2915 :
631 2860 779 2926 Quid
797 2869 873 2935 est
894 2860 1103 2929 melius,
1126 2865 1381 2934 proferre
1400 2880 1554 2919 veras
1577 2866 1979 2935 Imperatorum

320 2932 593 3008 jussiones
604 2949 703 3002 pro
712 2934 959 3008 unitate,
980 2952 1052 3008 an
1071 2932 1240 3008 falsas
1254 2935 1619 3008 indulgentias
1634 2932 1735 3007 pro
1763 2954 1975 3008 perver.

327 3005 537 3067 sitate;
587 3004 724 3074 quod
780 3021 872 3059 vos
925 3006 1147 3073 fecistis,
1181 3012 1230 3060 et
1261 3004 1532 3061 mendacio
1581 3004 1776 3062 vestro'
1803 3008 1978 3063 subito

327 3081 496 3157 totam
521 3075 563 3128 Α
571 3074 1061 3157 [ricamimplestis
1068 3078 1247 3157 {quin
1264 3083 1465 3157 aperte
1480 3084 1689 3157 notant
1706 3095 1976 3157 rumores

325 3146 535 3221 doIOse
567 3146 645 3221 ab
682 3146 827 3217 ipsis
867 3154 1001 3221 post
1030 3146 1367 3203 Stilichon'is
1417 3156 1664 3205 mortem
1698 3151 1771 3205 de
1804 3167 1977 3221 supe-

326 3218 555 3292 riorum
589 3217 798 3292 legum
837 3217 1225 3292 abrogatione
1261 3222 1517 3290 jactatos
1546 3240 1562 3292 ;
1593 3228 1719 3276 tum
1750 3238 1821 3277 ex
1853 3217 1976 3277 istis

374 3305 464 3362 ua:
477 3287 552 3362 de
570 3288 865 3362 Caeciliani
880 3287 1062 3345 causa
1081 3287 1331 3362 loquens
1344 3287 1709 3361 Augustinus
1725 3294 1805 3348 ait
1827 3309 1885 3348 n.
1900 3294 1933 3347 8
1959 3310 1972 3347 :

378 3360 556 3435 .cigite
579 3359 672 3435 hoc
700 3376 743 3435 ar
763 3360 935 3435 nobis,
961 3359 1243 3435 probemus
1266 3362 1412 3435 vobis
1438 3359 1462 3427 ξ
1486 3370 1536 3417 et
1575 3366 1625 3418 si
1650 3381 1752 3419 non
1785 3364 1973 3435 proba-

324 3434 581 3508 verimus,
620 3432 792 3499 facite
823 3432 891 3486 de
919 3433 1078 3508 nobis
1096 3433 1360 3508 quidquid
1384 3435 1675 3506 potueritis
1702 3453 1722 3501 ;
1752 3432 1973 3508 quibus

323 3503 520 3557 innuit
553 3518 730 3573 super
749 3519 818 3559 ea
835 3519 897 3559 re
919 3503 1186 3560 nondum
1217 3503 1594 3561 collationem
1623 3503 1973 3564 cum—Dona-

323 3573 481 3627 tistis
516 3573 782 3650 habitam
819 3591 833 3640 ;
866 3576 987 3650 imo
1015 3592 1207 3650 neque
1234 3579 1442 3632 datum
1466 3578 1664 3633 adhuc
1686 3579 1968 3650 ablmpe-

324 3649 526 3700 ratore
548 3644 922 3720 detrahenda
952 3644 1265 3720 collatione
1297 3650 1669 3720 rescriptum.

492 3785 504 3795 .
550 3792 560 3801 _
601 3718 914 3801 CVI-CVIII.
961 3748 1024 3760 —-
1062 3718 1293 3801 Scripta:
1312 3720 1431 3801 fore
1459 3718 1550 3801 an.
1578 3721 1701 3801 4.09..

402 3787 663 3862 Epistola
692 3789 1017 3862 centesima
1035 3787 1200 3845 sexta
1212 3787 1430 3862 scripta
1442 3792 1618 3846 estad
1627 3791 1973 3846 Macrobium

320 3858 697 3940 episcopum,
730 3860 1071 3941 ordinatum
1104 3858 1473 3988 nuper,;;uxta
1505 3863 1971 3945 subsequentem

322 3930 600 3988 eiusdem
631 3936 914 3988 temporis
943 3933 1181 3987 Maximi
1212 3940 1262 3987 et
1348 3933 1565 3988 heodori
1598 3937 1672 3988 ad
1700 3942 1971 3988 Augusti-

322 3930 604 4003 ejusdem
631 3934 914 4003 temporis
943 3930 1193 3987 Maximi
1212 3940 1262 3987 et
1305 3930 1568 3988 Theodori
1598 3937 1672 3989 ad
1700 3930 1973 4003 Augusti-

321 4016 471 4054 num
513 4000 848 4071 epistolam.
892 4003 1177 4060 Sutfectus
1216 4010 1342 4059 erat
1371 4005 1695 4061 Macrobius
1728 4000 1817 4060 in'
1843 4009 1973 4061 Pro-

317 4071 575 4148 cuieiani
606 4073 800 4148 locum
820 4074 1355 4148 apudAHipponem,
1382 4078 1459 4131 uti
1479 4093 1545 4132 ex
1570 4076 1817 4148 epistola
1834 4093 1974 4131 cen-

318 4143 534 4197 tesima
566 4146 820 4215 septima
848 4143 919 4199 ad
947 4143 1279 4202 Macrobium
1299 4148 1579 4204 eumdem
1601 4143 1738 4204 data
1765 4148 1972 4203 intelli-

317 4216 498 4287 gitur.
534 4216 758 4271 Etenim
783 4232 919 4271 cum
952 4232 1176 4287 magno
1203 4218 1486 4275 comitatu
1512 4221 1568 4275 in
1593 4236 1724 4275 eam
1758 4221 1969 4275 urbem

316 4286 649 4364 ingressus.
682 4303 751 4364 ex
783 4304 842 4343 n.
896 4291 959 4364 14
990 4288 1403 4364 ibi_d_einceps
1446 4293 1797 4364 episcopum
1828 4293 1964 4360 egit,

315 4357 516 4434 eidem
543 4360 1029 4434 cum_Au_gus_t_i_no
1046 4359 1203 4432 plebi
1228 4357 1741 4434 eisdemquediias
1758 4364 1815 4417 in
1838 4357 1969 4433 par-

313 4433 406 4482 tes
428 4428 743 4505 distractis
770 4428 1007 4505 familiis
1030 4428 1318 4505 pastorali
1346 4428 1494 4505 cura
1519 4428 1858 4505 invigilans,
1896 4449 1966 4488 ex

313 4447 406 4482 tes
441 4447 734 4484 uisu-acus
770 4447 1007 4486 IamlIIIS
1030 4447 1318 4556 lpastorali
1346 4449 1488 4488 cura
1519 4447 1858 4505 mViguans,
1896 4449 1966 4488 ex

311 4514 373 4577 ρ.
423 4503 482 4577 I7_
512 4504 565 4553 et
596 4504 682 4577 20.
711 4504 923 4577 Estque
943 4502 1021 4556 du
1073 4503 1125 4556 io
1150 4505 1351 4573 procul
1374 4504 1609 4576 illeipse
1626 4506 1727 4577 qui
1752 4507 1809 4560 in
1830 4506 1966 4560 Car-

309 4570 660 4647 t_haginens_i
681 4570 993 4647 collatione
1024 4578 1072 4634 1,
1095 4591 1128 4628 ιι
1140 4570 1273 4647 ,ξρυι
1307 4570 1965 4647 ιιοιηὶηέιῐυΓἘρίδοορω

308 4642 687 4711 Hipponensis.
738 4647 913 4699 Porro
967 4644 1387 4701 Proculeianus
1446 4642 1777 4703 nondum'e
1816 4642 1962 4702 vivis

305 4720 653 4790 excesserat
682 4721 931 4770 exeunte
957 4731 1118 4790 annp
1148 4717 1273 4790 403,
1301 4733 1421 4790 quo
1444 4725 1706 4789 tempore
1739 4722 1963 4789 Augus-

306 4787 477 4857 tinus
492 4784 563 4839 ex
575 4784 810 4841 decreto
826 4787 1042 4857 synodi
1060 4784 1547 4857 Carthaginensis
1567 4784 1775 4845 eodem
1803 4784 1962 4845 anno

303 4854 505 4929 die725r
524 4858 759 4924 augusti
781 4854 1111 4929 celebratae,
1129 4854 1324 4929 ipsum
1355 4862 1539 4916 semel
1562 4869 1615 4917 et
1638 4861 1851 4916 iterum
1884 4862 1961 4917 ad

303 4927 689 4982 collationem
743 4928 1055 4985 citandum
1113 4927 1360 5003 curavit,
1413 4934 1584 5001 juxta
1644 4932 1959 5003 epistolam

305 5013 670 5074 gxxxvuiin.
698 5004 729 5053 7
761 5017 772 5055 :
805 5002 1133 5074 quinetiam
1163 5001 1240 5074 ibi
1274 5018 1412 5058 cum
1438 5004 1568 5074 ejus
1594 5001 1958 5059 mentionem

301 5069 537 5125 faciunt
565 5069 973 5145 Hipponenses
1004 5073 1195 5145 clerici
1223 5075 1351 5144 jam
1406 5069 1823 5145 progrediente
1853 5078 1957 5130 406

301 5143 719 5215 anno_sc_ripta
747 5144 1022 5215 epistola,
1050 5144 1124 5200 de
1158 5143 1347 5215 ipsius
1375 5143 1546 5201 obitu
1574 5147 1805 5201 nullum
1834 5162 1956 5201 ver-

298 5212 455 5267 bum
476 5211 716 5267 habent.
741 5211 1028 5278 Quocirca
1050 5211 1352 5271 nonnemo
1375 5217 1520 5273 forte
1540 5219 1959 5273 existimaverit

299 5284 698 5359 centesimam
753 5292 1002 5352 sextam,
1069 5288 1342 5358 duasque
1407 5290 1674 5359 proxime
1732 5288 1956 5359 subjec-

300 5360 397 5410 tas
432 5354 719 5423 epistolas
739 5371 857 5412 non
887 5364 1021 5413 ante
1053 5374 1151 5413 an.
1178 5354 1278 5413 406
1298 5354 1593 5415 exaratas.
1616 5361 1792 5416 Nobis
1815 5354 1955 5416 vero

298 5427 361 5483 id
376 5425 601 5501 saltem
633 5434 884 5501 constat,
914 5445 1033 5485 non
1060 5431 1383 5486 anteriores
1405 5447 1532 5487 esse
1549 5432 1780 5501 legibus
1798 5448 1955 5487 anno

296 5499 409 5554 405
425 5496 863 5573 _in_Donatistas
878 5502 1285 5570 promulgatis,
1299 5518 1435 5573 quae
1447 5496 1957 5571 Iegesinonstran-

299 5576 399 5625 tur
421 5569 617 5642 inhac
634 5585 723 5625 ενι
746 5569 937 5642 epist..
964 5588 1023 5627 n.
1050 5569 1141 5638 14,
1155 5572 1247 5627 his
1264 5569 1463 5629 verbis
1482 5592 1493 5629 :
1510 5569 1955 5630 “Persecutionem

296 5639 603 5717 nonsolum
629 5639 807 5717 postea
831 5643 1112 5717 vobiscum,
1138 5644 1197 5717 id
1216 5652 1307 5717 est
1328 5651 1724 5717 posteaquam
1748 5647 1822 5701 ad
1846 5661 1954 5701 vos

295 5712 630 5776 redierunt,
667 5713 756 5768 sed
775 5714 936 5785 prius
960 5719 1008 5769 et
1045 5732 1079 5769 a
1108 5715 1251 5770 vobis
1288 5712 1630 5785 pertulerunt
1657 5719 1957 5774 Maximia-

296 5785 500 5844 nistte.
547 5785 613 5839 Et.
662 5785 928 5859 apertius
966 5788 1173 5844 n.18:
1221 5787 1468 5861 Fugitur
1514 5790 1719 5859 unitas,
1773 5796 1833 5846 ut
1862 5805 1956 5847 nos

2098 227 2353 301 adversus
2382 236 2750 282 vestrorum...
2786 227 3157 301 improbitates
3177 245 3482 299 quwramus
3501 230 3743 301 publicas

2100 299 2261 368 leges,
2294 306 2341 353 et
2371 301 2624 353 adversus
2678 301 2815 369 ipsas
2856 299 2991 368 leges
3019 308 3305 355 armentur
3358 299 3743 357 Circumcellio-

2101 386 2212 433 nes,
2262 387 2392 439 quas
2438 387 2494 424 eo
2548 373 2659 441 ipso
2707 371 2897 440 furore
2925 378 3281 436 contemnant,
3323 391 3423 443 quo
3455 376 3509 427 in
3542 391 3626 428 vos
3654 392 3743 428 eas

2097 457 2218 515 cum
2246 447 2493 510 [urerent
2513 443 2841 515 excitarunt.
2874 443 2973 497 Cui
2993 449 3114 496 tam
3137 444 3376 515 liquidae
3404 448 3739 501 auctoritati

2098 512 2316 587 frustra
2346 528 2615 583 opponas
2650 513 3063 587 Praetextatum
3094 512 3530 580 Ass'ui'itanum,
3559 532 3738 587 quem

2097 584 2325 659 circiter
2355 600 2581 659 annum
2616 584 2960 659 4009biisse
2978 585 3105 653 jam
3124 602 3305 656 supra
3326 587 3403 641 ad
3430 584 3739 659 epistolam

2096 670 2145 709 LI
2178 655 2655 727 observavimus,
2704 657 2817 727 dici
2852 655 2947 708 hic
2986 672 3045 708 n.
3080 660 3129 719 5,
3194 655 3370 727 nuper
3397 655 3737 727 defunctum.

2098 730 2240 799 Cum
2262 726 2345 799 ibi
2368 726 2542 797 longe
2559 726 2791 797 aequius
2817 726 2910 791 sit,
2936 726 3285 796 particulam
3306 726 3476 799 nuper
3503 746 3739 786 sumere

2096 797 2164 869 in?
2188 798 2463 868 ampliori
2495 799 2853 869 significatu,
2878 813 3057 867 quem
3092 797 3406 869 scriptores
3438 802 3737 857 interdum

2095 868 2172 923 ad
2200 869 2545 939 quindecim
2573 876 2629 923 et
2659 868 2735 923 ad
2760 869 2955 938 plures
2982 884 3176 923 annos
3214 868 3533 927 extendere
3560 888 3739 928 nemo

2097 940 2301 1012 nescit,
2333 940 2391 994 id
2423 940 2587 1011 quod
2613 942 2763 995 inter
2792 940 3221 1012 disputandum
3254 946 3376 995 tum
3410 944 3739 1012 praesertim

2094 1011 2336 1075 faciunt,
2384 1027 2522 1066 cum
2554 1028 2675 1065 rem
2708 1012 2967 1079 ignorari
2999 1016 3103 1066 aut
3131 1011 3495 1067 dissimulari
3528 1014 3605 1069 ab
3636 1017 3739 1069 ad-

2093 1086 2358 1137 versario
2385 1084 2611 1137 nolunt.
2639 1084 2803 1135 Venit
2831 1083 3007 1136 etiam
3035 1083 3177 1136 illud
3202 1084 3647 1140 observandum
3676 1102 3734 1141 n.

2100 1154 2161 1209 l8
2194 1172 2207 1206 :
2244 1157 2383 1207 Ante
2437 1154 2596 1208 istam
2625 1154 2808 1223 legem,
2863 1171 2967 1224 qua
3018 1156 3261 1223 gaudetis
3294 1155 3432 1209 vobis
3468 1157 3739 1211 redditam

2094 1224 2419 1299 libertatem,
2443 1234 2553 1279 etc.
2581 1226 2748 1290 Quod
2778 1226 2833 1299 si
2854 1228 2995 1279 forte
3024 1226 3108 1299 ad
3138 1226 3351 1281 Juliani
3383 1230 3736 1299 rescriptum

2093 1312 2214 1350 non
2275 1297 2547 1367 pertinet,
2606 1296 2864 1350 ostendit
2922 1298 3203 1366 scriptam
3258 1296 3583 1367 epistolam
3624 1301 3737 1354 sub

2091 1368 2273 1421 tinem
2305 1384 2401 1441 an.
2437 1372 2539 1441 409
2594 1374 2728 1441 post
2767 1368 2953 1437 ipsius
3016 1367 3248 1441 Honorii
3282 1370 3564 1439 edictum,
3608 1387 3731 1441 quo

2095 1439 2347 1493 sancivit
2373 1443 2435 1493 ut
2464 1439 2806 1509 religionem
2847 1455 3029 1509 quam
3056 1440 3311 1510 quisque
3339 1448 3587 1511 optaret,
3615 1439 3739 1497 sec-

2091 1512 2198 1564 tari
2233 1511 2541 1575 sineretur,
2560 1512 2633 1564 de
2646 1525 2767 1581 quo
2782 1511 2914 1564 vide
2938 1526 3011 1565 an
3022 1512 3382 1565 notationem
3399 1514 3455 1566 in
3472 1513 3630 1567 hunc
3656 1513 3738 1568 lo-

2091 1596 2250 1636 cum.
2267 1583 2553 1636 Caeterum
2569 1584 2617 1635 is
2632 1597 2825 1653 rerum
2840 1581 3168 1653 status,qui
3184 1582 3241 1636 in
3257 1583 3509 1653 epistola
3526 1600 3737 1653 reprae-

2093 1657 2379 1716 sentatur,
2414 1668 2530 1707 non
2567 1652 2787 1723 patitur
2816 1652 2974 1706 illam
3007 1652 3158 1706 ultra
3208 1652 3472 1709 medium
3505 1652 3736 1710 circiter

2091 1739 2318 1778 annum
2353 1724 2455 1781 410
2483 1724 2718 1779 remitti.
2752 1724 2913 1778 Unde
2931 1724 3392 1791 expungendum
3420 1742 3736 1781 censemus

2090 1796 2148 1849 id
2190 1795 2348 1863 quod
2401 1796 2613 1863 legitur
2639 1810 2696 1849 n.
2732 1796 2799 1847 19
2834 1808 2845 1846 :
2885 1794 2957 1848 De
2988 1795 3090 1849 isto
3119 1796 3444 1851 Marcellino
3471 1798 3733 1862 scribens,

2089 1865 2343 1921 Ecclesiw
2378 1868 2624 1921 colonum
2654 1865 2793 1919 dicis
2823 1883 2839 1919 :
2872 1882 3006 1920 cum
3035 1868 3404 1923 Marcellinus
3434 1869 3733 1930 tribunus,

2090 1937 2193 2008 qui
2223 1937 2616 1993 hiclaudatus
2642 1938 2891 2000 videtur,
2912 1938 3148 1991 nonnisi
3170 1944 3420 1993 exeunte
3448 1944 3654 1995 anno4
3675 1943 3738 1996 10

2100 2008 2317 2063 missus
2350 2009 2524 2063 fuerit
2550 2010 2607 2063 in
2640 2008 2917 2073 Africam,
2950 2008 3281 2063 collationis
3310 2011 3736 2079 Carthaginem-

2090 2080 2171 2133 sis
2188 2080 2580 2150 procurandae
2594 2096 2805 2147 causa;
2834 2081 2907 2134 de
2924 2090 3045 2150 qua
3061 2087 3258 2135 tamen
3282 2082 3593 2136 collatione
3610 2082 3737 2137 nul-

2088 2150 2181 2205 lus
2208 2152 2302 2205 hic
2317 2167 2513 2205 sermo
2526 2157 2632 2206 est.
2652 2151 3120 2221 Deprehenditur
3134 2152 3300 2206 facile
3314 2160 3599 2215 erratum,
3613 2169 3734 2209 non

2088 2237 2157 2277 ex
2191 2224 2341 2278 MSS.
2375 2222 2615 2293 quidem
2646 2222 3102 2293 exemplaribus,
3124 2239 3258 2293 quas
3283 2227 3493 2292 praeter
3518 2226 3736 2280 Vatica-

2085 2309 2199 2367 nus
2232 2294 2395 2367 nulla
2417 2293 2881 2367 suppetunt,sed
2905 2294 3034 2367 ipso
3057 2301 3449 2367 ex‘coutextu,
3468 2296 3522 2349 in
3552 2311 3733 2367 quem

2087 2364 2319 2419 Iiceneri
2332 2381 2397 2418 us
2414 2363 2643 2419 incaute
2666 2364 2929 2419 retulitid
2951 2366 3115 2434 quod
3130 2363 3187 2418 in
3204 2366 3475 2433 margine
3491 2363 3735 2422 adnota-

2087 2443 2223 2490 raut
2249 2436 2440 2505 legem
2474 2438 2784 2505 imperitus
2806 2436 2930 2489 visa
2956 2436 3207 2505 epistola
3238 2452 3443 2491 CXXXIX
3474 2438 3549 2494 ad
3584 2441 3733 2492 Mar-

2087 2507 2367 2562 cellinum
2396 2509 2526 2577 ejus
2553 2508 2922 2579 Augustinus
2950 2507 3242 2579 Donatum
3261 2510 3587 2579 quemdam
3611 2510 3735 2565 dia-

2087 2594 2307 2634 conum
2339 2580 2731 2649 rebaptistum
2762 2578 3027 2633 Ecclesiae
3053 2578 3331 2633 colonum
3370 2579 3546 2635 fuisse
3572 2580 3732 2637 dicit.

2265 2650 2405 2713 CIX,
2436 2652 2540 2706 CX.
2573 2682 2637 2691 —
2666 2650 2899 2720 Scripta?
2924 2650 3062 2719 forte
3094 2667 3277 2704 versus
3306 2668 3397 2704 an.
3430 2652 3554 2706 409.

2158 2720 2299 2793 Duae
2314 2721 2756 2793 subsequuntur
2769 2737 2887 2776 non
2904 2720 2985 2775 ita
2998 2721 3403 2777 determinatae
3417 2723 3605 2776 (etatis
3620 2723 3731 2792 epi-

2088 2790 2276 2855 stolae,
2310 2790 2529 2848 scilicet
2548 2793 2874 2847 centesima
2892 2808 3012 2846 non
3029 2794 3222 2847 Severi
3235 2794 3311 2847 ad
3337 2790 3730 2863 Augustinum

2084 2866 2143 2916 et
2168 2866 2495 2935 centesima
2519 2864 2752 2919 decima
2768 2864 3077 2935 Augustini
3094 2864 3163 2917 ad
3180 2866 3459 2919 eumdem
3480 2864 3732 2920 Severum

2084 2948 2206 2988 non
2235 2934 2657 3001 abbatem,qui
2680 2934 2883 2989 titulus
2903 2935 2981 2989 ab
3017 2938 3258 2989 Erasmo
3284 2936 3733 2990 etLovaniensi-

2084 3004 2200 3059 bus
2233 3006 2344 3076 ipsi
2380 3004 2767 3071 tribuebatur,
2801 3006 2902 3060 sed
2924 3007 3269 3078 episcopum
3291 3009 3598 3078 ;cumipse
3622 3010 3732 3061 Au-

2085 3078 3732 3147 gustinum,tunccerteepiscopum,fratrem,Augustinus

2084 3162 2225 3220 vero
2256 3148 2455 3220 ipsum
2485 3148 2897 3220 consacerdotem
2926 3147 3199 3218 appellet.
3223 3149 3423 3217 Neque
3482 3152 3732 3203 Severus

2083 3217 2394 3289 ille,quem
2428 3236 2629 3273 secum
2653 3227 2767 3274 tam
2786 3217 2983 3273 stricte
3011 3220 3395 3287 conjunctum
3423 3220 3733 3289 profitetur

2082 3289 2177 3345 hic
2190 3291 2733 3357 Augustinus,alius
2746 3296 2833 3346 est
2846 3306 2879 3344 a
2893 3290 3223 3345 Milevitano
3237 3290 3730 3361 antistite,dequo

2082 3362 2222 3433 item
2253 3362 2382 3431 ipse
2412 3363 2469 3417 in
2489 3365 2655 3433 epist.
2675 3378 2875 3417 Lxxxw
2894 3361 2967 3415 ad
2999 3364 3383 3429 Novatuni,n.
3421 3366 3466 3425 1,
3494 3362 3725 3417 scribit:

2084 3432 2500 3497 Quandumlibet
2526 3432 2702 3489 valeat
2749 3434 3089 3504 germanitas
3132 3433 3213 3487 tui
3271 3434 3572 3503 sanguinis,
3623 3450 3730 3488 non

2080 3504 2251 3558 vincit
2280 3506 2538 3560 amicitia:
2554 3503 2846 3568 vinculum,
2875 3520 2975 3574 quo
3008 3503 3153 3558 nobis
3181 3504 3404 3558 invicem
3429 3521 3517 3574 ego
3534 3511 3582 3558 et
3614 3506 3729 3576 fra-

2080 3582 2164 3630 ter
2189 3578 2419 3631 Severus
2447 3576 2836 3631 inhaeremus...
2887 3575 2992 3643 Qui
3020 3590 3219 3629 mecum
3250 3582 3425 3629 tamen
3467 3575 3732 3630 nuncvix

2079 3653 2129 3701 et
2160 3647 2437 3703 interdum
2464 3665 2562 3718 per
2582 3648 2802 3717 exiguas
2829 3646 3107 3700 chartulas
3132 3647 3393 3717 loquitur.
3432 3649 3603 3701 Porro
3629 3648 3724 3702 Se-

2078 3733 2255 3773 verus
2285 3719 2432 3774 obiit
2457 3735 2555 3774 an.
2595 3722 2699 3773 426
2732 3724 2794 3773 ut
2840 3724 3101 3789 patetex
3127 3721 3294 3789 epist.
3338 3733 3520 3772 ccxui.
3558 3719 3726 3772 Vide-

2079 3795 2291 3859 turque
2322 3790 2667 3859 priedictam
2704 3805 2789 3844 CIX
2819 3788 3133 3859 epistolam
3163 3788 3473 3858 scripsisse
3506 3789 3726 3858 perlec-

2080 3861 2150 3915 tis
2201 3858 2657 3917 Confessionum
2709 3858 2895 3917 libris.
2939 3858 3191 3929 aliisque
3247 3859 3358 3926 piis
3411 3861 3724 3929 Augustini

2078 3932 2401 4002 opusculis,
2431 3934 2485 3987 in
2514 3931 2737 4004 quibus
2766 3930 3131 4004 voluptatem
3174 3930 3553 4001 fructumque
3591 3932 3729 4002 plu-

2080 4001 2297 4058 rimum
2331 4019 2393 4058 se
2413 4001 2625 4073 capere
2659 4001 2969 4073 signiﬁcat.

2081 4074 2207 4130 CXI.
2238 4105 2303 4115 —
2332 4072 2562 4146 Scripta
2586 4072 2807 4128 exeunte
2832 4090 2921 4126 an.
2956 4075 3080 4135 409,
3114 4072 3255 4146 forte
3286 4087 3454 4146 mense
3485 4072 3721 4146 novemb.

2154 4150 2211 4200 In
2235 4142 2579 4201 annum'409
2601 4147 2866 4217 apprime
2893 4142 3189 4217 convenit.
3212 4142 3725 4217 guminpriucipio

2077 4218 2339 4287 epistolae
2366 4215 2705 4272 centesimae
2749 4215 3079 4271 undecimae
3110 4215 3179 4267 ad
3216 4215 3589 4287 Victorianum
3634 4231 3726 4271 ex-

2076 4286 2369 4358 primitur,
2403 4289 2747 4343 tristissima
2770 4287 2869 4342 illa
2899 4287 3079 4342 facies
3127 4286 3386 4358 universi
3417 4286 3577 4340 orbis
3600 4291 3725 4340 tan-

2079 4356 2148 4413 tis
2179 4361 2450 4415 cladibus
2479 4358 2697 4422 afflicti,
2724 4366 2785 4413 ut
2814 4374 2965 4429 pene
2988 4373 3128 4428 pars
3147 4356 3308 4411 nulla
3334 4363 3625 4411 terrarum
3641 4374 3727 4412 es-

2077 4436 2182 4496 set,
2235 4431 2337 4486 ubi
2367 4446 2488 4485 non
2521 4431 2680 4495 talia,
2725 4429 2933 4501 qualia
2983 4429 3719 4501 Victorianusscripserat,

2075 4504 2583 4574 committerentur
2609 4499 2786 4574 atque
2814 4500 3264 4574 plangeren_tur_._
3289 4499 3467 4574 Addit
3492 4502 3724 4574 Augus-

2075 4575 2251 4638 tinus,
2286 4573 2363 4627 De
2390 4574 2649 4643 Hispanis
2673 4570 2872 4642 quoque
2897 4578 2972 4626 tot
2991 4571 3285 4641 provincii,
3307 4587 3420 4643 qua!
3451 4570 3536 4623 his
3558 4572 3720 4625 malis

2072 4644 2166 4698 diu
2209 4642 2541 4700 videbantur
2574 4645 2807 4706 intactae,
2850 4648 3119 4713 caperunt
3134 4642 3419 4713 jamtatia
3440 4642 3717 4706 nuntiari,

2072 4718 2231 4787 quod
2251 4716 2591 4771 scilicethoc
2616 4717 2827 4787 eodem
2843 4712 3002 4787 anno
3030 4712 3275 4768 Vandali
3304 4714 3609 4783 Hispanias
3625 4730 3720 4787 oc-

2071 4785 2394 4857 cupassent
2435 4787 2609 4858 juxta
2652 4786 3074 4841 Cassiodorum
3124 4790 3213 4858 et_
3244 4787 3594 4858 Prosperum
3662 4785 3719 4858 in

2071 4855 2285 4914 Chron.
2305 4855 2500 4914 Imoet
2513 4858 2679 4912 Alani
2706 4863 2761 4912 et
2784 4858 2957 4913 Suevi
2974 4858 3144 4925 juxta
3159 4856 3373 4911 Chron.
3398 4856 3559 4909 ldatii
3572 4896 3584 4919 ,
3614 4855 3719 4925 qui

2070 4945 2278 4985 eorum
2309 4931 2364 4984 in
2393 4929 2708 4999 Hispanias
2724 4929 3112 4998 irruptionem
3129 4926 3207 4981 ab
3221 4926 3351 4981 aliis
3366 4929 3448 4999 728
3462 4933 3720 4996 septem-

2069 5001 2209 5066 bris,
2236 5003 2314 5055 ab
2345 5001 2474 5055 aliis
2498 4998 2560 5055 13
2576 5000 2834 5055 octobris
2855 5000 3045 5053 notari
3064 5003 3328 5053 testatur.
3347 4998 3719 5067 Quapropter

2068 5073 2273 5127 isthmc
2300 5072 2544 5143 epistola
2574 5072 2714 5126 data
2746 5070 2917 5125 fuerit
2956 5070 3100 5143 forte
3149 5083 3352 5143 mense
3384 5067 3713 5143 novembri.

2067 5139 2591 5214 Meminit'quoque
2618 5143 2712 5197 hic
2739 5142 3101 5214 Augustinus
3135 5140 3310 5214 necis
3326 5139 3635 5214 monachis
3658 5140 3718 5195 in

2065 5215 2299 5285 Egypti
2332 5208 2649 5269 solitudine
2668 5230 2703 5268 a
2736 5208 3006 5268 barbaris
3040 5212 3245 5285 illatae,
3268 5208 3343 5263 De
3366 5208 3477 5263 hac
3504 5210 3716 5266 eadem

2067 5282 2391 5342 Sanctorum
2421 5303 2541 5340 nece
2573 5285 2829 5341 Cassiani
2863 5288 3017 5338 extat
3046 5282 3288 5338 Collatio
3317 5286 3501 5336 sexta.

2068 5358 2220 5413 CXII.
2286 5389 2348 5397 —
2376 5357 2590 5428 Scripta
2646 5362 2868 5428 exeunte
2910 5370 3002 5428 an.
3036 5354 3159 5428 409
3205 5354 3554 5428 a_ut_ineunte
3589 5356 3715 5428 4I0.

2136 5428 2398 5500 Epistola
2432 5423 2756 5483 centesima
2793 5426 3152 5480 duodecima
3176 5425 3245 5500 ad
3281 5423 3551 5479 Donatum
3587 5425 3714 5500 jam

2062 5495 2555 5570 exproconsulem
2581 5502 2802 5568 scripta
2832 5506 2937 5570 est,
2964 5513 3033 5552 ac
3061 5497 3239 5570 paulo
3267 5502 3590 5570 postquam
3619 5495 3715 5551 ille

2065 5568 2219 5626 curis
2238 5571 2487 5644 publicis
2503 5570 2808 5644 expeditus
2832 5569 3059 5633 fuisset,
3077 5569 3157 5623 uti
3172 5585 3240 5623 ex
3259 5569 3358 5644 nil
3378 5568 3719 5644 intelligitur

2065 5639 2548 5719 Quonamautem
2565 5639 2659 5719 die
2673 5639 3495 5719 velmenseproconsulatum
3510 5639 3715 5719 Africa;

2064 5716 2327 5785 posuerit
2342 5713 2788 5781 Donatus,haud
2808 5728 2843 5767 a
2866 5712 3040 5785 nobis
3057 5710 3367 5785 comperiri
3386 5710 3714 5785 potuit.n_isi

2061 5780 2228 5860 quod
2244 5785 2533 5842 accidisse
2559 5790 2695 5841 ante
2722 5788 2789 5841 25
2807 5783 3075 5857 juniian.
3095 5780 3219 5853 410,
3248 5797 3319 5838 ex
3334 5780 3463 5852 lege
3495 5780 3572 5834 ad
3603 5781 3722 5851 Ma,-
