4108 6172
481 117 552 171 39
1990 114 2355 172 PREFATIO
2378 159 2390 172 .
3822 120 3896 179 40

478 239 575 295 hic
606 255 673 313 _u.
705 240 771 294 32
820 238 881 294 lit
909 240 1131 313 mentio
1156 238 1372 293 Urbani
1398 240 1695 313 Siccensis
1718 240 2003 313 episcopi,
2028 243 2130 313 qui

480 314 529 365 si
564 311 720 367 idem
755 317 839 365 est
868 328 935 365 ac
957 311 1229 365 Urbanus
1261 311 1568 381 presbyter
1590 312 1645 365 in
1675 311 2125 383 epistola'cxcui,

480 400 539 437 11.
572 389 621 445 1,
653 390 1182 455 commemoratus,
1212 383 1479 455 nondum
1509 384 1913 453 episcopalem
1942 385 2131 455 digni-

482 460 658 509 tatem
693 454 972 507 anno-412
996 455 1051 505 in
1084 452 1601 509 tiueminclinante
1618 452 1974 509 consecutus
2006 452 2131 510 fue-

477 532 585 581 rat.
612 525 713 579 Vix
749 525 926 578 etiam
952 524 1135 597 possit
1159 524 1346 597 serius
1371 527 1597 597 reponi.
1631 528 1860 597 Quippe
1885 528 2129 595 Peregri-

479 613 593 651 nus
620 597 927 668 diaconus,
961 595 1059 664 qui
1088 593 1320 649 Urbano
1337 596 1412 649 ad
1438 593 1734 652 sarcinam
1748 593 2128 668 episcopatus

479 666 855 740 subeundam
889 672 1166 736 pergente
1194 682 1432 740 cum__eo
1465 668 1639 722 simul
1675 666 1972 740 profectus
2004 671 2130 723 fue-

478 744 583 800 rat,
618 738 888 809 nondum
921 742 1284 791 remeaverat
1326 738 1692 809 Hipponem;
1733 756 1870 794 cum
1902 741 2128 796 hancce

472 807 787 880 epistolam
822 808 1067 880 dictaret
1092 807 1483 875 Augustinus,
1522 811 1600 864 uti
1631 813 1689 865 in
1718 811 1835 865 ﬁne
1862 816 2127 868 testatur.

694 879 793 932 CL.
830 910 892 918 —
922 879 1143 948 Scripta
1172 880 1324 933 circa
1348 888 1623 936 exeuntem
1662 899 1753 936 an.
1788 884 1909 937 413.

551 950 885 1004 Centesima
907 950 1409 1020 quinquagesima
1432 952 1501 1005 ad
1518 953 1755 1009 Probam
1778 960 1826 1007 et
1843 952 2127 1008 Julianum

476 1024 693 1090 scripta
748 1029 833 1075 est
884 1022 1197 1076 occasione
1230 1024 1692 1078 consecrationis
1737 1024 1869 1079 tiliae
1918 1040 2124 1079 earum

476 1092 884 1156 Demetriadis,
927 1109 1062 1162 quae
1094 1092 1298 1147 audita
1352 1096 1659 1163 Augustini
1716 1096 2124 1150 exhortatione

474 1164 549 1218 ad
584 1165 1220 1235 mundicontemptum
1253 1166 1500 1220 incensa
1520 1166 1725 1228 fuerat,
1752 1174 1807 1221 et
1835 1168 2122 1235 virginem

472 1234 1029 1306 profeSsa.'l‘ametsi
1063 1252 1199 1289 vero
1226 1238 1542 1291 Demetrias
1566 1240 1693 1306 jam
1724 1246 1845 1292 tum
1870 1234 2124 1293 audiviso

476 1316 563 1359 set
593 1308 784 1375 ipsum
820 1306 1190 1373 Carthagine,
1224 1323 1358 1361 cum
1392 1324 1462 1362 eo
1495 1308 1821 1363 collationis
1844 1326 1980 1363 cum
2019 1313 2123 1364 Do-

472 1379 702 1432 natistis
722 1378 1015 1432 habendas
1044 1394 1223 1433 causa
1255 1395 1313 1431 se
1344 1379 1582 1434 contulit
1606 1380 2121 1447 Augustinus,non

474 1449 702 1502 videtur
738 1454 936 1502 tamen
973 1449 1166 1504 velum
1199 1451 1535 1521 suscepisse
1574 1458 1709 1505 ante
1741 1468 1966 1506 annqu
1998 1453 2120 1507 413.

473 1521 703 1592 Quippe
734 1536 869 1573 cum
906 1520 1300 1590 Hieronymus
1340 1520 1655 1592 epistolam
1680 1539 1777 1577 VIII
1811 1524 1885 1576 ad
1921 1526 2123 1577 Deme-

476 1590 722 1665 triadem
758 1607 936 1665 super
958 1592 1165 1665 eadem
1187 1590 1629 1665 consecratione
1650 1596 1855 1665 (quam
1874 1594 2117 1665 quidem

475 1663 692 1735 ubique
728 1662 1100 1735 velocissime
1141 1663 1302 1735 fama
1343 1662 1720 1718 celeberrima
1755 1662 2117 1735 praedicavit,

473 1740 532 1787 ut
561 1734 653 1787 hic
676 1734 1036 1799 Augustinus
1061 1750 1117 1786 11.
1155 1740 1165 1785 1
1205 1734 1366 1804 dicit)
1392 1736 1630 1789 nonnisi
1658 1734 1771 1790 hoc
1790 1752 1971 1799 anno,
1996 1742 2115 1800 aut,

466 1805 629 1879 quod
652 1804 836 1879 longe
872 1804 1244 1879 verisimilius
1275 1814 1387 1879 est,
1422 1808 1769 1879 insequente
1797 1808 2115 1879 scripserit.

471 1875 597 1939 Quo
631 1875 694 1929 Iit
722 1883 787 1947 ut
810 1876 1032 1929 hancce
1080 1876 1390 1942 Augustini
1442 1875 1759 1947 epistolam
1818 1875 2118 1933 aditinem

466 1948 607 2021 anni
639 1947 741 1999 413
773 1950 876 1999 aut
925 1947 1001 2000 ad
1031 1948 1451 2017 subsequentis
1491 1950 1796 2004 exordium
1825 1951 2117 2021 pertinere

468 2018 728 2087 judicent
742 2034 829 2069 us.

541 2088 666 2141 CLI.
692 2118 755 2125 ——
788 2088 1009 2156 Scripta
1037 2093 1256 2141 exeunte
1276 2105 1369 2141 an.
1409 2091 1528 2155 413,
1563 2097 1656 2145 aut
1686 2091 2043 2145 ineunte414.

542 2160 615 2213 De
645 2162 695 2215 S.
734 2158 1044 2213 Marcellini
1068 2160 1228 2213 caede
1261 2176 1597 2215 sermonem
1630 2162 1684 2215 iu
1714 2162 1961 2230 epistola
1987 2176 2119 2216 cen-

465 2230 680 2285 tesima
705 2231 1208 2301 quinquagesima
1238 2232 1427 2301 prima
1452 2233 1521 2286 ad
1550 2232 1903 2288 Caecilianum
1930 2234 2117 2287 habe-

465 2301 513 2373 ri
540 2307 868 2356 ostenditur
898 2318 951 2373 111
988 2304 1139 2355 notis
1167 2305 1242 2357 ad
1292 2305 1566 2358 eamdem
1618 2306 1933 2373 epistolam
1970 2322 1981 2359 ε
2014 2320 2115 2357 1111-

464 2372 537 2425 de
570 2373 733 2428 facile
778 2372 1070 2440 intelligas
1096 2374 1299 2427 datam
1329 2373 1507 2429 fuisse
1540 2372 1769 2430 circiter
1799 2380 2115 2430 exeuntem

471 2459 699 2498 annum
728 2444 849 2496 413.

751 2514 1061 2568 CLII-CLV.
1104 2544 1158 2551 —
1188 2512 1419 2584 Scripta:
1448 2515 1596 2569 circa
1618 2532 1706 2569 an.
1741 2518 1863 2569 414.

539 2588 802 2649 Quatuor
823 2584 1311 2653 subsequentium
1341 2586 1725 2655 epistolarum
1751 2592 1987 2656 tempus
2002 2586 2114 2641 hac

469 2656 1152 2728 rationeconstituimus.
1169 2656 1517 2710 Macedonius
1534 2658 1587 2710 iu
1606 2658 2113 2728 centesimaquin-

468 2726 818 2797 quagesima
841 2726 1127 2793 secunda,
1144 2742 1198 2779 11.
1221 2732 1278 2798 3,
1304 2728 1443 2781 dicit
1459 2745 1519 2781 se
1536 2730 1801 2782 nondum
1820 2726 2113 2798 recepisse

465 2814 599 2868 quas
644 2799 756 2867 ipsi
807 2799 1167 2866 Augustinus
1199 2797 1272 2850 de
1306 2799 1431 2851 suis
1474 2800 1707 2869 scriptis
1736 2797 2106 2869 promiserat,

463 2874 752 2941 rogatque
787 2877 845 2922 ut
871 2885 939 2923 ea
967 2868 1209 2941 demum
1247 2868 1620 2924 transmittat.
1650 2868 1793 2925 Tum
1816 2872 1872 2924 in
1900 2872 2112 2941 episto-

462 2939 519 2995 la
549 2941 871 2995 centesima
897 2939 1399 3010 quinquagesima
1434 2947 1647 3012 quarta
1673 2939 2001 3007 Augustin
2026 2958 2111 2997 re-

465 3014 698 3067 nuntiat
726 3030 786 3065 se
818 3020 1083 3081 receptos
1112 3012 1187 3064 ab
1218 3012 1348 3080 ipso
1377 3012 1559 3066 libros
1601 3013 1940 3083 perlegisse.
1998 3016 2109 3067 Hos

464 3091 663 3137 autem
714 3083 893 3137 libros
942 3097 1117 3135 nemo
1165 3084 1267 3152 qui
1303 3084 1609 3151 Augustini
1642 3087 2015 3153 rescriptum,
2050 3085 2107 3138 id

463 3162 553 3209 est
604 3153 1054 3225 epistolamrhic
1103 3153 1489 3225 centesimam
1539 3156 2106 3225 quinquagesimam

462 3224 734 3297 quintam
777 3242 836 3279 11.
868 3229 899 3279 2
930 3224 1267 3294 inspexerit,
1310 3241 1430 3297 non
1492 3224 1774 3285 intelliget
1813 3243 1939 3281 esse
1974 3226 2104 3281 illos

460 3296 621 3366 ipsos
656 3305 770 3351 tres
820 3298 1041 3363 priores
1073 3298 1269 3368 Operis
1298 3296 1359 3349 de
1389 3297 1619 3350 Civitate
1652 3298 1773 3361 Dei,
1809 3299 1909 3368 qui
1945 3313 2102 3352 anno

460 3372 561 3423 413
596 3368 960 3437 prodierunt,
988 3370 1046 3419 et
1083 3367 1305 3435 quibus
1336 3374 1616 3437 quartum
1648 3374 1703 3421 et
1733 3367 2011 3438 quintum
2045 3370 2109 3422 li-

461 3439 637 3494 brum
664 3438 893 3493 addidit
920 3438 1284 3506 Augustinus
1318 3453 1416 3492 an.
1450 3441 1551 3493 415
1578 3438 1748 3508 juxta
1788 3438 2106 3510 epistolam

460 3524 647 3573 CLXIX,
682 3526 740 3563 11.
785 3513 828 3561 1.

746 3578 927 3640 CLVI,
963 3577 1160 3631 CLVII.
1205 3608 1267 3617 -
1307 3578 1540 3648 δονίριιε
1569 3594 1664 3631 an.
1697 3583 1819 3633 414.

532 3650 817 3721 Epistolas
842 3650 1228 3721 centesimam
1268 3651 1835 3720 quinquagesimam
1876 3656 2104 3705 sextam

460 3722 677 3777 Hilarii
697 3720 1048 3792 Syracusani,
1064 3721 1522 3798 etcentesimam
1540 3721 2105 3846 qlttinquagesimam

462 3794 781 3846 septimam
833 3792 1138 3846 Augustini
1169 3792 1239 3845 ad
1266 3792 1499 3846 eumdem
1596 3792 1818 3846 ilarium
1851 3793 2103 3846 scriptas

462 3794 781 3863 septimam
833 3792 1138 3859 Augustini
1169 3792 1239 3845 ad
1266 3792 1499 3846 eumdem
1542 3792 1818 3847 Hilarium
1851 3793 2103 3862 scriptas

458 3881 618 3920 anno
633 3869 689 3920 41
705 3869 737 3919 4
756 3864 994 3931 colliges
1007 3879 1076 3917 ex
1096 3869 1237 3918 nota
1251 3865 1525 3918 nostroin
1548 3866 1718 3935 epist.
1747 3865 1863 3919 157.
1885 3865 2104 3919 Saltem

456 3937 931 4007 haudquaquam
966 3936 1201 4005 putabis
1235 3937 1481 3989 Baronio
1512 3936 1589 3989 ad
1616 3950 1841 3989 annum
1874 3935 1967 3989 411
2001 3954 2102 3990 eas

457 4009 754 4062 revocanti
788 4008 1235 4060 assentiendum
1273 4022 1285 4059 ε
1316 4007 1561 4076 quando
1602 4008 1963 4072 Augustinus
2010 4008 2104 4062 hic

456 4095 515 4133 11.
550 4084 614 4132 22
650 4078 833 4131 multa
860 4078 987 4145 jam
1016 4077 1088 4129 de
1116 4077 1551 4146 quaestionibus
1584 4083 1789 4130 contra
1839 4077 2105 4145 Pelagia-

455 4165 567 4204 nos
596 4150 673 4204 ab
728 4147 938 4202 Hilario
986 4148 1326 4217 propositis.
1372 4150 1617 4202 testatur
1667 4164 1728 4200 se
1768 4147 1987 4201 dixisse
2040 4150 2099 4203 in

457 4220 585 4276 aliis
634 4219 757 4273 suis
810 4218 1115 4276 opusculis
1156 4222 1214 4272 et
1242 4217 1651 4272 ecclesiasticis
1698 4219 2098 4273 sermonibus.

671 4288 1127 4343 CLVIII-CLXIV.
1162 4320 1224 4327 —
1255 4289 1487 4359 Scripta:
1514 4289 1609 4343 sub
1638 4305 1727 4341 an.
1760 4291 1883 4342 414.

527 4362 694 4426 Quod
714 4362 789 4416 ad
808 4360 1238 4415 Evodiilitteras
1262 4359 1991 4430 Augustiniqueadipsum
2016 4376 2100 4413 re-

454 4435 671 4503 scripta
693 4433 913 4495 attinet,
938 4447 1007 4485 ea
1037 4438 1388 4503 praepostere
1416 4428 1749 4486 admodum
1780 4428 2015 4503 fuerunt
2040 4432 2095 4484 iu

452 4501 741 4559 hactenus
756 4504 922 4557 editis
945 4501 1237 4557 ordinata.
1264 4502 1505 4557 Constat
1527 4504 1685 4556 enim
1712 4501 2096 4556 centesimam

451 4576 1011 4645 quinquagesimam
1034 4580 1308 4628 octavam
1324 4574 1541 4639 Evodii,
1561 4590 1694 4645 quae
1721 4573 1861 4627 olim
1890 4572 2097 4628 ordine

452 4661 647 4701 CCLVIII
663 4646 787 4710 fuit,
803 4648 1177 4700 occasionem
1192 4646 1426 4699 dedisse
1444 4646 1778 4700 centesimae
1800 4645 2096 4715 quinqua-

452 4719 899 4787 gesimaanonaa,
920 4733 1055 4787 quas
1071 4717 1313 4771 fuitcad
1332 4716 1765 4784 Evodium;tum
1782 4716 1934 4769 hanc
1955 4717 2098 4769 scri-

451 4795 548 4860 pta
562 4806 614 4841 in
632 4788 808 4841 fuisse
824 4804 1017 4860 pauco
1033 4796 1146 4842 tem
1157 4804 1296 4858 pore
1311 4795 1444 4842 ante
1459 4790 1840 4860 centesimam
1854 4802 2097 4860 sexage-

453 4857 668 4915 simam
686 4857 1034 4923 secundam,
1054 4857 1173 4926 qua
1201 4860 1562 4925 Augustinus
1586 4857 2097 4913 Evodianiscente-

450 4934 614 4986 situm
647 4930 1033 4999 sexagesimus
1064 4936 1117 4983 et
1138 4930 1474 4984 centesima:
1503 4930 2095 4998 sexagesimzeprimee

449 5003 819 5075 respondens
850 5018 908 5056 11.
952 5006 1002 5065 3,
1039 5006 1281 5075 testatur
1312 5018 1372 5055 se
1403 5002 1725 5075 nuperrime
1777 5001 2093 5071 epistolam

447 5072 609 5130 illam
641 5090 765 5131 CLIX
791 5072 1181 5144 rescripsisse.
1216 5074 1341 5126 Mox
1369 5088 1503 5126 vero
1530 5072 1946 5144 subsecutaest
1978 5076 2095 5142 epi-

448 5148 602 5201 stola
616 5148 924 5201 centesima
937 5141 1295 5213 sexagesima
1313 5143 1474 5197 tertia
1489 5143 1560 5197 ab
1577 5141 1792 5197 Evodio
1806 5148 1939 5197 ante
1955 5141 2095 5197 scri-

446 5222 550 5287 pta
614 5232 794 5340 quam
836 5233 983 5273 CLxu
1032 5215 1364 5284 recepisset.
1450 5216 1680 5283 Quippe
1720 5214 2093 5284 superiorum

446 5288 635 5340 enisto
662 5304 833 5340 arum
862 5304 1105 5340 suarum
1154 5285 1513 5340 αιιωςὶίοηθε
1566 5286 1769 5339 iterato
1814 5285 2093 5340 urononit

446 5285 833 5357 epistolarum
862 5304 1105 5342 suarum
1154 5285 1513 5357 quaastiones
1566 5286 1769 5339 iterato
1814 5285 2093 5357 proponit

448 5356 704 5413 Evodius
732 5356 1407 5428 adjungensaliasduas.
1432 5357 1593 5410 Unde
1614 5357 1981 5428 Augustinus
1999 5356 2092 5410 hic

447 5430 683 5485 duabus
715 5427 999 5483 discussis
1025 5432 1081 5483 in
1105 5427 2093 5501 epistolacentesimasexagesima

445 5506 681 5573 quarta,
706 5516 763 5554 11.
788 5503 876 5563 22,
903 5507 1103 5555 monet
1124 5498 1183 5573 se
1206 5501 1280 5555 ad
1306 5500 1666 5573 qtuestiones
1689 5498 1815 5552 illas
1838 5498 2093 5554 antehac

449 5571 681 5636 missas,
707 5577 953 5639 excepta
972 5585 1103 5639 quae
1131 5572 1203 5625 de
1230 5573 1324 5625 Dei
1350 5571 1571 5625 visione
1600 5586 1702 5641 per
1718 5586 1933 5640 corpus
1956 5585 2090 5641 pro-

442 5644 795 5711 ponebatur,
827 5656 1175 5711 responsum
1206 5642 1464 5696 dedisse.
1507 5644 1641 5697 Jam
1686 5656 1823 5695 vero
1854 5656 1992 5696 cum
2027 5642 2087 5695 in

440 5714 706 5785 epistolis
737 5728 861 5768 cm
900 5718 955 5785 et
982 5726 1129 5785 cr.in
1165 5713 1415 5782 quaestio
1456 5720 1716 5785 versetur
1754 5713 1828 5768 de
1856 5718 2091 5768 senten-

441 5782 524 5846 tia
543 5786 811 5859 quadam
836 5782 1099 5855 epistola:
1155 5798 1407 5850 cxxxvu,
1446 5785 1525 5841 ad
1557 5783 1954 5841 Volusianum
1987 5798 2091 5841 an.

2240 239 2628 314 412_scriptm,
2690 240 3002 314 coniicitur
3052 240 3160 296 has
3185 256 3409 314 omnes
3466 243 3771 314 epistolas,
3817 248 3895 304 de

2240 311 2460 383 quibus
2487 311 2768 385 dicimus,
2792 312 3081 385 prodiisse
3110 311 3221 366 sub
3246 313 3358 368 hoc
3381 311 3617 385 tempus
3646 337 3658 381 ε
3691 318 3897 375 viden-

2243 392 2453 455 turque
2481 384 2715 439 dictatas
2750 383 2931 454 paulo
2962 388 3099 440 ante
3134 397 3296 439 CLXIX
3329 384 3407 441 ad
3440 383 3725 444 eumdem
3756 392 3899 447 Evo-

2240 454 2429 518 dium,
2457 471 2593 525 qua;
2625 460 2715 510 est
2740 456 3010 510 exeuntis
3039 454 3181 509 anni
3211 456 3333 510 415.

2421 534 2616 589 CLXV.
2649 564 2707 576 —-
2730 535 2957 605 Scripta
2984 551 3087 588 non
3117 533 3286 588 multo
3308 538 3432 604 post
3464 552 3555 590 an.
3584 537 3713 593 410.

2310 607 2641 678 Centesima
2672 607 3056 678 sexagesima
3078 606 3289 678 quinta
3323 606 3633 678 Hieronymi
3665 616 3769 674 est,
3818 614 3899 667 ad

2238 676 2634 749 marcellinum
2666 678 2993 731 Tribunum
3045 676 3111 731 in
3138 677 3330 749 Africa
3382 676 3655 749 agentem
3710 688 3901 738 trans-

2240 748 2441 821 missa,
2473 764 2563 803 ex.
2599 764 2657 803 11.
2690 753 2734 802 1.
2766 749 2887 817 Egit
2921 763 3058 821 vero
3084 748 3453 821 Marcellinus
3479 752 3535 805 in
3556 767 3625 807 ea
3656 755 3901 821 regione

2238 824 2352 874 tres
2384 820 2610 891 circiter
2635 834 2826 873 annos
2876 834 2911 873 a
2958 819 3064 891 410
3092 820 3168 873 ad
3196 821 3320 883 413,
3352 836 3474 891 quo
3505 838 3664 876 anno
3689 819 3900 881 mense

2237 890 2559 961 septembri
2587 889 3188 967 haereticorumdolis
3209 889 3446 967 occisus
3475 894 3535 947 in
3577 896 3897 967 Martyrum

2236 961 2887 1035 numerumimigravit.
2920 961 3056 1015 Vide
3088 964 3215 1035 Not.
3252 962 3310 1016 iu
3343 961 3500 1017 hanc
3530 964 3707 1035 epist.

2404 1034 2627 1106 CLXVI.
2665 1065 2725 1072 —
2758 1032 2983 1106 Scripta
3008 1049 3097 1085 an.
3136 1033 3239 1087 415
3281 1049 3451 1106 verno,
3469 1032 3719 1106 tempore.

2304 1103 2634 1158 Centesima
2652 1176 2655 1177 ν
2673 1103 3061 1177 sexagesima
3084 1104 3348 1177 _sexta_ad
3386 1103 3765 1177 Hieronymum
3797 1124 3896 1164 oc-

2232 1177 2469 1229 casione
2496 1175 2684 1230 Orosii
2720 1176 3048 1244 presbyteri
3081 1174 3139 1227 in
3177 1174 3549 1231 Palastinam
3583 1174 3743 1233 anno
3763 1183 3887 1245 415,

2232 1248 2345 1300 sub
2364 1262 2611 1300 vernum
2647 1254 2879 1315 tempus
2909 1246 3244 1313 navigantis
3272 1246 3492 1301 dictata
3519 1254 3712 1304 estex.
3744 1267 3803 1305 11.
3835 1255 3887 1306 2.

2410 1326 2652 1380 CLXVII.
2698 1357 2761 1364 —
2800 1324 3023 1394 Scripta
3060 1325 3223 1379 simul
3261 1342 3379 1379 cum
3408 1328 3702 1396 superiore.

2301 1396 2556 1451 Alteram
2586 1412 2826 1468 quoque
2870 1399 2966 1449 hic
2998 1398 3383 1451 centesimam
3442 1401 3883 1465 sexagesimam

2232 1471 2549 1540 septimam
2584 1470 2757 1522 Simul
2783 1469 2894 1537 ipsi
2930 1468 3340 1535 perferendam
3368 1471 3882 1540 accepitOrosius.

2234 1539 2452 1613 Eodem
2486 1542 2641 1613 enim
2714 1546 2977 1613 tempore
3035 1554 3169 1593 cum
3238 1539 3540 1613 superiore
3594 1543 3882 1613 scriptam

2227 1609 2408 1665 fuisse
2440 1610 2659 1665 indicat
2692 1624 2811 1664 non
2837 1609 3016 1664 modo
3049 1610 3408 1683 Augustinus
3430 1611 3610 1666 haece
3633 1609 3884 1683 epistola

2228 1696 2435 1747 Cvau,
2473 1698 2530 1735 11.
2573 1688 2620 1749 1,
2666 1688 2721 1734 et
2747 1697 2932 1745 cmx,
2985 1696 3119 1751 cap.
3173 1680 3226 1740 4,
3284 1696 3341 1734 n.
3388 1684 3472 1745 l3,
3505 1689 3556 1737 et
3588 1680 3685 1737 lib:
3717 1689 3749 1739 2
3782 1686 3883 1741 Re-

2227 1759 2394 1807 tract.
2436 1769 2485 1807 c.
2525 1755 2604 1827 45,
2636 1753 2736 1827 sed
2778 1752 2954 1827 etiam
3018 1753 3407 1827 Hieronymus
3440 1755 3720 1825 rescripto
3747 1773 3876 1827 suo,

2227 1839 2357 1894 quae
2388 1831 2474 1878 est
2500 1824 2750 1894 epistola
2789 1824 2883 1878 hic
2915 1838 3121 1887 CLxxu,
3168 1839 3224 1876 11.
3262 1824 3313 1876 1.

2530 1902 2797 1957 CLXVIII.
2835 1933 2897 1941 -—
2925 1902 3148 1971 Scripta
3173 1902 3315 1970 forte
3336 1918 3427 1955 an.
3461 1905 3589 1957 415.

2303 1975 2531 2029 Timasii
2549 1981 2596 2027 et
2614 1973 2795 2027 Jacobi
2817 1980 2907 2028 est
2928 1974 3251 2027 centesima
3274 1973 3649 2043 sexagesima
3668 1980 3880 2032 octava

2227 2046 2499 2117 epistola,
2531 2061 2651 2117 qua
2673 2046 2997 2117 gratiarum
3030 2046 3325 2117 actiouem
3358 2047 3689 2111 Augustino
3712 2047 3877 2102 exhi-

2226 2115 2368 2171 bent
2399 2133 2506 2188 pro
2547 2115 2696 2171 libro
2727 2116 2800 2170 de
2832 2116 3131 2188 Naturauet
3156 2115 3361 2188 Gratia
3390 2131 3414 2185 ,·
3435 2132 3619 2187 quem
3653 2116 3874 2174 librum

2227 2186 2523 2243 anno‘4l5
2549 2188 2772 2242 editum
2805 2203 2931 2241 esse
2964 2186 3103 2240 nulli
3135 2186 3502 2240 dubitamus.

2492 2258 2709 2315 CLXIX.
2746 2290 2808 2298 —
2837 2258 3066 2328 Scripta
3098 2264 3323 2312 exeunte
3346 2274 3437 2310 an.
3471 2261 3594 2312 415.

2296 2330 2383 2383 Ad
2438 2329 2705 2385 Evodium
2766 2331 3151 2384 centesimam
3182 2330 3617 2397 sexagesimam
3650 2344 3875 2385 nonam

2221 2401 2537 2472 epistolam
2570 2402 2732 2455 dedit
2758 2400 3118 2469 Augustinus
3150 2404 3279 2470 post
3300 2398 3622 2470 perfectum
3656 2399 3875 2456 librum

2222 2472 2283 2526 de
2312 2473 2533 2529 Natura
2574 2480 2623 2526 et
2656 2472 2869 2535 Gratia,
2931 2472 3263 2542 eodemque
3319 2487 3475 2542 anno
3504 2487 3626 2542 quo
3658 2472 3873 2527 librum

2221 2551 2502 2615 quartmn
2556 2550 2609 2596 et
2641 2544 2916 2615 quintum
2948 2542 3012 2596 de
3054 2541 3290 2596 Civitate
3331 2541 3451 2605 Dei,
3485 2541 3760 2615 duasque
3794 2544 3872 2599 ad

2223 2613 2641 2683 Hieronymum
2696 2615 2851 2682 epist
2874 2614 2979 2667 1Ιὶιὸ
3013 2628 3175 2668 CLXVI
3219 2618 3271 2666 et
3307 2628 3492 2667 Cvau
3525 2613 3871 2681 dictaverat,

2224 2687 2304 2741 uti
2340 2686 2639 2757 profitetur
2669 2686 2797 2753 ipse
2822 2685 2915 2738 hic
2946 2700 3003 2757 11.
3042 2691 3054 2735 1
3091 2690 3147 2757 61
3179 2686 3265 2739 13.

2394 2757 2591 2817 CLXX,
2624 2757 2837 2811 CLXXI.
2872 2787 2939 2795 —
2969 2755 3207 2824 Scriptze
3242 2755 3389 2825 forte
3428 2771 3520 2809 an.
3565 2758 3690 2809 415.

2293 2828 2627 2881 Centesima
2651 2828 3095 2897 septuagesima
3148 2825 3217 2878 ad
3260 2826 3563 2897 Maximum
3590 2834 3647 2880 et
3676 2832 3865 2880 cente-

2220 2899 2371 2954 sima
2421 2896 2865 2969 septuagesima
2906 2899 3099 2967 prima
3148 2898 3218 2950 ad
3274 2896 3626 2966 Peregrinum
3656 2898 3869 2951 eodem

2220 2976 2485 3040 tempore
2507 2971 2661 3024 datee
2686 2969 2956 3033 fuerunt;
2990 2985 3105 3023 non
3136 2972 3665 3040 anteanuum4415:
3692 2970 3874 3039 siqui-

2218 3038 2357 3096 dem
2385 3042 2731 3107 Peregrinus
2775 3042 3115 3111 episcOpus,
3148 3055 3268 3110 quo
3324 3045 3463 3111 tam,
3498 3038 3873 3111 familiariter

2221 3119 2461 3166 utuntur
2495 3116 2585 3166 hic
2622 3109 2979 3175 Augustinus
3007 3118 3062 3165 et
3102 3109 3368 3180 Alypius,
3416 3110 3646 3163 videtur
3682 3109 3869 3165 fuisse

2216 3184 2375 3239 idem
2402 3200 2538 3237 cum
2567 3184 2666 3237 illo
2714 3184 3040 3252 Peregrino.
3077 3182 3177 3251 qui
3231 3182 3586 3252 diaconatus
3620 3196 3869 3236 munere

2216 3255 2576 3323 fungebatur
2602 3254 2797 3309 adhuc
2830 3251 2989 3308 anno
3020 3254 3142 3317 412,
3175 3269 3243 3307 ex
3273 3251 3519 3323 epistola
3550 3266 3780 3316 cxxxrx,
3810 3260 3871 3307 et

2215 3322 2401 3391 CXLIX,
2436 3328 2554 3380 imo
2583 3332 2717 3395 post
2735 3341 2959 3380 annum
2980 3324 3101 3389 413,
3130 3340 3195 3379 ex
3213 3322 3466 3394 epistola
3489 3338 3669 3386 cxux,
3695 3339 3753 3377 11.
3775 3323 3867 3379 34.

2457 3405 2708 3459 CLXXII.
2752 3435 2811 3443 —
2854 3404 3078 3472 Scripta
3110 3404 3327 3457 ineunte
3354 3419 3445 3456 an.
3482 3404 3604 3456 416.

2284 3474 2605 3545 Hieronymi
2632 3474 2882 3544 epistola
2933 3474 3029 3528 hic
3057 3476 3380 3545 centesima
3412 3473 3871 3545 septuagesima

2215 3546 2479 3601 secunda
2498 3544 2737 3600 reddita
2786 3552 3029 3614 putatur
3077 3544 3412 3611 Augustino
3456 3559 3559 3613 per
3588 3544 3867 3599 Orosium

2212 3618 2559 3672 redeuntem
2591 3633 2660 3671 ex
2686 3616 2998 3671 Palaestina
3024 3616 3082 3669 in
3113 3615 3368 3670 Africam
3398 3630 3559 3669 anno
3594 3618 3717 3680 416,
3750 3616 3868 3671 sub

2214 3704 2465 3742 vernum
2500 3695 2753 3759 tempus.

2452 3768 2723 3823 CLXXIII.
2760 3796 2827 3806 —
2856 3764 3072 3835 Scripta
3098 3766 3243 3819 circa
3274 3764 3365 3818 hoc
3390 3770 3617 3834 tempus.

2284 3840 2618 3895 Centesima
2648 3837 3084 3908 septuagesima
3114 3836 3280 3891 tertia
3307 3835 3670 3908 adeonatuin
3699 3850 3869 3908 pres-

2210 3911 2488 3983 byterum
2538 3906 2857 3983 aliquanto
2883 3915 3145 3983 tempore
3178 3907 3470 3983 posterior
3500 3912 3590 3961 est
3620 3906 3867 3983 0111⁸11111-

2212 3978 2441 4051 gincnsi
2468 3978 2799 4046 collatione,
2823 3979 2896 4034 de
2916 3980 3088 4049 cujus
3116 3980 3272 4033 Actis
3294 3978 3729 4051 ibisermonem
3759 3978 3868 4051 ha-

2210 4048 2311 4108 bet
2341 4054 2700 4121 Augustinus
2749 4068 2807 4106 11.
2856 4056 2885 4104 7
2914 4067 2928 4115 ;
2991 4048 3278 4121 posterior
3307 4048 3489 4104 etiam
3522 4050 3755 4118 legibus
3782 4049 3863 4121 ab

2211 4125 2464 4179 Honorio
2520 4123 2905 4193 postmodum
2947 4120 3102 4193 datis
3143 4122 3199 4175 in
3244 4120 3583 4175 Donatistas
3622 4136 3643 4193 ;_
3669 4120 3863 4174 haud-

2209 4190 2696 4267 quaquam-enim
2721 4193 2977 4267 donatus
3000 4192 3092 4246 ille
3116 4208 3220 4262 per
3245 4194 3361 4245 vim
3384 4190 3860 4267 comprehensus

2208 4262 2285 4321 ad
2319 4262 2638 4320 Ecclesiam
2694 4265 2775 4318 sic
2804 4263 3217 4327 adduceretur,
3254 4263 3563 4333 quomodo
3594 4262 3689 4316 hic
3730 4277 3784 4315 11.
3823 4263 3850 4315 1

2206 4338 2470 4405 refertur,
2507 4338 2550 4390 si
2582 4337 2781 4403 legum
2814 4335 3209 4403 imperialium
3264 4333 3588 4388 auctoritas
3616 4347 3733 4387 non
3767 4334 3863 4387 in-

2207 4410 2584 4465 tercessisset.
2619 4410 2746 4472 Quo
2770 4414 2970 4461 autem
2995 4422 3154 4460 anno
3186 4405 3243 4459 id
3269 4406 3601 4473 contigerit,
3627 4419 3701 4458 an
3734 4409 3856 4458 sta-

2207 4482 2465 4556 timpost
2490 4480 2647 4556 leges
2675 4478 2879 4532 audita
2908 4476 3425 4556 Marcelliniﬁcaede
3448 4476 3761 4556 rescriptas
3795 4475 3858 4531 in

2208 4546 2644 4613 Schismaticos,
2682 4565 2756 4603 an
2790 4554 3182 4620 posteaquam
3220 4546 3506 4620 Dulcitius
3559 4546 3859 4620 Tribunus

2204 4626 2402 4694 legum
2440 4618 2837 4693 imperialium
2883 4618 3197 4675 exsecutor
3249 4619 3306 4673 in
3361 4618 3617 4673 Africam
3671 4618 3857 4687 venit,

2205 4701 2494 4758 incertum
2520 4699 2625 4747 est.

2445 4771 2714 4828 CLXXIV.
2744 4802 2811 4810 —
2842 4770 3060 4840 Scripta
3090 4768 3237 4823 circa
3274 4767 3617 4840 hocgtempus.

2275 4838 3059 4913 Centesimaseptuagesima
3082 4844 3297 4910 quarta
3321 4838 3391 4892 ad
3418 4839 3714 4913 Aureliani
3735 4852 3857 4913 nou

2204 4917 2375 4971 citius
2397 4931 2556 4970 anno
2578 4908 2703 4971 416'
2732 4908 2936 4984 repuni
2987 4908 3195 4984 potest,
3248 4926 3384 4984 cum
3427 4911 3482 4964 in
3514 4910 3663 4984 libro
3696 4908 3858 4984 13_de

2207 4986 2667 5057 Trinitate,quod
2690 4978 2837 5055 Opus
2865 4978 3142 5057 numeris
3158 4978 3857 5057 omnibus_sui_s_absolu-

2204 5065 2328 5114 tum
2350 5060 2443 5113 hic
2465 5051 2693 5113 Aurelio
2710 5051 3143 5117 transmittitur,
3184 5051 3409 5106 mentio
3427 5051 3677 5106 ﬁatlibri
3705 5054 3765 5104 12
3791 5051 3855 5105 de

2206 5131 2437 5187 Civitate
2469 5130 2586 5195 Dei,
2612 5129 2713 5199 qui
2732 5142 2847 5181 non
2873 5132 3007 5180 ante
3030 5140 3255 5178 annum
3280 5122 3693 5193 416perfectus
3722 5121 3853 5179 fuit.

2632 5205 2879 5263 CLXXV.
2912 5204 3133 5273 Scripta
3165 5220 3256 5256 an.
3302 5204 3426 5257 416.

2274 5280 2507 5336 Concilii
2542 5277 3019 5345 Carthaginensis
3040 5269 3118 5329 ad
3146 5273 3555 5329 Innocentium
3580 5269 3852 5345 epistola,

2202 5352 2297 5407 hic
2311 5352 2519 5406 ordine
2547 5343 2871 5404 centesima
2884 5346 3328 5417 septuagesima
3352 5345 3584 5417 quinta,
3604 5343 3853 5417 refertur

2200 5424 2258 5478 in
2292 5438 2519 5477 annum
2541 5423 2663 5484 4I6,
2695 5413 3717 5540 primum'quia'Orosius'Presbiter,
3744 5413 3851 5484 qui

2204 5494 2488 5540 Africanis
2507 5493 2773 5540 natrihus
2790 5488 3091 5540 svnodum
3106 5489 3179 5540 de
3197 5504 3357 5540 more
3374 5487 3571 5540 agenti
3626 5503 3691 5540 us
3706 5484 3851 5538 scri-

2200 5494 2488 5548 Africanis
2507 5487 2776 5564 patribus
2790 5487 3092 5564 synodum
3106 5489 3179 5564 de
3197 5504 3357 5542 more
3374 5487 3851 5564 agentibusscri-

2200 5554 2948 5634 bendaehujusceepistolre
2979 5560 3381 5634 occasionem,
3405 5554 3631 5634 Herotis
3649 5554 3850 5634 videli-

2199 5642 2289 5692 cet
2314 5642 2369 5691 et
2392 5626 2586 5691 Lazari
2625 5636 2683 5689 in
2708 5626 3015 5703 Pelagium
3039 5632 3259 5687 litteras
3292 5627 3553 5699 protulit,
3587 5626 3848 5703 redutex

2200 5709 2508 5763 Palaestina
2537 5708 2651 5761 hoc
2697 5707 2827 5777 ipso
2855 5699 3260 5777 'annoyerua
3290 5704 3662 5777 tempestate.
3696 5699 3847 5777 ‘I_‘um

2198 5781 2343 5854 quia
2376 5768 2735 5853 rescriptum
2764 5772 3091 5833 Innocentii
3125 5774 3203 5830 ad
3230 5768 3509 5828 eumdem
3542 5768 3850 5843 synodum
