  <div class='ocr_page' id='page_1' title='image "/cluster/home/n/w/nwhite01/storage/ocr_20150623/33/hvd.32044096580568/027.png"; bbox 0 0 4108 6172; ppageno 0'>
   <div class='ocr_carea' id='block_1_1' title="bbox 549 134 3958 206">
    <p class='ocr_par' dir='ltr' id='par_1_1' title="bbox 549 134 3958 206">
     <span class='ocr_line' id='line_1_1' title="bbox 549 134 3958 206; baseline 0.001 -14"><span class='ocrx_word' id='word_1_1' title='bbox 549 140 623 206; x_wconf 66' lang='lat'><strong>43</strong></span> <span class='ocrx_word' id='word_1_2' title='bbox 2044 134 2444 197; x_wconf 62' lang='lat' dir='ltr'><strong>PBEFATIO.</strong></span> <span class='ocrx_word' id='word_1_3' title='bbox 3888 139 3958 196; x_wconf 74' lang='grc'><strong>44</strong></span> 
     </span>
    </p>
   </div>
   <div class='ocr_carea' id='block_1_2' title="bbox 550 263 2207 336">
    <p class='ocr_par' dir='ltr' id='par_1_2' title="bbox 550 263 2207 336">
     <span class='ocr_line' id='line_1_2' title="bbox 550 263 2207 336; baseline -0.007 -5"><span class='ocrx_word' id='word_1_4' title='bbox 550 273 868 331; x_wconf 91' lang='lat' dir='ltr'><strong>occasione</strong></span> <span class='ocrx_word' id='word_1_5' title='bbox 926 270 1118 325; x_wconf 85' lang='lat' dir='ltr'><strong>Albini</strong></span> <span class='ocrx_word' id='word_1_6' title='bbox 1170 272 1452 324; x_wconf 73' lang='lat' dir='ltr'><strong>Romanas</strong></span> <span class='ocrx_word' id='word_1_7' title='bbox 1509 263 1781 319; x_wconf 73' lang='lat' dir='ltr'><strong>Ecclesiae</strong></span> <span class='ocrx_word' id='word_1_8' title='bbox 1838 264 2097 336; x_wconf 87' lang='lat' dir='ltr'><strong>acolythi</strong></span> <span class='ocrx_word' id='word_1_9' title='bbox 2136 281 2207 320; x_wconf 81' lang='lat' dir='ltr'><strong>ex</strong></span> 
     </span>
    </p>
   </div>
   <div class='ocr_carea' id='block_1_3' title="bbox 551 336 2206 415">
    <p class='ocr_par' dir='ltr' id='par_1_3' title="bbox 551 336 2206 415">
     <span class='ocr_line' id='line_1_3' title="bbox 551 336 2206 415; baseline -0.006 -14"><span class='ocrx_word' id='word_1_10' title='bbox 551 346 749 401; x_wconf 77' lang='lat' dir='ltr'><strong>Africa</strong></span> <span class='ocrx_word' id='word_1_11' title='bbox 780 342 1100 415; x_wconf 75' lang='lat' dir='ltr'><strong>profecturi</strong></span> <span class='ocrx_word' id='word_1_12' title='bbox 1128 338 1425 415; x_wconf 79' lang='lat' dir='ltr'><strong>rescripsit</strong></span> <span class='ocrx_word' id='word_1_13' title='bbox 1448 336 1839 415; x_wconf 74' lang='lat' dir='ltr'><strong>Augustinus,</strong></span> <span class='ocrx_word' id='word_1_14' title='bbox 1887 343 2206 415; x_wconf 79' lang='lat' dir='ltr'><strong>postquam</strong></span> 
     </span>
    </p>
   </div>
   <div class='ocr_carea' id='block_1_4' title="bbox 550 408 2205 485">
    <p class='ocr_par' dir='ltr' id='par_1_4' title="bbox 550 408 2205 485">
     <span class='ocr_line' id='line_1_4' title="bbox 550 408 2205 485; baseline -0.007 -12"><span class='ocrx_word' id='word_1_15' title='bbox 550 408 873 473; x_wconf 73' lang='lat' dir='ltr'><strong>remeasset</strong></span> <span class='ocrx_word' id='word_1_16' title='bbox 890 418 926 469; x_wconf 79' lang='grc' dir='ltr'><strong>Η</strong></span> <span class='ocrx_word' id='word_1_17' title='bbox 939 416 949 467; x_wconf 88' lang='lat' dir='ltr'><strong>i</strong></span> <span class='ocrx_word' id='word_1_18' title='bbox 962 427 1243 485; x_wconf 82' lang='lat' dir='ltr'><strong>pponem,</strong></span> <span class='ocrx_word' id='word_1_19' title='bbox 1263 411 1481 485; x_wconf 77' lang='lat' dir='ltr'><strong>utiipse</strong></span> <span class='ocrx_word' id='word_1_20' title='bbox 1508 408 1672 463; x_wconf 88' lang='lat' dir='ltr'><strong>initio</strong></span> <span class='ocrx_word' id='word_1_21' title='bbox 1685 408 1777 476; x_wconf 86' lang='lat' dir='ltr'><strong>cuj</strong></span> <span class='ocrx_word' id='word_1_22' title='bbox 1790 424 1895 479; x_wconf 86' lang='lat' dir='ltr'><strong>usq</strong></span> <span class='ocrx_word' id='word_1_23' title='bbox 1908 408 2205 485; x_wconf 78' lang='lat' dir='ltr'><strong>ueharum</strong></span> 
     </span>
    </p>
   </div>
   <div class='ocr_carea' id='block_1_5' title="bbox 553 479 2206 553">
    <p class='ocr_par' dir='ltr' id='par_1_5' title="bbox 553 479 2206 553">
     <span class='ocr_line' id='line_1_5' title="bbox 553 479 2206 553; baseline -0.006 -10"><span class='ocrx_word' id='word_1_24' title='bbox 553 489 940 553; x_wconf 90' lang='lat' dir='ltr'><strong>epistolarum</strong></span> <span class='ocrx_word' id='word_1_25' title='bbox 962 479 1291 553; x_wconf 77' lang='lat' dir='ltr'><strong>proﬁtetur,</strong></span> <span class='ocrx_word' id='word_1_26' title='bbox 1309 482 1365 535; x_wconf 98' lang='lat' dir='ltr'><strong>id</strong></span> <span class='ocrx_word' id='word_1_27' title='bbox 1382 479 1479 533; x_wconf 81' lang='lat' dir='ltr'><strong>est</strong></span> <span class='ocrx_word' id='word_1_28' title='bbox 1504 487 1635 553; x_wconf 85' lang='lat' dir='ltr'><strong>post</strong></span> <span class='ocrx_word' id='word_1_29' title='bbox 1666 496 1839 553; x_wconf 86' lang='lat' dir='ltr'><strong>suum</strong></span> <span class='ocrx_word' id='word_1_30' title='bbox 1868 479 2119 533; x_wconf 81' lang='lat' dir='ltr'><strong>reditum</strong></span> <span class='ocrx_word' id='word_1_31' title='bbox 2135 492 2206 533; x_wconf 76' lang='lat' dir='ltr'><strong>ex</strong></span> 
     </span>
    </p>
   </div>
   <div class='ocr_carea' id='block_1_6' title="bbox 553 504 2202 622">
    <p class='ocr_par' dir='ltr' id='par_1_6' title="bbox 553 504 2202 622">
     <span class='ocr_line' id='line_1_6' title="bbox 553 504 2202 553; baseline -0.006 -10"><span class='ocrx_word' id='word_1_32' title='bbox 553 505 583 542; x_wconf 75' lang='grc' dir='ltr'>θ</span> <span class='ocrx_word' id='word_1_33' title='bbox 632 504 940 543; x_wconf 80' lang='lat' dir='ltr'><strong>istciarum</strong></span> <span class='ocrx_word' id='word_1_34' title='bbox 972 504 1365 553; x_wconf 78' lang='lat' dir='ltr'><strong>pl&#39;ouwtur,lu</strong></span> <span class='ocrx_word' id='word_1_35' title='bbox 1396 504 1479 533; x_wconf 70' lang='lat' dir='ltr'><strong>vss</strong></span> <span class='ocrx_word' id='word_1_36' title='bbox 1504 504 1635 550; x_wconf 69' lang='grc' dir='ltr'>μυδι</span> <span class='ocrx_word' id='word_1_37' title='bbox 1666 504 1839 533; x_wconf 72' lang='lat' dir='ltr'><strong>suum</strong></span> <span class='ocrx_word' id='word_1_38' title='bbox 1868 504 2202 533; x_wconf 70' lang='grc' dir='ltr'><strong>ι·υιιιιυωει</strong></span> 
     </span>
     <span class='ocr_line' id='line_1_7' title="bbox 553 504 2202 622; baseline -0.007 -6"><span class='ocrx_word' id='word_1_39' title='bbox 553 504 897 616; x_wconf 42' lang='lat' dir='ltr'><strong>Mauritania</strong></span> <span class='ocrx_word' id='word_1_40' title='bbox 930 555 1297 615; x_wconf 71' lang='lat' dir='ltr'><strong>Caesariensi,</strong></span> <span class='ocrx_word' id='word_1_41' title='bbox 1322 554 1490 622; x_wconf 75' lang='lat' dir='ltr'><strong>juxta</strong></span> <span class='ocrx_word' id='word_1_42' title='bbox 1516 552 1825 621; x_wconf 77' lang='lat' dir='ltr'><strong>epistolam</strong></span> <span class='ocrx_word' id='word_1_43' title='bbox 1855 566 2041 613; x_wconf 78' lang='lat' dir='ltr'><strong>cxmn,</strong></span> <span class='ocrx_word' id='word_1_44' title='bbox 2076 567 2135 604; x_wconf 90' lang='lat' dir='ltr'><strong>n.</strong></span> <span class='ocrx_word' id='word_1_45' title='bbox 2157 558 2202 612; x_wconf 86' lang='grc'><strong>1,</strong></span> 
     </span>
    </p>
   </div>
   <div class='ocr_carea' id='block_1_7' title="bbox 554 621 2206 699">
    <p class='ocr_par' dir='ltr' id='par_1_7' title="bbox 554 621 2206 699">
     <span class='ocr_line' id='line_1_8' title="bbox 554 621 2206 699; baseline -0.005 -14"><span class='ocrx_word' id='word_1_46' title='bbox 554 631 826 699; x_wconf 80' lang='lat' dir='ltr'><strong>adeoque</strong></span> <span class='ocrx_word' id='word_1_47' title='bbox 859 634 993 697; x_wconf 81' lang='lat' dir='ltr'><strong>p0st</strong></span> <span class='ocrx_word' id='word_1_48' title='bbox 1023 627 1182 699; x_wconf 85' lang='lat' dir='ltr'><strong>diem</strong></span> <span class='ocrx_word' id='word_1_49' title='bbox 1228 629 1295 679; x_wconf 81' lang='lat'><strong>20</strong></span> <span class='ocrx_word' id='word_1_50' title='bbox 1326 621 1703 699; x_wconf 68' lang='lat' dir='ltr'><strong>Septembris,</strong></span> <span class='ocrx_word' id='word_1_51' title='bbox 1747 622 2003 699; x_wconf 49' lang='lat' dir='ltr'><strong>quoﬂdie</strong></span> <span class='ocrx_word' id='word_1_52' title='bbox 2042 622 2206 699; x_wconf 82' lang='lat' dir='ltr'><strong>apud</strong></span> 
     </span>
    </p>
   </div>
   <div class='ocr_carea' id='block_1_8' title="bbox 555 693 2130 755">
    <p class='ocr_par' dir='ltr' id='par_1_8' title="bbox 555 693 2130 755">
     <span class='ocr_line' id='line_1_9' title="bbox 555 693 2130 755; baseline -0.004 -1"><span class='ocrx_word' id='word_1_53' title='bbox 555 693 882 755; x_wconf 69' lang='lat' dir='ltr'><strong>Caesaream</strong></span> <span class='ocrx_word' id='word_1_54' title='bbox 914 697 1181 751; x_wconf 81' lang='lat' dir='ltr'><strong>confecta</strong></span> <span class='ocrx_word' id='word_1_55' title='bbox 1213 702 1493 749; x_wconf 81' lang='lat' dir='ltr'><strong>notantur</strong></span> <span class='ocrx_word' id='word_1_56' title='bbox 1519 693 1655 747; x_wconf 83' lang='lat' dir='ltr'><strong>Acta</strong></span> <span class='ocrx_word' id='word_1_57' title='bbox 1693 708 1808 746; x_wconf 85' lang='lat' dir='ltr'><strong>cum</strong></span> <span class='ocrx_word' id='word_1_58' title='bbox 1864 693 2130 747; x_wconf 86' lang='lat' dir='ltr'><strong>Emerita.</strong></span> 
     </span>
    </p>
   </div>
   <div class='ocr_carea' id='block_1_9' title="bbox 748 764 1989 836">
    <p class='ocr_par' dir='ltr' id='par_1_9' title="bbox 748 764 1989 836">
     <span class='ocr_line' id='line_1_10' title="bbox 748 764 1989 836; baseline -0.007 -11"><span class='ocrx_word' id='word_1_59' title='bbox 748 770 973 825; x_wconf 81' lang='lat' dir='ltr'><strong>CXCIV.</strong></span> <span class='ocrx_word' id='word_1_60' title='bbox 1014 798 1079 808; x_wconf 88' lang='grc'><strong>--</strong></span> <span class='ocrx_word' id='word_1_61' title='bbox 1107 768 1325 836; x_wconf 88' lang='lat' dir='ltr'><strong>Scripta</strong></span> <span class='ocrx_word' id='word_1_62' title='bbox 1353 765 1512 836; x_wconf 83' lang='lat' dir='ltr'><strong>paulo</strong></span> <span class='ocrx_word' id='word_1_63' title='bbox 1532 772 1641 833; x_wconf 87' lang='lat' dir='ltr'><strong>post</strong></span> <span class='ocrx_word' id='word_1_64' title='bbox 1665 764 1989 836; x_wconf 81' lang='lat' dir='ltr'><strong>superiores.</strong></span> 
     </span>
    </p>
   </div>
   <div class='ocr_carea' id='block_1_10' title="bbox 628 834 2205 907">
    <p class='ocr_par' dir='ltr' id='par_1_10' title="bbox 628 834 2205 907">
     <span class='ocr_line' id='line_1_11' title="bbox 628 834 2205 907; baseline -0.006 -11"><span class='ocrx_word' id='word_1_65' title='bbox 628 843 961 896; x_wconf 85' lang='lat' dir='ltr'><strong>Centesima</strong></span> <span class='ocrx_word' id='word_1_66' title='bbox 1001 834 1392 906; x_wconf 61' lang='lat' dir='ltr'><strong>nonagesimo</strong></span> <span class='ocrx_word' id='word_1_67' title='bbox 1433 844 1648 907; x_wconf 86' lang='lat' dir='ltr'><strong>quarta</strong></span> <span class='ocrx_word' id='word_1_68' title='bbox 1677 836 1746 888; x_wconf 87' lang='lat' dir='ltr'><strong>ad</strong></span> <span class='ocrx_word' id='word_1_69' title='bbox 1785 834 1999 889; x_wconf 73' lang='lat' dir='ltr'><strong>Sixtum</strong></span> <span class='ocrx_word' id='word_1_70' title='bbox 2029 835 2205 905; x_wconf 90' lang='lat' dir='ltr'><strong>paulo</strong></span> 
     </span>
    </p>
   </div>
   <div class='ocr_carea' id='block_1_11' title="bbox 553 907 2204 984">
    <p class='ocr_par' dir='ltr' id='par_1_11' title="bbox 553 907 2204 984">
     <span class='ocr_line' id='line_1_12' title="bbox 553 907 2204 984; baseline -0.005 -16"><span class='ocrx_word' id='word_1_71' title='bbox 553 920 689 984; x_wconf 85' lang='lat' dir='ltr'><strong>post</strong></span> <span class='ocrx_word' id='word_1_72' title='bbox 740 911 935 966; x_wconf 82' lang='lat' dir='ltr'><strong>Albini</strong></span> <span class='ocrx_word' id='word_1_73' title='bbox 990 910 1252 984; x_wconf 87' lang='lat' dir='ltr'><strong>acolythi</strong></span> <span class='ocrx_word' id='word_1_74' title='bbox 1315 907 1740 979; x_wconf 85' lang='lat' dir='ltr'><strong>profectionem</strong></span> <span class='ocrx_word' id='word_1_75' title='bbox 1798 920 1903 975; x_wconf 80' lang='lat' dir='ltr'><strong>per</strong></span> <span class='ocrx_word' id='word_1_76' title='bbox 1945 907 2204 961; x_wconf 81' lang='lat' dir='ltr'><strong>Firmum</strong></span> 
     </span>
    </p>
   </div>
   <div class='ocr_carea' id='block_1_12' title="bbox 554 983 1575 1056">
    <p class='ocr_par' dir='ltr' id='par_1_12' title="bbox 554 983 1575 1056">
     <span class='ocr_line' id='line_1_13' title="bbox 554 983 1575 1056; baseline -0.006 -18"><span class='ocrx_word' id='word_1_77' title='bbox 554 983 1190 1056; x_wconf 82' lang='lat' dir='ltr'><strong>presbyterummissa</strong></span> <span class='ocrx_word' id='word_1_78' title='bbox 1219 986 1402 1056; x_wconf 74' lang='lat' dir='ltr'><strong>estex</strong></span> <span class='ocrx_word' id='word_1_79' title='bbox 1434 994 1492 1056; x_wconf 63' lang='grc' dir='ltr'><strong>η2</strong></span> <span class='ocrx_word' id='word_1_80' title='bbox 1532 985 1575 1033; x_wconf 92' lang='grc'><strong>1.</strong></span> 
     </span>
    </p>
   </div>
   <div class='ocr_carea' id='block_1_13' title="bbox 881 1049 1883 1121">
    <p class='ocr_par' dir='ltr' id='par_1_13' title="bbox 881 1049 1883 1121">
     <span class='ocr_line' id='line_1_14' title="bbox 881 1049 1883 1121; baseline -0.007 -13"><span class='ocrx_word' id='word_1_81' title='bbox 881 1054 1074 1108; x_wconf 78' lang='lat' dir='ltr'><strong>CXCV.</strong></span> <span class='ocrx_word' id='word_1_82' title='bbox 1110 1082 1176 1092; x_wconf 90' lang='lat'><strong>-—</strong></span> <span class='ocrx_word' id='word_1_83' title='bbox 1207 1051 1431 1120; x_wconf 70' lang='lat' dir='ltr'><strong>Scripta</strong></span> <span class='ocrx_word' id='word_1_84' title='bbox 1460 1051 1600 1121; x_wconf 86' lang='lat' dir='ltr'><strong>forte</strong></span> <span class='ocrx_word' id='word_1_85' title='bbox 1640 1065 1730 1102; x_wconf 88' lang='lat' dir='ltr'><strong>an.</strong></span> <span class='ocrx_word' id='word_1_86' title='bbox 1756 1049 1883 1121; x_wconf 72' lang='lat' dir='ltr'><strong>M8.</strong></span> 
     </span>
    </p>
   </div>
   <div class='ocr_carea' id='block_1_14' title="bbox 632 1119 2207 1195">
    <p class='ocr_par' dir='ltr' id='par_1_14' title="bbox 632 1119 2207 1195">
     <span class='ocr_line' id='line_1_15' title="bbox 632 1119 2207 1195; baseline -0.004 -17"><span class='ocrx_word' id='word_1_87' title='bbox 632 1126 695 1179; x_wconf 89' lang='lat' dir='ltr'><strong>In</strong></span> <span class='ocrx_word' id='word_1_88' title='bbox 719 1124 969 1195; x_wconf 87' lang='lat' dir='ltr'><strong>epistola</strong></span> <span class='ocrx_word' id='word_1_89' title='bbox 998 1119 1749 1195; x_wconf 30' lang='lat' dir='ltr'><strong>centesima’nonageslma</strong></span> <span class='ocrx_word' id='word_1_90' title='bbox 1776 1119 1998 1195; x_wconf 85' lang='lat' dir='ltr'><strong>_qui_nt_a</strong></span> <span class='ocrx_word' id='word_1_91' title='bbox 2019 1133 2207 1195; x_wconf 82' lang='lat' dir='ltr'><strong>augu-</strong></span> 
     </span>
    </p>
   </div>
   <div class='ocr_carea' id='block_1_15' title="bbox 557 1189 2206 1263">
    <p class='ocr_par' dir='ltr' id='par_1_15' title="bbox 557 1189 2206 1263">
     <span class='ocr_line' id='line_1_16' title="bbox 557 1189 2206 1263; baseline -0.005 -12"><span class='ocrx_word' id='word_1_92' title='bbox 557 1197 714 1251; x_wconf 86' lang='lat' dir='ltr'><strong>stino</strong></span> <span class='ocrx_word' id='word_1_93' title='bbox 744 1189 1025 1263; x_wconf 73' lang='lat' dir='ltr'><strong>gratulari</strong></span> <span class='ocrx_word' id='word_1_94' title='bbox 1076 1194 1310 1248; x_wconf 88' lang='lat' dir='ltr'><strong>videtur</strong></span> <span class='ocrx_word' id='word_1_95' title='bbox 1340 1193 1698 1262; x_wconf 71' lang='lat' dir='ltr'><strong>Hieronymus</strong></span> <span class='ocrx_word' id='word_1_96' title='bbox 1754 1192 1827 1244; x_wconf 89' lang='lat' dir='ltr'><strong>de</strong></span> <span class='ocrx_word' id='word_1_97' title='bbox 1875 1189 2206 1263; x_wconf 76' lang='lat' dir='ltr'><strong>Pelagianis</strong></span> 
     </span>
    </p>
   </div>
   <div class='ocr_carea' id='block_1_16' title="bbox 556 1260 2205 1334">
    <p class='ocr_par' dir='ltr' id='par_1_16' title="bbox 556 1260 2205 1334">
     <span class='ocr_line' id='line_1_17' title="bbox 556 1260 2205 1334; baseline -0.005 -13"><span class='ocrx_word' id='word_1_98' title='bbox 556 1274 678 1321; x_wconf 88' lang='lat' dir='ltr'><strong>toto</strong></span> <span class='ocrx_word' id='word_1_99' title='bbox 708 1260 835 1334; x_wconf 68' lang='lat' dir='ltr'><strong>jam</strong></span> <span class='ocrx_word' id='word_1_100' title='bbox 891 1266 1034 1319; x_wconf 85' lang='lat' dir='ltr'><strong>orbe</strong></span> <span class='ocrx_word' id='word_1_101' title='bbox 1090 1265 1441 1327; x_wconf 88' lang='lat' dir='ltr'><strong>damnatis;</strong></span> <span class='ocrx_word' id='word_1_102' title='bbox 1477 1260 1735 1331; x_wconf 82' lang='lat' dir='ltr'><strong>cumque</strong></span> <span class='ocrx_word' id='word_1_103' title='bbox 1788 1262 1996 1334; x_wconf 89' lang='lat' dir='ltr'><strong>laudat</strong></span> <span class='ocrx_word' id='word_1_104' title='bbox 2040 1260 2205 1330; x_wconf 91' lang='lat' dir='ltr'><strong>quod</strong></span> 
     </span>
    </p>
   </div>
   <div class='ocr_carea' id='block_1_17' title="bbox 555 1333 2207 1404">
    <p class='ocr_par' dir='ltr' id='par_1_17' title="bbox 555 1333 2207 1404">
     <span class='ocr_line' id='line_1_18' title="bbox 555 1333 2207 1404; baseline -0.004 -12"><span class='ocrx_word' id='word_1_105' title='bbox 555 1333 743 1392; x_wconf 79' lang='lat' dir='ltr'><strong>contra</strong></span> <span class='ocrx_word' id='word_1_106' title='bbox 764 1340 954 1404; x_wconf 84' lang='lat' dir='ltr'><strong>ﬂantes</strong></span> <span class='ocrx_word' id='word_1_107' title='bbox 994 1344 1169 1389; x_wconf 84' lang='lat' dir='ltr'><strong>ventos</strong></span> <span class='ocrx_word' id='word_1_108' title='bbox 1217 1335 1412 1389; x_wconf 85' lang='lat' dir='ltr'><strong>ardore</strong></span> <span class='ocrx_word' id='word_1_109' title='bbox 1444 1334 1571 1404; x_wconf 79' lang='lat' dir='ltr'><strong>ﬁdei</strong></span> <span class='ocrx_word' id='word_1_110' title='bbox 1606 1334 1933 1402; x_wconf 71' lang='lat' dir='ltr'><strong>perstiterit.</strong></span> <span class='ocrx_word' id='word_1_111' title='bbox 1986 1333 2207 1385; x_wconf 87' lang='lat' dir='ltr'><strong>indicat</strong></span> 
     </span>
    </p>
   </div>
   <div class='ocr_carea' id='block_1_18' title="bbox 556 1404 2206 1473">
    <p class='ocr_par' dir='ltr' id='par_1_18' title="bbox 556 1404 2206 1473">
     <span class='ocr_line' id='line_1_19' title="bbox 556 1404 2206 1473; baseline -0.004 -10"><span class='ocrx_word' id='word_1_112' title='bbox 556 1410 786 1464; x_wconf 89' lang='lat' dir='ltr'><strong>fortean</strong></span> <span class='ocrx_word' id='word_1_113' title='bbox 838 1408 890 1461; x_wconf 90' lang='lat' dir='ltr'><strong>S.</strong></span> <span class='ocrx_word' id='word_1_114' title='bbox 948 1408 1210 1461; x_wconf 89' lang='lat' dir='ltr'><strong>Doctoris</strong></span> <span class='ocrx_word' id='word_1_115' title='bbox 1258 1406 1657 1460; x_wconf 76' lang='lat' dir='ltr'><strong>constantiam</strong></span> <span class='ocrx_word' id='word_1_116' title='bbox 1714 1406 1772 1457; x_wconf 89' lang='lat' dir='ltr'><strong>in</strong></span> <span class='ocrx_word' id='word_1_117' title='bbox 1805 1404 2206 1473; x_wconf 81' lang='lat' dir='ltr'><strong>expugnanda</strong></span> 
     </span>
    </p>
   </div>
   <div class='ocr_carea' id='block_1_19' title="bbox 557 1475 2201 1548">
    <p class='ocr_par' dir='ltr' id='par_1_19' title="bbox 557 1475 2201 1548">
     <span class='ocr_line' id='line_1_20' title="bbox 557 1475 2201 1548; baseline -0.005 -14"><span class='ocrx_word' id='word_1_118' title='bbox 557 1482 1009 1548; x_wconf 81' lang='lat' dir='ltr'><strong>Pelagianorum</strong></span> <span class='ocrx_word' id='word_1_119' title='bbox 1053 1478 1280 1538; x_wconf 63' lang='lat' dir='ltr'><strong>haeresi,</strong></span> <span class='ocrx_word' id='word_1_120' title='bbox 1323 1477 1569 1548; x_wconf 79' lang='lat' dir='ltr'><strong>quando</strong></span> <span class='ocrx_word' id='word_1_121' title='bbox 1609 1491 1812 1548; x_wconf 75' lang='lat' dir='ltr'><strong>eorum</strong></span> <span class='ocrx_word' id='word_1_122' title='bbox 1849 1478 1979 1548; x_wconf 2' lang='lat' dir='ltr'><strong>arte,</strong></span> <span class='ocrx_word' id='word_1_123' title='bbox 2013 1475 2201 1528; x_wconf 90' lang='lat' dir='ltr'><strong>delusi</strong></span> 
     </span>
    </p>
   </div>
   <div class='ocr_carea' id='block_1_20' title="bbox 557 1546 2202 1619">
    <p class='ocr_par' dir='ltr' id='par_1_20' title="bbox 557 1546 2202 1619">
     <span class='ocr_line' id='line_1_21' title="bbox 557 1546 2202 1619; baseline -0.003 -14"><span class='ocrx_word' id='word_1_124' title='bbox 557 1546 807 1605; x_wconf 73' lang='lat' dir='ltr'><strong>Romani</strong></span> <span class='ocrx_word' id='word_1_125' title='bbox 836 1549 1192 1619; x_wconf 90' lang='lat' dir='ltr'><strong>patrocinari</strong></span> <span class='ocrx_word' id='word_1_126' title='bbox 1224 1549 1296 1602; x_wconf 88' lang='lat' dir='ltr'><strong>iis</strong></span> <span class='ocrx_word' id='word_1_127' title='bbox 1327 1546 1696 1601; x_wconf 71' lang='lat' dir='ltr'><strong>videbantur.</strong></span> <span class='ocrx_word' id='word_1_128' title='bbox 1752 1546 1928 1600; x_wconf 84' lang='lat' dir='ltr'><strong>Porro</strong></span> <span class='ocrx_word' id='word_1_129' title='bbox 1969 1547 2026 1619; x_wconf 83' lang='lat' dir='ltr'><strong>in</strong></span> <span class='ocrx_word' id='word_1_130' title='bbox 2070 1548 2202 1619; x_wconf 76' lang='lat' dir='ltr'><strong>Mss.</strong></span> 
     </span>
    </p>
   </div>
   <div class='ocr_carea' id='block_1_21' title="bbox 556 1617 2203 1677">
    <p class='ocr_par' dir='ltr' id='par_1_21' title="bbox 556 1617 2203 1677">
     <span class='ocr_line' id='line_1_22' title="bbox 556 1617 2203 1677; baseline -0.003 -1"><span class='ocrx_word' id='word_1_131' title='bbox 556 1622 796 1677; x_wconf 92' lang='lat' dir='ltr'><strong>duobus</strong></span> <span class='ocrx_word' id='word_1_132' title='bbox 829 1617 1088 1674; x_wconf 85' lang='lat' dir='ltr'><strong>monast.</strong></span> <span class='ocrx_word' id='word_1_133' title='bbox 1109 1619 1552 1673; x_wconf 88' lang='lat' dir='ltr'><strong>Vindocinensis</strong></span> <span class='ocrx_word' id='word_1_134' title='bbox 1575 1620 1969 1672; x_wconf 79' lang='lat' dir='ltr'><strong>observamus</strong></span> <span class='ocrx_word' id='word_1_135' title='bbox 1997 1617 2203 1671; x_wconf 86' lang='lat' dir='ltr'><strong>huicce</strong></span> 
     </span>
    </p>
   </div>
   <div class='ocr_carea' id='block_1_22' title="bbox 556 1688 2200 1763">
    <p class='ocr_par' dir='ltr' id='par_1_22' title="bbox 556 1688 2200 1763">
     <span class='ocr_line' id='line_1_23' title="bbox 556 1688 2200 1763; baseline -0.004 -16"><span class='ocrx_word' id='word_1_136' title='bbox 556 1693 824 1763; x_wconf 70' lang='lat' dir='ltr'><strong>epistolae</strong></span> <span class='ocrx_word' id='word_1_137' title='bbox 842 1691 1086 1746; x_wconf 81' lang='lat' dir='ltr'><strong>alterum</strong></span> <span class='ocrx_word' id='word_1_138' title='bbox 1103 1691 1452 1761; x_wconf 88' lang='lat' dir='ltr'><strong>perbrevem</strong></span> <span class='ocrx_word' id='word_1_139' title='bbox 1476 1706 1509 1744; x_wconf 89' lang='lat' dir='ltr'><strong>a</strong></span> <span class='ocrx_word' id='word_1_140' title='bbox 1530 1691 1880 1763; x_wconf 79' lang='lat' dir='ltr'><strong>Hieronymo</strong></span> <span class='ocrx_word' id='word_1_141' title='bbox 1893 1688 2200 1763; x_wconf 72' lang='lat' dir='ltr'><strong>scriptam,</strong></span> 
     </span>
    </p>
   </div>
   <div class='ocr_carea' id='block_1_23' title="bbox 555 1758 2200 1835">
    <p class='ocr_par' dir='ltr' id='par_1_23' title="bbox 555 1758 2200 1835">
     <span class='ocr_line' id='line_1_24' title="bbox 555 1758 2200 1835; baseline -0.004 -17"><span class='ocrx_word' id='word_1_142' title='bbox 555 1758 691 1835; x_wconf 68' lang='lat' dir='ltr'><strong>quas</strong></span> <span class='ocrx_word' id='word_1_143' title='bbox 746 1778 933 1832; x_wconf 86' lang='lat' dir='ltr'><strong>supra</strong></span> <span class='ocrx_word' id='word_1_144' title='bbox 974 1758 1182 1835; x_wconf 77' lang='lat' dir='ltr'><strong>ordine</strong></span> <span class='ocrx_word' id='word_1_145' title='bbox 1239 1767 1329 1815; x_wconf 91' lang='lat' dir='ltr'><strong>est</strong></span> <span class='ocrx_word' id='word_1_146' title='bbox 1370 1776 1513 1835; x_wconf 71' lang='lat' dir='ltr'><strong>cui,</strong></span> <span class='ocrx_word' id='word_1_147' title='bbox 1570 1760 1841 1835; x_wconf 77' lang='lat' dir='ltr'><strong>proxime</strong></span> <span class='ocrx_word' id='word_1_148' title='bbox 1891 1758 2200 1835; x_wconf 79' lang='lat' dir='ltr'><strong>subjungi,</strong></span> 
     </span>
    </p>
   </div>
   <div class='ocr_carea' id='block_1_24' title="bbox 552 1830 2203 1904">
    <p class='ocr_par' dir='ltr' id='par_1_24' title="bbox 552 1830 2203 1904">
     <span class='ocr_line' id='line_1_25' title="bbox 552 1830 2203 1904; baseline -0.003 -15"><span class='ocrx_word' id='word_1_149' title='bbox 552 1830 872 1904; x_wconf 76' lang='lat' dir='ltr'><strong>interjectis</strong></span> <span class='ocrx_word' id='word_1_150' title='bbox 904 1835 992 1888; x_wconf 89' lang='lat' dir='ltr'><strong>his</strong></span> <span class='ocrx_word' id='word_1_151' title='bbox 1032 1834 1218 1888; x_wconf 88' lang='lat' dir='ltr'><strong>tribus</strong></span> <span class='ocrx_word' id='word_1_152' title='bbox 1264 1832 1460 1904; x_wconf 80' lang='lat' dir='ltr'><strong>verbis</strong></span> <span class='ocrx_word' id='word_1_153' title='bbox 1494 1852 1505 1888; x_wconf 88' lang='lat'><strong>:</strong></span> <span class='ocrx_word' id='word_1_154' title='bbox 1547 1833 1671 1886; x_wconf 85' lang='lat' dir='ltr'><strong>Jam</strong></span> <span class='ocrx_word' id='word_1_155' title='bbox 1688 1838 1807 1901; x_wconf 85' lang='lat' dir='ltr'><strong>post</strong></span> <span class='ocrx_word' id='word_1_156' title='bbox 1848 1830 2203 1899; x_wconf 78' lang='lat' dir='ltr'><strong>subscriptio-</strong></span> 
     </span>
    </p>
   </div>
   <div class='ocr_carea' id='block_1_25' title="bbox 553 1903 1675 1975">
    <p class='ocr_par' dir='ltr' id='par_1_25' title="bbox 553 1903 1675 1975">
     <span class='ocr_line' id='line_1_26' title="bbox 553 1903 1675 1975; baseline -0.006 -15"><span class='ocrx_word' id='word_1_157' title='bbox 553 1903 716 1962; x_wconf 22' lang='lat' dir='ltr'><strong>nem.’</strong></span> <span class='ocrx_word' id='word_1_158' title='bbox 738 1904 910 1962; x_wconf 83' lang='lat' dir='ltr'><strong>Multi</strong></span> <span class='ocrx_word' id='word_1_159' title='bbox 948 1912 1171 1975; x_wconf 85' lang='lat' dir='ltr'><strong>utroque</strong></span> <span class='ocrx_word' id='word_1_160' title='bbox 1198 1903 1531 1975; x_wconf 83' lang='lat' dir='ltr'><strong>claudicant,</strong></span> <span class='ocrx_word' id='word_1_161' title='bbox 1569 1911 1675 1957; x_wconf 86' lang='lat' dir='ltr'><strong>etc.</strong></span> 
     </span>
    </p>
   </div>
   <div class='ocr_carea' id='block_1_26' title="bbox 822 1973 1928 2044">
    <p class='ocr_par' dir='ltr' id='par_1_26' title="bbox 822 1973 1928 2044">
     <span class='ocr_line' id='line_1_27' title="bbox 822 1973 1928 2044; baseline -0.006 -13"><span class='ocrx_word' id='word_1_162' title='bbox 822 1975 1048 2031; x_wconf 84' lang='lat' dir='ltr'><strong>CXCVI.</strong></span> <span class='ocrx_word' id='word_1_163' title='bbox 1082 1973 1147 2017; x_wconf 47' lang='grc' dir='ltr'><strong>ὲ-</strong></span> <span class='ocrx_word' id='word_1_164' title='bbox 1178 1973 1393 2044; x_wconf 80' lang='lat' dir='ltr'><strong>Scripta</strong></span> <span class='ocrx_word' id='word_1_165' title='bbox 1432 1979 1654 2028; x_wconf 65' lang='lat' dir='ltr'><strong>exeunte</strong></span> <span class='ocrx_word' id='word_1_166' title='bbox 1682 1988 1777 2026; x_wconf 85' lang='lat' dir='ltr'><strong>an.</strong></span> <span class='ocrx_word' id='word_1_167' title='bbox 1800 1973 1928 2025; x_wconf 72' lang='lat' dir='ltr'><strong>M8.</strong></span> 
     </span>
    </p>
   </div>
   <div class='ocr_carea' id='block_1_27' title="bbox 624 2041 2201 2119">
    <p class='ocr_par' dir='ltr' id='par_1_27' title="bbox 624 2041 2201 2119">
     <span class='ocr_line' id='line_1_28' title="bbox 624 2041 2201 2119; baseline -0.005 -17"><span class='ocrx_word' id='word_1_168' title='bbox 624 2048 886 2119; x_wconf 87' lang='lat' dir='ltr'><strong>Epistola</strong></span> <span class='ocrx_word' id='word_1_169' title='bbox 916 2047 1241 2102; x_wconf 89' lang='lat' dir='ltr'><strong>centesima</strong></span> <span class='ocrx_word' id='word_1_170' title='bbox 1268 2041 1660 2119; x_wconf 70' lang='lat' dir='ltr'><strong>nonagesima</strong></span> <span class='ocrx_word' id='word_1_171' title='bbox 1696 2047 1863 2119; x_wconf 80' lang='lat' dir='ltr'><strong>sexta</strong></span> <span class='ocrx_word' id='word_1_172' title='bbox 1902 2042 1972 2096; x_wconf 87' lang='lat' dir='ltr'><strong>ad</strong></span> <span class='ocrx_word' id='word_1_173' title='bbox 1998 2041 2201 2119; x_wconf 56' lang='lat' dir='ltr'><strong>Aselli-</strong></span> 
     </span>
    </p>
   </div>
   <div class='ocr_carea' id='block_1_28' title="bbox 552 2116 2201 2188">
    <p class='ocr_par' dir='ltr' id='par_1_28' title="bbox 552 2116 2201 2188">
     <span class='ocr_line' id='line_1_29' title="bbox 552 2116 2201 2188; baseline -0.003 -16"><span class='ocrx_word' id='word_1_174' title='bbox 552 2116 916 2188; x_wconf 38' lang='lat' dir='ltr'><strong>cum‘scripta</strong></span> <span class='ocrx_word' id='word_1_175' title='bbox 944 2124 1029 2172; x_wconf 87' lang='lat' dir='ltr'><strong>est</strong></span> <span class='ocrx_word' id='word_1_176' title='bbox 1058 2133 1129 2173; x_wconf 92' lang='lat' dir='ltr'><strong>eo</strong></span> <span class='ocrx_word' id='word_1_177' title='bbox 1161 2126 1446 2186; x_wconf 89' lang='lat' dir='ltr'><strong>tempore,</strong></span> <span class='ocrx_word' id='word_1_178' title='bbox 1479 2132 1600 2187; x_wconf 90' lang='lat' dir='ltr'><strong>quo</strong></span> <span class='ocrx_word' id='word_1_179' title='bbox 1631 2116 1998 2188; x_wconf 87' lang='lat' dir='ltr'><strong>Donatianus</strong></span> <span class='ocrx_word' id='word_1_180' title='bbox 2027 2116 2201 2183; x_wconf 60' lang='lat' dir='ltr'><strong>Byzao</strong></span> 
     </span>
    </p>
   </div>
   <div class='ocr_carea' id='block_1_29' title="bbox 553 2185 2201 2259">
    <p class='ocr_par' dir='ltr' id='par_1_29' title="bbox 553 2185 2201 2259">
     <span class='ocr_line' id='line_1_30' title="bbox 553 2185 2201 2259; baseline -0.004 -15"><span class='ocrx_word' id='word_1_181' title='bbox 553 2206 716 2244; x_wconf 66' lang='lat' dir='ltr'><strong>cenas</strong></span> <span class='ocrx_word' id='word_1_182' title='bbox 748 2185 1064 2259; x_wconf 72' lang='lat' dir='ltr'><strong>provinciae</strong></span> <span class='ocrx_word' id='word_1_183' title='bbox 1106 2185 1418 2259; x_wconf 78' lang='lat' dir='ltr'><strong>primatem</strong></span> <span class='ocrx_word' id='word_1_184' title='bbox 1462 2185 2014 2259; x_wconf 77' lang='lat' dir='ltr'><strong>ahtiquitatis_jure</strong></span> <span class='ocrx_word' id='word_1_185' title='bbox 2066 2201 2201 2259; x_wconf 83' lang='lat' dir='ltr'><strong>age-</strong></span> 
     </span>
    </p>
   </div>
   <div class='ocr_carea' id='block_1_30' title="bbox 548 2256 2197 2331">
    <p class='ocr_par' dir='ltr' id='par_1_30' title="bbox 548 2256 2197 2331">
     <span class='ocr_line' id='line_1_31' title="bbox 548 2256 2197 2331; baseline -0.004 -15"><span class='ocrx_word' id='word_1_186' title='bbox 548 2260 671 2326; x_wconf 88' lang='lat' dir='ltr'><strong>bat,</strong></span> <span class='ocrx_word' id='word_1_187' title='bbox 713 2256 781 2315; x_wconf 66' lang='grc' dir='ltr'><strong>εὶς</strong></span> <span class='ocrx_word' id='word_1_188' title='bbox 816 2276 875 2315; x_wconf 92' lang='lat' dir='ltr'><strong>n.</strong></span> <span class='ocrx_word' id='word_1_189' title='bbox 910 2263 956 2325; x_wconf 85' lang='lat' dir='ltr'><strong>t,</strong></span> <span class='ocrx_word' id='word_1_190' title='bbox 1008 2256 1143 2331; x_wconf 75' lang='lat' dir='ltr'><strong>quae</strong></span> <span class='ocrx_word' id='word_1_191' title='bbox 1175 2259 1255 2313; x_wconf 89' lang='lat' dir='ltr'><strong>illi</strong></span> <span class='ocrx_word' id='word_1_192' title='bbox 1301 2259 1560 2331; x_wconf 83' lang='lat' dir='ltr'><strong>dignitas</strong></span> <span class='ocrx_word' id='word_1_193' title='bbox 1590 2256 1647 2313; x_wconf 85' lang='lat' dir='ltr'><strong>in</strong></span> <span class='ocrx_word' id='word_1_194' title='bbox 1682 2256 1941 2331; x_wconf 80' lang='lat' dir='ltr'><strong>Concilio</strong></span> <span class='ocrx_word' id='word_1_195' title='bbox 1964 2258 2197 2331; x_wconf 80' lang='lat' dir='ltr'><strong>Cartha-</strong></span> 
     </span>
    </p>
   </div>
   <div class='ocr_carea' id='block_1_31' title="bbox 549 2328 2154 2401">
    <p class='ocr_par' dir='ltr' id='par_1_31' title="bbox 549 2328 2154 2401">
     <span class='ocr_line' id='line_1_32' title="bbox 549 2328 2154 2401; baseline -0.004 -15"><span class='ocrx_word' id='word_1_196' title='bbox 549 2332 782 2401; x_wconf 86' lang='lat' dir='ltr'><strong>ginensi</strong></span> <span class='ocrx_word' id='word_1_197' title='bbox 815 2334 954 2385; x_wconf 89' lang='lat' dir='ltr'><strong>anni</strong></span> <span class='ocrx_word' id='word_1_198' title='bbox 989 2328 1091 2385; x_wconf 78' lang='grc'><strong>418</strong></span> <span class='ocrx_word' id='word_1_199' title='bbox 1115 2330 1407 2385; x_wconf 87' lang='lat' dir='ltr'><strong>tribuitur.</strong></span> <span class='ocrx_word' id='word_1_200' title='bbox 1436 2330 1712 2384; x_wconf 63' lang='lat' dir='ltr'><strong>Praeterea</strong></span> <span class='ocrx_word' id='word_1_201' title='bbox 1743 2328 2091 2401; x_wconf 80' lang='lat' dir='ltr'><strong>Pelagianos</strong></span> <span class='ocrx_word' id='word_1_202' title='bbox 2120 2342 2154 2380; x_wconf 88' lang='lat' dir='ltr'><strong>a</strong></span> 
     </span>
    </p>
   </div>
   <div class='ocr_carea' id='block_1_32' title="bbox 552 2398 2199 2473">
    <p class='ocr_par' dir='ltr' id='par_1_32' title="bbox 552 2398 2199 2473">
     <span class='ocr_line' id='line_1_33' title="bbox 552 2398 2199 2473; baseline -0.004 -16"><span class='ocrx_word' id='word_1_203' title='bbox 552 2398 895 2457; x_wconf 75' lang='lat' dir='ltr'><strong>Innocentio</strong></span> <span class='ocrx_word' id='word_1_204' title='bbox 953 2408 1006 2456; x_wconf 89' lang='lat' dir='ltr'><strong>et</strong></span> <span class='ocrx_word' id='word_1_205' title='bbox 1064 2404 1295 2456; x_wconf 87' lang='lat' dir='ltr'><strong>Zosimo</strong></span> <span class='ocrx_word' id='word_1_206' title='bbox 1336 2402 1489 2473; x_wconf 11' lang='lat' dir='ltr'><strong>jamr</strong></span> <span class='ocrx_word' id='word_1_207' title='bbox 1524 2402 1843 2473; x_wconf 85' lang='lat' dir='ltr'><strong>damnatos</strong></span> <span class='ocrx_word' id='word_1_208' title='bbox 1902 2398 2199 2473; x_wconf 70' lang='lat' dir='ltr'><strong>significat</strong></span> 
     </span>
    </p>
   </div>
   <div class='ocr_carea' id='block_1_33' title="bbox 547 2468 2197 2542">
    <p class='ocr_par' dir='ltr' id='par_1_33' title="bbox 547 2468 2197 2542">
     <span class='ocr_line' id='line_1_34' title="bbox 547 2468 2197 2542; baseline -0.004 -15"><span class='ocrx_word' id='word_1_209' title='bbox 547 2475 914 2542; x_wconf 78' lang='lat' dir='ltr'><strong>Augustinus</strong></span> <span class='ocrx_word' id='word_1_210' title='bbox 952 2488 1018 2528; x_wconf 91' lang='lat' dir='ltr'><strong>n.</strong></span> <span class='ocrx_word' id='word_1_211' title='bbox 1066 2479 1095 2526; x_wconf 86' lang='lat'><strong>7</strong></span> <span class='ocrx_word' id='word_1_212' title='bbox 1139 2474 1299 2526; x_wconf 87' lang='lat' dir='ltr'><strong>hisce</strong></span> <span class='ocrx_word' id='word_1_213' title='bbox 1332 2468 1568 2526; x_wconf 75' lang='lat' dir='ltr'><strong>verbis:</strong></span> <span class='ocrx_word' id='word_1_214' title='bbox 1613 2471 1720 2536; x_wconf 84' lang='lat' dir='ltr'><strong>Qui</strong></span> <span class='ocrx_word' id='word_1_215' title='bbox 1756 2469 1958 2542; x_wconf 81' lang='lat' dir='ltr'><strong>recenti</strong></span> <span class='ocrx_word' id='word_1_216' title='bbox 1985 2468 2197 2542; x_wconf 76' lang='lat' dir='ltr'><strong>judicio</strong></span> 
     </span>
    </p>
   </div>
   <div class='ocr_carea' id='block_1_34' title="bbox 548 2540 2191 2614">
    <p class='ocr_par' dir='ltr' id='par_1_34' title="bbox 548 2540 2191 2614">
     <span class='ocr_line' id='line_1_35' title="bbox 548 2540 2191 2614; baseline -0.004 -15"><span class='ocrx_word' id='word_1_217' title='bbox 548 2540 674 2609; x_wconf 74' lang='lat' dir='ltr'><strong>Dei,</strong></span> <span class='ocrx_word' id='word_1_218' title='bbox 709 2561 810 2614; x_wconf 87' lang='lat' dir='ltr'><strong>per</strong></span> <span class='ocrx_word' id='word_1_219' title='bbox 838 2544 1123 2613; x_wconf 72' lang='lat' dir='ltr'><strong>diligentes</strong></span> <span class='ocrx_word' id='word_1_220' title='bbox 1165 2548 1214 2597; x_wconf 90' lang='lat' dir='ltr'><strong>et</strong></span> <span class='ocrx_word' id='word_1_221' title='bbox 1243 2542 1429 2612; x_wconf 84' lang='lat' dir='ltr'><strong>ﬁdeles</strong></span> <span class='ocrx_word' id='word_1_222' title='bbox 1452 2559 1627 2596; x_wconf 87' lang='lat' dir='ltr'><strong>servos</strong></span> <span class='ocrx_word' id='word_1_223' title='bbox 1651 2544 1786 2612; x_wconf 84' lang='lat' dir='ltr'><strong>ejus,</strong></span> <span class='ocrx_word' id='word_1_224' title='bbox 1822 2541 1986 2595; x_wconf 86' lang='lat' dir='ltr'><strong>etiam</strong></span> <span class='ocrx_word' id='word_1_225' title='bbox 2016 2540 2191 2594; x_wconf 82' lang='lat' dir='ltr'><strong>catho-</strong></span> 
     </span>
    </p>
   </div>
   <div class='ocr_carea' id='block_1_35' title="bbox 548 2615 1445 2684">
    <p class='ocr_par' dir='ltr' id='par_1_35' title="bbox 548 2615 1445 2684">
     <span class='ocr_line' id='line_1_36' title="bbox 548 2615 1445 2684; baseline -0.003 -15"><span class='ocrx_word' id='word_1_226' title='bbox 548 2616 653 2671; x_wconf 72' lang='lat' dir='ltr'><strong>lica</strong></span> <span class='ocrx_word' id='word_1_227' title='bbox 681 2617 1046 2669; x_wconf 73' lang='lat' dir='ltr'><strong>communione</strong></span> <span class='ocrx_word' id='word_1_228' title='bbox 1066 2615 1275 2684; x_wconf 80' lang='lat' dir='ltr'><strong>privati</strong></span> <span class='ocrx_word' id='word_1_229' title='bbox 1301 2622 1445 2667; x_wconf 86' lang='lat' dir='ltr'><strong>sunt.</strong></span> 
     </span>
    </p>
   </div>
   <div class='ocr_carea' id='block_1_36' title="bbox 551 2683 2195 2754">
    <p class='ocr_par' dir='ltr' id='par_1_36' title="bbox 551 2683 2195 2754">
     <span class='ocr_line' id='line_1_37' title="bbox 551 2683 2195 2754; baseline -0.006 -10"><span class='ocrx_word' id='word_1_230' title='bbox 551 2688 773 2744; x_wconf 84' lang='lat' dir='ltr'><strong>CXCVII</strong></span> <span class='ocrx_word' id='word_1_231' title='bbox 807 2692 866 2742; x_wconf 89' lang='lat' dir='ltr'><strong>et</strong></span> <span class='ocrx_word' id='word_1_232' title='bbox 913 2683 1184 2741; x_wconf 80' lang='lat' dir='ltr'><strong>CXCVIII.</strong></span> <span class='ocrx_word' id='word_1_233' title='bbox 1221 2718 1279 2725; x_wconf 97' lang='lat'><strong>—</strong></span> <span class='ocrx_word' id='word_1_234' title='bbox 1315 2685 1541 2754; x_wconf 70' lang='lat' dir='ltr'><strong>Scriptis</strong></span> <span class='ocrx_word' id='word_1_235' title='bbox 1568 2690 1787 2737; x_wconf 66' lang='lat' dir='ltr'><strong>exeunte</strong></span> <span class='ocrx_word' id='word_1_236' title='bbox 1816 2683 2066 2753; x_wconf 42' lang='grc' dir='ltr'>απη418,</span> <span class='ocrx_word' id='word_1_237' title='bbox 2098 2687 2195 2735; x_wconf 87' lang='lat' dir='ltr'><strong>aut</strong></span> 
     </span>
    </p>
   </div>
   <div class='ocr_carea' id='block_1_37' title="bbox 1179 2758 1560 2810">
    <p class='ocr_par' dir='ltr' id='par_1_37' title="bbox 1179 2758 1560 2810">
     <span class='ocr_line' id='line_1_38' title="bbox 1179 2758 1560 2810; baseline -0.003 0"><span class='ocrx_word' id='word_1_238' title='bbox 1179 2758 1402 2810; x_wconf 83' lang='lat' dir='ltr'><strong>ineunte</strong></span> <span class='ocrx_word' id='word_1_239' title='bbox 1438 2760 1560 2809; x_wconf 73' lang='grc'><strong>419.</strong></span> 
     </span>
    </p>
   </div>
   <div class='ocr_carea' id='block_1_38' title="bbox 889 2825 1855 2897">
    <p class='ocr_par' dir='ltr' id='par_1_38' title="bbox 889 2825 1855 2897">
     <span class='ocr_line' id='line_1_39' title="bbox 889 2825 1855 2897; baseline -0.006 -14"><span class='ocrx_word' id='word_1_240' title='bbox 889 2826 1113 2883; x_wconf 80' lang='lat' dir='ltr'><strong>CXCIX.</strong></span> <span class='ocrx_word' id='word_1_241' title='bbox 1146 2828 1452 2897; x_wconf 81' lang='lat' dir='ltr'><strong>-Scripta</strong></span> <span class='ocrx_word' id='word_1_242' title='bbox 1487 2826 1582 2879; x_wconf 86' lang='lat' dir='ltr'><strong>sub</strong></span> <span class='ocrx_word' id='word_1_243' title='bbox 1612 2841 1701 2879; x_wconf 86' lang='lat' dir='ltr'><strong>an.</strong></span> <span class='ocrx_word' id='word_1_244' title='bbox 1732 2825 1855 2878; x_wconf 76' lang='grc'><strong>419.</strong></span> 
     </span>
    </p>
   </div>
   <div class='ocr_carea' id='block_1_39' title="bbox 619 2896 2194 2970">
    <p class='ocr_par' dir='ltr' id='par_1_39' title="bbox 619 2896 2194 2970">
     <span class='ocr_line' id='line_1_40' title="bbox 619 2896 2194 2970; baseline -0.003 -17"><span class='ocrx_word' id='word_1_245' title='bbox 619 2898 701 2954; x_wconf 79' lang='lat' dir='ltr'><strong>Ex</strong></span> <span class='ocrx_word' id='word_1_246' title='bbox 734 2898 921 2954; x_wconf 90' lang='lat' dir='ltr'><strong>tribus</strong></span> <span class='ocrx_word' id='word_1_247' title='bbox 942 2898 1212 2968; x_wconf 80' lang='lat' dir='ltr'><strong>proxime</strong></span> <span class='ocrx_word' id='word_1_248' title='bbox 1246 2896 1953 2970; x_wconf 69' lang='lat' dir='ltr'><strong>sequentibusepistolis,</strong></span> <span class='ocrx_word' id='word_1_249' title='bbox 1996 2898 2194 2948; x_wconf 86' lang='lat' dir='ltr'><strong>cente-</strong></span> 
     </span>
    </p>
   </div>
   <div class='ocr_carea' id='block_1_40' title="bbox 546 2966 2192 3039">
    <p class='ocr_par' dir='ltr' id='par_1_40' title="bbox 546 2966 2192 3039">
     <span class='ocr_line' id='line_1_41' title="bbox 546 2966 2192 3039; baseline -0.002 -16"><span class='ocrx_word' id='word_1_250' title='bbox 546 2970 700 3025; x_wconf 86' lang='lat' dir='ltr'><strong>sima</strong></span> <span class='ocrx_word' id='word_1_251' title='bbox 729 2966 1125 3039; x_wconf 82' lang='lat' dir='ltr'><strong>nonagesima</strong></span> <span class='ocrx_word' id='word_1_252' title='bbox 1163 2966 1430 3025; x_wconf 52' lang='lat' dir='ltr'><strong>nona—ad</strong></span> <span class='ocrx_word' id='word_1_253' title='bbox 1472 2968 1783 3038; x_wconf 80' lang='lat' dir='ltr'><strong>Hesychium</strong></span> <span class='ocrx_word' id='word_1_254' title='bbox 1813 2966 1924 3020; x_wconf 85' lang='lat' dir='ltr'><strong>sub</strong></span> <span class='ocrx_word' id='word_1_255' title='bbox 1963 2981 2192 3020; x_wconf 86' lang='lat' dir='ltr'><strong>annum</strong></span> 
     </span>
    </p>
   </div>
   <div class='ocr_carea' id='block_1_41' title="bbox 545 3040 2192 3111">
    <p class='ocr_par' dir='ltr' id='par_1_41' title="bbox 545 3040 2192 3111">
     <span class='ocr_line' id='line_1_42' title="bbox 545 3040 2192 3111; baseline -0.004 -15"><span class='ocrx_word' id='word_1_256' title='bbox 545 3041 755 3096; x_wconf 85' lang='lat' dir='ltr'><strong>Christi</strong></span> <span class='ocrx_word' id='word_1_257' title='bbox 789 3043 891 3096; x_wconf 85' lang='grc'>419</span> <span class='ocrx_word' id='word_1_258' title='bbox 922 3042 1063 3095; x_wconf 89' lang='lat' dir='ltr'><strong>data</strong></span> <span class='ocrx_word' id='word_1_259' title='bbox 1093 3040 1437 3111; x_wconf 82' lang='lat' dir='ltr'><strong>intelligitur</strong></span> <span class='ocrx_word' id='word_1_260' title='bbox 1484 3056 1553 3094; x_wconf 76' lang='lat' dir='ltr'><strong>ex</strong></span> <span class='ocrx_word' id='word_1_261' title='bbox 1584 3055 1639 3093; x_wconf 92' lang='lat' dir='ltr'><strong>n.</strong></span> <span class='ocrx_word' id='word_1_262' title='bbox 1682 3043 1764 3092; x_wconf 74' lang='lat'><strong>20.</strong></span> <span class='ocrx_word' id='word_1_263' title='bbox 1820 3040 2192 3111; x_wconf 81' lang='lat' dir='ltr'><strong>Quapropter</strong></span> 
     </span>
    </p>
   </div>
   <div class='ocr_carea' id='block_1_42' title="bbox 544 3110 2192 3180">
    <p class='ocr_par' dir='ltr' id='par_1_42' title="bbox 544 3110 2192 3180">
     <span class='ocr_line' id='line_1_43' title="bbox 544 3110 2192 3180; baseline -0.004 -13"><span class='ocrx_word' id='word_1_264' title='bbox 544 3113 870 3168; x_wconf 90' lang='lat' dir='ltr'><strong>centesima</strong></span> <span class='ocrx_word' id='word_1_265' title='bbox 892 3110 1295 3180; x_wconf 36' lang='lat' dir='ltr'><strong>nonagesima&#39;</strong></span> <span class='ocrx_word' id='word_1_266' title='bbox 1315 3112 1567 3180; x_wconf 85' lang='lat' dir='ltr'><strong>septima</strong></span> <span class='ocrx_word' id='word_1_267' title='bbox 1580 3115 1636 3165; x_wconf 89' lang='lat' dir='ltr'><strong>et</strong></span> <span class='ocrx_word' id='word_1_268' title='bbox 1656 3110 1981 3163; x_wconf 86' lang='lat' dir='ltr'><strong>centesima</strong></span> <span class='ocrx_word' id='word_1_269' title='bbox 2010 3123 2192 3162; x_wconf 85' lang='lat' dir='ltr'><strong>nona-</strong></span> 
     </span>
    </p>
   </div>
   <div class='ocr_carea' id='block_1_43' title="bbox 544 3182 2187 3253">
    <p class='ocr_par' dir='ltr' id='par_1_43' title="bbox 544 3182 2187 3253">
     <span class='ocr_line' id='line_1_44' title="bbox 544 3182 2187 3253; baseline -0.005 -14"><span class='ocrx_word' id='word_1_270' title='bbox 544 3186 773 3253; x_wconf 87' lang='lat' dir='ltr'><strong>gesima</strong></span> <span class='ocrx_word' id='word_1_271' title='bbox 821 3190 1056 3252; x_wconf 90' lang='lat' dir='ltr'><strong>octava,</strong></span> <span class='ocrx_word' id='word_1_272' title='bbox 1096 3200 1230 3253; x_wconf 68' lang='lat' dir='ltr'><strong>qua:</strong></span> <span class='ocrx_word' id='word_1_273' title='bbox 1270 3182 1449 3253; x_wconf 89' lang='lat' dir='ltr'><strong>paulo</strong></span> <span class='ocrx_word' id='word_1_274' title='bbox 1487 3191 1622 3237; x_wconf 86' lang='lat' dir='ltr'><strong>ante</strong></span> <span class='ocrx_word' id='word_1_275' title='bbox 1674 3182 1907 3250; x_wconf 67' lang='lat' dir='ltr'><strong>scriptae</strong></span> <span class='ocrx_word' id='word_1_276' title='bbox 1937 3182 2187 3253; x_wconf 78' lang='lat' dir='ltr'><strong>fuerant,</strong></span> 
     </span>
    </p>
   </div>
   <div class='ocr_carea' id='block_1_44' title="bbox 541 3250 2188 3313">
    <p class='ocr_par' dir='ltr' id='par_1_44' title="bbox 541 3250 2188 3313">
     <span class='ocr_line' id='line_1_45' title="bbox 541 3250 2188 3313; baseline -0.004 -4"><span class='ocrx_word' id='word_1_277' title='bbox 541 3250 889 3310; x_wconf 64' lang='lat' dir='ltr'><strong>revocandae</strong></span> <span class='ocrx_word' id='word_1_278' title='bbox 917 3250 1189 3309; x_wconf 80' lang='lat' dir='ltr'><strong>videntur</strong></span> <span class='ocrx_word' id='word_1_279' title='bbox 1230 3250 1308 3308; x_wconf 79' lang='lat' dir='ltr'><strong>ad</strong></span> <span class='ocrx_word' id='word_1_280' title='bbox 1335 3269 1559 3309; x_wconf 89' lang='lat' dir='ltr'><strong>annum</strong></span> <span class='ocrx_word' id='word_1_281' title='bbox 1592 3260 1904 3306; x_wconf 82' lang='lat' dir='ltr'><strong>exeuntem</strong></span> <span class='ocrx_word' id='word_1_282' title='bbox 1938 3250 2059 3313; x_wconf 75' lang='grc'>418,</span> <span class='ocrx_word' id='word_1_283' title='bbox 2090 3260 2188 3304; x_wconf 88' lang='lat' dir='ltr'><strong>aut</strong></span> 
     </span>
    </p>
   </div>
   <div class='ocr_carea' id='block_1_45' title="bbox 543 3322 2189 3393">
    <p class='ocr_par' dir='ltr' id='par_1_45' title="bbox 543 3322 2189 3393">
     <span class='ocr_line' id='line_1_46' title="bbox 543 3322 2189 3393; baseline -0.004 -12"><span class='ocrx_word' id='word_1_284' title='bbox 543 3326 620 3381; x_wconf 89' lang='lat' dir='ltr'><strong>ad</strong></span> <span class='ocrx_word' id='word_1_285' title='bbox 696 3326 997 3379; x_wconf 90' lang='lat' dir='ltr'><strong>ineuntem</strong></span> <span class='ocrx_word' id='word_1_286' title='bbox 1053 3325 1177 3378; x_wconf 76' lang='grc'><strong>419.</strong></span> <span class='ocrx_word' id='word_1_287' title='bbox 1258 3325 1511 3393; x_wconf 82' lang='lat' dir='ltr'><strong>Adjuvat</strong></span> <span class='ocrx_word' id='word_1_288' title='bbox 1568 3324 1973 3392; x_wconf 83' lang='lat' dir='ltr'><strong>conjecturam</strong></span> <span class='ocrx_word' id='word_1_289' title='bbox 2027 3322 2189 3392; x_wconf 88' lang='lat' dir='ltr'><strong>quod</strong></span> 
     </span>
    </p>
   </div>
   <div class='ocr_carea' id='block_1_46' title="bbox 545 3394 2191 3465">
    <p class='ocr_par' dir='ltr' id='par_1_46' title="bbox 545 3394 2191 3465">
     <span class='ocr_line' id='line_1_47' title="bbox 545 3394 2191 3465; baseline -0.003 -15"><span class='ocrx_word' id='word_1_290' title='bbox 545 3397 874 3465; x_wconf 81' lang='lat' dir='ltr'><strong>Hesychius</strong></span> <span class='ocrx_word' id='word_1_291' title='bbox 914 3397 972 3449; x_wconf 90' lang='lat' dir='ltr'><strong>in</strong></span> <span class='ocrx_word' id='word_1_292' title='bbox 1005 3395 1254 3465; x_wconf 89' lang='lat' dir='ltr'><strong>epistola</strong></span> <span class='ocrx_word' id='word_1_293' title='bbox 1284 3411 1489 3449; x_wconf 80' lang='lat' dir='ltr'><strong>cxcvm</strong></span> <span class='ocrx_word' id='word_1_294' title='bbox 1525 3410 1582 3448; x_wconf 84' lang='lat' dir='ltr'><strong>n.</strong></span> <span class='ocrx_word' id='word_1_295' title='bbox 1618 3399 1667 3458; x_wconf 86' lang='lat'><strong>5,</strong></span> <span class='ocrx_word' id='word_1_296' title='bbox 1698 3394 1857 3465; x_wconf 83' lang='lat' dir='ltr'><strong>dicat</strong></span> <span class='ocrx_word' id='word_1_297' title='bbox 1883 3394 2056 3461; x_wconf 87' lang='lat' dir='ltr'><strong>signa</strong></span> <span class='ocrx_word' id='word_1_298' title='bbox 2088 3408 2191 3465; x_wconf 87' lang='lat' dir='ltr'><strong>per</strong></span> 
     </span>
    </p>
   </div>
   <div class='ocr_carea' id='block_1_47' title="bbox 543 3464 2189 3537">
    <p class='ocr_par' dir='ltr' id='par_1_47' title="bbox 543 3464 2189 3537">
     <span class='ocr_line' id='line_1_48' title="bbox 543 3464 2189 3537; baseline -0.003 -16"><span class='ocrx_word' id='word_1_299' title='bbox 543 3468 605 3521; x_wconf 89' lang='lat' dir='ltr'><strong>id</strong></span> <span class='ocrx_word' id='word_1_300' title='bbox 636 3464 872 3537; x_wconf 86' lang='lat' dir='ltr'><strong>tempus</strong></span> <span class='ocrx_word' id='word_1_301' title='bbox 898 3467 954 3520; x_wconf 93' lang='lat' dir='ltr'><strong>in</strong></span> <span class='ocrx_word' id='word_1_302' title='bbox 996 3467 1144 3521; x_wconf 77' lang='lat' dir='ltr'><strong>coelo</strong></span> <span class='ocrx_word' id='word_1_303' title='bbox 1189 3468 1313 3520; x_wconf 80' lang='lat' dir='ltr'><strong>visa</strong></span> <span class='ocrx_word' id='word_1_304' title='bbox 1343 3467 1577 3537; x_wconf 78' lang='lat' dir='ltr'><strong>fuisse:</strong></span> <span class='ocrx_word' id='word_1_305' title='bbox 1634 3480 1701 3519; x_wconf 87' lang='lat' dir='ltr'><strong>ea</strong></span> <span class='ocrx_word' id='word_1_306' title='bbox 1753 3464 1935 3518; x_wconf 90' lang='lat' dir='ltr'><strong>dubio</strong></span> <span class='ocrx_word' id='word_1_307' title='bbox 1984 3464 2189 3537; x_wconf 79' lang='lat' dir='ltr'><strong>procul</strong></span> 
     </span>
    </p>
   </div>
   <div class='ocr_carea' id='block_1_48' title="bbox 543 3534 2189 3608">
    <p class='ocr_par' dir='ltr' id='par_1_48' title="bbox 543 3534 2189 3608">
     <span class='ocr_line' id='line_1_49' title="bbox 543 3534 2189 3608; baseline -0.002 -17"><span class='ocrx_word' id='word_1_308' title='bbox 543 3534 811 3593; x_wconf 82' lang='lat' dir='ltr'><strong>indicans</strong></span> <span class='ocrx_word' id='word_1_309' title='bbox 838 3554 975 3608; x_wconf 66' lang='lat' dir='ltr'><strong>quae</strong></span> <span class='ocrx_word' id='word_1_310' title='bbox 1006 3553 1167 3592; x_wconf 89' lang='lat' dir='ltr'><strong>anno</strong></span> <span class='ocrx_word' id='word_1_311' title='bbox 1198 3538 1301 3591; x_wconf 79' lang='grc'><strong>418</strong></span> <span class='ocrx_word' id='word_1_312' title='bbox 1340 3536 1658 3604; x_wconf 79' lang='lat' dir='ltr'><strong>contigisse</strong></span> <span class='ocrx_word' id='word_1_313' title='bbox 1688 3542 2027 3589; x_wconf 85' lang='lat' dir='ltr'><strong>memorant</strong></span> <span class='ocrx_word' id='word_1_314' title='bbox 2075 3534 2189 3588; x_wconf 86' lang='lat' dir='ltr'><strong>his-</strong></span> 
     </span>
    </p>
   </div>
   <div class='ocr_carea' id='block_1_49' title="bbox 545 3608 2186 3680">
    <p class='ocr_par' dir='ltr' id='par_1_49' title="bbox 545 3608 2186 3680">
     <span class='ocr_line' id='line_1_50' title="bbox 545 3608 2186 3680; baseline -0.003 -16"><span class='ocrx_word' id='word_1_315' title='bbox 545 3610 745 3675; x_wconf 88' lang='lat' dir='ltr'><strong>torici;</strong></span> <span class='ocrx_word' id='word_1_316' title='bbox 796 3609 1020 3680; x_wconf 86' lang='lat' dir='ltr'><strong>quibus</strong></span> <span class='ocrx_word' id='word_1_317' title='bbox 1066 3609 1159 3663; x_wconf 93' lang='lat' dir='ltr'><strong>ille</strong></span> <span class='ocrx_word' id='word_1_318' title='bbox 1188 3608 1388 3680; x_wconf 14' lang='lat' dir='ltr'><strong>rsignis</strong></span> <span class='ocrx_word' id='word_1_319' title='bbox 1437 3615 1765 3680; x_wconf 77' lang='lat' dir='ltr'><strong>permotus,</strong></span> <span class='ocrx_word' id='word_1_320' title='bbox 1807 3608 2186 3680; x_wconf 76' lang='lat' dir='ltr'><strong>occasionem</strong></span> 
     </span>
    </p>
   </div>
   <div class='ocr_carea' id='block_1_50' title="bbox 540 3677 2186 3751">
    <p class='ocr_par' dir='ltr' id='par_1_50' title="bbox 540 3677 2186 3751">
     <span class='ocr_line' id='line_1_51' title="bbox 540 3677 2186 3751; baseline -0.002 -17"><span class='ocrx_word' id='word_1_321' title='bbox 540 3677 831 3751; x_wconf 57' lang='lat' dir='ltr'><strong>sumpsit&#39;</strong></span> <span class='ocrx_word' id='word_1_322' title='bbox 871 3679 1226 3735; x_wconf 87' lang='lat' dir='ltr'><strong>consulendi</strong></span> <span class='ocrx_word' id='word_1_323' title='bbox 1277 3677 1675 3749; x_wconf 80' lang='lat' dir='ltr'><strong>Augustinum</strong></span> <span class='ocrx_word' id='word_1_324' title='bbox 1731 3678 1805 3732; x_wconf 89' lang='lat' dir='ltr'><strong>de</strong></span> <span class='ocrx_word' id='word_1_325' title='bbox 1833 3677 2040 3732; x_wconf 91' lang='lat' dir='ltr'><strong>ultimo</strong></span> <span class='ocrx_word' id='word_1_326' title='bbox 2092 3678 2186 3731; x_wconf 85' lang='lat' dir='ltr'><strong>die</strong></span> 
     </span>
    </p>
   </div>
   <div class='ocr_carea' id='block_1_51' title="bbox 541 3752 772 3809">
    <p class='ocr_par' dir='ltr' id='par_1_51' title="bbox 541 3752 772 3809">
     <span class='ocr_line' id='line_1_52' title="bbox 541 3752 772 3809; baseline -0.017 0"><span class='ocrx_word' id='word_1_327' title='bbox 541 3752 772 3809; x_wconf 86' lang='lat' dir='ltr'><strong>mundi.</strong></span> 
     </span>
    </p>
   </div>
   <div class='ocr_carea' id='block_1_52' title="bbox 610 3819 2110 3891">
    <p class='ocr_par' dir='ltr' id='par_1_52' title="bbox 610 3819 2110 3891">
     <span class='ocr_line' id='line_1_53' title="bbox 610 3819 2110 3891; baseline -0.004 -13"><span class='ocrx_word' id='word_1_328' title='bbox 610 3824 711 3878; x_wconf 90' lang='lat' dir='ltr'><strong>CC.</strong></span> <span class='ocrx_word' id='word_1_329' title='bbox 741 3852 809 3864; x_wconf 89' lang='lat'><strong>-—</strong></span> <span class='ocrx_word' id='word_1_330' title='bbox 843 3822 1060 3891; x_wconf 81' lang='lat' dir='ltr'><strong>Scripta</strong></span> <span class='ocrx_word' id='word_1_331' title='bbox 1086 3829 1311 3876; x_wconf 71' lang='lat' dir='ltr'><strong>eateunte</strong></span> <span class='ocrx_word' id='word_1_332' title='bbox 1331 3839 1421 3876; x_wconf 87' lang='lat' dir='ltr'><strong>an.</strong></span> <span class='ocrx_word' id='word_1_333' title='bbox 1457 3821 1583 3881; x_wconf 73' lang='grc'><strong>418.</strong></span> <span class='ocrx_word' id='word_1_334' title='bbox 1608 3828 1703 3873; x_wconf 87' lang='lat' dir='ltr'><strong>aut</strong></span> <span class='ocrx_word' id='word_1_335' title='bbox 1744 3819 1958 3873; x_wconf 80' lang='lat' dir='ltr'><strong>ineunte</strong></span> <span class='ocrx_word' id='word_1_336' title='bbox 1987 3820 2110 3873; x_wconf 67' lang='grc'><strong>419.</strong></span> 
     </span>
    </p>
   </div>
   <div class='ocr_carea' id='block_1_53' title="bbox 612 3891 2182 3965">
    <p class='ocr_par' dir='ltr' id='par_1_53' title="bbox 612 3891 2182 3965">
     <span class='ocr_line' id='line_1_54' title="bbox 612 3891 2182 3965; baseline -0.004 -15"><span class='ocrx_word' id='word_1_337' title='bbox 612 3894 874 3965; x_wconf 82' lang='lat' dir='ltr'><strong>Epistola</strong></span> <span class='ocrx_word' id='word_1_338' title='bbox 921 3894 1332 3948; x_wconf 85' lang='lat' dir='ltr'><strong>ducentesima</strong></span> <span class='ocrx_word' id='word_1_339' title='bbox 1412 3893 1481 3947; x_wconf 88' lang='lat' dir='ltr'><strong>ad</strong></span> <span class='ocrx_word' id='word_1_340' title='bbox 1562 3891 2182 3965; x_wconf 60' lang='lat' dir='ltr'><strong>Kalerium__comitem</strong></span> 
     </span>
    </p>
   </div>
   <div class='ocr_carea' id='block_1_54' title="bbox 538 3961 2181 4034">
    <p class='ocr_par' dir='ltr' id='par_1_54' title="bbox 538 3961 2181 4034">
     <span class='ocr_line' id='line_1_55' title="bbox 538 3961 2181 4034; baseline -0.004 -13"><span class='ocrx_word' id='word_1_341' title='bbox 538 3961 723 4021; x_wconf 71' lang='lat' dir='ltr'><strong>missa</strong></span> <span class='ocrx_word' id='word_1_342' title='bbox 749 3972 840 4019; x_wconf 89' lang='lat' dir='ltr'><strong>est</strong></span> <span class='ocrx_word' id='word_1_343' title='bbox 863 3982 998 4018; x_wconf 88' lang='lat' dir='ltr'><strong>cum</strong></span> <span class='ocrx_word' id='word_1_344' title='bbox 1033 3965 1183 4018; x_wconf 88' lang='lat' dir='ltr'><strong>libro</strong></span> <span class='ocrx_word' id='word_1_345' title='bbox 1226 3966 1419 4034; x_wconf 88' lang='lat' dir='ltr'><strong>primo</strong></span> <span class='ocrx_word' id='word_1_346' title='bbox 1448 3965 1509 4017; x_wconf 83' lang='lat' dir='ltr'><strong>de</strong></span> <span class='ocrx_word' id='word_1_347' title='bbox 1553 3963 1779 4031; x_wconf 83' lang='lat' dir='ltr'><strong>Nuptiis</strong></span> <span class='ocrx_word' id='word_1_348' title='bbox 1804 3961 1996 4034; x_wconf 85' lang='lat' dir='ltr'><strong>eidem</strong></span> <span class='ocrx_word' id='word_1_349' title='bbox 2030 3977 2181 4034; x_wconf 87' lang='lat' dir='ltr'><strong>nun-</strong></span> 
     </span>
    </p>
   </div>
   <div class='ocr_carea' id='block_1_55' title="bbox 536 4033 2184 4106">
    <p class='ocr_par' dir='ltr' id='par_1_55' title="bbox 536 4033 2184 4106">
     <span class='ocr_line' id='line_1_56' title="bbox 536 4033 2184 4106; baseline -0.003 -16"><span class='ocrx_word' id='word_1_350' title='bbox 536 4043 775 4106; x_wconf 89' lang='lat' dir='ltr'><strong>cupato,</strong></span> <span class='ocrx_word' id='word_1_351' title='bbox 831 4051 1012 4106; x_wconf 84' lang='lat' dir='ltr'><strong>quem</strong></span> <span class='ocrx_word' id='word_1_352' title='bbox 1045 4033 1260 4088; x_wconf 90' lang='lat' dir='ltr'><strong>librum</strong></span> <span class='ocrx_word' id='word_1_353' title='bbox 1314 4050 1422 4088; x_wconf 88' lang='lat' dir='ltr'><strong>suo</strong></span> <span class='ocrx_word' id='word_1_354' title='bbox 1466 4035 1597 4088; x_wconf 88' lang='lat' dir='ltr'><strong>loco</strong></span> <span class='ocrx_word' id='word_1_355' title='bbox 1636 4033 2184 4106; x_wconf 81' lang='lat' dir='ltr'><strong>demonstrabimus</strong></span> 
     </span>
    </p>
   </div>
   <div class='ocr_carea' id='block_1_56' title="bbox 536 4104 2182 4176">
    <p class='ocr_par' dir='ltr' id='par_1_56' title="bbox 536 4104 2182 4176">
     <span class='ocr_line' id='line_1_57' title="bbox 536 4104 2182 4176; baseline -0.002 -15"><span class='ocrx_word' id='word_1_356' title='bbox 536 4104 941 4176; x_wconf 79' lang='lat' dir='ltr'><strong>conscriptum</strong></span> <span class='ocrx_word' id='word_1_357' title='bbox 982 4104 1165 4159; x_wconf 86' lang='lat' dir='ltr'><strong>fuisse</strong></span> <span class='ocrx_word' id='word_1_358' title='bbox 1196 4110 1445 4159; x_wconf 75' lang='lat' dir='ltr'><strong>exeunte</strong></span> <span class='ocrx_word' id='word_1_359' title='bbox 1476 4120 1637 4159; x_wconf 87' lang='lat' dir='ltr'><strong>anno</strong></span> <span class='ocrx_word' id='word_1_360' title='bbox 1657 4104 1782 4176; x_wconf 58' lang='grc' dir='ltr'>ῤ18,</span> <span class='ocrx_word' id='word_1_361' title='bbox 1814 4111 1920 4176; x_wconf 80' lang='lat' dir='ltr'><strong>aut</strong></span> <span class='ocrx_word' id='word_1_362' title='bbox 1943 4104 2182 4176; x_wconf 66' lang='lat' dir='ltr'><strong>ipcunte</strong></span> 
     </span>
    </p>
   </div>
   <div class='ocr_carea' id='block_1_57' title="bbox 534 4173 2183 4245">
    <p class='ocr_par' dir='ltr' id='par_1_57' title="bbox 534 4173 2183 4245">
     <span class='ocr_line' id='line_1_58' title="bbox 534 4173 2183 4245; baseline -0.003 -14"><span class='ocrx_word' id='word_1_363' title='bbox 534 4180 656 4231; x_wconf 76' lang='grc'><strong>419.</strong></span> <span class='ocrx_word' id='word_1_364' title='bbox 682 4173 847 4231; x_wconf 87' lang='lat' dir='ltr'><strong>Enim</strong></span> <span class='ocrx_word' id='word_1_365' title='bbox 872 4192 1011 4230; x_wconf 85' lang='lat' dir='ltr'><strong>vero</strong></span> <span class='ocrx_word' id='word_1_366' title='bbox 1034 4177 1159 4245; x_wconf 86' lang='lat' dir='ltr'><strong>ipse</strong></span> <span class='ocrx_word' id='word_1_367' title='bbox 1190 4176 1551 4245; x_wconf 79' lang='lat' dir='ltr'><strong>Augustinus</strong></span> <span class='ocrx_word' id='word_1_368' title='bbox 1582 4177 1638 4227; x_wconf 90' lang='lat' dir='ltr'><strong>in</strong></span> <span class='ocrx_word' id='word_1_369' title='bbox 1662 4174 1762 4227; x_wconf 88' lang='lat' dir='ltr'><strong>lib.</strong></span> <span class='ocrx_word' id='word_1_370' title='bbox 1805 4181 1821 4227; x_wconf 92' lang='grc'><strong>1</strong></span> <span class='ocrx_word' id='word_1_371' title='bbox 1852 4173 1921 4226; x_wconf 87' lang='lat' dir='ltr'><strong>ad</strong></span> <span class='ocrx_word' id='word_1_372' title='bbox 1951 4174 2183 4242; x_wconf 80' lang='lat' dir='ltr'><strong>Bonifa-</strong></span> 
     </span>
    </p>
   </div>
   <div class='ocr_carea' id='block_1_58' title="bbox 533 4244 2180 4317">
    <p class='ocr_par' dir='ltr' id='par_1_58' title="bbox 533 4244 2180 4317">
     <span class='ocr_line' id='line_1_59' title="bbox 533 4244 2180 4317; baseline -0.003 -15"><span class='ocrx_word' id='word_1_373' title='bbox 533 4250 697 4311; x_wconf 87' lang='lat' dir='ltr'><strong>cium,</strong></span> <span class='ocrx_word' id='word_1_374' title='bbox 740 4264 792 4303; x_wconf 91' lang='lat' dir='ltr'><strong>c.</strong></span> <span class='ocrx_word' id='word_1_375' title='bbox 815 4250 869 4309; x_wconf 83' lang='lat'><strong>5,</strong></span> <span class='ocrx_word' id='word_1_376' title='bbox 902 4247 1044 4301; x_wconf 89' lang='lat' dir='ltr'><strong>dicit</strong></span> <span class='ocrx_word' id='word_1_377' title='bbox 1067 4264 1127 4299; x_wconf 86' lang='lat' dir='ltr'><strong>se</strong></span> <span class='ocrx_word' id='word_1_378' title='bbox 1156 4247 1211 4300; x_wconf 91' lang='lat' dir='ltr'><strong>id</strong></span> <span class='ocrx_word' id='word_1_379' title='bbox 1246 4244 1443 4316; x_wconf 82' lang='lat' dir='ltr'><strong>operis</strong></span> <span class='ocrx_word' id='word_1_380' title='bbox 1471 4253 1583 4317; x_wconf 88' lang='lat' dir='ltr'><strong>post</strong></span> <span class='ocrx_word' id='word_1_381' title='bbox 1605 4246 1997 4298; x_wconf 85' lang='lat' dir='ltr'><strong>damnationem</strong></span> <span class='ocrx_word' id='word_1_382' title='bbox 2027 4244 2180 4298; x_wconf 82' lang='lat' dir='ltr'><strong>Pela-</strong></span> 
     </span>
    </p>
   </div>
   <div class='ocr_carea' id='block_1_59' title="bbox 531 4318 2173 4389">
    <p class='ocr_par' dir='ltr' id='par_1_59' title="bbox 531 4318 2173 4389">
     <span class='ocr_line' id='line_1_60' title="bbox 531 4318 2173 4389; baseline -0.002 -16"><span class='ocrx_word' id='word_1_383' title='bbox 531 4320 615 4389; x_wconf 78' lang='lat' dir='ltr'><strong>gii</strong></span> <span class='ocrx_word' id='word_1_384' title='bbox 647 4320 975 4388; x_wconf 69' lang='lat' dir='ltr'><strong>Calestiique</strong></span> <span class='ocrx_word' id='word_1_385' title='bbox 997 4318 1274 4372; x_wconf 88' lang='lat' dir='ltr'><strong>edidisse.</strong></span> <span class='ocrx_word' id='word_1_386' title='bbox 1306 4319 1449 4371; x_wconf 84' lang='lat' dir='ltr'><strong>Tum</strong></span> <span class='ocrx_word' id='word_1_387' title='bbox 1506 4319 1734 4371; x_wconf 85' lang='lat' dir='ltr'><strong>addens</strong></span> <span class='ocrx_word' id='word_1_388' title='bbox 1761 4318 2129 4389; x_wconf 84' lang='lat' dir='ltr'><strong>continenter</strong></span> <span class='ocrx_word' id='word_1_389' title='bbox 2150 4332 2173 4389; x_wconf 10' lang='lat'><strong>7:</strong></span> 
     </span>
    </p>
   </div>
   <div class='ocr_carea' id='block_1_60' title="bbox 536 4387 2177 4459">
    <p class='ocr_par' dir='ltr' id='par_1_60' title="bbox 536 4387 2177 4459">
     <span class='ocr_line' id='line_1_61' title="bbox 536 4387 2177 4459; baseline -0.003 -14"><span class='ocrx_word' id='word_1_390' title='bbox 536 4387 691 4454; x_wconf 70' lang='lat' dir='ltr'><strong>Quod</strong></span> <span class='ocrx_word' id='word_1_391' title='bbox 721 4392 839 4445; x_wconf 86' lang='lat' dir='ltr'><strong>ideo</strong></span> <span class='ocrx_word' id='word_1_392' title='bbox 865 4387 1143 4443; x_wconf 85' lang='lat' dir='ltr'><strong>dicendum</strong></span> <span class='ocrx_word' id='word_1_393' title='bbox 1177 4390 1389 4459; x_wconf 84' lang='lat' dir='ltr'><strong>putavi,</strong></span> <span class='ocrx_word' id='word_1_394' title='bbox 1424 4391 1677 4458; x_wconf 86' lang='lat' dir='ltr'><strong>quoniam</strong></span> <span class='ocrx_word' id='word_1_395' title='bbox 1696 4390 1794 4441; x_wconf 86' lang='lat' dir='ltr'><strong>iste</strong></span> <span class='ocrx_word' id='word_1_396' title='bbox 1819 4388 1953 4441; x_wconf 85' lang='lat' dir='ltr'><strong>dicit</strong></span> <span class='ocrx_word' id='word_1_397' title='bbox 1984 4387 2049 4439; x_wconf 88' lang='lat' dir='ltr'><strong>ab</strong></span> <span class='ocrx_word' id='word_1_398' title='bbox 2073 4388 2177 4440; x_wconf 84' lang='lat' dir='ltr'><strong>ini-</strong></span> 
     </span>
    </p>
   </div>
   <div class='ocr_carea' id='block_1_61' title="bbox 532 4460 2174 4526">
    <p class='ocr_par' dir='ltr' id='par_1_61' title="bbox 532 4460 2174 4526">
     <span class='ocr_line' id='line_1_62' title="bbox 532 4460 2174 4526; baseline -0.002 -10"><span class='ocrx_word' id='word_1_399' title='bbox 532 4464 687 4517; x_wconf 84' lang='lat' dir='ltr'><strong>micis</strong></span> <span class='ocrx_word' id='word_1_400' title='bbox 721 4463 834 4516; x_wconf 86' lang='lat' dir='ltr'><strong>suis</strong></span> <span class='ocrx_word' id='word_1_401' title='bbox 881 4463 938 4514; x_wconf 89' lang='lat' dir='ltr'><strong>in</strong></span> <span class='ocrx_word' id='word_1_402' title='bbox 995 4461 1171 4514; x_wconf 87' lang='lat' dir='ltr'><strong>odium</strong></span> <span class='ocrx_word' id='word_1_403' title='bbox 1228 4462 1478 4513; x_wconf 82' lang='lat' dir='ltr'><strong>veritatis</strong></span> <span class='ocrx_word' id='word_1_404' title='bbox 1533 4461 1677 4513; x_wconf 86' lang='lat' dir='ltr'><strong>dicta</strong></span> <span class='ocrx_word' id='word_1_405' title='bbox 1707 4475 1821 4512; x_wconf 85' lang='lat' dir='ltr'><strong>mea</strong></span> <span class='ocrx_word' id='word_1_406' title='bbox 1847 4460 2019 4526; x_wconf 82' lang='lat' dir='ltr'><strong>fuisse</strong></span> <span class='ocrx_word' id='word_1_407' title='bbox 2056 4474 2174 4513; x_wconf 87' lang='lat' dir='ltr'><strong>sus-</strong></span> 
     </span>
    </p>
   </div>
   <div class='ocr_carea' id='block_1_62' title="bbox 529 4529 2174 4602">
    <p class='ocr_par' dir='ltr' id='par_1_62' title="bbox 529 4529 2174 4602">
     <span class='ocr_line' id='line_1_63' title="bbox 529 4529 2174 4602; baseline -0.001 -15"><span class='ocrx_word' id='word_1_408' title='bbox 529 4542 685 4601; x_wconf 81' lang='lat' dir='ltr'><strong>cepta</strong></span> <span class='ocrx_word' id='word_1_409' title='bbox 718 4551 733 4586; x_wconf 90' lang='lat'><em>:</em></span> <span class='ocrx_word' id='word_1_410' title='bbox 756 4551 820 4587; x_wconf 89' lang='lat' dir='ltr'><strong>ne</strong></span> <span class='ocrx_word' id='word_1_411' title='bbox 841 4533 959 4586; x_wconf 83' lang='lat' dir='ltr'><strong>ideo</strong></span> <span class='ocrx_word' id='word_1_412' title='bbox 981 4536 1257 4602; x_wconf 80' lang='lat' dir='ltr'><strong>quisquam</strong></span> <span class='ocrx_word' id='word_1_413' title='bbox 1279 4535 1543 4585; x_wconf 67' lang='lat' dir='ltr'><strong>existimet</strong></span> <span class='ocrx_word' id='word_1_414' title='bbox 1570 4540 1789 4601; x_wconf 81' lang='lat' dir='ltr'><strong>propter</strong></span> <span class='ocrx_word' id='word_1_415' title='bbox 1808 4531 1945 4584; x_wconf 83' lang='lat' dir='ltr'><strong>hunc</strong></span> <span class='ocrx_word' id='word_1_416' title='bbox 1975 4529 2174 4585; x_wconf 84' lang='lat' dir='ltr'><strong>librum</strong></span> 
     </span>
    </p>
   </div>
   <div class='ocr_carea' id='block_1_63' title="bbox 531 4602 2178 4674">
    <p class='ocr_par' dir='ltr' id='par_1_63' title="bbox 531 4602 2178 4674">
     <span class='ocr_line' id='line_1_64' title="bbox 531 4602 2178 4674; baseline -0.001 -17"><span class='ocrx_word' id='word_1_417' title='bbox 531 4620 702 4658; x_wconf 87' lang='lat' dir='ltr'><strong>meum</strong></span> <span class='ocrx_word' id='word_1_418' title='bbox 724 4604 972 4659; x_wconf 85' lang='lat' dir='ltr'><strong>inimicos</strong></span> <span class='ocrx_word' id='word_1_419' title='bbox 994 4604 1200 4674; x_wconf 67' lang='lat' dir='ltr'><strong>gratim</strong></span> <span class='ocrx_word' id='word_1_420' title='bbox 1251 4604 1466 4658; x_wconf 84' lang='lat' dir='ltr'><strong>Christi</strong></span> <span class='ocrx_word' id='word_1_421' title='bbox 1510 4620 1665 4656; x_wconf 78' lang='lat' dir='ltr'><strong>novos</strong></span> <span class='ocrx_word' id='word_1_422' title='bbox 1695 4603 1966 4656; x_wconf 75' lang='lat' dir='ltr'><strong>hwreticos</strong></span> <span class='ocrx_word' id='word_1_423' title='bbox 2007 4602 2178 4671; x_wconf 82' lang='lat' dir='ltr'><strong>fuisse</strong></span> 
     </span>
    </p>
   </div>
   <div class='ocr_carea' id='block_1_64' title="bbox 530 4674 2174 4754">
    <p class='ocr_par' dir='ltr' id='par_1_64' title="bbox 530 4674 2174 4754">
     <span class='ocr_line' id='line_1_65' title="bbox 530 4674 2174 4754; baseline -0.001 -25"><span class='ocrx_word' id='word_1_424' title='bbox 530 4675 811 4754; x_wconf 73' lang='lat' dir='ltr'><strong>damnatos</strong></span> <span class='ocrx_word' id='word_1_425' title='bbox 867 4691 890 4731; x_wconf 83' lang='lat'><strong>.&#39;</strong></span> <span class='ocrx_word' id='word_1_426' title='bbox 927 4682 1349 4754; x_wconf 79' lang='lat' dir='ltr'><strong>argumentum</strong></span> <span class='ocrx_word' id='word_1_427' title='bbox 1418 4676 1645 4754; x_wconf 72' lang='lat' dir='ltr'><strong>praeth</strong></span> <span class='ocrx_word' id='word_1_428' title='bbox 1722 4689 1844 4754; x_wconf 79' lang='lat' dir='ltr'><strong>quo</strong></span> <span class='ocrx_word' id='word_1_429' title='bbox 1894 4674 2174 4754; x_wconf 46' lang='lat' dir='ltr'><strong>eum‘dem</strong></span> 
     </span>
    </p>
   </div>
   <div class='ocr_carea' id='block_1_65' title="bbox 528 4744 2174 4817">
    <p class='ocr_par' dir='ltr' id='par_1_65' title="bbox 528 4744 2174 4817">
     <span class='ocr_line' id='line_1_66' title="bbox 528 4744 2174 4817; baseline -0.001 -16"><span class='ocrx_word' id='word_1_430' title='bbox 528 4746 749 4801; x_wconf 88' lang='lat' dir='ltr'><strong>librum</strong></span> <span class='ocrx_word' id='word_1_431' title='bbox 782 4762 901 4801; x_wconf 91' lang='lat' dir='ltr'><strong>non</strong></span> <span class='ocrx_word' id='word_1_432' title='bbox 934 4748 1125 4801; x_wconf 90' lang='lat' dir='ltr'><strong>multo</strong></span> <span class='ocrx_word' id='word_1_433' title='bbox 1142 4753 1278 4817; x_wconf 81' lang='lat' dir='ltr'><strong>post</strong></span> <span class='ocrx_word' id='word_1_434' title='bbox 1306 4762 1511 4799; x_wconf 90' lang='lat' dir='ltr'><strong>eorum</strong></span> <span class='ocrx_word' id='word_1_435' title='bbox 1557 4744 1972 4800; x_wconf 62' lang='lat' dir='ltr'><strong>hereticorum</strong></span> <span class='ocrx_word' id='word_1_436' title='bbox 2004 4744 2174 4800; x_wconf 85' lang='lat' dir='ltr'><strong>dam-</strong></span> 
     </span>
    </p>
   </div>
   <div class='ocr_carea' id='block_1_66' title="bbox 532 4817 1628 4885">
    <p class='ocr_par' dir='ltr' id='par_1_66' title="bbox 532 4817 1628 4885">
     <span class='ocr_line' id='line_1_67' title="bbox 532 4817 1628 4885; baseline -0.001 -12"><span class='ocrx_word' id='word_1_437' title='bbox 532 4820 824 4875; x_wconf 87' lang='lat' dir='ltr'><strong>nationem</strong></span> <span class='ocrx_word' id='word_1_438' title='bbox 855 4818 1143 4885; x_wconf 86' lang='lat' dir='ltr'><strong>prodiisse</strong></span> <span class='ocrx_word' id='word_1_439' title='bbox 1174 4817 1628 4872; x_wconf 87' lang='lat' dir='ltr'><strong>concludamus.</strong></span> 
     </span>
    </p>
   </div>
   <div class='ocr_carea' id='block_1_67' title="bbox 764 4886 1929 4957">
    <p class='ocr_par' dir='ltr' id='par_1_67' title="bbox 764 4886 1929 4957">
     <span class='ocr_line' id='line_1_68' title="bbox 764 4886 1929 4957; baseline -0.003 -14"><span class='ocrx_word' id='word_1_440' title='bbox 764 4890 891 4945; x_wconf 89' lang='lat' dir='ltr'><strong>CCI.</strong></span> <span class='ocrx_word' id='word_1_441' title='bbox 925 4919 989 4928; x_wconf 98' lang='lat'><strong>—</strong></span> <span class='ocrx_word' id='word_1_442' title='bbox 1018 4888 1234 4957; x_wconf 81' lang='lat' dir='ltr'><strong>Scripta</strong></span> <span class='ocrx_word' id='word_1_443' title='bbox 1264 4905 1362 4943; x_wconf 89' lang='lat' dir='ltr'><strong>an.</strong></span> <span class='ocrx_word' id='word_1_444' title='bbox 1402 4889 1528 4950; x_wconf 71' lang='grc'>4111,</span> <span class='ocrx_word' id='word_1_445' title='bbox 1555 4901 1734 4942; x_wconf 81' lang='lat' dir='ltr'><strong>mense</strong></span> <span class='ocrx_word' id='word_1_446' title='bbox 1749 4886 1929 4956; x_wconf 87' lang='lat' dir='ltr'><strong>junio.</strong></span> 
     </span>
    </p>
   </div>
   <div class='ocr_carea' id='block_1_68' title="bbox 598 4958 2173 5029">
    <p class='ocr_par' dir='ltr' id='par_1_68' title="bbox 598 4958 2173 5029">
     <span class='ocr_line' id='line_1_69' title="bbox 598 4958 2173 5029; baseline -0.004 -12"><span class='ocrx_word' id='word_1_447' title='bbox 598 4960 1014 5017; x_wconf 73' lang='lat' dir='ltr'><strong>Ducentesimo</strong></span> <span class='ocrx_word' id='word_1_448' title='bbox 1049 4960 1262 5029; x_wconf 89' lang='lat' dir='ltr'><strong>prima,</strong></span> <span class='ocrx_word' id='word_1_449' title='bbox 1298 4975 1433 5029; x_wconf 76' lang='lat' dir='ltr'><strong>quae</strong></span> <span class='ocrx_word' id='word_1_450' title='bbox 1463 4960 1540 5013; x_wconf 86' lang='lat' dir='ltr'><strong>ab</strong></span> <span class='ocrx_word' id='word_1_451' title='bbox 1571 4958 2037 5028; x_wconf 87' lang='lat' dir='ltr'><strong>Imperatoribus</strong></span> <span class='ocrx_word' id='word_1_452' title='bbox 2068 4959 2173 5012; x_wconf 82' lang='grc' dir='ltr'><strong>Ησ-</strong></span> 
     </span>
    </p>
   </div>
   <div class='ocr_carea' id='block_1_69' title="bbox 530 5028 2174 5094">
    <p class='ocr_par' dir='ltr' id='par_1_69' title="bbox 530 5028 2174 5094">
     <span class='ocr_line' id='line_1_70' title="bbox 530 5028 2174 5094; baseline -0.004 -5"><span class='ocrx_word' id='word_1_453' title='bbox 530 5035 686 5089; x_wconf 82' lang='lat' dir='ltr'><strong>norio</strong></span> <span class='ocrx_word' id='word_1_454' title='bbox 703 5040 751 5088; x_wconf 88' lang='lat' dir='ltr'><strong>et</strong></span> <span class='ocrx_word' id='word_1_455' title='bbox 786 5031 1077 5087; x_wconf 83' lang='lat' dir='ltr'><strong>Theodosio</strong></span> <span class='ocrx_word' id='word_1_456' title='bbox 1116 5031 1195 5084; x_wconf 89' lang='lat' dir='ltr'><strong>ad</strong></span> <span class='ocrx_word' id='word_1_457' title='bbox 1229 5028 1555 5094; x_wconf 80' lang='lat' dir='ltr'><strong>Aurelium,</strong></span> <span class='ocrx_word' id='word_1_458' title='bbox 1588 5038 1645 5084; x_wconf 88' lang='lat' dir='ltr'><strong>et</strong></span> <span class='ocrx_word' id='word_1_459' title='bbox 1674 5030 1919 5084; x_wconf 87' lang='lat' dir='ltr'><strong>seorsim</strong></span> <span class='ocrx_word' id='word_1_460' title='bbox 1950 5028 2022 5082; x_wconf 87' lang='lat' dir='ltr'><strong>ad</strong></span> <span class='ocrx_word' id='word_1_461' title='bbox 2060 5034 2174 5083; x_wconf 77' lang='lat' dir='ltr'><strong>Au-</strong></span> 
     </span>
    </p>
   </div>
   <div class='ocr_carea' id='block_1_70' title="bbox 526 5099 2171 5173">
    <p class='ocr_par' dir='ltr' id='par_1_70' title="bbox 526 5099 2171 5173">
     <span class='ocr_line' id='line_1_71' title="bbox 526 5099 2171 5173; baseline -0.003 -14"><span class='ocrx_word' id='word_1_462' title='bbox 526 5107 836 5173; x_wconf 83' lang='lat' dir='ltr'><strong>gustinum</strong></span> <span class='ocrx_word' id='word_1_463' title='bbox 884 5103 1095 5158; x_wconf 89' lang='lat' dir='ltr'><strong>eodem</strong></span> <span class='ocrx_word' id='word_1_464' title='bbox 1130 5106 1330 5156; x_wconf 86' lang='lat' dir='ltr'><strong>tenore</strong></span> <span class='ocrx_word' id='word_1_465' title='bbox 1382 5102 1521 5157; x_wconf 88' lang='lat' dir='ltr'><strong>data</strong></span> <span class='ocrx_word' id='word_1_466' title='bbox 1553 5108 1659 5165; x_wconf 87' lang='lat' dir='ltr'><strong>est,</strong></span> <span class='ocrx_word' id='word_1_467' title='bbox 1689 5100 1803 5155; x_wconf 90' lang='lat' dir='ltr'><strong>dici</strong></span> <span class='ocrx_word' id='word_1_468' title='bbox 1834 5105 1891 5155; x_wconf 88' lang='lat' dir='ltr'><strong>et</strong></span> <span class='ocrx_word' id='word_1_469' title='bbox 1945 5099 2171 5154; x_wconf 87' lang='lat' dir='ltr'><strong>Consu-</strong></span> 
     </span>
    </p>
   </div>
   <div class='ocr_carea' id='block_1_71' title="bbox 523 5173 1353 5241">
    <p class='ocr_par' dir='ltr' id='par_1_71' title="bbox 523 5173 1353 5241">
     <span class='ocr_line' id='line_1_72' title="bbox 523 5173 1353 5241; baseline -0.004 -11"><span class='ocrx_word' id='word_1_470' title='bbox 523 5175 649 5230; x_wconf 86' lang='lat' dir='ltr'><strong>lum</strong></span> <span class='ocrx_word' id='word_1_471' title='bbox 682 5182 884 5231; x_wconf 90' lang='lat' dir='ltr'><strong>notam</strong></span> <span class='ocrx_word' id='word_1_472' title='bbox 913 5174 1153 5230; x_wconf 78' lang='lat' dir='ltr'><strong>afﬁxam</strong></span> <span class='ocrx_word' id='word_1_473' title='bbox 1187 5173 1353 5241; x_wconf 87' lang='lat' dir='ltr'><strong>gerit.</strong></span> 
     </span>
    </p>
   </div>
   <div class='ocr_carea' id='block_1_72' title="bbox 631 5242 2061 5318">
    <p class='ocr_par' dir='ltr' id='par_1_72' title="bbox 631 5242 2061 5318">
     <span class='ocr_line' id='line_1_73' title="bbox 631 5242 2061 5318; baseline -0.005 -16"><span class='ocrx_word' id='word_1_474' title='bbox 631 5248 783 5302; x_wconf 88' lang='lat' dir='ltr'><strong>CCII.</strong></span> <span class='ocrx_word' id='word_1_475' title='bbox 827 5278 894 5286; x_wconf 89' lang='lat'><strong>——</strong></span> <span class='ocrx_word' id='word_1_476' title='bbox 943 5247 1158 5318; x_wconf 82' lang='lat' dir='ltr'><strong>Scripta</strong></span> <span class='ocrx_word' id='word_1_477' title='bbox 1180 5246 1396 5299; x_wconf 84' lang='lat' dir='ltr'><strong>videtur</strong></span> <span class='ocrx_word' id='word_1_478' title='bbox 1418 5260 1601 5318; x_wconf 72' lang='lat' dir='ltr'><strong>cereus</strong></span> <span class='ocrx_word' id='word_1_479' title='bbox 1626 5242 1785 5311; x_wconf 76' lang='lat' dir='ltr'><strong>ﬁnem</strong></span> <span class='ocrx_word' id='word_1_480' title='bbox 1807 5258 1899 5295; x_wconf 86' lang='lat' dir='ltr'><strong>an.</strong></span> <span class='ocrx_word' id='word_1_481' title='bbox 1939 5242 2061 5295; x_wconf 78' lang='grc'>419.</span> 
     </span>
    </p>
   </div>
   <div class='ocr_carea' id='block_1_73' title="bbox 597 5314 2171 5393">
    <p class='ocr_par' dir='ltr' id='par_1_73' title="bbox 597 5314 2171 5393">
     <span class='ocr_line' id='line_1_74' title="bbox 597 5314 2171 5393; baseline -0.003 -21"><span class='ocrx_word' id='word_1_482' title='bbox 597 5318 739 5381; x_wconf 84' lang='lat' dir='ltr'><strong>Quae</strong></span> <span class='ocrx_word' id='word_1_483' title='bbox 770 5314 1179 5393; x_wconf 75' lang='lat' dir='ltr'><strong>ducentesima</strong></span> <span class='ocrx_word' id='word_1_484' title='bbox 1210 5316 1473 5393; x_wconf 82' lang='lat' dir='ltr'><strong>secunda</strong></span> <span class='ocrx_word' id='word_1_485' title='bbox 1508 5314 1599 5368; x_wconf 88' lang='lat' dir='ltr'><strong>hic</strong></span> <span class='ocrx_word' id='word_1_486' title='bbox 1632 5318 1738 5377; x_wconf 85' lang='lat' dir='ltr'><strong>est,</strong></span> <span class='ocrx_word' id='word_1_487' title='bbox 1777 5328 1985 5393; x_wconf 76' lang='lat' dir='ltr'><strong>earum</strong></span> <span class='ocrx_word' id='word_1_488' title='bbox 2017 5327 2171 5393; x_wconf 76' lang='lat' dir='ltr'><strong>quas</strong></span> 
     </span>
    </p>
   </div>
   <div class='ocr_carea' id='block_1_74' title="bbox 521 5385 2172 5458">
    <p class='ocr_par' dir='ltr' id='par_1_74' title="bbox 521 5385 2172 5458">
     <span class='ocr_line' id='line_1_75' title="bbox 521 5385 2172 5458; baseline -0.001 -20"><span class='ocrx_word' id='word_1_489' title='bbox 521 5388 919 5458; x_wconf 79' lang='lat' dir='ltr'><strong>Hieronymus</strong></span> <span class='ocrx_word' id='word_1_490' title='bbox 934 5389 1192 5458; x_wconf 77' lang='lat' dir='ltr'><strong>scripsit,</strong></span> <span class='ocrx_word' id='word_1_491' title='bbox 1218 5386 1602 5457; x_wconf 83' lang='lat' dir='ltr'><strong>epistolarum</strong></span> <span class='ocrx_word' id='word_1_492' title='bbox 1624 5385 1895 5458; x_wconf 88' lang='lat' dir='ltr'><strong>omnium</strong></span> <span class='ocrx_word' id='word_1_493' title='bbox 1921 5385 2172 5458; x_wconf 82' lang='lat' dir='ltr'><strong>novissi-</strong></span> 
     </span>
    </p>
   </div>
   <div class='ocr_carea' id='block_1_75' title="bbox 518 5456 2170 5529">
    <p class='ocr_par' dir='ltr' id='par_1_75' title="bbox 518 5456 2170 5529">
     <span class='ocr_line' id='line_1_76' title="bbox 518 5456 2170 5529; baseline -0.001 -16"><span class='ocrx_word' id='word_1_494' title='bbox 518 5473 684 5513; x_wconf 86' lang='lat' dir='ltr'><strong>mam</strong></span> <span class='ocrx_word' id='word_1_495' title='bbox 716 5456 887 5529; x_wconf 85' lang='lat' dir='ltr'><strong>putat</strong></span> <span class='ocrx_word' id='word_1_496' title='bbox 907 5456 1223 5520; x_wconf 74' lang='lat' dir='ltr'><strong>Bardnius,</strong></span> <span class='ocrx_word' id='word_1_497' title='bbox 1245 5456 1607 5529; x_wconf 83' lang='lat' dir='ltr'><strong>remittitque</strong></span> <span class='ocrx_word' id='word_1_498' title='bbox 1622 5457 1696 5512; x_wconf 87' lang='lat' dir='ltr'><strong>ad</strong></span> <span class='ocrx_word' id='word_1_499' title='bbox 1719 5473 1945 5512; x_wconf 86' lang='lat' dir='ltr'><strong>annum</strong></span> <span class='ocrx_word' id='word_1_500' title='bbox 1961 5460 2084 5529; x_wconf 72' lang='grc'><strong>420,</strong></span> <span class='ocrx_word' id='word_1_501' title='bbox 2111 5456 2170 5511; x_wconf 92' lang='lat' dir='ltr'><strong>in</strong></span> 
     </span>
    </p>
   </div>
   <div class='ocr_carea' id='block_1_76' title="bbox 516 5527 2171 5600">
    <p class='ocr_par' dir='ltr' id='par_1_76' title="bbox 516 5527 2171 5600">
     <span class='ocr_line' id='line_1_77' title="bbox 516 5527 2171 5600; baseline -0.001 -17"><span class='ocrx_word' id='word_1_502' title='bbox 516 5544 699 5600; x_wconf 84' lang='lat' dir='ltr'><strong>quem</strong></span> <span class='ocrx_word' id='word_1_503' title='bbox 718 5527 1079 5600; x_wconf 49' lang='lat' dir='ltr'><strong>&#39;liieronymi</strong></span> <span class='ocrx_word' id='word_1_504' title='bbox 1104 5529 1298 5584; x_wconf 86' lang='lat' dir='ltr'><strong>obitus</strong></span> <span class='ocrx_word' id='word_1_505' title='bbox 1323 5532 1495 5599; x_wconf 77' lang='lat' dir='ltr'><strong>juxta</strong></span> <span class='ocrx_word' id='word_1_506' title='bbox 1512 5527 1792 5600; x_wconf 41' lang='lat' dir='ltr'><strong>&#39;Prosperi</strong></span> <span class='ocrx_word' id='word_1_507' title='bbox 1815 5527 2171 5600; x_wconf 83' lang='lat' dir='ltr'><strong>Chronicum</strong></span> 
     </span>
    </p>
   </div>
   <div class='ocr_carea' id='block_1_77' title="bbox 518 5598 2166 5671">
    <p class='ocr_par' dir='ltr' id='par_1_77' title="bbox 518 5598 2166 5671">
     <span class='ocr_line' id='line_1_78' title="bbox 518 5598 2166 5671; baseline -0.002 -16"><span class='ocrx_word' id='word_1_508' title='bbox 518 5598 744 5671; x_wconf 74' lang='lat' dir='ltr'><strong>indicit.</strong></span> <span class='ocrx_word' id='word_1_509' title='bbox 780 5598 1226 5671; x_wconf 48' lang='lat' dir='ltr'><strong>Certe&#39;quidem</strong></span> <span class='ocrx_word' id='word_1_510' title='bbox 1262 5598 1559 5657; x_wconf 80' lang='lat' dir='ltr'><strong>Eustocbii</strong></span> <span class='ocrx_word' id='word_1_511' title='bbox 1589 5598 1832 5669; x_wconf 79' lang='lat' dir='ltr'><strong>virginis</strong></span> <span class='ocrx_word' id='word_1_512' title='bbox 1864 5598 2166 5671; x_wconf 89' lang='lat' dir='ltr'><strong>dormitio,</strong></span> 
     </span>
    </p>
   </div>
   <div class='ocr_carea' id='block_1_78' title="bbox 518 5669 2169 5747">
    <p class='ocr_par' dir='ltr' id='par_1_78' title="bbox 518 5669 2169 5747">
     <span class='ocr_line' id='line_1_79' title="bbox 518 5669 2169 5747; baseline -0.003 -17"><span class='ocrx_word' id='word_1_513' title='bbox 518 5670 613 5747; x_wconf 61' lang='grc' dir='ltr'><strong>οη)</strong></span> <span class='ocrx_word' id='word_1_514' title='bbox 621 5687 693 5727; x_wconf 85' lang='lat' dir='ltr'><strong>us</strong></span> <span class='ocrx_word' id='word_1_515' title='bbox 705 5670 913 5727; x_wconf 84' lang='lat' dir='ltr'><strong>dolore</strong></span> <span class='ocrx_word' id='word_1_516' title='bbox 937 5669 1408 5729; x_wconf 39' lang='lat' dir='ltr'><strong>se‘vshemcnter</strong></span> <span class='ocrx_word' id='word_1_517' title='bbox 1426 5677 1789 5746; x_wconf 82' lang='lat' dir='ltr'><strong>occupatum</strong></span> <span class='ocrx_word' id='word_1_518' title='bbox 1808 5675 2057 5727; x_wconf 85' lang='lat' dir='ltr'><strong>testatur</strong></span> <span class='ocrx_word' id='word_1_519' title='bbox 2073 5670 2169 5725; x_wconf 88' lang='lat' dir='ltr'><strong>hic</strong></span> 
     </span>
    </p>
   </div>
   <div class='ocr_carea' id='block_1_79' title="bbox 2318 260 3966 335">
    <p class='ocr_par' dir='ltr' id='par_1_79' title="bbox 2318 260 3966 335">
     <span class='ocr_line' id='line_1_80' title="bbox 2318 260 3966 335; baseline 0 -15"><span class='ocrx_word' id='word_1_520' title='bbox 2318 266 2729 335; x_wconf 84' lang='lat' dir='ltr'><strong>Hieronymus,</strong></span> <span class='ocrx_word' id='word_1_521' title='bbox 2760 275 2881 316; x_wconf 91' lang='lat' dir='ltr'><strong>non</strong></span> <span class='ocrx_word' id='word_1_522' title='bbox 2898 260 3083 335; x_wconf 80' lang='lat' dir='ltr'><strong>multo</strong></span> <span class='ocrx_word' id='word_1_523' title='bbox 3106 267 3243 335; x_wconf 85' lang='lat' dir='ltr'><strong>ante</strong></span> <span class='ocrx_word' id='word_1_524' title='bbox 3254 262 3599 333; x_wconf 63' lang='lat' dir='ltr'><strong>praedictum</strong></span> <span class='ocrx_word' id='word_1_525' title='bbox 3617 279 3848 320; x_wconf 85' lang='lat' dir='ltr'><strong>annum</strong></span> <span class='ocrx_word' id='word_1_526' title='bbox 3859 269 3966 320; x_wconf 67' lang='lat'><strong>4‘20</strong></span> 
     </span>
    </p>
   </div>
   <div class='ocr_carea' id='block_1_80' title="bbox 2317 332 3963 407">
    <p class='ocr_par' dir='ltr' id='par_1_80' title="bbox 2317 332 3963 407">
     <span class='ocr_line' id='line_1_81' title="bbox 2317 332 3963 407; baseline 0 -16"><span class='ocrx_word' id='word_1_527' title='bbox 2317 337 2521 407; x_wconf 89' lang='lat' dir='ltr'><strong>reponi</strong></span> <span class='ocrx_word' id='word_1_528' title='bbox 2535 332 2741 405; x_wconf 79' lang='lat' dir='ltr'><strong>potest</strong></span> <span class='ocrx_word' id='word_1_529' title='bbox 2758 355 2767 396; x_wconf 83' lang='lat'><strong>;</strong></span> <span class='ocrx_word' id='word_1_530' title='bbox 2784 332 3277 405; x_wconf 82' lang='lat' dir='ltr'><strong>quandoquidem</strong></span> <span class='ocrx_word' id='word_1_531' title='bbox 3296 334 3591 389; x_wconf 89' lang='lat' dir='ltr'><strong>Palladius</strong></span> <span class='ocrx_word' id='word_1_532' title='bbox 3612 336 3963 391; x_wconf 85' lang='lat' dir='ltr'><strong>Lausiacam</strong></span> 
     </span>
    </p>
   </div>
   <div class='ocr_carea' id='block_1_81' title="bbox 2316 406 3965 469">
    <p class='ocr_par' dir='ltr' id='par_1_81' title="bbox 2316 406 3965 469">
     <span class='ocr_line' id='line_1_82' title="bbox 2316 406 3965 469; baseline 0.001 -7"><span class='ocrx_word' id='word_1_533' title='bbox 2316 408 2624 462; x_wconf 83' lang='lat' dir='ltr'><strong>historiam</strong></span> <span class='ocrx_word' id='word_1_534' title='bbox 2658 422 2754 460; x_wconf 89' lang='lat' dir='ltr'><strong>an.</strong></span> <span class='ocrx_word' id='word_1_535' title='bbox 2795 410 2897 459; x_wconf 75' lang='grc'><strong>419</strong></span> <span class='ocrx_word' id='word_1_536' title='bbox 2931 414 3033 458; x_wconf 86' lang='lat' dir='ltr'><strong>aut</strong></span> <span class='ocrx_word' id='word_1_537' title='bbox 3084 409 3184 458; x_wconf 80' lang='grc'><strong>420</strong></span> <span class='ocrx_word' id='word_1_538' title='bbox 3218 406 3505 469; x_wconf 85' lang='lat' dir='ltr'><strong>scribens,</strong></span> <span class='ocrx_word' id='word_1_539' title='bbox 3548 408 3607 460; x_wconf 88' lang='lat' dir='ltr'><strong>iu</strong></span> <span class='ocrx_word' id='word_1_540' title='bbox 3656 409 3801 461; x_wconf 88' lang='lat' dir='ltr'><strong>vivis</strong></span> <span class='ocrx_word' id='word_1_541' title='bbox 3831 425 3965 463; x_wconf 81' lang='lat' dir='ltr'><strong>eam</strong></span> 
     </span>
    </p>
   </div>
   <div class='ocr_carea' id='block_1_82' title="bbox 2317 476 3970 550">
    <p class='ocr_par' dir='ltr' id='par_1_82' title="bbox 2317 476 3970 550">
     <span class='ocr_line' id='line_1_83' title="bbox 2317 476 3970 550; baseline 0.001 -17"><span class='ocrx_word' id='word_1_542' title='bbox 2317 494 2493 546; x_wconf 85' lang='lat' dir='ltr'><strong>agere</strong></span> <span class='ocrx_word' id='word_1_543' title='bbox 2514 479 2695 531; x_wconf 88' lang='lat' dir='ltr'><strong>credit</strong></span> <span class='ocrx_word' id='word_1_544' title='bbox 2718 477 2774 531; x_wconf 92' lang='lat' dir='ltr'><strong>in</strong></span> <span class='ocrx_word' id='word_1_545' title='bbox 2804 492 2936 545; x_wconf 86' lang='lat' dir='ltr'><strong>cap.</strong></span> <span class='ocrx_word' id='word_1_546' title='bbox 2965 478 3085 529; x_wconf 71' lang='lat'><strong>1&#39;25.</strong></span> <span class='ocrx_word' id='word_1_547' title='bbox 3114 476 3279 550; x_wconf 83' lang='lat' dir='ltr'><strong>Quod</strong></span> <span class='ocrx_word' id='word_1_548' title='bbox 3307 494 3443 531; x_wconf 87' lang='lat' dir='ltr'><strong>vero</strong></span> <span class='ocrx_word' id='word_1_549' title='bbox 3458 478 3531 531; x_wconf 87' lang='lat' dir='ltr'><strong>ad</strong></span> <span class='ocrx_word' id='word_1_550' title='bbox 3552 479 3823 548; x_wconf 73' lang='lat' dir='ltr'><strong>epistolae</strong></span> <span class='ocrx_word' id='word_1_551' title='bbox 3843 496 3970 550; x_wconf 89' lang='lat' dir='ltr'><strong>per-</strong></span> 
     </span>
    </p>
   </div>
   <div class='ocr_carea' id='block_1_83' title="bbox 2314 547 3967 618">
    <p class='ocr_par' dir='ltr' id='par_1_83' title="bbox 2314 547 3967 618">
     <span class='ocr_line' id='line_1_84' title="bbox 2314 547 3967 618; baseline 0.001 -14"><span class='ocrx_word' id='word_1_552' title='bbox 2314 551 2561 605; x_wconf 85' lang='lat' dir='ltr'><strong>latorem</strong></span> <span class='ocrx_word' id='word_1_553' title='bbox 2592 549 3000 603; x_wconf 87' lang='lat' dir='ltr'><strong>Iunocentium</strong></span> <span class='ocrx_word' id='word_1_554' title='bbox 3031 547 3445 618; x_wconf 79' lang='lat' dir='ltr'><strong>presbyterum</strong></span> <span class='ocrx_word' id='word_1_555' title='bbox 3471 547 3695 615; x_wconf 81' lang='lat' dir='ltr'><strong>attinet,</strong></span> <span class='ocrx_word' id='word_1_556' title='bbox 3732 551 3778 603; x_wconf 91' lang='lat' dir='ltr'><strong>is</strong></span> <span class='ocrx_word' id='word_1_557' title='bbox 3806 547 3967 606; x_wconf 79' lang='lat' dir='ltr'><strong>anno</strong></span> 
     </span>
    </p>
   </div>
   <div class='ocr_carea' id='block_1_84' title="bbox 2314 619 3969 691">
    <p class='ocr_par' dir='ltr' id='par_1_84' title="bbox 2314 619 3969 691">
     <span class='ocr_line' id='line_1_85' title="bbox 2314 619 3969 691; baseline 0.001 -16"><span class='ocrx_word' id='word_1_558' title='bbox 2314 625 2438 685; x_wconf 80' lang='grc'>419,</span> <span class='ocrx_word' id='word_1_559' title='bbox 2463 623 2537 675; x_wconf 89' lang='lat' dir='ltr'><strong>ad</strong></span> <span class='ocrx_word' id='word_1_560' title='bbox 2558 619 3267 691; x_wconf 68' lang='lat' dir='ltr'><strong>perquirendosNicaenos</strong></span> <span class='ocrx_word' id='word_1_561' title='bbox 3288 636 3549 674; x_wconf 88' lang='lat' dir='ltr'><strong>canones</strong></span> <span class='ocrx_word' id='word_1_562' title='bbox 3577 622 3790 675; x_wconf 87' lang='lat' dir='ltr'><strong>missus</strong></span> <span class='ocrx_word' id='word_1_563' title='bbox 3817 625 3969 676; x_wconf 58' lang='lat' dir='ltr'><strong>al’as</strong></span> 
     </span>
    </p>
   </div>
   <div class='ocr_carea' id='block_1_85' title="bbox 2318 691 3967 759">
    <p class='ocr_par' dir='ltr' id='par_1_85' title="bbox 2318 691 3967 759">
     <span class='ocr_line' id='line_1_86' title="bbox 2318 691 3967 759; baseline 0.001 -13"><span class='ocrx_word' id='word_1_564' title='bbox 2318 694 2505 747; x_wconf 87' lang='lat' dir='ltr'><strong>tribus</strong></span> <span class='ocrx_word' id='word_1_565' title='bbox 2527 692 2909 745; x_wconf 82' lang='lat' dir='ltr'><strong>Africanisad</strong></span> <span class='ocrx_word' id='word_1_566' title='bbox 2940 691 3241 759; x_wconf 81' lang='lat' dir='ltr'><strong>Cyrillum,</strong></span> <span class='ocrx_word' id='word_1_567' title='bbox 3274 691 3597 745; x_wconf 86' lang='lat' dir='ltr'><strong>inderediit</strong></span> <span class='ocrx_word' id='word_1_568' title='bbox 3628 694 3682 745; x_wconf 89' lang='lat' dir='ltr'><strong>in</strong></span> <span class='ocrx_word' id='word_1_569' title='bbox 3708 694 3967 748; x_wconf 86' lang='lat' dir='ltr'><strong>Africam</strong></span> 
     </span>
    </p>
   </div>
   <div class='ocr_carea' id='block_1_86' title="bbox 2315 762 3961 827">
    <p class='ocr_par' dir='ltr' id='par_1_86' title="bbox 2315 762 3961 827">
     <span class='ocr_line' id='line_1_87' title="bbox 2315 762 3961 827; baseline 0.002 -10"><span class='ocrx_word' id='word_1_570' title='bbox 2315 780 2473 818; x_wconf 87' lang='lat' dir='ltr'><strong>anno</strong></span> <span class='ocrx_word' id='word_1_571' title='bbox 2505 764 2714 818; x_wconf 89' lang='lat' dir='ltr'><strong>eodem</strong></span> <span class='ocrx_word' id='word_1_572' title='bbox 2750 772 2885 816; x_wconf 83' lang='lat' dir='ltr'><strong>ante</strong></span> <span class='ocrx_word' id='word_1_573' title='bbox 2918 762 2986 815; x_wconf 80' lang='grc'><strong>26</strong></span> <span class='ocrx_word' id='word_1_574' title='bbox 3036 762 3399 827; x_wconf 82' lang='lat' dir='ltr'><strong>novembris,</strong></span> <span class='ocrx_word' id='word_1_575' title='bbox 3431 768 3494 816; x_wconf 85' lang='lat' dir='ltr'><strong>ut</strong></span> <span class='ocrx_word' id='word_1_576' title='bbox 3528 780 3598 817; x_wconf 84' lang='lat' dir='ltr'><strong>ex</strong></span> <span class='ocrx_word' id='word_1_577' title='bbox 3634 763 3783 818; x_wconf 89' lang='lat' dir='ltr'><strong>Cod.</strong></span> <span class='ocrx_word' id='word_1_578' title='bbox 3820 781 3961 822; x_wconf 86' lang='lat' dir='ltr'><strong>can.</strong></span> 
     </span>
    </p>
   </div>
   <div class='ocr_carea' id='block_1_87' title="bbox 2316 832 3971 907">
    <p class='ocr_par' dir='ltr' id='par_1_87' title="bbox 2316 832 3971 907">
     <span class='ocr_line' id='line_1_88' title="bbox 2316 832 3971 907; baseline 0.001 -18"><span class='ocrx_word' id='word_1_579' title='bbox 2316 836 2465 889; x_wconf 84' lang='lat' dir='ltr'><strong>Eccl.</strong></span> <span class='ocrx_word' id='word_1_580' title='bbox 2510 835 2680 907; x_wconf 81' lang='lat' dir='ltr'><strong>Atrio.</strong></span> <span class='ocrx_word' id='word_1_581' title='bbox 2718 832 2907 907; x_wconf 84' lang='lat' dir='ltr'><strong>titulo,</strong></span> <span class='ocrx_word' id='word_1_582' title='bbox 2932 838 3125 907; x_wconf 81' lang='lat' dir='ltr'><strong>c_.__t37,</strong></span> <span class='ocrx_word' id='word_1_583' title='bbox 3152 833 3581 907; x_wconf 63' lang='lat' dir='ltr'><strong>liquentisque</strong></span> <span class='ocrx_word' id='word_1_584' title='bbox 3616 835 3802 889; x_wconf 89' lang='lat' dir='ltr'><strong>dubio</strong></span> <span class='ocrx_word' id='word_1_585' title='bbox 3836 850 3971 907; x_wconf 91' lang='lat' dir='ltr'><strong>pro-</strong></span> 
     </span>
    </p>
   </div>
   <div class='ocr_carea' id='block_1_88' title="bbox 2314 905 3967 978">
    <p class='ocr_par' dir='ltr' id='par_1_88' title="bbox 2314 905 3967 978">
     <span class='ocr_line' id='line_1_89' title="bbox 2314 905 3967 978; baseline 0.001 -17"><span class='ocrx_word' id='word_1_586' title='bbox 2314 908 2408 961; x_wconf 93' lang='lat' dir='ltr'><strong>cul</strong></span> <span class='ocrx_word' id='word_1_587' title='bbox 2438 906 2755 961; x_wconf 81' lang='lat' dir='ltr'><strong>occasione</strong></span> <span class='ocrx_word' id='word_1_588' title='bbox 2789 905 2911 978; x_wconf 79' lang='lat' dir='ltr'><strong>viso</strong></span> <span class='ocrx_word' id='word_1_589' title='bbox 2954 905 3332 978; x_wconf 80' lang='lat' dir='ltr'><strong>Hieronymo,</strong></span> <span class='ocrx_word' id='word_1_590' title='bbox 3361 906 3687 978; x_wconf 85' lang='lat' dir='ltr'><strong>epistolam</strong></span> <span class='ocrx_word' id='word_1_591' title='bbox 3738 907 3811 960; x_wconf 90' lang='lat' dir='ltr'><strong>de</strong></span> <span class='ocrx_word' id='word_1_592' title='bbox 3839 905 3967 978; x_wconf 71' lang='lat' dir='ltr'><strong>qua</strong></span> 
     </span>
    </p>
   </div>
   <div class='ocr_carea' id='block_1_89' title="bbox 2314 976 3970 1048">
    <p class='ocr_par' dir='ltr' id='par_1_89' title="bbox 2314 976 3970 1048">
     <span class='ocr_line' id='line_1_90' title="bbox 2314 976 3970 1048; baseline 0.001 -17"><span class='ocrx_word' id='word_1_593' title='bbox 2314 978 2528 1046; x_wconf 83' lang='lat' dir='ltr'><strong>agitur,</strong></span> <span class='ocrx_word' id='word_1_594' title='bbox 2555 976 2921 1048; x_wconf 71' lang='lat' dir='ltr'><strong>afferendum</strong></span> <span class='ocrx_word' id='word_1_595' title='bbox 2945 976 3333 1048; x_wconf 84' lang='lat' dir='ltr'><strong>accepit,hoc</strong></span> <span class='ocrx_word' id='word_1_596' title='bbox 3356 977 3483 1048; x_wconf 88' lang='lat' dir='ltr'><strong>ipso</strong></span> <span class='ocrx_word' id='word_1_597' title='bbox 3497 992 3676 1043; x_wconf 90' lang='lat' dir='ltr'><strong>anno;</strong></span> <span class='ocrx_word' id='word_1_598' title='bbox 3693 993 3811 1031; x_wconf 91' lang='lat' dir='ltr'><strong>non</strong></span> <span class='ocrx_word' id='word_1_599' title='bbox 3830 976 3970 1032; x_wconf 80' lang='lat' dir='ltr'><strong>sub-</strong></span> 
     </span>
    </p>
   </div>
   <div class='ocr_carea' id='block_1_90' title="bbox 2316 1047 3969 1119">
    <p class='ocr_par' dir='ltr' id='par_1_90' title="bbox 2316 1047 3969 1119">
     <span class='ocr_line' id='line_1_91' title="bbox 2316 1047 3969 1119; baseline 0.001 -17"><span class='ocrx_word' id='word_1_600' title='bbox 2316 1050 2607 1119; x_wconf 85' lang='lat' dir='ltr'><strong>sequenti.</strong></span> <span class='ocrx_word' id='word_1_601' title='bbox 2642 1047 2869 1117; x_wconf 83' lang='lat' dir='ltr'><strong>Quippe</strong></span> <span class='ocrx_word' id='word_1_602' title='bbox 2901 1048 3162 1117; x_wconf 83' lang='lat' dir='ltr'><strong>epistolae</strong></span> <span class='ocrx_word' id='word_1_603' title='bbox 3194 1047 3536 1111; x_wconf 84' lang='lat' dir='ltr'><strong>initi0,cum</strong></span> <span class='ocrx_word' id='word_1_604' title='bbox 3574 1050 3969 1118; x_wconf 79' lang='lat' dir='ltr'><strong>Hieronymus</strong></span> 
     </span>
    </p>
   </div>
   <div class='ocr_carea' id='block_1_91' title="bbox 2314 1118 3967 1191">
    <p class='ocr_par' dir='ltr' id='par_1_91' title="bbox 2314 1118 3967 1191">
     <span class='ocr_line' id='line_1_92' title="bbox 2314 1118 3967 1191; baseline 0 -18"><span class='ocrx_word' id='word_1_605' title='bbox 2314 1118 2555 1174; x_wconf 81' lang='lat' dir='ltr'><strong>excusat</strong></span> <span class='ocrx_word' id='word_1_606' title='bbox 2572 1120 2732 1190; x_wconf 88' lang='lat' dir='ltr'><strong>quod</strong></span> <span class='ocrx_word' id='word_1_607' title='bbox 2754 1118 3131 1172; x_wconf 85' lang='lat' dir='ltr'><strong>Innocentius</strong></span> <span class='ocrx_word' id='word_1_608' title='bbox 3145 1135 3286 1171; x_wconf 83' lang='lat' dir='ltr'><strong>anno</strong></span> <span class='ocrx_word' id='word_1_609' title='bbox 3298 1120 3582 1188; x_wconf 71' lang='lat' dir='ltr'><strong>prmierito</strong></span> <span class='ocrx_word' id='word_1_610' title='bbox 3601 1123 3756 1190; x_wconf 87' lang='lat' dir='ltr'><strong>quasi</strong></span> <span class='ocrx_word' id='word_1_611' title='bbox 3772 1136 3967 1191; x_wconf 85' lang='lat' dir='ltr'><strong>nequa-</strong></span> 
     </span>
    </p>
   </div>
   <div class='ocr_carea' id='block_1_92' title="bbox 2312 1190 3966 1261">
    <p class='ocr_par' dir='ltr' id='par_1_92' title="bbox 2312 1190 3966 1261">
     <span class='ocr_line' id='line_1_93' title="bbox 2312 1190 3966 1261; baseline 0.001 -17"><span class='ocrx_word' id='word_1_612' title='bbox 2312 1209 2468 1261; x_wconf 87' lang='lat' dir='ltr'><strong>quam</strong></span> <span class='ocrx_word' id='word_1_613' title='bbox 2511 1193 2567 1244; x_wconf 81' lang='lat' dir='ltr'><strong>in</strong></span> <span class='ocrx_word' id='word_1_614' title='bbox 2615 1191 2869 1259; x_wconf 81' lang='lat' dir='ltr'><strong>Africam</strong></span> <span class='ocrx_word' id='word_1_615' title='bbox 2926 1205 3189 1252; x_wconf 83' lang='lat' dir='ltr'><strong>reversus,</strong></span> <span class='ocrx_word' id='word_1_616' title='bbox 3222 1190 3408 1260; x_wconf 80' lang='lat' dir='ltr'><strong>ipsius</strong></span> <span class='ocrx_word' id='word_1_617' title='bbox 3441 1191 3518 1245; x_wconf 89' lang='lat' dir='ltr'><strong>ad</strong></span> <span class='ocrx_word' id='word_1_618' title='bbox 3566 1190 3966 1259; x_wconf 69' lang='lat' dir='ltr'><strong>Augustinum</strong></span> 
     </span>
    </p>
   </div>
   <div class='ocr_carea' id='block_1_93' title="bbox 2314 1261 3967 1331">
    <p class='ocr_par' dir='ltr' id='par_1_93' title="bbox 2314 1261 3967 1331">
     <span class='ocr_line' id='line_1_94' title="bbox 2314 1261 3967 1331; baseline 0.002 -16"><span class='ocrx_word' id='word_1_619' title='bbox 2314 1265 2531 1331; x_wconf 78' lang='lat' dir='ltr'><strong>scripta</strong></span> <span class='ocrx_word' id='word_1_620' title='bbox 2556 1277 2675 1314; x_wconf 87' lang='lat' dir='ltr'><strong>non</strong></span> <span class='ocrx_word' id='word_1_621' title='bbox 2706 1261 3044 1329; x_wconf 87' lang='lat' dir='ltr'><strong>sumpserit,</strong></span> <span class='ocrx_word' id='word_1_622' title='bbox 3076 1261 3300 1314; x_wconf 88' lang='lat' dir='ltr'><strong>indicat</strong></span> <span class='ocrx_word' id='word_1_623' title='bbox 3323 1278 3505 1315; x_wconf 89' lang='lat' dir='ltr'><strong>unam</strong></span> <span class='ocrx_word' id='word_1_624' title='bbox 3528 1270 3583 1317; x_wconf 87' lang='lat' dir='ltr'><strong>et</strong></span> <span class='ocrx_word' id='word_1_625' title='bbox 3608 1263 3856 1318; x_wconf 85' lang='lat' dir='ltr'><strong>alteram</strong></span> <span class='ocrx_word' id='word_1_626' title='bbox 3882 1266 3967 1318; x_wconf 88' lang='lat' dir='ltr'><strong>lu-</strong></span> 
     </span>
    </p>
   </div>
   <div class='ocr_carea' id='block_1_94' title="bbox 2313 1332 3962 1414">
    <p class='ocr_par' dir='ltr' id='par_1_94' title="bbox 2313 1332 3962 1414">
     <span class='ocr_line' id='line_1_95' title="bbox 2313 1332 3962 1414; baseline 0.002 -28"><span class='ocrx_word' id='word_1_627' title='bbox 2313 1333 2567 1414; x_wconf 80' lang='lat' dir='ltr'><strong>n_ocentii</strong></span> <span class='ocrx_word' id='word_1_628' title='bbox 2583 1332 3117 1414; x_wconf 79' lang='lat' dir='ltr'><strong>peregrinationem</strong></span> <span class='ocrx_word' id='word_1_629' title='bbox 3135 1333 3194 1384; x_wconf 89' lang='lat' dir='ltr'><strong>in</strong></span> <span class='ocrx_word' id='word_1_630' title='bbox 3210 1334 3461 1414; x_wconf 68' lang='lat' dir='ltr'><strong>Oriente:</strong></span> <span class='ocrx_word' id='word_1_631' title='bbox 3479 1350 3513 1414; x_wconf 85' lang='lat' dir='ltr'><strong>q</strong></span> <span class='ocrx_word' id='word_1_632' title='bbox 3526 1348 3733 1388; x_wconf 87' lang='lat' dir='ltr'><strong>uarum</strong></span> <span class='ocrx_word' id='word_1_633' title='bbox 3751 1337 3962 1414; x_wconf 83' lang='lat' dir='ltr'><strong>prima,</strong></span> 
     </span>
    </p>
   </div>
   <div class='ocr_carea' id='block_1_95' title="bbox 2313 1402 3965 1475">
    <p class='ocr_par' dir='ltr' id='par_1_95' title="bbox 2313 1402 3965 1475">
     <span class='ocr_line' id='line_1_96' title="bbox 2313 1402 3965 1475; baseline 0.002 -18"><span class='ocrx_word' id='word_1_634' title='bbox 2313 1402 2607 1475; x_wconf 86' lang='lat' dir='ltr'><strong>siquidem</strong></span> <span class='ocrx_word' id='word_1_635' title='bbox 2647 1405 3021 1457; x_wconf 88' lang='lat' dir='ltr'><strong>Innocentius</strong></span> <span class='ocrx_word' id='word_1_636' title='bbox 3053 1402 3126 1457; x_wconf 86' lang='lat' dir='ltr'><strong>de</strong></span> <span class='ocrx_word' id='word_1_637' title='bbox 3158 1419 3266 1457; x_wconf 89' lang='lat' dir='ltr'><strong>suo</strong></span> <span class='ocrx_word' id='word_1_638' title='bbox 3298 1405 3353 1457; x_wconf 89' lang='lat' dir='ltr'><strong>in</strong></span> <span class='ocrx_word' id='word_1_639' title='bbox 3387 1402 3646 1459; x_wconf 84' lang='lat' dir='ltr'><strong>Africam</strong></span> <span class='ocrx_word' id='word_1_640' title='bbox 3668 1402 3858 1460; x_wconf 87' lang='lat' dir='ltr'><strong>reditu</strong></span> <span class='ocrx_word' id='word_1_641' title='bbox 3882 1407 3965 1460; x_wconf 92' lang='lat' dir='ltr'><strong>in-</strong></span> 
     </span>
    </p>
   </div>
   <div class='ocr_carea' id='block_1_96' title="bbox 2312 1474 3963 1546">
    <p class='ocr_par' dir='ltr' id='par_1_96' title="bbox 2312 1474 3963 1546">
     <span class='ocr_line' id='line_1_97' title="bbox 2312 1474 3963 1546; baseline 0.001 -17"><span class='ocrx_word' id='word_1_642' title='bbox 2312 1474 2509 1529; x_wconf 86' lang='lat' dir='ltr'><strong>certus</strong></span> <span class='ocrx_word' id='word_1_643' title='bbox 2538 1484 2680 1535; x_wconf 87' lang='lat' dir='ltr'><strong>erat,</strong></span> <span class='ocrx_word' id='word_1_644' title='bbox 2711 1474 3071 1546; x_wconf 82' lang='lat' dir='ltr'><strong>noneadem</strong></span> <span class='ocrx_word' id='word_1_645' title='bbox 3104 1482 3193 1527; x_wconf 88' lang='lat' dir='ltr'><strong>est</strong></span> <span class='ocrx_word' id='word_1_646' title='bbox 3226 1491 3358 1529; x_wconf 88' lang='lat' dir='ltr'><strong>cum</strong></span> <span class='ocrx_word' id='word_1_647' title='bbox 3394 1475 3491 1529; x_wconf 90' lang='lat' dir='ltr'><strong>illa</strong></span> <span class='ocrx_word' id='word_1_648' title='bbox 3513 1493 3697 1546; x_wconf 85' lang='lat' dir='ltr'><strong>quam</strong></span> <span class='ocrx_word' id='word_1_649' title='bbox 3727 1494 3825 1531; x_wconf 90' lang='lat' dir='ltr'><strong>an.</strong></span> <span class='ocrx_word' id='word_1_650' title='bbox 3859 1480 3963 1532; x_wconf 73' lang='grc'><strong>419</strong></span> 
     </span>
    </p>
   </div>
   <div class='ocr_carea' id='block_1_97' title="bbox 2312 1545 3963 1618">
    <p class='ocr_par' dir='ltr' id='par_1_97' title="bbox 2312 1545 3963 1618">
     <span class='ocr_line' id='line_1_98' title="bbox 2312 1545 3963 1618; baseline 0.001 -18"><span class='ocrx_word' id='word_1_651' title='bbox 2312 1548 2601 1600; x_wconf 67' lang='lat' dir='ltr'><strong>Africana)</strong></span> <span class='ocrx_word' id='word_1_652' title='bbox 2634 1545 2847 1615; x_wconf 81' lang='lat' dir='ltr'><strong>synodi</strong></span> <span class='ocrx_word' id='word_1_653' title='bbox 2880 1546 3226 1618; x_wconf 78' lang='lat' dir='ltr'><strong>auctoritate</strong></span> <span class='ocrx_word' id='word_1_654' title='bbox 3257 1545 3544 1618; x_wconf 77' lang='lat' dir='ltr'><strong>suscepit.</strong></span> <span class='ocrx_word' id='word_1_655' title='bbox 3576 1551 3772 1618; x_wconf 81' lang='lat' dir='ltr'><strong>Neque</strong></span> <span class='ocrx_word' id='word_1_656' title='bbox 3802 1557 3963 1601; x_wconf 85' lang='lat' dir='ltr'><strong>recte</strong></span> 
     </span>
    </p>
   </div>
   <div class='ocr_carea' id='block_1_98' title="bbox 2311 1616 3961 1688">
    <p class='ocr_par' dir='ltr' id='par_1_98' title="bbox 2311 1616 3961 1688">
     <span class='ocr_line' id='line_1_99' title="bbox 2311 1616 3961 1688; baseline 0.001 -16"><span class='ocrx_word' id='word_1_657' title='bbox 2311 1620 2602 1672; x_wconf 83' lang='lat' dir='ltr'><strong>Baronius</strong></span> <span class='ocrx_word' id='word_1_658' title='bbox 2625 1618 2693 1671; x_wconf 87' lang='lat' dir='ltr'><strong>iis</strong></span> <span class='ocrx_word' id='word_1_659' title='bbox 2716 1633 2786 1672; x_wconf 82' lang='lat' dir='ltr'><strong>ex</strong></span> <span class='ocrx_word' id='word_1_660' title='bbox 2808 1616 3001 1688; x_wconf 81' lang='lat' dir='ltr'><strong>verbis</strong></span> <span class='ocrx_word' id='word_1_661' title='bbox 3027 1617 3362 1687; x_wconf 76' lang='lat' dir='ltr'><strong>Hieronymi</strong></span> <span class='ocrx_word' id='word_1_662' title='bbox 3392 1616 3612 1686; x_wconf 79' lang='lat' dir='ltr'><strong>colligit</strong></span> <span class='ocrx_word' id='word_1_663' title='bbox 3643 1616 3961 1688; x_wconf 75' lang='lat' dir='ltr'><strong>epistolam</strong></span> 
     </span>
    </p>
   </div>
   <div class='ocr_carea' id='block_1_99' title="bbox 2311 1687 3960 1759">
    <p class='ocr_par' dir='ltr' id='par_1_99' title="bbox 2311 1687 3960 1759">
     <span class='ocr_line' id='line_1_100' title="bbox 2311 1687 3960 1759; baseline -0.001 -15"><span class='ocrx_word' id='word_1_664' title='bbox 2311 1705 2471 1744; x_wconf 90' lang='lat' dir='ltr'><strong>anno</strong></span> <span class='ocrx_word' id='word_1_665' title='bbox 2499 1689 2826 1759; x_wconf 86' lang='lat' dir='ltr'><strong>sequentia</strong></span> <span class='ocrx_word' id='word_1_666' title='bbox 2856 1687 3148 1753; x_wconf 82' lang='lat' dir='ltr'><strong>legatione</strong></span> <span class='ocrx_word' id='word_1_667' title='bbox 3180 1688 3501 1743; x_wconf 88' lang='lat' dir='ltr'><strong>Innocentii</strong></span> <span class='ocrx_word' id='word_1_668' title='bbox 3530 1687 3733 1744; x_wconf 85' lang='lat' dir='ltr'><strong>datam</strong></span> <span class='ocrx_word' id='word_1_669' title='bbox 3755 1692 3960 1745; x_wconf 77' lang='lat' dir='ltr'><strong>fuisse.</strong></span> 
     </span>
    </p>
   </div>
   <div class='ocr_carea' id='block_1_100' title="bbox 2561 1759 3708 1827">
    <p class='ocr_par' dir='ltr' id='par_1_100' title="bbox 2561 1759 3708 1827">
     <span class='ocr_line' id='line_1_101' title="bbox 2561 1759 3708 1827; baseline -0.001 -14"><span class='ocrx_word' id='word_1_670' title='bbox 2561 1760 2733 1813; x_wconf 81' lang='lat' dir='ltr'><strong>CCIII.</strong></span> <span class='ocrx_word' id='word_1_671' title='bbox 2765 1786 2836 1799; x_wconf 91' lang='lat'>-</span> <span class='ocrx_word' id='word_1_672' title='bbox 2866 1759 3077 1827; x_wconf 77' lang='lat' dir='ltr'><strong>Scripta</strong></span> <span class='ocrx_word' id='word_1_673' title='bbox 3102 1760 3243 1827; x_wconf 76' lang='lat' dir='ltr'><strong>forte</strong></span> <span class='ocrx_word' id='word_1_674' title='bbox 3272 1764 3419 1814; x_wconf 83' lang='lat' dir='ltr'><strong>circa</strong></span> <span class='ocrx_word' id='word_1_675' title='bbox 3446 1777 3543 1817; x_wconf 86' lang='lat' dir='ltr'><strong>an.</strong></span> <span class='ocrx_word' id='word_1_676' title='bbox 3583 1766 3708 1814; x_wconf 70' lang='grc'><strong>420.</strong></span> 
     </span>
    </p>
   </div>
   <div class='ocr_carea' id='block_1_101' title="bbox 2383 1830 3965 1901">
    <p class='ocr_par' dir='ltr' id='par_1_101' title="bbox 2383 1830 3965 1901">
     <span class='ocr_line' id='line_1_102' title="bbox 2383 1830 3965 1901; baseline 0 -16"><span class='ocrx_word' id='word_1_677' title='bbox 2383 1832 2644 1900; x_wconf 85' lang='lat' dir='ltr'><strong>Epistola</strong></span> <span class='ocrx_word' id='word_1_678' title='bbox 2658 1830 3071 1884; x_wconf 84' lang='lat' dir='ltr'><strong>ducentesima</strong></span> <span class='ocrx_word' id='word_1_679' title='bbox 3089 1832 3341 1885; x_wconf 86' lang='lat' dir='ltr'><strong>tertiaad</strong></span> <span class='ocrx_word' id='word_1_680' title='bbox 3355 1832 3587 1901; x_wconf 84' lang='lat' dir='ltr'><strong>Largum</strong></span> <span class='ocrx_word' id='word_1_681' title='bbox 3604 1848 3673 1887; x_wconf 88' lang='lat' dir='ltr'><strong>eo</strong></span> <span class='ocrx_word' id='word_1_682' title='bbox 3690 1839 3965 1900; x_wconf 85' lang='lat' dir='ltr'><strong>tempore</strong></span> 
     </span>
    </p>
   </div>
   <div class='ocr_carea' id='block_1_102' title="bbox 2309 1901 3959 1972">
    <p class='ocr_par' dir='ltr' id='par_1_102' title="bbox 2309 1901 3959 1972">
     <span class='ocr_line' id='line_1_103' title="bbox 2309 1901 3959 1972; baseline 0 -17"><span class='ocrx_word' id='word_1_683' title='bbox 2309 1904 2531 1972; x_wconf 87' lang='lat' dir='ltr'><strong>scripta</strong></span> <span class='ocrx_word' id='word_1_684' title='bbox 2578 1908 2685 1967; x_wconf 85' lang='lat' dir='ltr'><strong>est,</strong></span> <span class='ocrx_word' id='word_1_685' title='bbox 2718 1918 2839 1972; x_wconf 86' lang='lat' dir='ltr'><strong>quo</strong></span> <span class='ocrx_word' id='word_1_686' title='bbox 2879 1901 2973 1954; x_wconf 90' lang='lat' dir='ltr'><strong>ille</strong></span> <span class='ocrx_word' id='word_1_687' title='bbox 3002 1918 3091 1955; x_wconf 87' lang='lat' dir='ltr'><strong>res</strong></span> <span class='ocrx_word' id='word_1_688' title='bbox 3126 1917 3443 1972; x_wconf 86' lang='lat' dir='ltr'><strong>prosperas</strong></span> <span class='ocrx_word' id='word_1_689' title='bbox 3480 1910 3618 1957; x_wconf 88' lang='lat' dir='ltr'><strong>ante</strong></span> <span class='ocrx_word' id='word_1_690' title='bbox 3661 1909 3959 1971; x_wconf 79' lang='lat' dir='ltr'><strong>expertus,</strong></span> 
     </span>
    </p>
   </div>
   <div class='ocr_carea' id='block_1_103' title="bbox 2308 1971 3962 2043">
    <p class='ocr_par' dir='ltr' id='par_1_103' title="bbox 2308 1971 3962 2043">
     <span class='ocr_line' id='line_1_104' title="bbox 2308 1971 3962 2043; baseline 0.002 -18"><span class='ocrx_word' id='word_1_691' title='bbox 2308 1971 2659 2028; x_wconf 85' lang='lat' dir='ltr'><strong>versabatur</strong></span> <span class='ocrx_word' id='word_1_692' title='bbox 2676 1971 3036 2033; x_wconf 78' lang='lat' dir='ltr'><strong>inadversis,</strong></span> <span class='ocrx_word' id='word_1_693' title='bbox 3054 1971 3369 2043; x_wconf 85' lang='lat' dir='ltr'><strong>potestque</strong></span> <span class='ocrx_word' id='word_1_694' title='bbox 3392 1975 3461 2028; x_wconf 87' lang='lat' dir='ltr'><strong>ad</strong></span> <span class='ocrx_word' id='word_1_695' title='bbox 3485 1991 3713 2028; x_wconf 88' lang='lat' dir='ltr'><strong>annum</strong></span> <span class='ocrx_word' id='word_1_696' title='bbox 3730 1977 3962 2029; x_wconf 87' lang='lat' dir='ltr'><strong>circiter</strong></span> 
     </span>
    </p>
   </div>
   <div class='ocr_carea' id='block_1_104' title="bbox 2307 2044 3959 2116">
    <p class='ocr_par' dir='ltr' id='par_1_104' title="bbox 2307 2044 3959 2116">
     <span class='ocr_line' id='line_1_105' title="bbox 2307 2044 3959 2116; baseline 0.001 -19"><span class='ocrx_word' id='word_1_697' title='bbox 2307 2046 2412 2097; x_wconf 69' lang='grc'><strong>420</strong></span> <span class='ocrx_word' id='word_1_698' title='bbox 2443 2045 2728 2107; x_wconf 84' lang='lat' dir='ltr'><strong>revocari;</strong></span> <span class='ocrx_word' id='word_1_699' title='bbox 2762 2044 3059 2116; x_wconf 84' lang='lat' dir='ltr'><strong>siquidem</strong></span> <span class='ocrx_word' id='word_1_700' title='bbox 3078 2046 3300 2109; x_wconf 79' lang='lat' dir='ltr'><strong>Largus</strong></span> <span class='ocrx_word' id='word_1_701' title='bbox 3321 2052 3447 2108; x_wconf 83' lang='lat' dir='ltr'><strong>iste,</strong></span> <span class='ocrx_word' id='word_1_702' title='bbox 3473 2047 3574 2116; x_wconf 90' lang='lat' dir='ltr'><strong>qui</strong></span> <span class='ocrx_word' id='word_1_703' title='bbox 3601 2046 3848 2099; x_wconf 86' lang='lat' dir='ltr'><strong>dominus</strong></span> <span class='ocrx_word' id='word_1_704' title='bbox 3879 2048 3959 2099; x_wconf 87' lang='lat' dir='ltr'><strong>in-</strong></span> 
     </span>
    </p>
   </div>
   <div class='ocr_carea' id='block_1_105' title="bbox 2305 2115 3961 2187">
    <p class='ocr_par' dir='ltr' id='par_1_105' title="bbox 2305 2115 3961 2187">
     <span class='ocr_line' id='line_1_106' title="bbox 2305 2115 3961 2187; baseline 0.002 -19"><span class='ocrx_word' id='word_1_705' title='bbox 2305 2116 2475 2186; x_wconf 86' lang='lat' dir='ltr'><strong>signis</strong></span> <span class='ocrx_word' id='word_1_706' title='bbox 2487 2123 2535 2169; x_wconf 88' lang='lat' dir='ltr'><strong>et</strong></span> <span class='ocrx_word' id='word_1_707' title='bbox 2549 2115 3031 2187; x_wconf 59' lang='lat' dir='ltr'><strong>praistantissimus</strong></span> <span class='ocrx_word' id='word_1_708' title='bbox 3046 2116 3353 2179; x_wconf 82' lang='lat' dir='ltr'><strong>salutatur,</strong></span> <span class='ocrx_word' id='word_1_709' title='bbox 3369 2133 3404 2187; x_wconf 91' lang='lat' dir='ltr'><strong>q</strong></span> <span class='ocrx_word' id='word_1_710' title='bbox 3417 2115 3592 2187; x_wconf 88' lang='lat' dir='ltr'><strong>uique</strong></span> <span class='ocrx_word' id='word_1_711' title='bbox 3606 2118 3961 2171; x_wconf 68' lang='lat' dir='ltr'><strong>Eximietatis</strong></span> 
     </span>
    </p>
   </div>
   <div class='ocr_carea' id='block_1_106' title="bbox 2306 2133 3955 2250">
    <p class='ocr_par' dir='ltr' id='par_1_106' title="bbox 2306 2133 3955 2250">
     <span class='ocr_line' id='line_1_107' title="bbox 2306 2133 3955 2187; baseline 0.002 -19"><span class='ocrx_word' id='word_1_712' title='bbox 2306 2133 2475 2186; x_wconf 77' lang='lat' dir='ltr'><strong>signis</strong></span> <span class='ocrx_word' id='word_1_713' title='bbox 2487 2133 2535 2169; x_wconf 74' lang='lat' dir='ltr'><strong>ei</strong></span> <span class='ocrx_word' id='word_1_714' title='bbox 2549 2133 3031 2185; x_wconf 65' lang='lat' dir='ltr'><strong>praestantissimus</strong></span> <span class='ocrx_word' id='word_1_715' title='bbox 3046 2133 3353 2179; x_wconf 74' lang='lat' dir='ltr'><strong>salutatur,</strong></span> <span class='ocrx_word' id='word_1_716' title='bbox 3417 2133 3592 2187; x_wconf 86' lang='lat' dir='ltr'><strong>mque</strong></span> <span class='ocrx_word' id='word_1_717' title='bbox 3606 2133 3955 2171; x_wconf 65' lang='lat' dir='ltr'><strong>bxtmutaitl</strong></span> 
     </span>
     <span class='ocr_line' id='line_1_108' title="bbox 2306 2133 3955 2250; baseline 0.003 -11"><span class='ocrx_word' id='word_1_718' title='bbox 2306 2187 2477 2241; x_wconf 83' lang='lat' dir='ltr'><strong>titqu</strong></span> <span class='ocrx_word' id='word_1_719' title='bbox 2491 2192 2766 2250; x_wconf 83' lang='lat' dir='ltr'><strong>donatur,</strong></span> <span class='ocrx_word' id='word_1_720' title='bbox 2784 2186 2945 2240; x_wconf 88' lang='lat' dir='ltr'><strong>haud</strong></span> <span class='ocrx_word' id='word_1_721' title='bbox 2960 2187 3252 2241; x_wconf 87' lang='lat' dir='ltr'><strong>immerito</strong></span> <span class='ocrx_word' id='word_1_722' title='bbox 3268 2133 3525 2242; x_wconf 59' lang='lat' dir='ltr'><strong>creditur</strong></span> <span class='ocrx_word' id='word_1_723' title='bbox 3538 2188 3693 2242; x_wconf 87' lang='lat' dir='ltr'><strong>idem</strong></span> <span class='ocrx_word' id='word_1_724' title='bbox 3710 2204 3846 2241; x_wconf 88' lang='lat' dir='ltr'><strong>cum</strong></span> <span class='ocrx_word' id='word_1_725' title='bbox 3865 2204 3955 2245; x_wconf 87' lang='lat' dir='ltr'><strong>eo.</strong></span> 
     </span>
    </p>
   </div>
   <div class='ocr_carea' id='block_1_107' title="bbox 2304 2258 3962 2327">
    <p class='ocr_par' dir='ltr' id='par_1_107' title="bbox 2304 2258 3962 2327">
     <span class='ocr_line' id='line_1_109' title="bbox 2304 2258 3962 2327; baseline 0.002 -17"><span class='ocrx_word' id='word_1_726' title='bbox 2304 2259 2407 2326; x_wconf 87' lang='lat' dir='ltr'><strong>qui</strong></span> <span class='ocrx_word' id='word_1_727' title='bbox 2426 2258 2908 2327; x_wconf 87' lang='lat' dir='ltr'><strong>proconsulatum</strong></span> <span class='ocrx_word' id='word_1_728' title='bbox 2929 2273 2985 2310; x_wconf 89' lang='lat' dir='ltr'><strong>in</strong></span> <span class='ocrx_word' id='word_1_729' title='bbox 3014 2258 3211 2313; x_wconf 78' lang='lat' dir='ltr'><strong>Africa</strong></span> <span class='ocrx_word' id='word_1_730' title='bbox 3233 2259 3477 2326; x_wconf 81' lang='lat' dir='ltr'><strong>gerebat</strong></span> <span class='ocrx_word' id='word_1_731' title='bbox 3503 2260 3678 2315; x_wconf 89' lang='lat' dir='ltr'><strong>annis</strong></span> <span class='ocrx_word' id='word_1_732' title='bbox 3702 2260 3825 2324; x_wconf 67' lang='lat' dir='ltr'><strong>M5,</strong></span> <span class='ocrx_word' id='word_1_733' title='bbox 3854 2261 3962 2313; x_wconf 79' lang='grc'><strong>418</strong></span> 
     </span>
    </p>
   </div>
   <div class='ocr_carea' id='block_1_108' title="bbox 2305 2333 2529 2384">
    <p class='ocr_par' dir='ltr' id='par_1_108' title="bbox 2305 2333 2529 2384">
     <span class='ocr_line' id='line_1_110' title="bbox 2305 2333 2529 2384; baseline 0.004 -1"><span class='ocrx_word' id='word_1_734' title='bbox 2305 2336 2360 2384; x_wconf 87' lang='lat' dir='ltr'><strong>et</strong></span> <span class='ocrx_word' id='word_1_735' title='bbox 2405 2333 2529 2384; x_wconf 72' lang='lat' dir='ltr'><strong>M9.</strong></span> 
     </span>
    </p>
   </div>
   <div class='ocr_carea' id='block_1_109' title="bbox 2571 2399 3682 2471">
    <p class='ocr_par' dir='ltr' id='par_1_109' title="bbox 2571 2399 3682 2471">
     <span class='ocr_line' id='line_1_111' title="bbox 2571 2399 3682 2471; baseline 0.003 -18"><span class='ocrx_word' id='word_1_736' title='bbox 2571 2399 2746 2454; x_wconf 88' lang='lat' dir='ltr'><strong>CCIV.</strong></span> <span class='ocrx_word' id='word_1_737' title='bbox 2782 2430 2844 2437; x_wconf 92' lang='lat'>—</span> <span class='ocrx_word' id='word_1_738' title='bbox 2879 2399 3111 2466; x_wconf 84' lang='lat' dir='ltr'><strong>Scripta</strong></span> <span class='ocrx_word' id='word_1_739' title='bbox 3140 2400 3289 2453; x_wconf 86' lang='lat' dir='ltr'><strong>circa</strong></span> <span class='ocrx_word' id='word_1_740' title='bbox 3326 2400 3418 2454; x_wconf 87' lang='lat' dir='ltr'><strong>hoc</strong></span> <span class='ocrx_word' id='word_1_741' title='bbox 3456 2408 3682 2471; x_wconf 83' lang='lat' dir='ltr'><strong>tempus.</strong></span> 
     </span>
    </p>
   </div>
   <div class='ocr_carea' id='block_1_110' title="bbox 2380 2471 3962 2541">
    <p class='ocr_par' dir='ltr' id='par_1_110' title="bbox 2380 2471 3962 2541">
     <span class='ocr_line' id='line_1_112' title="bbox 2380 2471 3962 2541; baseline 0.004 -18"><span class='ocrx_word' id='word_1_742' title='bbox 2380 2472 2850 2524; x_wconf 86' lang='lat' dir='ltr'><strong>Ducentesimam</strong></span> <span class='ocrx_word' id='word_1_743' title='bbox 2880 2471 3238 2541; x_wconf 86' lang='lat' dir='ltr'><strong>quartamad</strong></span> <span class='ocrx_word' id='word_1_744' title='bbox 3254 2472 3553 2525; x_wconf 85' lang='lat' dir='ltr'><strong>Dulcitium</strong></span> <span class='ocrx_word' id='word_1_745' title='bbox 3576 2473 3882 2529; x_wconf 85' lang='lat' dir='ltr'><strong>tribunum</strong></span> <span class='ocrx_word' id='word_1_746' title='bbox 3906 2481 3962 2529; x_wconf 88' lang='lat' dir='ltr'><strong>et</strong></span> 
     </span>
    </p>
   </div>
   <div class='ocr_carea' id='block_1_111' title="bbox 2295 2542 3955 2613">
    <p class='ocr_par' dir='ltr' id='par_1_111' title="bbox 2295 2542 3955 2613">
     <span class='ocr_line' id='line_1_113' title="bbox 2295 2542 3955 2613; baseline 0.006 -22"><span class='ocrx_word' id='word_1_747' title='bbox 2295 2542 2636 2613; x_wconf 83' lang='lat' dir='ltr'><strong>jussionum</strong></span> <span class='ocrx_word' id='word_1_748' title='bbox 2668 2542 3063 2609; x_wconf 88' lang='lat' dir='ltr'><strong>imperialium</strong></span> <span class='ocrx_word' id='word_1_749' title='bbox 3094 2543 3151 2596; x_wconf 89' lang='lat' dir='ltr'><strong>in</strong></span> <span class='ocrx_word' id='word_1_750' title='bbox 3174 2542 3529 2613; x_wconf 70' lang='lat' dir='ltr'><strong>Donatistae</strong></span> <span class='ocrx_word' id='word_1_751' title='bbox 3558 2554 3955 2609; x_wconf 78' lang='lat' dir='ltr'><strong>executorum.</strong></span> 
     </span>
    </p>
   </div>
   <div class='ocr_carea' id='block_1_112' title="bbox 2304 2612 3958 2683">
    <p class='ocr_par' dir='ltr' id='par_1_112' title="bbox 2304 2612 3958 2683">
     <span class='ocr_line' id='line_1_114' title="bbox 2304 2612 3958 2683; baseline 0.004 -19"><span class='ocrx_word' id='word_1_752' title='bbox 2304 2617 2533 2666; x_wconf 84' lang='lat' dir='ltr'><strong>constet</strong></span> <span class='ocrx_word' id='word_1_753' title='bbox 2553 2629 2692 2666; x_wconf 80' lang='lat' dir='ltr'><strong>exn.</strong></span> <span class='ocrx_word' id='word_1_754' title='bbox 2722 2616 2749 2666; x_wconf 80' lang='grc'>4</span> <span class='ocrx_word' id='word_1_755' title='bbox 2778 2616 2881 2665; x_wconf 70' lang='lat' dir='ltr'><strong>ett)</strong></span> <span class='ocrx_word' id='word_1_756' title='bbox 2912 2614 3117 2667; x_wconf 87' lang='lat' dir='ltr'><strong>datam</strong></span> <span class='ocrx_word' id='word_1_757' title='bbox 3163 2612 3347 2668; x_wconf 84' lang='lat' dir='ltr'><strong>fuisse</strong></span> <span class='ocrx_word' id='word_1_758' title='bbox 3371 2616 3550 2683; x_wconf 88' lang='lat' dir='ltr'><strong>paulo</strong></span> <span class='ocrx_word' id='word_1_759' title='bbox 3578 2623 3714 2670; x_wconf 88' lang='lat' dir='ltr'><strong>ante</strong></span> <span class='ocrx_word' id='word_1_760' title='bbox 3741 2617 3958 2671; x_wconf 86' lang='lat' dir='ltr'><strong>liberos</strong></span> 
     </span>
    </p>
   </div>
   <div class='ocr_carea' id='block_1_113' title="bbox 2302 2684 3960 2754">
    <p class='ocr_par' dir='ltr' id='par_1_113' title="bbox 2302 2684 3960 2754">
     <span class='ocr_line' id='line_1_115' title="bbox 2302 2684 3960 2754; baseline 0.004 -18"><span class='ocrx_word' id='word_1_761' title='bbox 2302 2692 2490 2737; x_wconf 79' lang='lat' dir='ltr'><strong>contra</strong></span> <span class='ocrx_word' id='word_1_762' title='bbox 2518 2684 2909 2737; x_wconf 85' lang='lat' dir='ltr'><strong>Gaudentium:</strong></span> <span class='ocrx_word' id='word_1_763' title='bbox 2932 2684 3093 2754; x_wconf 92' lang='lat' dir='ltr'><strong>quod</strong></span> <span class='ocrx_word' id='word_1_764' title='bbox 3125 2700 3274 2753; x_wconf 86' lang='lat' dir='ltr'><strong>opus</strong></span> <span class='ocrx_word' id='word_1_765' title='bbox 3299 2686 3583 2740; x_wconf 81' lang='lat' dir='ltr'><strong>adversus</strong></span> <span class='ocrx_word' id='word_1_766' title='bbox 3622 2687 3960 2743; x_wconf 68' lang='lat' dir='ltr'><strong>Donatistae</strong></span> 
     </span>
    </p>
   </div>
   <div class='ocr_carea' id='block_1_114' title="bbox 2302 2756 3956 2825">
    <p class='ocr_par' dir='ltr' id='par_1_114' title="bbox 2302 2756 3956 2825">
     <span class='ocr_line' id='line_1_116' title="bbox 2302 2756 3956 2825; baseline 0.002 -16"><span class='ocrx_word' id='word_1_767' title='bbox 2302 2762 2675 2825; x_wconf 87' lang='lat' dir='ltr'><strong>postremum</strong></span> <span class='ocrx_word' id='word_1_768' title='bbox 2702 2756 2894 2808; x_wconf 85' lang='lat' dir='ltr'><strong>emisit</strong></span> <span class='ocrx_word' id='word_1_769' title='bbox 2916 2758 3277 2823; x_wconf 80' lang='lat' dir='ltr'><strong>Augustinus</strong></span> <span class='ocrx_word' id='word_1_770' title='bbox 3312 2757 3537 2812; x_wconf 80' lang='lat' dir='ltr'><strong>circiter</strong></span> <span class='ocrx_word' id='word_1_771' title='bbox 3562 2772 3788 2814; x_wconf 90' lang='lat' dir='ltr'><strong>annum</strong></span> <span class='ocrx_word' id='word_1_772' title='bbox 3829 2762 3956 2815; x_wconf 69' lang='grc'><strong>420.</strong></span> 
     </span>
    </p>
   </div>
   <div class='ocr_carea' id='block_1_115' title="bbox 2554 2826 3705 2896">
    <p class='ocr_par' dir='ltr' id='par_1_115' title="bbox 2554 2826 3705 2896">
     <span class='ocr_line' id='line_1_117' title="bbox 2554 2826 3705 2896; baseline 0.003 -18"><span class='ocrx_word' id='word_1_773' title='bbox 2554 2826 2705 2881; x_wconf 86' lang='lat' dir='ltr'><strong>CCV.</strong></span> <span class='ocrx_word' id='word_1_774' title='bbox 2740 2852 2807 2866; x_wconf 83' lang='lat'><strong>—-</strong></span> <span class='ocrx_word' id='word_1_775' title='bbox 2829 2826 3044 2896; x_wconf 87' lang='lat' dir='ltr'><strong>Scripta</strong></span> <span class='ocrx_word' id='word_1_776' title='bbox 3069 2828 3215 2895; x_wconf 83' lang='lat' dir='ltr'><strong>forte</strong></span> <span class='ocrx_word' id='word_1_777' title='bbox 3251 2843 3431 2881; x_wconf 85' lang='lat' dir='ltr'><strong>versus</strong></span> <span class='ocrx_word' id='word_1_778' title='bbox 3456 2845 3549 2882; x_wconf 69' lang='lat' dir='ltr'><strong>an.</strong></span> <span class='ocrx_word' id='word_1_779' title='bbox 3582 2830 3705 2885; x_wconf 70' lang='lat'><strong>420.</strong></span> 
     </span>
    </p>
   </div>
   <div class='ocr_carea' id='block_1_116' title="bbox 2376 2895 3961 2972">
    <p class='ocr_par' dir='ltr' id='par_1_116' title="bbox 2376 2895 3961 2972">
     <span class='ocr_line' id='line_1_118' title="bbox 2376 2895 3961 2972; baseline 0.005 -24"><span class='ocrx_word' id='word_1_780' title='bbox 2376 2895 2653 2972; x_wconf 73' lang='lat' dir='ltr'><strong>Dubitare</strong></span> <span class='ocrx_word' id='word_1_781' title='bbox 2682 2898 2775 2972; x_wconf 78' lang='lat' dir='ltr'><strong>vix</strong></span> <span class='ocrx_word' id='word_1_782' title='bbox 2806 2895 2960 2972; x_wconf 73' lang='lat' dir='ltr'><strong>licet,</strong></span> <span class='ocrx_word' id='word_1_783' title='bbox 2991 2900 3140 2972; x_wconf 86' lang='lat' dir='ltr'><strong>quin</strong></span> <span class='ocrx_word' id='word_1_784' title='bbox 3168 2900 3577 2972; x_wconf 78' lang='lat' dir='ltr'><strong>ducentesima</strong></span> <span class='ocrx_word' id='word_1_785' title='bbox 3608 2901 3817 2970; x_wconf 88' lang='lat' dir='ltr'><strong>quinta</strong></span> <span class='ocrx_word' id='word_1_786' title='bbox 3840 2903 3961 2972; x_wconf 85' lang='lat' dir='ltr'><strong>epi-</strong></span> 
     </span>
    </p>
   </div>
   <div class='ocr_carea' id='block_1_117' title="bbox 2302 2967 3955 3037">
    <p class='ocr_par' dir='ltr' id='par_1_117' title="bbox 2302 2967 3955 3037">
     <span class='ocr_line' id='line_1_119' title="bbox 2302 2967 3955 3037; baseline 0.004 -17"><span class='ocrx_word' id='word_1_787' title='bbox 2302 2967 2453 3021; x_wconf 90' lang='lat' dir='ltr'><strong>stola</strong></span> <span class='ocrx_word' id='word_1_788' title='bbox 2483 2968 2759 3021; x_wconf 82' lang='lat' dir='ltr'><strong>Consentio</strong></span> <span class='ocrx_word' id='word_1_789' title='bbox 2806 2967 3027 3033; x_wconf 74' lang='lat' dir='ltr'><strong>eidem,</strong></span> <span class='ocrx_word' id='word_1_790' title='bbox 3052 2970 3143 3023; x_wconf 90' lang='lat' dir='ltr'><strong>cui</strong></span> <span class='ocrx_word' id='word_1_791' title='bbox 3178 2974 3365 3023; x_wconf 80' lang='lat' dir='ltr'><strong>contra</strong></span> <span class='ocrx_word' id='word_1_792' title='bbox 3396 2967 3734 3026; x_wconf 77' lang='lat' dir='ltr'><strong>Mendacium</strong></span> <span class='ocrx_word' id='word_1_793' title='bbox 3785 2967 3955 3037; x_wconf 77' lang='lat' dir='ltr'><strong>liber,</strong></span> 
     </span>
    </p>
   </div>
   <div class='ocr_carea' id='block_1_118' title="bbox 2302 3038 3956 3111">
    <p class='ocr_par' dir='ltr' id='par_1_118' title="bbox 2302 3038 3956 3111">
     <span class='ocr_line' id='line_1_120' title="bbox 2302 3038 3956 3111; baseline 0.004 -20"><span class='ocrx_word' id='word_1_794' title='bbox 2302 3044 2480 3111; x_wconf 86' lang='lat' dir='ltr'><strong>atque</strong></span> <span class='ocrx_word' id='word_1_795' title='bbox 2511 3040 2723 3093; x_wconf 85' lang='lat' dir='ltr'><strong>eodem</strong></span> <span class='ocrx_word' id='word_1_796' title='bbox 2750 3038 2933 3094; x_wconf 77' lang='lat' dir='ltr'><strong>ferme</strong></span> <span class='ocrx_word' id='word_1_797' title='bbox 2962 3046 3228 3110; x_wconf 88' lang='lat' dir='ltr'><strong>tempore</strong></span> <span class='ocrx_word' id='word_1_798' title='bbox 3253 3043 3464 3111; x_wconf 88' lang='lat' dir='ltr'><strong>scripta</strong></span> <span class='ocrx_word' id='word_1_799' title='bbox 3498 3043 3686 3097; x_wconf 82' lang='lat' dir='ltr'><strong>fuerit.</strong></span> <span class='ocrx_word' id='word_1_800' title='bbox 3722 3043 3775 3097; x_wconf 87' lang='lat' dir='ltr'><strong>Is</strong></span> <span class='ocrx_word' id='word_1_801' title='bbox 3792 3045 3956 3097; x_wconf 87' lang='lat' dir='ltr'><strong>enim</strong></span> 
     </span>
    </p>
   </div>
   <div class='ocr_carea' id='block_1_119' title="bbox 2302 3108 3952 3187">
    <p class='ocr_par' dir='ltr' id='par_1_119' title="bbox 2302 3108 3952 3187">
     <span class='ocr_line' id='line_1_121' title="bbox 2302 3108 3952 3187; baseline 0.004 -24"><span class='ocrx_word' id='word_1_802' title='bbox 2302 3108 2396 3187; x_wconf 76' lang='lat' dir='ltr'><strong>cui</strong></span> <span class='ocrx_word' id='word_1_803' title='bbox 2429 3109 2576 3164; x_wconf 88' lang='lat' dir='ltr'><strong>liber</strong></span> <span class='ocrx_word' id='word_1_804' title='bbox 2606 3110 2699 3187; x_wconf 79' lang='lat' dir='ltr'><strong>ille</strong></span> <span class='ocrx_word' id='word_1_805' title='bbox 2728 3111 2956 3165; x_wconf 89' lang='lat' dir='ltr'><strong>circiter</strong></span> <span class='ocrx_word' id='word_1_806' title='bbox 2981 3108 3207 3167; x_wconf 78' lang='lat' dir='ltr'><strong>annum</strong></span> <span class='ocrx_word' id='word_1_807' title='bbox 3246 3108 3525 3187; x_wconf 41' lang='lat' dir='ltr'><strong>(uti—alias</strong></span> <span class='ocrx_word' id='word_1_808' title='bbox 3554 3114 3952 3187; x_wconf 83' lang='lat' dir='ltr'><strong>probabitur),</strong></span> 
     </span>
    </p>
   </div>
   <div class='ocr_carea' id='block_1_120' title="bbox 2302 3180 3956 3253">
    <p class='ocr_par' dir='ltr' id='par_1_120' title="bbox 2302 3180 3956 3253">
     <span class='ocr_line' id='line_1_122' title="bbox 2302 3180 3956 3253; baseline 0.006 -20"><span class='ocrx_word' id='word_1_809' title='bbox 2302 3180 2405 3253; x_wconf 74' lang='grc'><strong>420</strong></span> <span class='ocrx_word' id='word_1_810' title='bbox 2428 3182 3198 3253; x_wconf 81' lang='lat' dir='ltr'><strong>compositusnuncupatur,</strong></span> <span class='ocrx_word' id='word_1_811' title='bbox 3216 3184 3448 3238; x_wconf 82' lang='lat' dir='ltr'><strong>vivebat</strong></span> <span class='ocrx_word' id='word_1_812' title='bbox 3470 3180 3619 3238; x_wconf 83' lang='lat' dir='ltr'><strong>inter</strong></span> <span class='ocrx_word' id='word_1_813' title='bbox 3650 3180 3956 3242; x_wconf 77' lang='lat' dir='ltr'><strong>Priscillia-</strong></span> 
     </span>
    </p>
   </div>
   <div class='ocr_carea' id='block_1_121' title="bbox 2301 3252 3957 3326">
    <p class='ocr_par' dir='ltr' id='par_1_121' title="bbox 2301 3252 3957 3326">
     <span class='ocr_line' id='line_1_123' title="bbox 2301 3252 3957 3326; baseline 0.004 -21"><span class='ocrx_word' id='word_1_814' title='bbox 2301 3252 2504 3326; x_wconf 77' lang='lat' dir='ltr'><strong>nistas.</strong></span> <span class='ocrx_word' id='word_1_815' title='bbox 2521 3254 2621 3323; x_wconf 91' lang='lat' dir='ltr'><strong>qui</strong></span> <span class='ocrx_word' id='word_1_816' title='bbox 2638 3252 2806 3326; x_wconf 88' lang='lat' dir='ltr'><strong>perid</strong></span> <span class='ocrx_word' id='word_1_817' title='bbox 2830 3252 3061 3321; x_wconf 88' lang='lat' dir='ltr'><strong>tempus</strong></span> <span class='ocrx_word' id='word_1_818' title='bbox 3077 3256 3417 3326; x_wconf 83' lang='lat' dir='ltr'><strong>Hispaniam</strong></span> <span class='ocrx_word' id='word_1_819' title='bbox 3434 3256 3957 3317; x_wconf 81' lang='lat' dir='ltr'><strong>infestabant,mut-</strong></span> 
     </span>
    </p>
   </div>
   <div class='ocr_carea' id='block_1_122' title="bbox 2301 3323 3959 3396">
    <p class='ocr_par' dir='ltr' id='par_1_122' title="bbox 2301 3323 3959 3396">
     <span class='ocr_line' id='line_1_124' title="bbox 2301 3323 3959 3396; baseline 0.005 -21"><span class='ocrx_word' id='word_1_820' title='bbox 2301 3331 2455 3391; x_wconf 86' lang='lat' dir='ltr'><strong>taque</strong></span> <span class='ocrx_word' id='word_1_821' title='bbox 2474 3323 2689 3396; x_wconf 83' lang='lat' dir='ltr'><strong>legenda</strong></span> <span class='ocrx_word' id='word_1_822' title='bbox 2717 3325 2938 3378; x_wconf 84' lang='lat' dir='ltr'><strong>miserat</strong></span> <span class='ocrx_word' id='word_1_823' title='bbox 2966 3323 3316 3391; x_wconf 78' lang='lat' dir='ltr'><strong>Augustino,</strong></span> <span class='ocrx_word' id='word_1_824' title='bbox 3347 3335 3409 3380; x_wconf 89' lang='lat' dir='ltr'><strong>ut</strong></span> <span class='ocrx_word' id='word_1_825' title='bbox 3440 3326 3497 3381; x_wconf 91' lang='lat' dir='ltr'><strong>in</strong></span> <span class='ocrx_word' id='word_1_826' title='bbox 3522 3327 3791 3396; x_wconf 83' lang='lat' dir='ltr'><strong>ejusdem</strong></span> <span class='ocrx_word' id='word_1_827' title='bbox 3824 3329 3959 3384; x_wconf 89' lang='lat' dir='ltr'><strong>libri</strong></span> 
     </span>
    </p>
   </div>
   <div class='ocr_carea' id='block_1_123' title="bbox 2300 3395 3957 3464">
    <p class='ocr_par' dir='ltr' id='par_1_123' title="bbox 2300 3395 3957 3464">
     <span class='ocr_line' id='line_1_125' title="bbox 2300 3395 3957 3464; baseline 0.005 -18"><span class='ocrx_word' id='word_1_828' title='bbox 2300 3395 2545 3447; x_wconf 80' lang='lat' dir='ltr'><strong>exordio</strong></span> <span class='ocrx_word' id='word_1_829' title='bbox 2576 3395 2811 3459; x_wconf 87' lang='lat' dir='ltr'><strong>dicitur,</strong></span> <span class='ocrx_word' id='word_1_830' title='bbox 2843 3411 3026 3464; x_wconf 84' lang='lat' dir='ltr'><strong>agens</strong></span> <span class='ocrx_word' id='word_1_831' title='bbox 3052 3397 3125 3451; x_wconf 90' lang='lat' dir='ltr'><strong>de</strong></span> <span class='ocrx_word' id='word_1_832' title='bbox 3154 3398 3453 3452; x_wconf 90' lang='lat' dir='ltr'><strong>mendacii</strong></span> <span class='ocrx_word' id='word_1_833' title='bbox 3484 3395 3593 3453; x_wconf 86' lang='lat' dir='ltr'><strong>usu</strong></span> <span class='ocrx_word' id='word_1_834' title='bbox 3617 3400 3691 3453; x_wconf 87' lang='lat' dir='ltr'><strong>ad</strong></span> <span class='ocrx_word' id='word_1_835' title='bbox 3716 3400 3957 3455; x_wconf 91' lang='lat' dir='ltr'><strong>illorum</strong></span> 
     </span>
    </p>
   </div>
   <div class='ocr_carea' id='block_1_124' title="bbox 2300 3466 3959 3539">
    <p class='ocr_par' dir='ltr' id='par_1_124' title="bbox 2300 3466 3959 3539">
     <span class='ocr_line' id='line_1_126' title="bbox 2300 3466 3959 3539; baseline 0.005 -22"><span class='ocrx_word' id='word_1_836' title='bbox 2300 3467 2679 3539; x_wconf 76' lang='lat' dir='ltr'><strong>retegendam</strong></span> <span class='ocrx_word' id='word_1_837' title='bbox 2696 3466 3183 3539; x_wconf 64' lang='lat' dir='ltr'><strong>haeresim,quam</strong></span> <span class='ocrx_word' id='word_1_838' title='bbox 3201 3469 3319 3539; x_wconf 90' lang='lat' dir='ltr'><strong>perj</strong></span> <span class='ocrx_word' id='word_1_839' title='bbox 3334 3468 3468 3522; x_wconf 88' lang='lat' dir='ltr'><strong>uriis</strong></span> <span class='ocrx_word' id='word_1_840' title='bbox 3483 3471 3658 3524; x_wconf 89' lang='lat' dir='ltr'><strong>etiam</strong></span> <span class='ocrx_word' id='word_1_841' title='bbox 3673 3470 3959 3527; x_wconf 85' lang='lat' dir='ltr'><strong>adhibitis</strong></span> 
     </span>
    </p>
   </div>
   <div class='ocr_carea' id='block_1_125' title="bbox 2298 3536 3959 3609">
    <p class='ocr_par' dir='ltr' id='par_1_125' title="bbox 2298 3536 3959 3609">
     <span class='ocr_line' id='line_1_127' title="bbox 2298 3536 3959 3609; baseline 0.006 -21"><span class='ocrx_word' id='word_1_842' title='bbox 2298 3536 2727 3609; x_wconf 83' lang='lat' dir='ltr'><strong>occultureipsi</strong></span> <span class='ocrx_word' id='word_1_843' title='bbox 2746 3536 3084 3592; x_wconf 60' lang='lat' dir='ltr'><strong>solerentlu</strong></span> <span class='ocrx_word' id='word_1_844' title='bbox 3101 3536 3213 3593; x_wconf 84' lang='lat' dir='ltr'><strong>hac</strong></span> <span class='ocrx_word' id='word_1_845' title='bbox 3227 3536 3423 3593; x_wconf 85' lang='lat' dir='ltr'><strong>autem</strong></span> <span class='ocrx_word' id='word_1_846' title='bbox 3440 3542 3689 3609; x_wconf 88' lang='lat' dir='ltr'><strong>epistola</strong></span> <span class='ocrx_word' id='word_1_847' title='bbox 3705 3549 3959 3597; x_wconf 84' lang='lat' dir='ltr'><strong>testatur</strong></span> 
     </span>
    </p>
   </div>
   <div class='ocr_carea' id='block_1_126' title="bbox 2298 3608 3955 3680">
    <p class='ocr_par' dir='ltr' id='par_1_126' title="bbox 2298 3608 3955 3680">
     <span class='ocr_line' id='line_1_128' title="bbox 2298 3608 3955 3680; baseline 0.006 -22"><span class='ocrx_word' id='word_1_848' title='bbox 2298 3608 2665 3680; x_wconf 78' lang='lat' dir='ltr'><strong>Augustinus</strong></span> <span class='ocrx_word' id='word_1_849' title='bbox 2684 3609 2926 3663; x_wconf 89' lang='lat' dir='ltr'><strong>missam</strong></span> <span class='ocrx_word' id='word_1_850' title='bbox 2945 3610 3054 3663; x_wconf 89' lang='lat' dir='ltr'><strong>sibi</strong></span> <span class='ocrx_word' id='word_1_851' title='bbox 3077 3611 3256 3664; x_wconf 85' lang='lat' dir='ltr'><strong>fuisse</strong></span> <span class='ocrx_word' id='word_1_852' title='bbox 3268 3608 3550 3680; x_wconf 83' lang='lat' dir='ltr'><strong>epistolam</strong></span> <span class='ocrx_word' id='word_1_853' title='bbox 3564 3629 3597 3665; x_wconf 92' lang='lat' dir='ltr'><strong>a</strong></span> <span class='ocrx_word' id='word_1_854' title='bbox 3613 3614 3955 3678; x_wconf 85' lang='lat' dir='ltr'><strong>Consentio,</strong></span> 
     </span>
    </p>
   </div>
   <div class='ocr_carea' id='block_1_127' title="bbox 2297 3678 3959 3755">
    <p class='ocr_par' dir='ltr' id='par_1_127' title="bbox 2297 3678 3959 3755">
     <span class='ocr_line' id='line_1_129' title="bbox 2297 3678 3959 3755; baseline 0.005 -25"><span class='ocrx_word' id='word_1_855' title='bbox 2297 3686 2351 3731; x_wconf 91' lang='lat' dir='ltr'><strong>et</strong></span> <span class='ocrx_word' id='word_1_856' title='bbox 2374 3678 2610 3755; x_wconf 77' lang='lat' dir='ltr'><strong>insuper</strong></span> <span class='ocrx_word' id='word_1_857' title='bbox 2633 3681 2691 3732; x_wconf 87' lang='lat' dir='ltr'><strong>in</strong></span> <span class='ocrx_word' id='word_1_858' title='bbox 2707 3680 2823 3755; x_wconf 85' lang='lat' dir='ltr'><strong>alia</strong></span> <span class='ocrx_word' id='word_1_859' title='bbox 2854 3682 3125 3755; x_wconf 70' lang='lat' dir='ltr'><strong>chartula</strong></span> <span class='ocrx_word' id='word_1_860' title='bbox 3146 3678 3509 3755; x_wconf 61' lang='lat' dir='ltr'><strong>quaestiones</strong></span> <span class='ocrx_word' id='word_1_861' title='bbox 3540 3683 3687 3747; x_wconf 89' lang='lat' dir='ltr'><strong>illas,</strong></span> <span class='ocrx_word' id='word_1_862' title='bbox 3712 3685 3787 3739; x_wconf 91' lang='lat' dir='ltr'><strong>ad</strong></span> <span class='ocrx_word' id='word_1_863' title='bbox 3802 3701 3959 3755; x_wconf 88' lang='lat' dir='ltr'><strong>quas</strong></span> 
     </span>
    </p>
   </div>
   <div class='ocr_carea' id='block_1_128' title="bbox 2297 3750 3958 3822">
    <p class='ocr_par' dir='ltr' id='par_1_128' title="bbox 2297 3750 3958 3822">
     <span class='ocr_line' id='line_1_130' title="bbox 2297 3750 3958 3822; baseline 0.004 -19"><span class='ocrx_word' id='word_1_864' title='bbox 2297 3750 2478 3822; x_wconf 85' lang='lat' dir='ltr'><strong>modo</strong></span> <span class='ocrx_word' id='word_1_865' title='bbox 2510 3752 2847 3819; x_wconf 86' lang='lat' dir='ltr'><strong>respondet.</strong></span> <span class='ocrx_word' id='word_1_866' title='bbox 2869 3753 2970 3806; x_wconf 88' lang='lat' dir='ltr'><strong>Ubi</strong></span> <span class='ocrx_word' id='word_1_867' title='bbox 2994 3750 3230 3822; x_wconf 83' lang='lat' dir='ltr'><strong>episton</strong></span> <span class='ocrx_word' id='word_1_868' title='bbox 3245 3753 3484 3808; x_wconf 89' lang='lat' dir='ltr'><strong>nomine</strong></span> <span class='ocrx_word' id='word_1_869' title='bbox 3509 3750 3840 3821; x_wconf 74' lang='lat' dir='ltr'><strong>significare</strong></span> <span class='ocrx_word' id='word_1_870' title='bbox 3875 3758 3958 3810; x_wconf 87' lang='lat' dir='ltr'><strong>vi-</strong></span> 
     </span>
    </p>
   </div>
   <div class='ocr_carea' id='block_1_129' title="bbox 2296 3820 3957 3895">
    <p class='ocr_par' dir='ltr' id='par_1_129' title="bbox 2296 3820 3957 3895">
     <span class='ocr_line' id='line_1_131' title="bbox 2296 3820 3957 3895; baseline 0.005 -22"><span class='ocrx_word' id='word_1_871' title='bbox 2296 3820 2692 3895; x_wconf 72' lang='lat' dir='ltr'><strong>detur-scripta</strong></span> <span class='ocrx_word' id='word_1_872' title='bbox 2717 3820 3053 3895; x_wconf 80' lang='lat' dir='ltr'><strong>prolixiora,</strong></span> <span class='ocrx_word' id='word_1_873' title='bbox 3073 3825 3293 3894; x_wconf 89' lang='lat' dir='ltr'><strong>quibus</strong></span> <span class='ocrx_word' id='word_1_874' title='bbox 3326 3832 3533 3895; x_wconf 86' lang='lat' dir='ltr'><strong>postea</strong></span> <span class='ocrx_word' id='word_1_875' title='bbox 3558 3828 3615 3879; x_wconf 89' lang='lat' dir='ltr'><strong>in</strong></span> <span class='ocrx_word' id='word_1_876' title='bbox 3645 3826 3957 3883; x_wconf 82' lang='lat' dir='ltr'><strong>lib.contra</strong></span> 
     </span>
    </p>
   </div>
   <div class='ocr_carea' id='block_1_130' title="bbox 2293 3890 3956 3966">
    <p class='ocr_par' dir='ltr' id='par_1_130' title="bbox 2293 3890 3956 3966">
     <span class='ocr_line' id='line_1_132' title="bbox 2293 3890 3956 3966; baseline 0.004 -20"><span class='ocrx_word' id='word_1_877' title='bbox 2293 3890 2639 3966; x_wconf 76' lang='lat' dir='ltr'><strong>Mendacium</strong></span> <span class='ocrx_word' id='word_1_878' title='bbox 2658 3890 2981 3963; x_wconf 83' lang='lat' dir='ltr'><strong>respondit,</strong></span> <span class='ocrx_word' id='word_1_879' title='bbox 3016 3890 3349 3951; x_wconf 75' lang='lat' dir='ltr'><strong>tarditatem</strong></span> <span class='ocrx_word' id='word_1_880' title='bbox 3367 3898 3784 3966; x_wconf 88' lang='lat' dir='ltr'><strong>rescriptorum</strong></span> <span class='ocrx_word' id='word_1_881' title='bbox 3820 3916 3956 3953; x_wconf 86' lang='lat' dir='ltr'><strong>suo—</strong></span> 
     </span>
    </p>
   </div>
   <div class='ocr_carea' id='block_1_131' title="bbox 2294 3964 3955 4039">
    <p class='ocr_par' dir='ltr' id='par_1_131' title="bbox 2294 3964 3955 4039">
     <span class='ocr_line' id='line_1_133' title="bbox 2294 3964 3955 4039; baseline 0.006 -24"><span class='ocrx_word' id='word_1_882' title='bbox 2294 3978 2424 4016; x_wconf 87' lang='lat' dir='ltr'><strong>rum</strong></span> <span class='ocrx_word' id='word_1_883' title='bbox 2456 3964 2670 4039; x_wconf 82' lang='lat' dir='ltr'><strong>ibidem</strong></span> <span class='ocrx_word' id='word_1_884' title='bbox 2694 3980 3003 4039; x_wconf 78' lang='lat' dir='ltr'><strong>excusans.</strong></span> <span class='ocrx_word' id='word_1_885' title='bbox 3026 3966 3244 4022; x_wconf 87' lang='lat' dir='ltr'><strong>Deinde</strong></span> <span class='ocrx_word' id='word_1_886' title='bbox 3273 3968 3327 4021; x_wconf 89' lang='lat' dir='ltr'><strong>in</strong></span> <span class='ocrx_word' id='word_1_887' title='bbox 3356 3964 3661 4023; x_wconf 78' lang='lat' dir='ltr'><strong>hominem</strong></span> <span class='ocrx_word' id='word_1_888' title='bbox 3677 3970 3839 4039; x_wconf 86' lang='lat' dir='ltr'><strong>apud</strong></span> <span class='ocrx_word' id='word_1_889' title='bbox 3865 3972 3955 4025; x_wconf 88' lang='lat' dir='ltr'><strong>Hi-</strong></span> 
     </span>
    </p>
   </div>
   <div class='ocr_carea' id='block_1_132' title="bbox 2294 4036 3955 4107">
    <p class='ocr_par' dir='ltr' id='par_1_132' title="bbox 2294 4036 3955 4107">
     <span class='ocr_line' id='line_1_134' title="bbox 2294 4036 3955 4107; baseline 0.005 -21"><span class='ocrx_word' id='word_1_890' title='bbox 2294 4036 2571 4103; x_wconf 86' lang='lat' dir='ltr'><strong>spaniam</strong></span> <span class='ocrx_word' id='word_1_891' title='bbox 2596 4038 3008 4102; x_wconf 84' lang='lat' dir='ltr'><strong>constitutum,</strong></span> <span class='ocrx_word' id='word_1_892' title='bbox 3034 4045 3213 4107; x_wconf 87' lang='lat' dir='ltr'><strong>atque</strong></span> <span class='ocrx_word' id='word_1_893' title='bbox 3237 4039 3371 4092; x_wconf 89' lang='lat' dir='ltr'><strong>inde</strong></span> <span class='ocrx_word' id='word_1_894' title='bbox 3390 4038 3446 4093; x_wconf 91' lang='lat' dir='ltr'><strong>in</strong></span> <span class='ocrx_word' id='word_1_895' title='bbox 3464 4036 3955 4096; x_wconf 51' lang='lat' dir='ltr'><strong>Africam&#39;confu-</strong></span> 
     </span>
    </p>
   </div>
   <div class='ocr_carea' id='block_1_133' title="bbox 2294 4108 3948 4191">
    <p class='ocr_par' dir='ltr' id='par_1_133' title="bbox 2294 4108 3948 4191">
     <span class='ocr_line' id='line_1_135' title="bbox 2294 4108 3948 4191; baseline 0.005 -33"><span class='ocrx_word' id='word_1_896' title='bbox 2294 4119 2430 4191; x_wconf 76' lang='lat' dir='ltr'><strong>gere</strong></span> <span class='ocrx_word' id='word_1_897' title='bbox 2456 4108 2821 4191; x_wconf 76' lang='lat' dir='ltr'><strong>cogitantem</strong></span> <span class='ocrx_word' id='word_1_898' title='bbox 2865 4110 3140 4191; x_wconf 71' lang='lat' dir='ltr'><strong>convenit</strong></span> <span class='ocrx_word' id='word_1_899' title='bbox 3177 4111 3435 4191; x_wconf 79' lang='lat' dir='ltr'><strong>egregie,</strong></span> <span class='ocrx_word' id='word_1_900' title='bbox 3474 4112 3631 4191; x_wconf 80' lang='lat' dir='ltr'><strong>quod</strong></span> <span class='ocrx_word' id='word_1_901' title='bbox 3674 4112 3769 4166; x_wconf 90' lang='lat' dir='ltr'><strong>hic</strong></span> <span class='ocrx_word' id='word_1_902' title='bbox 3791 4129 3948 4191; x_wconf 66' lang='lat' dir='ltr'><strong>cap.</strong></span> 
     </span>
    </p>
   </div>
   <div class='ocr_carea' id='block_1_134' title="bbox 2298 4181 3950 4252">
    <p class='ocr_par' dir='ltr' id='par_1_134' title="bbox 2298 4181 3950 4252">
     <span class='ocr_line' id='line_1_136' title="bbox 2298 4181 3950 4252; baseline 0.006 -23"><span class='ocrx_word' id='word_1_903' title='bbox 2298 4181 2345 4252; x_wconf 65' lang='grc'><strong>1,</strong></span> <span class='ocrx_word' id='word_1_904' title='bbox 2362 4192 2416 4229; x_wconf 92' lang='lat' dir='ltr'><strong>n.</strong></span> <span class='ocrx_word' id='word_1_905' title='bbox 2450 4183 2497 4241; x_wconf 83' lang='lat' dir='ltr'><strong>t,</strong></span> <span class='ocrx_word' id='word_1_906' title='bbox 2513 4182 2757 4252; x_wconf 85' lang='lat' dir='ltr'><strong>testatur</strong></span> <span class='ocrx_word' id='word_1_907' title='bbox 2773 4181 3160 4252; x_wconf 78' lang='lat' dir='ltr'><strong>Augustinus,</strong></span> <span class='ocrx_word' id='word_1_908' title='bbox 3183 4189 3388 4250; x_wconf 89' lang='lat' dir='ltr'><strong>optare</strong></span> <span class='ocrx_word' id='word_1_909' title='bbox 3403 4181 3645 4252; x_wconf 85' lang='lat' dir='ltr'><strong>quidem</strong></span> <span class='ocrx_word' id='word_1_910' title='bbox 3671 4200 3731 4237; x_wconf 83' lang='lat' dir='ltr'><strong>se</strong></span> <span class='ocrx_word' id='word_1_911' title='bbox 3753 4181 3950 4239; x_wconf 80' lang='lat' dir='ltr'><strong>videre</strong></span> 
     </span>
    </p>
   </div>
   <div class='ocr_carea' id='block_1_135' title="bbox 2292 4247 3947 4323">
    <p class='ocr_par' dir='ltr' id='par_1_135' title="bbox 2292 4247 3947 4323">
     <span class='ocr_line' id='line_1_137' title="bbox 2292 4247 3947 4323; baseline 0.005 -22"><span class='ocrx_word' id='word_1_912' title='bbox 2292 4247 2693 4323; x_wconf 73' lang='lat' dir='ltr'><strong>Consentium,</strong></span> <span class='ocrx_word' id='word_1_913' title='bbox 2716 4249 2815 4323; x_wconf 81' lang='lat' dir='ltr'><strong>sed</strong></span> <span class='ocrx_word' id='word_1_914' title='bbox 2838 4251 3199 4320; x_wconf 83' lang='lat' dir='ltr'><strong>quietioribus</strong></span> <span class='ocrx_word' id='word_1_915' title='bbox 3216 4247 3266 4306; x_wconf 74' lang='lat' dir='ltr'><strong>et</strong></span> <span class='ocrx_word' id='word_1_916' title='bbox 3286 4247 3766 4323; x_wconf 76' lang='lat' dir='ltr'><strong>tranquillioribus</strong></span> <span class='ocrx_word' id='word_1_917' title='bbox 3790 4256 3947 4309; x_wconf 78' lang='lat' dir='ltr'><strong>rebus</strong></span> 
     </span>
    </p>
   </div>
   <div class='ocr_carea' id='block_1_136' title="bbox 2291 4317 3947 4395">
    <p class='ocr_par' dir='ltr' id='par_1_136' title="bbox 2291 4317 3947 4395">
     <span class='ocr_line' id='line_1_138' title="bbox 2291 4317 3947 4395; baseline 0.005 -23"><span class='ocrx_word' id='word_1_918' title='bbox 2291 4317 2561 4395; x_wconf 66' lang='lat' dir='ltr'><strong>immanis,</strong></span> <span class='ocrx_word' id='word_1_919' title='bbox 2590 4328 2649 4395; x_wconf 84' lang='lat' dir='ltr'><strong>ut</strong></span> <span class='ocrx_word' id='word_1_920' title='bbox 2682 4317 2985 4395; x_wconf 73' lang='lat' dir='ltr'><strong>idhonestw</strong></span> <span class='ocrx_word' id='word_1_921' title='bbox 3004 4324 3296 4379; x_wconf 83' lang='lat' dir='ltr'><strong>charitatis</strong></span> <span class='ocrx_word' id='word_1_922' title='bbox 3319 4327 3391 4377; x_wconf 84' lang='lat' dir='ltr'><strong>sit</strong></span> <span class='ocrx_word' id='word_1_923' title='bbox 3414 4317 3607 4394; x_wconf 75' lang='lat' dir='ltr'><strong>potius,</strong></span> <span class='ocrx_word' id='word_1_924' title='bbox 3649 4338 3806 4395; x_wconf 81' lang='lat' dir='ltr'><strong>quam</strong></span> <span class='ocrx_word' id='word_1_925' title='bbox 3840 4344 3947 4381; x_wconf 84' lang='lat' dir='ltr'><strong>mo-</strong></span> 
     </span>
    </p>
   </div>
   <div class='ocr_carea' id='block_1_137' title="bbox 2290 4389 3945 4457">
    <p class='ocr_par' dir='ltr' id='par_1_137' title="bbox 2290 4389 3945 4457">
     <span class='ocr_line' id='line_1_139' title="bbox 2290 4389 3945 4457; baseline 0.006 -15"><span class='ocrx_word' id='word_1_926' title='bbox 2290 4389 2434 4443; x_wconf 70' lang='lat' dir='ltr'><strong>lestae</strong></span> <span class='ocrx_word' id='word_1_927' title='bbox 2452 4393 2801 4446; x_wconf 85' lang='lat' dir='ltr'><strong>necessitatis.</strong></span> <span class='ocrx_word' id='word_1_928' title='bbox 2837 4396 3011 4446; x_wconf 87' lang='lat' dir='ltr'><strong>Porro</strong></span> <span class='ocrx_word' id='word_1_929' title='bbox 3044 4396 3100 4448; x_wconf 91' lang='lat' dir='ltr'><strong>in</strong></span> <span class='ocrx_word' id='word_1_930' title='bbox 3132 4411 3181 4447; x_wconf 89' lang='lat' dir='ltr'><strong>c.</strong></span> <span class='ocrx_word' id='word_1_931' title='bbox 3214 4399 3265 4455; x_wconf 81' lang='grc'><strong>4.</strong></span> <span class='ocrx_word' id='word_1_932' title='bbox 3301 4412 3359 4448; x_wconf 93' lang='lat' dir='ltr'><strong>n.</strong></span> <span class='ocrx_word' id='word_1_933' title='bbox 3389 4389 3470 4457; x_wconf 76' lang='lat' dir='ltr'><strong>t8,</strong></span> <span class='ocrx_word' id='word_1_934' title='bbox 3504 4389 3777 4451; x_wconf 72' lang='lat' dir='ltr'><strong>meminit</strong></span> <span class='ocrx_word' id='word_1_935' title='bbox 3805 4399 3945 4452; x_wconf 80' lang='lat' dir='ltr'><strong>seri-</strong></span> 
     </span>
    </p>
   </div>
   <div class='ocr_carea' id='block_1_138' title="bbox 2286 4462 3944 4587">
    <p class='ocr_par' dir='ltr' id='par_1_138' title="bbox 2286 4462 3944 4587">
     <span class='ocr_line' id='line_1_140' title="bbox 2286 4462 3944 4587; baseline 0.005 -73"><span class='ocrx_word' id='word_1_936' title='bbox 2286 4462 2434 4587; x_wconf 63' lang='lat' dir='ltr'><strong>pltisa</strong></span> <span class='ocrx_word' id='word_1_937' title='bbox 2454 4478 2515 4518; x_wconf 86' lang='lat' dir='ltr'><strong>se</strong></span> <span class='ocrx_word' id='word_1_938' title='bbox 2544 4464 2677 4518; x_wconf 88' lang='lat' dir='ltr'><strong>libri</strong></span> <span class='ocrx_word' id='word_1_939' title='bbox 2703 4463 2765 4517; x_wconf 85' lang='lat' dir='ltr'><strong>de</strong></span> <span class='ocrx_word' id='word_1_940' title='bbox 2796 4464 2939 4519; x_wconf 88' lang='lat' dir='ltr'><strong>Fide</strong></span> <span class='ocrx_word' id='word_1_941' title='bbox 2976 4472 3026 4518; x_wconf 84' lang='lat' dir='ltr'><strong>et</strong></span> <span class='ocrx_word' id='word_1_942' title='bbox 3068 4466 3345 4535; x_wconf 80' lang='lat' dir='ltr'><strong>Operibus,</strong></span> <span class='ocrx_word' id='word_1_943' title='bbox 3379 4470 3481 4538; x_wconf 88' lang='lat' dir='ltr'><strong>qui</strong></span> <span class='ocrx_word' id='word_1_944' title='bbox 3507 4468 3655 4523; x_wconf 88' lang='lat' dir='ltr'><strong>liber</strong></span> <span class='ocrx_word' id='word_1_945' title='bbox 3679 4470 3766 4523; x_wconf 87' lang='lat' dir='ltr'><strong>est</strong></span> <span class='ocrx_word' id='word_1_946' title='bbox 3800 4471 3944 4524; x_wconf 88' lang='lat' dir='ltr'><strong>anni</strong></span> 
     </span>
    </p>
   </div>
   <div class='ocr_carea' id='block_1_139' title="bbox 2572 4602 3652 4679">
    <p class='ocr_par' dir='ltr' id='par_1_139' title="bbox 2572 4602 3652 4679">
     <span class='ocr_line' id='line_1_141' title="bbox 2572 4602 3652 4679; baseline 0.005 -21"><span class='ocrx_word' id='word_1_947' title='bbox 2572 4602 2745 4679; x_wconf 82' lang='lat' dir='ltr'><strong>CCVI.</strong></span> <span class='ocrx_word' id='word_1_948' title='bbox 2783 4634 2845 4645; x_wconf 90' lang='lat'><strong>-—</strong></span> <span class='ocrx_word' id='word_1_949' title='bbox 2877 4606 3091 4676; x_wconf 87' lang='lat' dir='ltr'><strong>Scripta</strong></span> <span class='ocrx_word' id='word_1_950' title='bbox 3130 4608 3276 4661; x_wconf 87' lang='lat' dir='ltr'><strong>circa</strong></span> <span class='ocrx_word' id='word_1_951' title='bbox 3297 4608 3387 4661; x_wconf 82' lang='lat' dir='ltr'><strong>hoc</strong></span> <span class='ocrx_word' id='word_1_952' title='bbox 3425 4616 3652 4679; x_wconf 86' lang='lat' dir='ltr'><strong>tempus.</strong></span> 
     </span>
    </p>
   </div>
   <div class='ocr_carea' id='block_1_140' title="bbox 2360 4675 3941 4749">
    <p class='ocr_par' dir='ltr' id='par_1_140' title="bbox 2360 4675 3941 4749">
     <span class='ocr_line' id='line_1_142' title="bbox 2360 4675 3941 4749; baseline 0.006 -22"><span class='ocrx_word' id='word_1_953' title='bbox 2360 4675 2774 4749; x_wconf 80' lang='lat' dir='ltr'><strong>Ducentesima</strong></span> <span class='ocrx_word' id='word_1_954' title='bbox 2802 4684 2962 4730; x_wconf 83' lang='lat' dir='ltr'><strong>sexta</strong></span> <span class='ocrx_word' id='word_1_955' title='bbox 2995 4675 3078 4732; x_wconf 82' lang='lat' dir='ltr'><strong>est</strong></span> <span class='ocrx_word' id='word_1_956' title='bbox 3109 4680 3184 4733; x_wconf 90' lang='lat' dir='ltr'><strong>ad</strong></span> <span class='ocrx_word' id='word_1_957' title='bbox 3219 4675 3713 4743; x_wconf 50' lang='lat' dir='ltr'><strong>Valeriumfillum</strong></span> <span class='ocrx_word' id='word_1_958' title='bbox 3741 4682 3941 4749; x_wconf 90' lang='lat' dir='ltr'><strong>ipsum</strong></span> 
     </span>
    </p>
   </div>
   <div class='ocr_carea' id='block_1_141' title="bbox 2286 4747 3940 4817">
    <p class='ocr_par' dir='ltr' id='par_1_141' title="bbox 2286 4747 3940 4817">
     <span class='ocr_line' id='line_1_143' title="bbox 2286 4747 3940 4817; baseline 0.006 -19"><span class='ocrx_word' id='word_1_959' title='bbox 2286 4747 2582 4815; x_wconf 86' lang='lat' dir='ltr'><strong>comitem,</strong></span> <span class='ocrx_word' id='word_1_960' title='bbox 2618 4749 2709 4799; x_wconf 87' lang='lat' dir='ltr'><strong>cui</strong></span> <span class='ocrx_word' id='word_1_961' title='bbox 2754 4749 2981 4817; x_wconf 87' lang='lat' dir='ltr'><strong>primus</strong></span> <span class='ocrx_word' id='word_1_962' title='bbox 3012 4748 3078 4803; x_wconf 87' lang='lat' dir='ltr'><strong>de</strong></span> <span class='ocrx_word' id='word_1_963' title='bbox 3101 4750 3333 4817; x_wconf 59' lang='lat' dir='ltr'><strong>Nuptiis</strong></span> <span class='ocrx_word' id='word_1_964' title='bbox 3379 4751 3527 4805; x_wconf 88' lang='lat' dir='ltr'><strong>liber</strong></span> <span class='ocrx_word' id='word_1_965' title='bbox 3578 4747 3806 4807; x_wconf 79' lang='lat' dir='ltr'><strong>circiter</strong></span> <span class='ocrx_word' id='word_1_966' title='bbox 3854 4754 3940 4808; x_wconf 89' lang='lat' dir='ltr'><strong>iu-</strong></span> 
     </span>
    </p>
   </div>
   <div class='ocr_carea' id='block_1_142' title="bbox 2284 4817 3941 4891">
    <p class='ocr_par' dir='ltr' id='par_1_142' title="bbox 2284 4817 3941 4891">
     <span class='ocr_line' id='line_1_144' title="bbox 2284 4817 3941 4891; baseline 0.005 -21"><span class='ocrx_word' id='word_1_967' title='bbox 2284 4817 2606 4891; x_wconf 86' lang='lat' dir='ltr'><strong>itiumanni</strong></span> <span class='ocrx_word' id='word_1_968' title='bbox 2624 4820 3127 4891; x_wconf 62' lang='lat' dir='ltr'><strong>t19transmissus</strong></span> <span class='ocrx_word' id='word_1_969' title='bbox 3142 4822 3269 4875; x_wconf 84' lang='lat' dir='ltr'><strong>fuit.</strong></span> <span class='ocrx_word' id='word_1_970' title='bbox 3287 4822 3371 4875; x_wconf 83' lang='lat' dir='ltr'><strong>Ad</strong></span> <span class='ocrx_word' id='word_1_971' title='bbox 3394 4822 3549 4877; x_wconf 88' lang='lat' dir='ltr'><strong>idem</strong></span> <span class='ocrx_word' id='word_1_972' title='bbox 3565 4822 3683 4878; x_wconf 84' lang='lat' dir='ltr'><strong>fere</strong></span> <span class='ocrx_word' id='word_1_973' title='bbox 3700 4830 3941 4891; x_wconf 85' lang='lat' dir='ltr'><strong>tempus</strong></span> 
     </span>
    </p>
   </div>
   <div class='ocr_carea' id='block_1_143' title="bbox 2282 4889 3941 4964">
    <p class='ocr_par' dir='ltr' id='par_1_143' title="bbox 2282 4889 3941 4964">
     <span class='ocr_line' id='line_1_145' title="bbox 2282 4889 3941 4964; baseline 0.003 -21"><span class='ocrx_word' id='word_1_974' title='bbox 2282 4889 2573 4964; x_wconf 79' lang='lat' dir='ltr'><strong>pertinere</strong></span> <span class='ocrx_word' id='word_1_975' title='bbox 2601 4889 3047 4964; x_wconf 68' lang='lat' dir='ltr'><strong>videturisthasc</strong></span> <span class='ocrx_word' id='word_1_976' title='bbox 3080 4893 3489 4964; x_wconf 82' lang='lat' dir='ltr'><strong>epistolu,qua</strong></span> <span class='ocrx_word' id='word_1_977' title='bbox 3513 4895 3596 4949; x_wconf 90' lang='lat' dir='ltr'><strong>sic</strong></span> <span class='ocrx_word' id='word_1_978' title='bbox 3618 4896 3728 4964; x_wconf 87' lang='lat' dir='ltr'><strong>ipsi</strong></span> <span class='ocrx_word' id='word_1_979' title='bbox 3756 4889 3941 4950; x_wconf 86' lang='lat' dir='ltr'><strong>scribi</strong></span> 
     </span>
    </p>
   </div>
   <div class='ocr_carea' id='block_1_144' title="bbox 2282 4958 3943 5035">
    <p class='ocr_par' dir='ltr' id='par_1_144' title="bbox 2282 4958 3943 5035">
     <span class='ocr_line' id='line_1_146' title="bbox 2282 4958 3943 5035; baseline 0.006 -22"><span class='ocrx_word' id='word_1_980' title='bbox 2282 4958 2669 5035; x_wconf 42' lang='lat' dir='ltr'><strong>{Augustinum</strong></span> <span class='ocrx_word' id='word_1_981' title='bbox 2702 4962 2869 5031; x_wconf 86' lang='lat' dir='ltr'><strong>quasi</strong></span> <span class='ocrx_word' id='word_1_982' title='bbox 2898 4962 3025 5030; x_wconf 89' lang='lat' dir='ltr'><strong>jam</strong></span> <span class='ocrx_word' id='word_1_983' title='bbox 3053 4958 3189 5018; x_wconf 87' lang='lat' dir='ltr'><strong>ante</strong></span> <span class='ocrx_word' id='word_1_984' title='bbox 3220 4964 3277 5017; x_wconf 92' lang='lat' dir='ltr'><strong>in</strong></span> <span class='ocrx_word' id='word_1_985' title='bbox 3310 4958 3501 5035; x_wconf 79' lang='lat' dir='ltr'><strong>ipsius</strong></span> <span class='ocrx_word' id='word_1_986' title='bbox 3523 4958 3851 5023; x_wconf 77' lang='lat' dir='ltr'><strong>amicitiam</strong></span> <span class='ocrx_word' id='word_1_987' title='bbox 3886 4974 3943 5023; x_wconf 86' lang='lat' dir='ltr'><strong>et</strong></span> 
     </span>
    </p>
   </div>
   <div class='ocr_carea' id='block_1_145' title="bbox 2283 5030 3063 5102">
    <p class='ocr_par' dir='ltr' id='par_1_145' title="bbox 2283 5030 3063 5102">
     <span class='ocr_line' id='line_1_147' title="bbox 2283 5030 3063 5102; baseline 0.004 -17"><span class='ocrx_word' id='word_1_988' title='bbox 2283 5030 2739 5086; x_wconf 77' lang='lat' dir='ltr'><strong>familiaritatem</strong></span> <span class='ocrx_word' id='word_1_989' title='bbox 2772 5040 3063 5102; x_wconf 87' lang='lat' dir='ltr'><strong>receptus.</strong></span> 
     </span>
    </p>
   </div>
   <div class='ocr_carea' id='block_1_146' title="bbox 2462 5102 3755 5178">
    <p class='ocr_par' dir='ltr' id='par_1_146' title="bbox 2462 5102 3755 5178">
     <span class='ocr_line' id='line_1_148' title="bbox 2462 5102 3755 5178; baseline 0.002 -22"><span class='ocrx_word' id='word_1_990' title='bbox 2462 5102 2665 5178; x_wconf 66' lang='lat' dir='ltr'><strong>CCVII.</strong></span> <span class='ocrx_word' id='word_1_991' title='bbox 2698 5132 2763 5145; x_wconf 91' lang='lat'><strong>-—</strong></span> <span class='ocrx_word' id='word_1_992' title='bbox 2792 5105 3020 5173; x_wconf 83' lang='lat' dir='ltr'><strong>Scripta</strong></span> <span class='ocrx_word' id='word_1_993' title='bbox 3043 5122 3138 5178; x_wconf 68' lang='lat' dir='ltr'><strong>an.</strong></span> <span class='ocrx_word' id='word_1_994' title='bbox 3157 5104 3283 5178; x_wconf 66' lang='grc'><strong>421,</strong></span> <span class='ocrx_word' id='word_1_995' title='bbox 3306 5112 3402 5178; x_wconf 86' lang='lat' dir='ltr'><strong>aut</strong></span> <span class='ocrx_word' id='word_1_996' title='bbox 3432 5110 3597 5176; x_wconf 84' lang='lat' dir='ltr'><strong>paulo</strong></span> <span class='ocrx_word' id='word_1_997' title='bbox 3617 5113 3755 5178; x_wconf 84' lang='lat' dir='ltr'><strong>post.</strong></span> 
     </span>
    </p>
   </div>
   <div class='ocr_carea' id='block_1_147' title="bbox 2358 5174 3943 5249">
    <p class='ocr_par' dir='ltr' id='par_1_147' title="bbox 2358 5174 3943 5249">
     <span class='ocr_line' id='line_1_149' title="bbox 2358 5174 3943 5249; baseline 0.004 -23"><span class='ocrx_word' id='word_1_998' title='bbox 2358 5174 2768 5249; x_wconf 78' lang='lat' dir='ltr'><strong>Uticentesima</strong></span> <span class='ocrx_word' id='word_1_999' title='bbox 2800 5177 3051 5249; x_wconf 85' lang='lat' dir='ltr'><strong>septima</strong></span> <span class='ocrx_word' id='word_1_1000' title='bbox 3070 5176 3141 5229; x_wconf 87' lang='lat' dir='ltr'><strong>ad</strong></span> <span class='ocrx_word' id='word_1_1001' title='bbox 3171 5174 3488 5242; x_wconf 81' lang='lat' dir='ltr'><strong>Claudium,</strong></span> <span class='ocrx_word' id='word_1_1002' title='bbox 3517 5174 3651 5234; x_wconf 84' lang='lat' dir='ltr'><strong>cum</strong></span> <span class='ocrx_word' id='word_1_1003' title='bbox 3677 5183 3943 5249; x_wconf 84' lang='lat' dir='ltr'><strong>quatuor</strong></span> 
     </span>
    </p>
   </div>
   <div class='ocr_carea' id='block_1_148' title="bbox 2281 5245 3938 5305">
    <p class='ocr_par' dir='ltr' id='par_1_148' title="bbox 2281 5245 3938 5305">
     <span class='ocr_line' id='line_1_150' title="bbox 2281 5245 3938 5305; baseline 0.005 -9"><span class='ocrx_word' id='word_1_1004' title='bbox 2281 5251 2473 5297; x_wconf 85' lang='lat' dir='ltr'><strong>contra</strong></span> <span class='ocrx_word' id='word_1_1005' title='bbox 2500 5245 2790 5299; x_wconf 76' lang='lat' dir='ltr'><strong>lulianum</strong></span> <span class='ocrx_word' id='word_1_1006' title='bbox 2812 5246 2974 5300; x_wconf 89' lang='lat' dir='ltr'><strong>libris</strong></span> <span class='ocrx_word' id='word_1_1007' title='bbox 3004 5249 3357 5302; x_wconf 85' lang='lat' dir='ltr'><strong>transmissa</strong></span> <span class='ocrx_word' id='word_1_1008' title='bbox 3378 5256 3484 5304; x_wconf 87' lang='lat' dir='ltr'><strong>est.</strong></span> <span class='ocrx_word' id='word_1_1009' title='bbox 3517 5245 3783 5305; x_wconf 41' lang='lat' dir='ltr'><strong>Porro&#39;hi</strong></span> <span class='ocrx_word' id='word_1_1010' title='bbox 3802 5251 3938 5305; x_wconf 88' lang='lat' dir='ltr'><strong>libri</strong></span> 
     </span>
    </p>
   </div>
   <div class='ocr_carea' id='block_1_149' title="bbox 2283 5315 3943 5391">
    <p class='ocr_par' dir='ltr' id='par_1_149' title="bbox 2283 5315 3943 5391">
     <span class='ocr_line' id='line_1_151' title="bbox 2283 5315 3943 5391; baseline 0.005 -23"><span class='ocrx_word' id='word_1_1011' title='bbox 2283 5315 2420 5391; x_wconf 87' lang='lat' dir='ltr'><strong>editi</strong></span> <span class='ocrx_word' id='word_1_1012' title='bbox 2455 5325 2585 5391; x_wconf 79' lang='lat' dir='ltr'><strong>sunt</strong></span> <span class='ocrx_word' id='word_1_1013' title='bbox 2616 5317 2727 5370; x_wconf 85' lang='lat' dir='ltr'><strong>sub</strong></span> <span class='ocrx_word' id='word_1_1014' title='bbox 2753 5330 2979 5391; x_wconf 85' lang='lat' dir='ltr'><strong>annum</strong></span> <span class='ocrx_word' id='word_1_1015' title='bbox 2996 5321 3119 5384; x_wconf 76' lang='grc'>421,</span> <span class='ocrx_word' id='word_1_1016' title='bbox 3145 5335 3261 5373; x_wconf 93' lang='lat' dir='ltr'><strong>non</strong></span> <span class='ocrx_word' id='word_1_1017' title='bbox 3292 5321 3487 5391; x_wconf 88' lang='lat' dir='ltr'><strong>citius,</strong></span> <span class='ocrx_word' id='word_1_1018' title='bbox 3508 5338 3643 5376; x_wconf 90' lang='lat' dir='ltr'><strong>cum</strong></span> <span class='ocrx_word' id='word_1_1019' title='bbox 3663 5324 3943 5391; x_wconf 84' lang='lat' dir='ltr'><strong>Augusti-</strong></span> 
     </span>
    </p>
   </div>
   <div class='ocr_carea' id='block_1_150' title="bbox 2280 5387 3937 5465">
    <p class='ocr_par' dir='ltr' id='par_1_150' title="bbox 2280 5387 3937 5465">
     <span class='ocr_line' id='line_1_152' title="bbox 2280 5387 3937 5465; baseline 0.005 -26"><span class='ocrx_word' id='word_1_1020' title='bbox 2280 5387 2631 5465; x_wconf 75' lang='lat' dir='ltr'><strong>nusinlibro</strong></span> <span class='ocrx_word' id='word_1_1021' title='bbox 2660 5394 2706 5454; x_wconf 85' lang='grc'>1,</span> <span class='ocrx_word' id='word_1_1022' title='bbox 2731 5405 2778 5441; x_wconf 90' lang='lat' dir='ltr'><strong>c.</strong></span> <span class='ocrx_word' id='word_1_1023' title='bbox 2805 5390 2857 5454; x_wconf 93' lang='lat'><strong>7,</strong></span> <span class='ocrx_word' id='word_1_1024' title='bbox 2883 5388 3245 5465; x_wconf 83' lang='lat' dir='ltr'><strong>quuaturde</strong></span> <span class='ocrx_word' id='word_1_1025' title='bbox 3266 5387 3937 5465; x_wconf 71' lang='lat' dir='ltr'><strong>Hieronymoquasjam</strong></span> 
     </span>
    </p>
   </div>
   <div class='ocr_carea' id='block_1_151' title="bbox 2282 5458 3937 5533">
    <p class='ocr_par' dir='ltr' id='par_1_151' title="bbox 2282 5458 3937 5533">
     <span class='ocr_line' id='line_1_153' title="bbox 2282 5458 3937 5533; baseline 0.004 -20"><span class='ocrx_word' id='word_1_1026' title='bbox 2282 5458 2663 5533; x_wconf 74' lang='lat' dir='ltr'><strong>deI&#39;untq.h_i_c</strong></span> <span class='ocrx_word' id='word_1_1027' title='bbox 2681 5465 2879 5533; x_wconf 87' lang='lat' dir='ltr'><strong>autem</strong></span> <span class='ocrx_word' id='word_1_1028' title='bbox 2897 5458 2999 5515; x_wconf 84' lang='lat' dir='ltr'><strong>an.</strong></span> <span class='ocrx_word' id='word_1_1029' title='bbox 3023 5465 3147 5524; x_wconf 66' lang='lat'><strong>4&#39;20,</strong></span> <span class='ocrx_word' id='word_1_1030' title='bbox 3167 5462 3264 5516; x_wconf 89' lang='lat' dir='ltr'><strong>die</strong></span> <span class='ocrx_word' id='word_1_1031' title='bbox 3281 5464 3349 5517; x_wconf 88' lang='lat'><strong>30</strong></span> <span class='ocrx_word' id='word_1_1032' title='bbox 3364 5458 3677 5533; x_wconf 47' lang='lat' dir='ltr'><strong>sapienti)...</strong></span> <span class='ocrx_word' id='word_1_1033' title='bbox 3698 5458 3937 5521; x_wconf 77' lang='lat' dir='ltr'><strong>abierit.</strong></span> 
     </span>
    </p>
   </div>
   <div class='ocr_carea' id='block_1_152' title="bbox 2397 5530 3719 5608">
    <p class='ocr_par' dir='ltr' id='par_1_152' title="bbox 2397 5530 3719 5608">
     <span class='ocr_line' id='line_1_154' title="bbox 2397 5530 3719 5608; baseline 0.007 -27"><span class='ocrx_word' id='word_1_1034' title='bbox 2397 5599 2405 5608; x_wconf 77' lang='lat'><em>_</em></span> <span class='ocrx_word' id='word_1_1035' title='bbox 2494 5530 2819 5608; x_wconf 79' lang='lat' dir='ltr'><strong>CCVIII._-—-</strong></span> <span class='ocrx_word' id='word_1_1036' title='bbox 2841 5531 3061 5608; x_wconf 82' lang='lat' dir='ltr'><strong>Scripta</strong></span> <span class='ocrx_word' id='word_1_1037' title='bbox 3089 5534 3229 5603; x_wconf 81' lang='lat' dir='ltr'><strong>forte</strong></span> <span class='ocrx_word' id='word_1_1038' title='bbox 3262 5530 3445 5588; x_wconf 79' lang='lat' dir='ltr'><strong>versus</strong></span> <span class='ocrx_word' id='word_1_1039' title='bbox 3474 5538 3719 5608; x_wconf 45' lang='lat' dir='ltr'><strong>anj‘jlli.</strong></span> 
     </span>
    </p>
   </div>
   <div class='ocr_carea' id='block_1_153' title="bbox 2354 5600 3942 5677">
    <p class='ocr_par' dir='ltr' id='par_1_153' title="bbox 2354 5600 3942 5677">
     <span class='ocr_line' id='line_1_155' title="bbox 2354 5600 3942 5677; baseline 0.006 -25"><span class='ocrx_word' id='word_1_1040' title='bbox 2354 5600 2408 5677; x_wconf 84' lang='lat' dir='ltr'><strong>Si</strong></span> <span class='ocrx_word' id='word_1_1041' title='bbox 2430 5600 2681 5670; x_wconf 86' lang='lat' dir='ltr'><strong>epistola</strong></span> <span class='ocrx_word' id='word_1_1042' title='bbox 2711 5600 3125 5677; x_wconf 75' lang='lat' dir='ltr'><strong>ducentesima</strong></span> <span class='ocrx_word' id='word_1_1043' title='bbox 3138 5612 3365 5673; x_wconf 85' lang='lat' dir='ltr'><strong>octava,</strong></span> <span class='ocrx_word' id='word_1_1044' title='bbox 3390 5620 3525 5677; x_wconf 75' lang='lat' dir='ltr'><strong>quae</strong></span> <span class='ocrx_word' id='word_1_1045' title='bbox 3549 5606 3779 5662; x_wconf 70' lang='lat' dir='ltr'><strong>Felicior</strong></span> <span class='ocrx_word' id='word_1_1046' title='bbox 3797 5606 3942 5661; x_wconf 84' lang='lat' dir='ltr'><strong>data</strong></span> 
     </span>
    </p>
   </div>
   <div class='ocr_carea' id='block_1_154' title="bbox 2280 5675 3939 5751">
    <p class='ocr_par' dir='ltr' id='par_1_154' title="bbox 2280 5675 3939 5751">
     <span class='ocr_line' id='line_1_156' title="bbox 2280 5675 3939 5751; baseline 0.005 -25"><span class='ocrx_word' id='word_1_1047' title='bbox 2280 5675 2386 5737; x_wconf 87' lang='lat' dir='ltr'><strong>est,</strong></span> <span class='ocrx_word' id='word_1_1048' title='bbox 2421 5686 2560 5728; x_wconf 85' lang='lat' dir='ltr'><strong>cum</strong></span> <span class='ocrx_word' id='word_1_1049' title='bbox 2585 5688 2712 5730; x_wconf 78' lang='lat' dir='ltr'><strong>ccxx</strong></span> <span class='ocrx_word' id='word_1_1050' title='bbox 2733 5675 2812 5731; x_wconf 87' lang='lat' dir='ltr'><strong>ad</strong></span> <span class='ocrx_word' id='word_1_1051' title='bbox 2842 5675 3225 5733; x_wconf 71' lang='lat' dir='ltr'><strong>Calestinum</strong></span> <span class='ocrx_word' id='word_1_1052' title='bbox 3254 5675 3656 5751; x_wconf 79' lang='lat' dir='ltr'><strong>comparetur,</strong></span> <span class='ocrx_word' id='word_1_1053' title='bbox 3684 5679 3850 5735; x_wconf 85' lang='lat' dir='ltr'><strong>venit</strong></span> <span class='ocrx_word' id='word_1_1054' title='bbox 3878 5678 3939 5735; x_wconf 82' lang='lat' dir='ltr'><strong>in</strong></span> 
     </span>
    </p>
   </div>
  </div>
