4164 6182
217 161 293 220 48
1724 164 1884 229 ΡΗᾶ

2001 165 2133 232 TlO.
3558 180 3644 248 '46

220 296 489 345 mentem
515 294 720 346 exorta
742 288 1052 354 scandala,
1089 287 1311 361 quibus
1343 291 1508 360 virgo
1534 291 1633 348 illa
1671 303 1742 348 sx
1775 297 1880 350 Do-

219 361 579 418 natistarum
595 363 916 418 schismate
929 361 1007 417 ad
1034 362 1301 416 Ecclesiae
1323 363 1608 418 unitatem
1629 380 1880 422 conver-

215 449 281 507 sa
305 435 974 507 perturbabatur,posse
999 435 1053 487 in
1076 433 1398 488 Antonium
1425 437 1776 507 episcopum
1794 454 1879 493 re—

218 504 357 578 ferri
384 523 398 569 ;
421 505 524 578 qui
568 506 852 560 nimirum
881 508 1172 578 Antonius
1198 504 1877 578 praefectos_l*‘iissalensi

216 577 403 646 plebi,
445 576 584 648 quas
617 592 689 630 ex
739 577 1060 632 Donatistis
1109 576 1363 632 redierat
1404 578 1480 630 ad
1508 576 1876 637 Catholicam

214 650 734 713 communionem,
759 649 896 702 huic
921 648 1194 703 Ecclesim
1230 649 1428 718 pravis
1453 652 1578 702 suis
1603 654 1873 706 moribus

213 735 495 790 perverse
517 728 670 775 adeo
693 720 1064 783 consulebat,
1093 722 1155 773 ut
1173 721 1304 789 ejus
1334 722 1623 788 regimine
1645 731 1878 779 senten-

214 793 295 846 tia
308 793 733 864 episcoporum
749 793 837 862 pri
849 799 1016 846 vatus
1031 790 1390 855 fuerit.Qum,
1409 806 1517 846 nos
1531 794 1877 864 conjectura

217 865 267 916 si
283 877 407 917 non
421 862 585 925 fallit,
612 865 862 934 pertinet
886 864 1139 934 epistola
1159 865 1237 916 ad
1258 873 1486 917 annum
1509 862 1870 921 circiteré'23.

419 934 591 987 CCIX.
627 963 691 973 —-
734 934 956 1004 Scripta
985 934 1134 1003 forte
1165 934 1384 988 ineunte
1421 950 1514 988 an.
1548 938 1672 991 423.

295 1003 708 1060 Ducentesima
724 1003 966 1060 nonaad
980 1006 1337 1069 leestinum,
1371 1007 1543 1061 initio
1567 1007 1875 1076 pontiﬁca-

213 1081 315 1148 tus
333 1076 529 1146 ipsius
544 1077 684 1131 data
699 1077 1036 1144 intelligitur
1052 1091 1192 1130 exn.
1212 1077 1375 1139 'I,ubi
1394 1079 1869 1148 pontiﬁcigratu-

215 1147 378 1221 latur
394 1155 432 1201 Α
446 1149 760 1221 ugustinus
779 1150 853 1221 de
878 1149 1068 1219 ipsius
1081 1149 1370 1204 electione
1387 1147 1533 1203 citra
1550 1151 1733 1204 ullum
1751 1152 1876 1221 plea-

216 1220 312 1272 bis
336 1222 622 1274 Romanis
650 1219 964 1274 discidium
1021 1227 1276 1290 peracta.
1309 1221 1488 1275 Porro
1528 1219 1873 1276 leesti‘uus

219 1292 497 1361 proxime
510 1293 792 1345 successit
806 1290 1106 1346 Bouifacio
1122 1307 1136 1356 ;
1151 1293 1322 1360 cujus
1341 1293 1567 1346 obitum
1590 1294 1872 1347 Baronius

221 1377 386 1418 anno
402 1363 805 1430 assignat423,
821 1371 1030 1417 octavo
1043 1365 1153 1417 cal.
1171 1363 1532 1429 novembris,
1549 1363 1705 1418 diem
1724 1365 1874 1418 scilio

224 1441 312 1488 cet
334 1450 402 1488 ex
417 1433 708 1488 Anastasii
734 1435 871 1499 tide,
889 1447 1007 1488 ann
1019 1449 1116 1488 um
1131 1442 1470 1489 autemnon
1488 1434 1602 1489 alia
1617 1435 1874 1490 auctori-

223 1511 340 1560 tate
375 1513 662 1572 statuens,
694 1507 806 1559 nisi
837 1506 1002 1576 quod
1032 1505 1279 1576 Prosper
1308 1512 1364 1560 et
1395 1507 1764 1562 Marcellinus
1812 1508 1874 1561 in

222 1577 552 1634 Chronicis.
569 1579 932 1631 successoris
953 1577 1496 1647 ipsiusiugressum
1523 1579 1736 1633 eodem
1762 1579 1876 1633 hoc

223 1664 388 1721 anno
403 1648 688 1721 referant;
710 1647 1095 1721 cumevenire
1115 1654 1311 1721 tamen
1332 1651 1604 1721 potuerit,
1624 1658 1682 1705 ut
1705 1649 1877 1704 Boni-

222 1720 380 1775 facio
410 1720 526 1774 sub
556 1719 693 1775 anni
721 1723 824 1774 422
841 1718 1020 1773 tinem
1037 1719 1317 1775 defuncto
1333 1718 1698 1776 'leestiuus
1731 1735 1876 1776 non-

223 1793 340 1846 nisi
373 1807 540 1846 anno
567 1793 670 1846 423
696 1790 872 1845 fuerit
893 1792 1274 1861 subrogatus.
1313 1793 1373 1845 Et
1405 1807 1544 1846 vero
1571 1793 1628 1846 in
1661 1794 1876 1847 iisdem

226 1863 535 1918 Chronicis
562 1868 700 1917 ante
725 1863 959 1918 Honorii
991 1863 1367 1933 imperatoris
1388 1863 1640 1928 obitum,
1681 1865 1784 1935 qui
1817 1866 1878 1918 iu

227 1949 503 1989 mensem
523 1939 851 2006 augustum
871 1935 1014 1989 anni
1040 1937 1142 1990 423
1165 1935 1393 2006 incidit,
1413 1935 1709 1989 Coelestini
1735 1950 1880 2006 pon-

227 2008 488 2061 tiﬁcatus
517 2005 828 2059 exordium
877 2007 1278 2074 consignatur.
1312 2005 1396 2060 Ad
1436 2006 1566 2060 hinc
1599 2005 1880 2062 Bouifacii

226 2078 644 2150 pontiﬁcatum
683 2078 856 2130 trium
889 2092 1188 2132 annorum
1219 2084 1273 2133 et
1307 2080 1604 2132 mensium
1654 2079 1882 2150 aliquot

228 2148 429 2219 spatio
458 2148 750 2220 deﬁniunt
777 2162 997 2220 magno
1028 2163 1328 2203 consensu
1378 2151 1549 2220 prisci
1597 2148 1880 2204 recentio-

228 2218 469 2292 resque,
498 2219 682 2274 Latini
702 2226 757 2274 et
777 2218 961 2274 Graeci
989 2222 1306 2290 scriptores
1333 2236 1346 2283 ;
1380 2218 1425 2274 si
1457 2223 1756 2292 exceperis
1788 2222 1879 2275 Ni-

227 2292 581 2363 cephorum,
606 2292 782 2363 cujus
820 2305 941 2346 non
971 2298 1130 2346 tanta
1152 2298 1236 2346 est
1262 2292 1432 2355 tides;
1479 2297 1536 2348 et
1561 2292 1882 2348 nonnullas

228 2361 506 2444 Prosperi
551 2361 858 2442 editiones,
884 2368 968 2444 ‘in
1007 2363 1247 2444 quibus_
1267 2363 1570 2444 Bonifacio
1595 2364 1885 2444 _pontilici

227 2436 576 2489 tribuuntur
591 2435 732 2488 anni
753 2439 1039 2504 quatuor:
1065 2447 1200 2504 quae
1225 2434 1391 2488 facile
1404 2449 1539 2488 cum
1555 2434 1682 2490 aliis
1695 2437 1886 2491 conci-

229 2507 471 2570 liantur,
522 2507 569 2559 si
609 2519 834 2559 annum
869 2514 1148 2576 quartum
1182 2519 1301 2560 non
1330 2505 1571 2576 plenum
1600 2507 1886 2575 intelliga-

233 2593 390 2632 mus.
449 2580 650 2630 Exstat
679 2577 738 2630 in
767 2577 1104 2631 Corbeiensi
1132 2579 1336 2632 codice
1378 2585 1516 2632 ante
1541 2585 1782 2632 centum
1829 2586 1885 2634 et

228 2650 390 2720 mille
412 2663 606 2720 annos
631 2655 872 2702 exarato
897 2650 1074 2702 series
1099 2651 1504 2720 Romanorum
1533 2650 1882 2720 pontiﬁcum

230 2722 289 2776 in
324 2719 536 2789 Vigilio
564 2719 1010 2792 desinens,quaa
1024 2718 1595 2792 leestinoquidem
1616 2736 1808 2776 annos
1825 2722 1878 2786 9,

231 2807 422 2847 mens.
460 2794 522 2846 t0
551 2797 604 2844 et
629 2791 758 2845 dies
788 2791 824 2842 6
852 2791 1168 2846 adscribit:
1218 2791 1517 2846 Bonifacio
1549 2797 1746 2847 autem
1780 2807 1882 2847 an-

231 2877 345 2918 nos
372 2868 606 2917 tantum
629 2865 680 2930 3,
719 2875 906 2915 mens.
939 2865 971 2916 8
1000 2869 1056 2917 et
1092 2863 1218 2917 dies
1249 2868 1300 2917 6.
1332 2866 1506 2918 Porro
1548 2863 1884 2919 Bonifacius

233 2935 306 2991 ad
332 2933 749 3006 pontiﬁcatum
772 2940 1123 3006 assumptus
1143 2934 1252 2988 luit
1269 2934 1364 2988 die
1388 2939 1456 2990 29
1486 2935 1756 2990 decemb.
1782 2949 1879 2990 an.

231 3005 358 3062 418.
383 3006 591 3076 itaque
613 3007 690 3059 ad
713 3005 852 3061 anni
875 3007 1185 3077 4227tinem
1216 3008 1480 3061 revocari
1521 3014 1713 3077 potest
1754 3008 1882 3077 ejus

233 3079 456 3140 obitus,
497 3087 735 3149 necnon
767 3076 1063 3130 Caelestint
1104 3079 1470 3133 successoris
1509 3076 1699 3149 ipsius
1737 3076 1874 3132 elec-

233 3151 354 3214 tio;
395 3161 534 3220 quae
590 3147 744 3220 torte
785 3149 891 3220 ad
929 3149 1340 3220 insequentem
1391 3147 1620 3203 annum
1661 3149 1882 3204 idcirco

232 3218 432 3276 relata
459 3224 548 3292 est
585 3219 644 3292 in
681 3218 1005 3292 chronicis,
1047 3218 1211 3290 quod
1252 3222 1460 3291 paucis
1515 3228 1651 3278 ante
1691 3222 1881 3292 ipsius

230 3292 475 3347 initium
514 3290 729 3346 diebus
755 3289 908 3344 facta
947 3289 1141 3345 fuerit.

452 3361 608 3416 CCX.
636 3387 708 3403 --
735 3360 953 3431 Scripta
977 3361 1119 3432 forte
1146 3361 1291 3416 circa
1329 3362 1422 3417 hoc
1447 3368 1666 3430 tempus.

300 3437 429 3515 Non
444 3434 638 3516 tenuis
663 3434 922 3516 suspicio
947 3439 1052 3497 est,
1071 3434 1383 3516 epistolam
1405 3433 1880 3516 ducentesimam

229 3506 536 3560 decimam
565 3504 638 3558 ad
673 3503 1009 3559 Felicitatem
1041 3513 1090 3559 et
1113 3504 1391 3559 Rusticum
1431 3507 1714 3576 scriptam
1748 3522 1882 3560 esse

228 3578 552 3632 occasione
581 3580 874 3630 tumultus
923 3575 981 3629 in
1014 3575 1568 3632 sanctimonialium
1605 3578 1882 3631 sodalitio

228 3649 416 3704 exorti
456 3665 470 3713 ;
511 3647 680 3718 cujus
718 3648 1140 3720 compescendi
1191 3649 1381 3716 gratia
1411 3649 1881 3720 subsequentem

227 3722 547 3791 epistolam
574 3722 650 3773 ad
675 3719 1162 3791 sanctimoniales
1195 3721 1353 3791 misit
1374 3719 1756 3788 Augustinus.

512 3790 688 3845 CCXI.
717 3819 787 3830 ο-
815 3789 1032 3860 Scripta
1062 3791 1218 3845 circa
1247 3790 1340 3844 hoc
1369 3797 1596 3860 tempus.

307 3862 725 3916 Ducentesima
783 3863 1098 3916 undecima
1154 3861 1668 3915 Sanctimonialibus
1719 3860 1879 3928 data,

232 3933 532 4003 posterior
558 3939 646 3987 est
676 3933 1126 4000 Carthaginensi
1186 3934 1494 3988 collatione
1527 3933 1883 4003 legibusque

229 4007 516 4073 deinceps
543 4004 599 4058 in
627 4004 1038 4058 schismaticos
1071 4005 1479 4075 promulgatis.
1503 4004 1876 4074 Quandoqui-

231 4078 374 4131 dem
402 4076 660 4132 Ecclesia
689 4082 815 4129 tum
844 4077 1102 4130 maxime
1127 4075 1202 4129 de
1229 4077 1546 4130 Donatistis
1574 4079 1632 4130 iu
1668 4076 1887 4130 unitate

237 4149 567 4214 gaudebat,
599 4163 690 4202 ex.
727 4163 788 4202 n.
832 4150 883 4201 4.
917 4149 1030 4202 Nec
1061 4161 1204 4202 sane
1232 4147 1418 4201 multo
1450 4155 1583 4202 ante
1615 4163 1713 4202 an.
1746 4149 1878 4202 424.

235 4221 475 4290 Quippe
506 4233 624 4273 non
658 4233 863 4272 recens
887 4219 1115 4273 obierat
1148 4219 1457 4287 Augustini
1487 4231 1776 4288 germana
1797 4233 1889 4270 so-

233 4305 338 4345 ror
366 4291 642 4360 ejusdem
687 4291 1029 4344 monasterii
1088 4292 1426 4362 praeposita,
1461 4306 1530 4344 ex
1575 4306 1631 4345 n.
1657 4294 1711 4354 4,
1753 4305 1888 4358 quae

237 4369 465 4426 tamen,
497 4366 775 4415 narrante
809 4362 1072 4415 Possidio
1100 4378 1232 4430 cap.
1261 4365 1350 4426 26,
1415 4362 1586 4416 Vidua
1638 4362 1744 4414 Deo
1780 4377 1892 4414 ser-

234 4435 387 4488 viens
412 4433 581 4486 multo
611 4438 840 4502 tempore
868 4449 1026 4503 usque
1059 4432 1116 4486 in
1137 4435 1275 4488 diem
1295 4435 1576 4488 obitussui
1602 4432 1892 4503 prtia-posita

235 4504 575 4559 ancillarum
602 4503 705 4557 Dei
734 4504 896 4558 vixit.

557 4571 754 4628 CCXII.
793 4605 856 4613 —
897 4574 1122 4644 Scripta
1151 4574 1299 4628 circa
1323 4591 1412 4628 an.
1444 4578 1571 4631 423.

310 4645 440 4701 Sub
477 4646 660 4701 ﬁnem
693 4645 955 4716 epistolae
980 4645 1791 4700 ducentesimiednodecimte
1821 4645 1900 4701 de

240 4718 527 4788 Stephani
562 4719 840 4789 martyris
868 4717 1154 4789 reliquiis,
1193 4733 1328 4788 qua:
1359 4733 1456 4772 an.
1498 4720 1601 4773 416
1624 4734 1726 4788 per
1758 4718 1896 4772 Oro-

240 4791 403 4845 sium
426 4789 810 4860 Jerosolymis
829 4790 1190 4851 redeuntem,
1207 4789 1378 4860 juxta
1395 4789 1707 4860 Marcellini
1723 4789 1899 4844 Chro-

244 4865 472 4924 nieum,
509 4858 703 4931 primo
733 4862 790 4916 in
824 4858 1498 4917 Occidentem’advectm
1532 4859 1787 4924 fuerunt,
1814 4860 1898 4914 sic

229 4933 314 4996 ad
337 4931 740 4999 Quintilianum
764 4933 1024 5002 loquitur
1049 4932 1414 4998 Augustinus
1439 4948 1451 4985 :
1490 4948 1641 5002 quas,
1669 4931 1766 4996 ait,
1795 4944 1899 4984 non

244 5006 464 5074 ignorat
494 5004 762 5058 sanctitas
787 5010 986 5065 vestra,
1017 5002 1180 5074 sicut
1236 5010 1284 5056 et
1333 5017 1426 5056 nos
1453 5003 1700 5073 fecimus,
1739 5015 1901 5074 quam

241 5073 622 5130 convenienter
651 5076 912 5129 humare
939 5073 1190 5129 debeatis.
1249 5075 1376 5142 Ubi,
1417 5081 1624 5130 nostra
1653 5077 1902 5144 quidem

241 5146 561 5218 opinione,
593 5146 819 5201 indicat
844 5147 1200 5200 memoriam
1241 5145 1512 5216 ejusdem
1545 5149 1601 5202 S.
1635 5145 1906 5218 Martyris

243 5217 410 5290 apud
451 5218 785 5290 Hipponem
817 5223 1204 5290 exstructam.
1244 5219 1418 5288 Atqui
1449 5218 1508 5272 in
1531 5234 1582 5271 c.
1618 5221 1668 5282 8,
1698 5218 1798 5271 lib.
1820 5217 1901 5290 ‘22

241 5284 304 5344 (Ιὲ
339 5284 588 5344 Civitati}
615 5284 732 5353 Dei,
762 5287 856 5342 cui
889 5289 1203 5342 scribendo
1228 5284 1427 5342 versus
1450 5291 1630 5343 tinem
1653 5304 1752 5344 an.
1775 5287 1898 5349 426,

243 5360 660 5423 incumbebat,
694 5360 896 5414 isthaec
953 5361 1131 5413 verba
1183 5359 1497 5428 leguntur:
1550 5360 1800 5414 Nondum
1830 5363 1904 5412 est

247 5432 530 5487 binum
559 5447 630 5485 ea:
655 5446 760 5502 quo
803 5430 948 5498 apud
1003 5431 1302 5501 Hipponem
1357 5435 1565 5502 regium
1599 5433 1753 5502 erepit
1800 5445 1906 5484 esse

249 5507 364 5558 ista
390 5504 682 5571 inemoria,
700 5510 817 5576 etc.
860 5503 1232 5576 Quapropter
1263 5502 1578 5574 epistolam
1606 5504 1762 5558 hanc
1791 5503 1907 5557 cir-

249 5577 396 5632 citer
415 5591 515 5632 an.
542 5573 974 5645 425_scriptam
1000 5573 1379 5630 arbitramur.

496 5641 716 5701 CCXIII.
751 5641 828 5685 -ῖ
849 5642 1076 5716 Scripta
1115 5645 1181 5702 26
1206 5646 1520 5716 septembris
1549 5646 1672 5700 426.

322 5718 466 5777 Acta
493 5715 853 5772 ecclesiastica
869 5716 932 5772 in
953 5715 1280 5789 designanda
1301 5717 1600 5788 Augustini
1617 5733 1907 5772 successore

1991 299 2224 380 eruptio
2253 297 2542 380 contecta,
2574 310 2704 370 qum
2739 299 2860 380 hic
2905 303 3167 376 epistolae
3217 309 3642 370 ducentesima

1991 372 2239 426 decima:
2268 371 2446 443 tertiae
2473 371 2608 426 loco
2663 371 3036 443 exhibentur,
3078 380 3193 435 diei
3228 390 3284 437 et
3313 385 3641 442 Consulum

1989 450 2196 497 notam
2233 441 2573 513 praeferunt.

2064 512 2286 579 CCXIV,
2321 512 2518 569 CCXV.
2553 544 2619 552 —
2647 514 2871 595 Scripta;
2898 519 3050 574 circa
3074 523 3288 577 Pascha
3313 539 3408 579 an.
3443 528 3566 595 426,

2683 595 2781 642 aut
2809 591 2938 643 427.

2026 726 2035 736 ⁸
2061 656 2332 736 Epistolas
2354 655 3018 736 ducentesimadeciina
3038 669 3269 732 quarta,
3297 669 3641 724 etducentes

1988 728 2143 782 sima
2164 729 2398 782 decima
2422 728 2652 798 quinta,
2674 729 2745 781 ad
2773 728 3108 787 Valenti-num
3121 728 3490 793 Adi-umetini
3516 756 3642 795 mo-

1988 800 2227 878 nasterii
2258 799 2570 878 abbate_m,_
2587 801 2798 855 eodem
2825 809 3089 878 tempore
3110 810 3456 878 conscriptas
3475 807 3638 864 Intelo

1986 869 2256 948 ﬁguntur
2297 884 2366 924 ex
2398 871 2607 948 primis
2639 887 2846 948 earum
2896 869 3112 948 verbis,
3145 877 3246 932 illa
3299 869 3476 948 paulo
3503 887 3639 937 ante

1985 942 2370 1008 Pascha,hasc
2382 942 2562 1012 paulo
2578 950 2710 1012 past
2724 943 2881 998 idem
2899 946 3281 1010 testum,anni
3298 942 3504 1006 Christi
3520 963 3638 1008 non

1985 1013 2232 1092 quidem
2248 1016 2370 1077 418,
2394 1013 2557 1092 quod
2577 1017 3034 1092 Beroniovisnm
3052 1019 3176 1092 fuit.
3194 1021 3342 1092 Nam
3361 1023 3642 1092 prolixior

1986 1083 2315 1164 adsistum
2337 1083 2703 1164 epistola,_de
2725 1089 2924 1164 quain
2942 1089 3202 1164 epistolis
3218 1083 3382 1146 hisce
3399 1094 3638 1148 duabus

1986 1157 2200 1223 agitur,
2252 1157 2500 1234 oujusve
2527 1157 2793 1234 epistolae
2833 1167 2953 1234 non
2977 1157 3639 1234 rectainterpretatione

1985 1232 2355 1280 emerserunt
2377 1227 2659 1296 quaedam
2682 1229 2832 1284 inter
2862 1231 3280 1287 Adrumetinos
3309 1227 3638 1291 monachos

1985 1312 2095 1352 con
2108 1299 2541 1364 teutiones,non
2557 1299 2732 1354 citius
2744 1305 2995 1356 exeunte
3006 1304 3215 1357 eodem
3233 1321 3392 1360 anno
3406 1309 3509 1360 418
3522 1309 3641 1362 dic-

1986 1373 2109 1444 tata
2126 1373 2218 1444 est
2235 1388 2248 1431 ι
2265 1369 2368 1444 sed
2387 1381 2485 1423 an.
2506 1373 2609 1444 4215
2628 1378 2728 1444 aut
2750 1375 2880 1428 427:
2907 1375 3399 1444 quandoquidem
3425 1378 3638 1432 Iiberde

1986 1440 2182 1493 Gratia
2202 1447 2254 1494 et
2269 1439 2463 1493 Libero
2483 1441 2756 1514 Arbitrio,
2776 1439 3058 1514 cum-quo
3076 1439 3251 1500 simul
3277 1451 3639 1504 transmissae

1985 1519 2140 1590 sunt,
2171 1513 2246 1566 uti
2263 1519 2422 1590 patet
2435 1527 2504 1565 ex
2521 1513 2768 1590 epistola
2781 1529 2942 1578 ccxv,
3035 1522 3086 1580 2,
3104 1533 3195 1570 νιχ
3213 1525 3405 1590 potest
3419 1521 3505 1574 vel
3529 1529 3639 1574 tar-

1985 1583 2122 1636 dius
2142 1584 2350 1652 reponi
2375 1601 2388 1651 ;
2423 1597 2561 1636 cum
2589 1583 2648 1637 in
2679 1584 3182 1642 Retractationum
3211 1583 3376 1644 libris
3409 1592 3638 1646 circiter

1987 1665 2215 1708 annum
2231 1655 2330 1708 42³1
2347 1654 2662 1709 elaboratis
2675 1662 3083 1712 recensentur:
3109 1660 3196 1713 vel
3219 1663 3409 1725 citius,
3427 1677 3564 1717 cum
3581 1664 3639 1717 in

1985 1725 2194 1779 iisdem
2214 1726 2956 1783 Retractationibuslocum
2974 1744 3092 1784 una
3105 1745 3243 1786 cum
3263 1732 3414 1788 libro
3426 1733 3488 1787 de
3504 1737 3638 1788 Cor-

1986 1797 2226 1866 reptione
2271 1803 2320 1850 et
2362 1797 2572 1876 Gratia
2602 1798 2680 1854 ad
2731 1799 2974 1855 eosdem
3034 1805 3365 1859 monachos
3416 1815 3640 1876 postre-

1989 1884 2155 1923 mum
2184 1874 2396 1923 teneat.

2096 1937 2327 1995 CCXVI.
2358 1967 2422 2014 -;-
2448 1939 2680 2014 Scripta
2705 1940 3017 2014 paulopott
3046 1942 3184 1997 duas
3212 1946 3534 2014 superiores.

2061 2011 2207 2065 Cum
2225 2025 2366 2085 vero
2382 2011 2441 2065 in
2456 2012 2865 2085 superioribus
2880 2012 3085 2067 litteris
3100 2011 3361 2084 petiisset
3376 2017 3645 2085 Augusti-

1990 2091 2127 2146 nus,
2145 2089 2204 2137 ut
2221 2083 2423 2137 Florus
2443 2083 2544 2152 qui
2563 2084 2848 2137 tumultus
2869 2091 3077 2138 auctor
3097 2083 3281 2142 fuisse
3307 2083 3640 2153 dicebatur,

1990 2153 2068 2227 ad
2087 2169 2149 2208 se
2172 2153 2416 2227 veniret,
2441 2169 2512 2206 eo
2537 2154 2820 2227 perluben
2833 2162 2914 2227 ter
2934 2160 2990 2208 et
3011 2155 3240 2227 absque
3265 2161 3644 2215 cunctatione

1992 2225 2111 2279 ulla
2129 2224 2207 2279 ad
2227 2225 2428 2296 ipsum
2451 2233 2749 2294 pergente,
2769 2222 3078 2280 Valentinus
3099 2222 3412 2295 epistolam
3425 2231 3520 2284 hic
3536 2233 3643 2286 du~

1991 2296 2699 2369 centesimanidecimam
2724 2299 3404 2369 sextamrescrlpsit,ex.
3432 2317 3491 2355 n.
3517 2303 3572 2356 6.

2243 2366 2483 2441 CCXVII.
2523 2366 2846 2441 -—--_Sc‘ripta
2885 2368 2980 2441 sub
3016 2366 3412 2441 idem—tempus.

2068 2440 2142 2492 De
2157 2437 2565 2512 ducentesima
2579 2438 2811 2492 decima
2826 2440 3083 2512 septima
3103 2441 3173 2494 ad
3201 2437 3414 2496 Vitalem
3440 2443 3648 2512 episto-

1992 2507 2071 2571 la,
2104 2525 2288 2563 unum
2313 2509 2604 2579 liquidum
2628 2507 2906 2584 estieam
2929 2511 3243 2584 Pelagiana
3282 2507 3491 2568 haeresi
3518 2514 3644 2584 jam

1992 2588 2130 2636 ante
2151 2583 2554 2635 condemnata
2577 2581 2904 2650 prodiisse:
2931 2583 3179 2637 alterum
3205 2581 3533 2639 verisimile
3546 2585 3648 2639 ad-

1991 2654 2240 2708 modum
2269 2652 2520 2726 ;scili_cet
2546 2652 2932 2726 posteriorem
2964 2669 3207 2724 quoque
3228 2670 3356 2710 esse
3383 2657 3648 2726 epistolis

1991 2737 2150 2777 ccxiv
2168 2732 2220 2778 et
2235 2737 2402 2785 ccxv,
2424 2724 2480 2777 in
2496 2724 2715 2793 quibus
2729 2723 2878 2778 inter
2895 2723 3244 2793 sor’iptiOnes
3262 2723 3468 2782 contra
3487 2728 3648 2781 Pela-

1993 2795 2202 2861 gianos
2231 2797 2483 2848 emissas
2513 2800 2570 2849 et
2599 2795 2964 2850 instruendis
2993 2797 3400 2852 Adrumetinis
3437 2814 3649 2853 mona-

1992 2865 2124 2938 chis
2150 2865 2426 2938 perutiles
2448 2881 2565 2920 non
2592 2865 2901 2938 profertur.
2938 2870 3161 2938 Nempe
3183 2885 3317 2924 cum
3342 2871 3401 2924 in
3422 2869 3573 2938 libro
3589 2869 3650 2922 de

1994 2933 2190 3010 Gratia
2218 2943 2266 3010 et
2297 2936 2492 2990 Libero
2530 2933 2808 3010 Arbitrio,
2838 2947 2970 3008 cap.
2999 2945 3027 2993 7
3053 2933 3108 2993 et
3140 2933 3649 3010 subsequentibus

1994 3008 2201 3078 fuisset
2216 3008 2294 3061 ab
2315 3010 2642 3075 Augustino
2659 3009 2900 3078 COpiose
2923 3016 3241 3074 assertum,
3272 3008 3464 3066 cit—Dei
3488 3013 3649 3066 dono

1993 3073 2192 3152 ipsum
2227 3073 3018 3152 bonae—voluntatis-lideique
3046 3073 3276 3134 initium
3311 3082 3645 3152 provenire,

1991 3149 2119 3223 hoc!
2137 3158 2442 3223 permotus
2463 3149 2678 3223 AVitalis
2712 3149 2844 3223 (nisi
2880 3149 3032 3223 male
3061 3149 3487 3223 conjectamus)
3513 3169 3650 3208 con-

1995 3219 2279 3276 tradicere
2305 3221 2518 3291 coepit,
2553 3227 2608 3274 et
2640 3219 2987 3276 testimoniis
3020 3239 3092 3278 ex
3129 3219 3381 3290 Philipp.
3416 3227 3448 3278 2
3469 3219 3547 3278 ἐι
3578 3239 3650 3278 ex

1992 3291 2145 3347 Psal.
2183 3291 2270 3356 36,
2298 3289 2358 3365 in
2389 3289 2602 3365 eodem
2628 3291 2948 3365 libro,_c'ap
2981 3295 3060 3356 16,
3095 3289 3375 3365 adhibitis
3405 3310 3652 3365 respon-

1991 3365 2152 3428 dere,
2185 3377 2244 3417 ut
2269 3362 2430 3434 patet
2449 3367 2506 3434 in
2530 3362 2710 3417 haece
2733 3361 3008 3434 epistola,
3029 3382 3086 3420 n.
3113 3371 3131 3419 t
3164 3362 3287 3434 ett.
3309 3361 3490 3420 Porro
3507 3361 3652 3420 ‘ver-

1994 3435 2248 3490 siculum
2270 3431 2426 3488 ’Psal.
2459 3433 2551 3497 36,
2578 3431 2850 3505 quemvin
2882 3437 3034 3490 libro
3073 3436 3134 3490 de
3177 3431 3373 3491 Libero
3397 3437 3653 3491 Arbitrio

1996 3505 2411 3562 tantummodo
2441 3505 2727 3577 indicarat
2748 3507 3138 3574 Augustinus,
3161 3509 3440 3574 urgethic
3472 3510 3652 3577 expli-

1992 3586 2205 3648 catque
2235 3583 2442 3633 contra
2473 3576 2713 3631 Vitalem
2749 3593 2762 3641 ;
2793 3583 2917 3632 tum
2944 3578 3121 3632 etiam
3152 3581 3347 3648 ipsum
3373 3595 3442 3634 ex
3467 3576 3652 3635 EcCle-

1993 3652 2094 3705 sim
2113 3647 2423 3722 precibus,
2447 3649 2613 3722 quod
2639 3651 3057 3722 argumentum
3085 3647 3486 3722 iii‘dictolibro
3515 3667 3651 3722 cap.

1999 3725 2079 3785 14,
2122 3719 2420 3775 levissime
2450 3721 2734 3789 tetigerat,
2768 3721 3077 3789 Operosius
3109 3720 3333 3774 refellit.
3369 3723 3443 3776 De
3477 3719 3653 3776 caete-

1993 3793 2069 3848 ris
2104 3805 2240 3845 Vero
2273 3798 2394 3844 tam
2429 3787 2626 3844 multis
2677 3787 3031 3844 testimoniis
3062 3798 3116 3844 et
3156 3792 3525 3858 argumentis
3575 3793 3653 3847 ad

1992 3863 2268 3917 eamdem
2287 3877 2534 3915 causam
2549 3873 2718 3930 asque
2748 3861 3202 3931 pertinentibus,
3223 3863 3364 3932 quia
3397 3865 3544 3916 satis
3563 3879 3658 3916 su-

1991 3949 2216 4005 perque
2241 3933 2352 3986 iliic
2381 3932 2669 4002 eXplica‘ta
2688 3938 2876 4005 erant,
2902 3933 3047 3988 nihil
3073 3933 3289 3988 mirum
3319 3933 3474 3989 estsi
3508 3937 3656 3988 trac—

1992 4003 2244 4062 tandum
2279 4005 2371 4059 hic
2402 4019 2522 4060 non
2552 4003 2795 4058 curavit.

2188 4075 2459 4130 CCXVIII.
2508 4097 2568 4115 -ι-
2602 4074 2817 4145 Scripta
2843 4076 2986 4144 [crte
3012 4075 3186 4129 eodem
3217 4082 3466 4145 tempore.

2071 4146 2436 4218 Subjicimus
2465 4147 2577 4200 hoc
2605 4145 2738 4200 loco
2768 4148 3081 4217 epistolam
3121 4147 3191 4200 ad
3229 4145 3564 4207 Palatinum,
3597 4145 3658 4199 in

1997 4232 2120 4291 qua
2133 4219 2280 4272 dum
2292 4229 2430 4291 eum
2448 4219 2488 4269 A
2500 4218 2734 4291 ugustin
2747 4231 2817 4291 us-
2838 4218 3124 4291 bortatur,
3143 4224 3297 4291 utne
3312 4231 3478 4291 spem
3510 4220 3659 4291 bene

1999 4288 2236 4344 vivendi
2259 4289 2505 4343 collocet
2518 4289 2576 4342 in
2596 4290 2848 4359 prOpriis
2862 4289 2964 4342 viri
2975 4289 3103 4352 bos,
3131 4290 3244 4358 ipsa
3268 4288 3465 4358 quippe
3483 4289 3661 4341 oratio

1999 4362 2289 4422 dominica,
2315 4360 2526 4430 inquit,
2552 4373 2612 4414 tt.
2639 4363 2691 4422 3,
2715 4361 2960 4414 admonet
2980 4367 3050 4423 te,
3074 4360 3212 4430 quod
3237 4361 3487 4429 indigeas
3505 4359 3664 4428 adju-

2001 4434 2147 4487 tcrio
2172 4431 2392 4486 Domini
2418 4432 2518 4485 tut.
2549 4433 2612 4485 Et
2633 4440 2763 4501 post
2788 4447 2878 4491 ea.
2908 4430 2973 4484 ab
3006 4430 3124 4492 illo,
3145 4431 3247 4492 ait,
3269 4437 3383 4499 pete
3413 4437 3472 4484 ut
3500 4430 3665 4498 perli-

2001 4505 2188 4574 cialur
2224 4520 2258 4556 a
2291 4519 2404 4574 quo
2441 4500 2726 4574 datum’est
2755 4510 2811 4556 ut
2845 4502 3192 4574 incipe-retur.
3243 4504 3388 4574 Tum
3420 4500 3664 4574 adducit

2003 4571 2341 4631 testimonia
2370 4585 2437 4627 ex
2465 4573 2724 4644 Philipp.
2748 4578 2800 4637 2,
2833 4581 2887 4627 et
2913 4572 3061 4644 Psal.
3097 4576 3184 4638 36,
3217 4572 3300 4626 uti
3323 4575 3378 4626 in
3412 4571 3665 4644 epistola

2005 4646 2313 4717 superiore
2333 4645 2410 4717 ad
2436 4643 2679 4698 Vitalem
2711 4659 2722 4696 :
2751 4655 2888 4717 quin
2912 4643 3163 4717 suadere
3188 4645 3420 4713 possint
3448 4649 3667 4698 utram-

2003 4715 2124 4790 que
2147 4715 2464 4790 epistolam
2490 4718 2782 4790 pertinere
2809 4715 3354 4790 ad_idem_iempus_.

2226 4787 2530 4858 CCXIX.7—-
2568 4786 2785 4858 Scripta
2813 4787 2913 4841 sub
2942 4803 3036 4858 an.
3058 4787 3162 4840 426
3190 4793 3285 4840 aut
3317 4786 3449 4840 427.

2082 4861 2158 4913 De
2177 4865 2352 4913 aetate
2375 4857 2638 4929 epistolae
2661 4855 3079 4929 ducentesima;
3103 4859 3349 4911 decimae
3379 4867 3571 4929 nonae,
3591 4855 3670 4929 ab

2008 4931 2337 4998 Augustino
2357 4925 2603 5000 aliisque
2625 4929 2808 5000 tribus
2828 4925 3118 5000 Africanis
3139 4927 3434 5000 ep-iscOpis
3455 4925 3524 4979 ad
3545 4927 3672 4982 Gal-

2008 5003 2233 5058 licanos
2257 4998 2548 5055 Proculum
2569 5008 2617 5055 et
2643 4999 2958 5070 Cylinniam
2974 4999 3210 5054 directa:
3237 4998 3553 5070 occasione
3577 5001 3674 5053 Le-

2011 5074 2183 5146 porii,
2209 5072 2453 5128 consule
2485 5069 2932 5127 adnotationem
2959 5070 3019 5124 in
3049 5070 3206 5125 hanc
3231 5069 3564 5141 epistolam.

2191 5145 2383 5199 CCXX.
2415 5173 2483 5184 —
2512 5144 2736 5199 Scripta
2765 5144 2913 5197 circa
2950 5149 3227 5196 exeuntem.
3258 5157 3348 5194 an.
3384 5140 3508 5194 427.

2211 5146 2383 5200 ICXX.
2415 5173 2483 5184 —
2512 5146 2736 5200 Scripta
2765 5146 2913 5197 circa
2950 5149 3227 5196 exeuntem.
3258 5157 3348 5194 an.
3384 5146 3508 5194 427.

2191 5160 2383 5200 cum.
2415 5173 2483 5184 —
2512 5160 2736 5213 scripta
2765 5160 2913 5197 circa
2950 5160 3227 5196 exeuntem
3258 5160 3348 5194 an.
3384 5160 3508 5194 421.

2087 5213 2347 5285 Epistola
2392 5214 2806 5269 ducentesima
2857 5215 3144 5283 vigesima
3193 5211 3262 5265 ad
3309 5209 3677 5285 Boni/arium,

2012 5283 2150 5341 data
2181 5293 2269 5341 est
2297 5295 2562 5356 tempore
2589 5286 2724 5340 belli
2754 5287 2814 5340 in
2848 5289 3044 5354 ipsum
3077 5290 3366 5356 tanquam
3399 5283 3455 5336 in
3492 5283 3682 5356 impe-

2013 5359 2082 5414 rii
2111 5353 2470 5427 perduellem
2498 5357 2664 5413 illati.
2694 5353 3011 5411 Hincenim
3037 5353 3407 5427 Augustinus
3427 5353 3684 5408 in-itiosi-

2015 5426 2259 5494 gniﬁcat
2275 5429 2568 5499 ﬁdeliorem
2587 5429 2904 5483 litterarum
2923 5444 3150 5482 suarum
3176 5426 3504 5499 perlatorem
3525 5441 3684 5495 quam

2017 5505 2258 5565 Petrum,
2275 5497 2558 5570 nunquam
2574 5501 2814 5569 potuisse
2839 5499 3111 5570 reperire.
3133 5501 3192 5553 Et
3218 5515 3278 5553 n.
3309 5502 3341 5552 2
3361 5501 3442 5570 ait
3467 5497 3686 5552 litteras

2016 5573 2129 5644 ipsi
2159 5574 2219 5627 in
2241 5572 2363 5644 suis
2391 5569 2667 5644 periculis
2697 5586 3007 5644 nunq_uam
3040 5569 3186 5644 mitti
3223 5569 3483 5644 potuisse
3512 5582 3688 5644 prop-

2018 5639 2108 5700 ter
2134 5639 2462 5714 periculum
2485 5641 2818 5714 perlatoris.
2841 5639 2912 5714 Et
2934 5657 2999 5696 ne
3021 5640 3091 5714 ad
3111 5639 3232 5706 eos,
3246 5641 3456 5714 inquit,
3475 5639 3546 5692 ad
3563 5647 3689 5714 quos

2015 5708 2230 5786 nollem,
2265 5708 2501 5786 epistola
2525 5730 2641 5769 mea
2666 5713 2999 5788 perveniret.
3033 5712 3284 5769 Gustum
3313 5708 3402 5767 ast
3428 5711 3544 5766 hoc
3566 5708 3691 5767 bel-
