4164 6182
555 158 624 215 47
2058 146 2199 206 PRA

2311 146 2458 203 .TIO.
3884 141 3951 207 48

539 283 668 356 lum
691 279 1005 356 consulatu
1037 278 1216 356 Hierii
1235 280 1293 333 et
1312 276 1648 356 Ardaburii,
1671 275 1736 356 id
1754 279 1848 356 est
1869 289 1969 332 an.
1992 278 2115 344 427,
2136 273 2197 356 in

538 355 700 410 vidia
725 353 925 409 Felicis
950 349 1219 419 magistri
1250 349 1525 413 militum,
1553 348 1723 419 juxta
1753 349 2108 419 Prosperum
2136 348 2198 400 in

541 425 844 489 chronico,
868 424 959 497 vel
978 418 1310 497 proditione
1324 422 1467 497 Aetii
1487 421 1741 497 comitis,
1759 420 1930 497 juxta
1950 418 2198 497 Paulum

542 498 871 552 diaconum
906 489 1129 549 in'hist.
1162 493 1371 548 Miscel.
1405 492 1505 547 lib.
1544 494 1627 556 i4,
1661 506 1797 545 cum
1834 489 2196 544 Bonifacium

543 566 935 645 Occidentalis
953 565 1145 645 Libyae
1161 565 1499 645 principatu
1506 564 1789 645 potitum,
1805 568 1859 615 et
1873 559 2199 645 apud-Afri-

542 655 677 695 cam
707 638 971 712 potentia
996 631 1238 712 auctum
1272 631 1475 712 animo
1502 631 2003 712 ferretiniqu-iori.
2038 631 2199 712 Unde

540 704 904 779 Augustinus
931 724 987 762 [ι.
1019 712 1069 771 5,
1103 708 1185 761 sic
1208 706 1505 761 Bonifacio
1530 704 1817 779 loquitur,
1846 704 2057 758 Justam
2082 704 2198 772 qui-

541 776 662 835 dem
667 780 803 853 dicis
820 779 1009 853 habere
1022 786 1075 833 te
1088 794 1323 853 causam,
1338 780 1495 853 cujus
1509 776 1914 853 judexego-non
1932 790 2069 853 sum,
2084 784 2193 853 etc.

542 854 620 908 Et
638 850 815 906 oblata
825 851 1035 921 quidem
1062 866 1269 903 sumere
1288 844 1553 921 debuisti,
1574 844 1981 921 uteisulereris
2001 844 2070 898 ad
2084 844 2198 915 pie-

543 927 703 977 tatem
729 942 751 987 ;
779 918 884 975 non
920 928 1097 975 autem
1125 927 1317 991 negata
1345 921 1429 975 vel
1465 920 1714 991 delegata
1740 918 1817 971 sic
1846 932 2107 991 quaerere,
2138 921 2199 969 ut

535 1001 763 1065 propter
784 992 883 1047 illa
913 993 971 1065 in
1000 992 1158 1045 istam
1182 989 1542 1065 necessitatem
1569 989 1964 1065 perducereris.
1997 991 2198 1065 Neque

539 1058 853 1121 referenda
868 1064 1102 1118 videtur
1122 1062 1373 1134 epistola
1390 1058 1741 1130 longe—ultra
1755 1061 1934 1114 tinem
1955 1058 2194 1134 an._427,

540 1152 677 1192 cum
706 1135 930 1191 nullam
961 1130 1265 1206 querelam
1297 1134 1661 1206 Augustinus
1690 1137 1931 1206 moveat
1949 1130 2023 1206 de
2050 1130 2199 1206 Van-

542 1208 818 1263 dalorum
850 1199 1196 1276 irruptione,
1229 1207 1343 1276 qui
1376 1199 1644 1258 subsidio
1673 1203 1861 1276 vocati
1892 1217 1927 1256 a
1957 1199 2197 1276 Bonita-

542 1281 654 1344 cio,
683 1272 1067 1350 penetrarunt
1088 1277 1147 1330 in
1168 1272 1423 1331 Africam
1450 1290 1611 1329 anno
1632 1273 1756 1336 428,
1785 1289 1985 1327 mense
2012 1272 2195 1327 maio.

693 1348 1198 1404 CCXXI-CCXXIV.
1230 1376 1295 1385 -
1321 1347 1550 1404 Scripta:
1578 1361 1669 1399 an.
1697 1347 1799 1400 427
1833 1351 1880 1398 et
1912 1343 2038 1400 428.

906 1362 1198 1403 -υυλλιγ.
1230 1376 1295 1385 -
1321 1362 1550 1416 δστιριω
1578 1362 1669 1399 an.
1697 1362 1795 1416 @271
1833 1362 1880 1398 et
1912 1362 2038 1400 (αὖ.

613 1420 1023 1495 Quodvultdei
1044 1417 1306 1490 epistolae
1335 1414 1491 1483 duae,
1524 1415 1962 1495 Augustinique
1990 1414 2066 1495 ad
2096 1428 2198 1494 eas

540 1490 829 1562 rescripta
857 1489 1127 1560 ejusdem
1152 1494 1287 1562 sunt
1310 1490 1592 1562 temporis
1620 1494 1674 1562 et
1698 1489 2055 1562 argumenti,
2081 1489 2197 1539 nisi

538 1562 703 1633 quod
729 1557 957 1633 priores
979 1562 1057 1616 ad
1084 1576 1182 1633 an.
1205 1560 1351 1615 forte
1376 1560 1478 1615 427
1506 1558 1819 1633 pertinent,
1850 1557 2198 1633 posteriores

541 1630 619 1689 ad
650 1630 750 1689 an:
778 1636 901 1690 428.
932 1635 1093 1688 Certe
1127 1632 1186 1686 in
1216 1648 1287 1686 ea
1320 1647 1454 1702 quae
1490 1630 1699 1685 ordine
1728 1638 1816 1702 est
1838 1643 2058 1691 ccxxiv,
2087 1632 2198 1681 tes-

536 1710 695 1760 tatur
717 1704 1085 1781 Augustinns
1102 1700 1461 1781 librosd—uos
1487 1700 2008 1781 Retractationum,
2044 1713 2199 1780 quos

537 1792 700 1832 anno
724 1772 850 1841 427⁷,
870 1774 964 1829 vel
985 1780 1046 1829 ut
1068 1774 1255 1829 serius
1279 1778 1401 1842 428,
1427 1773 1698 1829 emisitin
1722 1772 2049 1842 publicum,
2069 1772 2197 1840 jam

536 1863 664 1902 esse
694 1846 949 1902 antehac
974 1844 1305 1901 absolutos.

787 1917 1034 1991 CCXXV.
1075 1948 1146 1991 f-
1174 1916 1389 1991 S_cripta
1413 1930 1533 1991 anc.
1564 1916 1667 1991 428
1696 1921 1790 1968 aut
1823 1916 1945 1991 429.
2028 1984 2037 1991 .
2159 1981 2170 1991 .

608 1990 877 2059 Prosperi
899 1988 1175 2060 epistola,
1200 1984 1533 2060 hic'ordine
1551 1985 1965 2041 ducentesima
1984 1984 2198 2060 vigesi-

536 2075 639 2115 ma
686 2053 915 2131 quinta,
937 2053 1171 2131 scripta
1210 2060 1325 2131 fuit
1344 2074 1450 2131 per
1478 2058 1540 2131 id
1582 2064 1822 2131 tempus
1850 2071 1971 2131 quo
2002 2053 2198 2109 Arela-

533 2126 979 2202 tensi'ecclesiaa
1019 2126 1271 2202 praeerat
1316 2126 1566 2202 Hilarius
1596 2126 1767 2202 exn.
1797 2128 1851 2180 9.
1891 2126 1989 2181 Hic
2020 2140 2199 2196 porro

536 2202 595 2257 in
610 2201 811 2258 locum
832 2199 1109 2257 Honorati
1127 2206 1262 2257 octo
1284 2200 1371 2255 vel
1390 2215 1608 2255 novem
1633 2199 1847 2255 diebus
1868 2203 2003 2251 ante
2030 2212 2200 2251 sacra

536 2274 874 2352 Epiphania
894 2273 1160 2352 defuncti
1181 2271 1467 2352 suffectus
1491 2276 1600 2352 est,
1626 2286 1787 2352 anno
1816 2268 1922 2324 428
1948 2274 2049 2324 aut
2076 2271 2198 2335 429,

533 2343 600 2399 ut
624 2343 787 2416 patet
812 2360 882 2400 ex
911 2350 1053 2400 nota
1085 2344 1163 2399 ad
1190 2343 1469 2399 eamdem
1495 2343 1665 2413 epist.

826 2424 1100 2481 CCXXVI.
1129 2454 1194 2464 —
1220 2423 1435 2493 Scripta
1458 2422 1629 2477 eodem
1660 2428 1914 2491 tempore.

607 2504 1024 2582 Ducentesima
1042 2503 1331 2582 vigesima
1352 2507 1538 2566 sexta,
1552 2517 1687 2582 quse
1706 2500 1921 2582 Hilarii
1937 2498 2069 2582 laici
2090 2500 2200 2582 est,

534 2576 892 2631 transmissa
913 2574 1021 2630 fuit
1043 2570 1212 2628 simul
1242 2590 1378 2629 cum
1399 2570 1726 2645 superiore,
1758 2570 1938 2645 utiliic
1960 2575 2204 2645 testatur

539 2645 792 2701 Hilarius
822 2662 883 2701 n.
920 2647 1003 2701 10.
1039 2646 1203 2701 Unde
1233 2641 1487 2717 utrique,
1507 2644 1796 2715 Prospero
1828 2641 2201 2717 Hilarioque,

540 2716 721 2772 simul
753 2717 1061 2788 respondit
1089 2712 1479 2785 Augustinus,
1508 2712 1858 2787 nuncupato
1903 2712 2205 2768 ambobus

536 2788 690 2844 libro
722 2788 783 2843 de
816 2788 1295 2844 Prwdestinatione
1322 2788 1667 2843 Sanctorum.

538 2868 829 2924 CCXXVII.
875 2897 945 2911 --
999 2868 1216 2938 Scripta
1272 2866 1660 2995 po;t4£ascha,
1712 2881 1860 2920 anno
1909 2865 2057 2934 forte
2101 2862 2205 2918 428

1251 2956 1325 2994 au
1506 2982 1519 2995 .

1251 2956 1349 2994 aut
1390 2956 1491 2995 ιιΖυ
1506 2982 1519 2995 .

607 3020 1087 3075 Ducentesimam
1108 3018 1464 3088 vigesimam
1492 3016 1812 3088 septimam
1839 3014 1909 3069 ad
1931 3014 2205 3088 _Alypium

536 3091 919 3167 senemnullus
937 3086 1691 3167 dubitaveritreferendam
1719 3103 1846 3167 esse
1872 3086 1949 3167 ad
1977 3102 2206 3167 annum

537 3163 766 3217 circiter
809 3163 935 3220 429.
981 3162 1100 3217 Nisi
1153 3162 1297 3217 forte
1328 3161 1462 3233 quis
1510 3160 1696 3233 alium
1732 3159 1827 3233 hic
1874 3159 1952 3214 ab
1994 3158 2206 3233 Alypio

533 3233 1022 3311 Ihagastensium
1038 3230 1900 3311 epis_cop_q§ub_intelligendum
1916 3232 2209 3311 putet,aut

534 3304 686 3359 Senis
712 3305 955 3359 nomine
982 3320 1102 3358 non
1135 3304 1456 3373 significari
1488 3304 1803 3373 primatem
1833 3316 2047 3373 :quem
2075 3304 2207 3373 titu-

534 3374 659 3429 lum
692 3375 904 3446 Alypio
934 3370 1216 3446 episcopo
1262 3374 1323 3428 in
1358 3370 1609 3446 epistola.
1639 3388 1862 3446 ccxxw,
1888 3370 1992 3446 ad
2018 3370 2209 3437 Quod-

534 3444 845 3501 vultdeuiii
863 3444 1002 3502 data
1026 3444 1186 3500 anno
1216 3449 1338 3510 428,
1361 3444 1627 3499 nOndum
1648 3444 1949 3499 tribuebat
1970 3445 2201 3515 Augus-

537 3517 714 3581 tinus,
745 3518 945 3588 ipsum
974 3517 1209 3587 fratrem
1240 3518 1532 3571 duntaxat
1561 3515 1892 3587 appellans.

698 3596 1025 3653 CCXXVIII.
1060 3596 1359 3660 —Scripta
1390 3594 1485 3650 sub
1518 3612 1610 3649 an.
1645 3598 1748 3649 428
1778 3601 1873 3648 aut
1904 3597 2026 3648 429.

608 3677 1026 3733 Ducentesima
1051 3676 1329 3731 vicesima
1351 3681 1565 3731 octava
1586 3675 1656 3729 ad
1677 3674 2009 3729 Honoratum
2036 3673 2201 3729 Thia-

534 3762 783 3820 nensem
821 3750 1171 3820 episcOpum
1207 3748 1428 3820 scripta
1458 3753 1564 3809 est,
1599 3762 1718 3801 cum
1766 3745 2005 3801 Vandali
2033 3745 2200 3798 hostes

536 3818 925 3889 impenderent,
949 3818 1343 3882 ex'Possidio,’
1368 3835 1499 3891 cap.
1536 3822 1625 3873 30.

536 3901 1073 3957 CCXXIX-CCXXXI.
1120 3930 1187 3939 —
1217 3899 1444 3970 Scripta:
1489 3898 1589 3953 sub
1629 3898 1790 3968 ﬁnem
1821 3897 1951 3952 vitta
1987 3896 2199 3967 Augus-

1074 3972 1183 4024 tini
1210 3972 1350 4039 [orte
1380 3988 1474 4027 an.
1505 3971 1628 4024 4'29.

611 4050 783 4105 Dario
806 4051 1006 4105 comiti
1020 4050 1332 4121 epistolam
1347 4049 1823 4121 ducentesimam
1846 4046 2197 4118 vigesimum

534 4135 762 4176 nonam
794 4122 1029 4193 scripsit
1060 4119 1441 4193 Augustinus
1463 4119 1576 4174 sub
1616 4119 1887 4193 ultimam
1932 4122 2200 4172 senectu-

537 4197 676 4258 tem,
705 4208 776 4247 ex
798 4207 855 4247 n.
882 4190 933 4247 t'.
963 4192 1298 4249 Veneratin
1332 4192 1585 4247 Africam
1616 4190 1822 4244 Darius
1853 4194 2200 4260 procuratu-

535 4278 638 4317 rus
670 4278 903 4334 pacem,
932 4279 1052 4318 non
1100 4270 1162 4319 ut
1201 4279 1330 4319 eam
1363 4278 1468 4334 per
1497 4260 1853 4331 sanguinem
1883 4266 2194 4334 quaereret,

537 4334 644 4415 sed
675 4333 763 4390 ne
794 4335 1148 4415 cujusquam
1194 4333 1440 4415 sanguis
1480 4338 1867 4415 quaereretur,
1905 4333 2199 4415 legatione

534 4406 776 4471 missus,
805 4403 880 4462 ex
900 4422 961 4462 n.
989 4403 1048 4473 2,
1081 4412 1260 4478 atque
1295 4403 1355 4461 ut
1377 4403 1550 4461 malis
1570 4421 1685 4475 quia
1707 4404 1777 4457 ad
1806 4403 2082 4473 quemdam
2116 4419 2201 4457 ca-

2310 271 2621 346 lamitatum
2655 273 2859 344 apicem
2890 273 3253 343 increverunt,
3298 274 3465 331 sicuti
3509 274 3719 331 Darius
3749 275 3951 346 ipsein

2307 344 2562 419 epistola
2587 360 2793 419 ccxxx,
2813 362 2871 400 n.
2905 347 2956 411 3,
2989 346 3273 419 rescribit,
3301 348 3631 403 remedium
3658 344 3954 419 ﬁnemque

2307 415 2560 470 afferret.
2583 418 2712 480 Quo
2732 419 2788 471 in
2813 416 3208 489 negotioquid
3233 415 3883 489 profecissetindicans:
3898 419 3954 472 Si

2308 504 2411 540 non
2454 488 2816 542 exstinximus
2856 488 3012 553 bella,
3056 488 3267 559 inquit,
3298 498 3435 543 certe
3463 490 3791 545 distulimus.
3830 492 3951 555 Quo

2308 573 2448 612 vero
2478 560 2599 631 haec
2621 559 2819 631 referri
2852 562 3105 631 possint,
3132 567 3344 630 praeter
3368 562 3645 615 Bonifacii
3676 561 3956 617 Vandalo-

2306 645 2562 701 rumque
2588 630 2807 685 bellum
2835 630 2983 702 nihil
3000 631 3430 686 occurritaliud
3450 640 3713 687 extrema
3734 637 3956 702 Augus-

2308 702 2410 755 tiui
2432 706 2623 765 aetate,
2642 710 2744 756 aut
2762 701 2969 757 saltem
2987 703 3063 755 ab
3081 717 3242 757 anno
3262 703 3329 756 42
3344 709 3357 757 Ι
3374 744 3385 766 ,
3402 720 3581 766 quem
3608 701 3955 759 hauddubie

2306 787 2531 846 annum
2552 788 2672 846 non
2698 773 3214 846 prtecessitistbaac
3242 775 3397 829 Darii
3420 773 3666 845 legatio:
3691 777 3955 846 quando-

2304 843 2554 918 quidem
2588 844 2954 918 Enchiridion
2982 843 3043 897 de
3087 844 3209 913 ﬁde,
3254 862 3342 915 spe
3370 853 3418 900 et
3462 843 3751 911 cliaritate,
3790 849 3949 918 quod

2305 915 2663 984 opusculum
2699 931 2815 970 non
2849 916 3018 970 citius
3061 917 3221 970 dicto
3252 931 3414 971 anno
3456 918 3676 972 editum
3719 915 3843 982 fuit,
3878 921 3953 973 ad

2307 987 2548 1058 Darium
2578 1002 2737 1041 nunc
2759 987 3040 1058 temporis
3056 1003 3194 1041 cum
3208 987 3455 1057 epistola
3472 1002 3700 1057 ccxxxx,
3723 1006 3781 1043 n.
3802 995 3852 1054 5,
3880 991 3952 1043 le-

2347 1057 2569 1131 endum
2602 1057 3279 1131 transmittitur.Narrat
3319 1060 3517 1131 reipsa
3554 1061 3867 1131 Procopius
3898 1063 3957 1115 in

2347 1073 2569 1112 enaum
2602 1073 3037 1113 transmittitur.
3072 1073 3279 1113 narrat
3319 1074 3517 1129 reipsa
3554 1073 3867 1131 Procopius
3898 1076 3957 1115 in

2301 1073 2407 1183 ἧι).
2447 1134 2467 1182 t
2517 1128 2591 1183 de
2631 1128 2786 1183 bello
2816 1128 3164 1193 Vandalico,
3214 1130 3533 1185 nonnullos
3562 1148 3632 1186 ex
3686 1132 3959 1187 Bonitacii

2305 1199 2517 1254 amicis
2548 1201 2963 1274 Carthaginem
2994 1203 3347 1274 navigantes
3373 1202 3641 1274 Placidite
3668 1203 3842 1272 jussu
3872 1206 3954 1274 ip-

2307 1287 2441 1325 sum
2472 1271 2822 1325 convenisse
2853 1290 2865 1326 :
2896 1279 3139 1342 tumque
3162 1272 3302 1327 Aclii
3336 1272 3393 1325 in
3418 1271 3780 1329 Bonifacium
3807 1271 3957 1329 frau-

2305 1342 2379 1415 de
2409 1342 2656 1415 detecta,
2700 1343 2931 1415 jurasse
2960 1342 3271 1398 Placidiam
3304 1358 3431 1398 sese
3460 1360 3699 1415 mquam
3736 1347 3958 1401 Bonifa-

2305 1413 2399 1467 cio
2430 1412 2553 1467 fore
2582 1416 2627 1467 si
2649 1430 2787 1468 eum
2810 1413 2887 1469 ad
2913 1415 3298 1469 avertendam
3329 1416 3408 1469 rei
3438 1412 3717 1471 Romanae
3742 1418 3799 1472 in
3818 1418 3961 1471 Afri-

2306 1500 2377 1539 ca
2410 1489 2666 1553 stragem
2713 1484 3085 1539 inclinarent.
3122 1486 3262 1539 Hinc
3288 1502 3429 1540 vero
3460 1487 3826 1543 Bonifacium
3871 1503 3959 1543 re-

2307 1557 2557 1630 cessisse
2586 1572 2626 1630 a
2664 1555 2975 1630 Yandalis,
3022 1557 3123 1626 qui
3173 1557 3791 1630 Hipponem-regium,
3841 1576 3961 1630 quo

2307 1643 2435 1681 sese
2461 1628 2557 1683 ille
2584 1627 2739 1682 bello
2768 1627 2955 1681 victus
2985 1627 3305 1697 receperat,
3338 1628 3724 1684 obsederunt.
3746 1631 3823 1684 De
3850 1627 3962 1685 bac

2308 1699 2369 1753 Hi
2381 1698 2764 1769 pponis-regii
2787 1698 3122 1763 obsidione,
3152 1699 3447 1753 Bonifacio
3475 1700 3626 1755 intra
3651 1702 3859 1756 urbem
3881 1717 3965 1756 re-

2307 1776 2498 1841 cepto,
2532 1769 2733 1824 scribit
2760 1770 2940 1841 etiam
2981 1770 3302 1841 Possidius,
3337 1785 3468 1840 cap.
3507 1771 3594 1835 28,
3626 1772 3855 1826 addens
3901 1772 3960 1827 S.

2306 1840 2701 1910 Augustinum
2727 1840 2897 1896 tertio
2914 1840 3240 1895 obsidionis
3273 1857 3475 1896 mense
3499 1841 3764 1897 febribus
3789 1843 3964 1899 decu-

2305 1912 2530 1978 buisse,
2564 1917 2619 1967 et
2646 1912 2852 1985 ultima
2880 1911 3228 1985 aegritudine
3258 1914 3819 1985 exercerircmpisse.

2628 1982 2970 2037 EPISTOLAZ
3005 1984 3139 2047 OUA
3152 1984 3302 2038 RT/E
3333 1984 3632 2049 CLASSIS,

2610 2053 2855 2118 Quarum
2886 2060 3085 2124 tempus
3114 2054 3291 2109 minus
3319 2064 3667 2125 compertum.

2384 2123 2637 2195 Reliquae
2661 2132 2798 2180 sunt
2818 2123 3081 2196 epistolae
3101 2141 3352 2181 numero
3376 2123 3612 2193 triginta
3646 2143 3881 2192 novem,
3906 2127 3965 2183 in

2311 2196 2506 2252 Classe
2536 2203 2751 2270 quarta
2772 2196 3243 2270 comprehensas,
3265 2198 3820 2270 quibusiproprium
3847 2215 3967 2254 cer-

2310 2274 2553 2342 tumque
2570 2269 2767 2342 locum
2798 2269 3183 2342 prmscribere
3203 2285 3272 2323 ex
3303 2277 3475 2342 aetate
3493 2269 3966 2342 haudquaquam

2310 2338 2591 2423 licuisset.
2628 2338 2985 2423 Nam_’facile
3015 2340 3261 2420 quidem
3298 2338 3705 2410 intelliguntur
3733 2338 3966 2423 scriptm

2309 2424 2519 2464 omnes
2540 2411 2865 2482 Augustino
2883 2410 3316 2482 jamrepiscopo
3342 2428 3353 2467 :
3378 2428 3587 2482 paucae
3610 2429 3749 2468 vero
3770 2414 3828 2468 in
3853 2410 3970 2468 illis

2312 2428 2519 2464 omnes
2540 2428 2865 2477 augustino
2883 2428 3009 2480 1am
3031 2428 3233 2481 episco
3280 2428 3316 2466 o
3342 2428 3353 2467 :
3378 2428 3587 2482 paucae
3610 2429 3749 2468 vero
3770 2429 3828 2468 in
3857 2428 3970 2468 ilus

2312 2486 2467 2550 sunt,
2485 2498 2619 2552 quae
2642 2481 2866 2555 detiniti
2889 2481 3067 2552 paulo
3088 2428 3346 2552 amplius
3369 2485 3655 2555 temporis
3667 2486 3973 2540 characte-

2311 2567 2435 2606 rem
2460 2557 2687 2627 gerant.
2708 2553 2936 2627 Scilicet
2962 2554 3325 2627 suspicioest
3350 2553 3586 2610 Honorii
3612 2556 3972 2627 ipsiusleges

2313 2623 2697 2679 contraidola
2718 2639 2877 2679 anno
2908 2624 3029 2687 399,
3055 2630 3157 2679 aut
3176 2625 3322 2680 alias
3349 2642 3446 2680 an.
3480 2627 3583 2682 408
3606 2623 3975 2683 sanctitas—in-

2313 2694 2497 2769 dicari
2550 2694 2867 2769 it_1_ccxxxu
2906 2696 2975 2748 ad
3006 2695 3387 2769 Madaurenses
3416 2698 3668 2769 epistola
3699 2714 3758 2754 n.
3791 2700 3845 2763 3,
3877 2699 3973 2754 bis

2314 2765 2531 2820 verbis:
2578 2765 2795 2840 Videtis
2816 2772 2954 2819 certe
2982 2766 3398 2840 simulacrorum
3431 2765 3625 2832 templa
3654 2771 3861 2840 partim
3884 2770 3978 2824 di-

2313 2844 2462 2899 ruta,
2490 2836 2932 2909 partimiclausa,
2964 2839 3171 2907 partim
3204 2839 3263 2893 in
3292 2855 3416 2894 usus
3445 2840 3582 2895 alios
3608 2836 3933 2895 commutata
3959 2864 3978 2909 ,-

2314 2911 2529 2989 ipsaque
2554 2907 2851 2989 simulacra
2866 2909 2955 2989 pel
2979 2909 3281 2989 con/ringi,
3304 2911 3388 2965 vel
3410 2911 3641 2989 incendi,
3666 2917 3797 2989 etc.,
3818 2907 3983 2989 atque

2315 2980 2459 3050 ipsas
2504 2980 2664 3050 hujus
2692 2980 2875 3034 sceculi
2904 2987 3274 3050 potestates....
3305 2990 3493 3037 contra
3534 2983 3713 3038 eadem
3745 2980 3977 3038 simula-

2313 3051 2720 3127 cra.._.imp_elu_s
2738 3068 2855 3106 suos
2888 3050 3387 3127 legesqueperlisse.
3420 3056 3568 3109 Tum
3594 3071 3731 3127 quae
3763 3055 3835 3109 ad
3848 3055 3988 3111 Pas-

2314 3122 2552 3177 centium
2582 3122 2941 3248 diriguntur,
2994 3122 3284 3193 p’rodiisse
3339 3122 3673 3195 Augustino
3701 3127 3985 3182 nondum

2317 3209 2457 3248 sene
2483 3212 2495 3248 :
2531 3209 2693 3248 auan
2743 3210 2779 3248 o
2807 3209 2871 3248 se
2892 3194 3095 3248 insein
3122 3210 3426 3248 ccxxxvm.
3461 3212 3521 3248 n.
3555 3204 3597 3248 t.
3619 3205 3773 3248 mtate
3801 3214 3865 3248 ac
3887 3198 3985 3248 di-

2317 3209 2457 3248 sene
2483 3212 2495 3259 ;
2531 3194 2779 3265 quando
2807 3209 2871 3248 se
2892 3194 3095 3265 ipsein
3122 3194 3521 3261 ccxxxvm,’n.
3555 3204 3597 3262 1,
3619 3205 3773 3252 (etate
3801 3214 3865 3252 ac
3887 3198 3986 3252 di-

2305 3266 2520 3335 gnitate
2550 3265 2858 3320 Pascentio
2896 3265 3234 3321 inferiorem
3267 3268 3577 3337 proﬁtetur
3609 3284 3621 3323 :
3655 3269 3758 3324 sed
3790 3285 3863 3323 eo
3894 3275 3987 3326 ta-

2316 3352 2453 3412 men
2484 3342 2772 3412 tempore,
2800 3352 2922 3408 quo
2954 3338 3010 3392 S.
3045 3340 3255 3412 Doctor
3279 3338 3455 3412 {amre
3482 3339 3823 3396 celebritate
3844 3341 3986 3412 jam

2316 3407 2686 3484 clarissimus
2712 3407 3006 3484 evaserat,
3026 3410 3105 3463 uti
3134 3424 3205 3464 ex
3226 3410 3436 3484 eadem
3468 3412 3665 3484 epist.,
3690 3426 3749 3466 n.
3781 3407 3988 3484 8,'ap-

2310 3483 2496 3550 paret.
2526 3479 2795 3554 Denique
2807 3479 2883 3554 ad
2908 3478 3147 3554 ultimos
3168 3482 3479 3554 Augustini
3501 3478 3695 3539 annos
3721 3478 3989 3554 pertin'e-

2308 3549 2370 3605 re
2387 3564 2509 3623 φοι,
2527 3549 2598 3603 ad
2613 3549 2936 3615 Auxilium,
2956 3551 3119 3621 apud
3134 3567 3313 3623 quem
3336 3551 3411 3607 de
3429 3549 3796 3609 sententiain
3813 3555 3993 3610 Clas~

2310 3620 2603 3676 sicianum
2628 3624 2706 3675 ab
2733 3637 2804 3676 eo
2825 3623 2948 3677 lata
2979 3620 3063 3677 sic
3093 3620 3430 3694 expostulat
3459 3640 3519 3679 n.
3549 3629 3581 3679 2
3612 3641 3625 3680 :
3654 3626 3743 3679 En
3762 3625 3987 3687 adsum.

2306 3709 2466 3765 senex
2492 3709 2527 3745 a
2546 3694 2766 3765 juvene,
2800 3700 2849 3747 et
2874 3694 3145 3764 episcopus
3178 3700 3253 3749 tot
3282 3712 3550 3751 annorum
3573 3713 3605 3749 a
3634 3696 3834 3765 collega
3861 3714 3991 3753 nec-

2307 3764 2433 3818 dum
2464 3764 2717 3835 anniculo
2745 3772 2973 3835 paratus
3000 3782 3119 3819 sum
3162 3765 3383 3821 discere.
3418 3768 3681 3835 Itemque
3710 3764 3877 3824 chlx
3911 3769 3993 3824 ad

2310 3834 2642 3909 Cornelium.
2668 3840 2721 3889 et
2746 3834 2950 3909 CCLXII;
2972 3836 3043 3889 ad
3071 3836 3374 3901 Nobilium,
3401 3838 3458 3892 in
3488 3834 3709 3909 quibus
3740 3854 3804 3894 se
3835 3854 3995 3909 pro-

2308 3906 2625 3980 vectiorem
2650 3912 2880 3980 aetatem
2905 3908 3120 3980 degere
3146 3909 3461 3977 signiﬁcat.
3493 3906 3606 3966 Has
3630 3925 3772 3980 ergo
3797 3906 3991 3967 alias-

2308 3977 2613 4051 quelonge
2639 3978 2834 4033 minus
2847 3979 3137 4051 explorati
3161 3982 3446 4051 temporis
3467 3977 3749 4051 epistolas
3772 3983 3991 4039 visum

2308 4055 2394 4103 est
2423 4048 2629 4124 habita
2668 4048 3003 4119 argumenti
3034 4050 3264 4106 ratione
3287 4048 3378 4106 'sic
3410 4048 3717 4124 ordinare,
3757 4058 3819 4109 ut
3850 4055 3993 4124 pri-

2308 4135 2483 4193 murn
2503 4119 2699 4173 locum
2732 4128 3095 4193 occuparent
3122 4138 3256 4193 quas
3289 4123 3633 4179 Christianae
3667 4123 3800 4179 ﬁdei
3828 4119 3994 4181 tios-

2308 4195 2416 4255 tes,
2450 4190 2742 4261 Paganos,
2770 4190 3158 4259 Manichaeos;
3182 4194 3684 4259 Priscillianistas,
3716 4196 3991 4253 Arianos

2308 4267 2580 4327 spectant
2613 4278 2624 4316 :
2659 4267 2784 4335 tum
2823 4263 3067 4319 demum
3096 4280 3230 4335 quae
3262 4265 3340 4320 ad
3372 4274 3526 4321 recte
3556 4267 3995 4325 informandos

2310 4349 2506 4409 mores
2545 4334 2878 4409 conferunt,
2910 4334 3315 4408 ofﬁciosaque
3347 4337 3575 4409 aliquot
3616 4339 3670 4395 S.
3709 4341 4000 4397 Doctoris

2306 4404 2514 4460 litterte
2546 4406 2948 4462 succederent.

606 4530 686 4583 Ex
710 4528 805 4583 his
835 4544 1015 4584 nemo
1049 4544 1171 4585 non
1200 4528 1380 4599 videt,
1406 4529 1451 4584 si
1483 4528 1663 4584 modo
1695 4543 1817 4583 rem
1843 4526 2128 4598 tantisper
2149 4527 2467 4598 expendat,
2500 4533 2793 4600 quantum
2818 4530 2877 4585 in
2900 4535 3054 4587 recte
3077 4530 3758 4602 ordinandisAugustiui
3787 4534 3944 4605 Epis
3968 4565 4001 4577 -

536 4616 668 4671 tolis
696 4633 893 4688 operae
924 4618 1276 4691 consiliique
1309 4633 1343 4672 a
1383 4618 1560 4675 nobis
1601 4617 1867 4689 positum
1914 4616 2007 4683 sit,
2042 4620 2339 4689 quantum
2381 4616 2721 4686 diligentiae,
2763 4624 2827 4673 ut
2858 4620 3262 4676 studiosorum
3310 4620 3544 4676 labores
3580 4637 3691 4692 pro
3722 4622 4002 4681 modulo

536 4704 901 4761 levaremus.
937 4710 1104 4761 Hunc
1146 4707 1419 4762 ordinem
1454 4705 1680 4776 passim
1709 4705 1955 4777 quidem
1985 4721 2055 4761 ex
2082 4709 2262 4769 certa,
2297 4711 2399 4761 aut
2424 4722 2569 4762 sane
2612 4722 2797 4774 quam
2827 4708 3092 4764 maxime
3123 4708 3426 4782 probabili
3455 4710 3689 4766 ratione
3720 4727 3734 4778 ;
3762 4711 3873 4766 sed
3908 4715 4004 4770 ta-

537 4808 677 4848 men
713 4794 1041 4865 aliquando
1068 4811 1139 4850 ex
1181 4795 1558 4866 coniecturis,
1592 4800 1693 4849 aut
1733 4809 1804 4849 ex
1846 4800 2056 4850 mutuo
2086 4794 2434 4849 earumdem
2483 4794 2881 4865 Epistolarum
2915 4797 3067 4853 inter
3101 4814 3227 4853 sese
3260 4814 3418 4855 nexu
3450 4801 3999 4868 et'consecutione,

533 4881 862 4955 aliquando
895 4884 1073 4938 etiam
1121 4900 1192 4939 ex
1224 4884 1597 4940 eruditorum
1638 4882 1956 4939 hominum
1987 4883 2088 4956 qui
2116 4883 2230 4939 hac
2253 4883 2321 4938 de
2349 4899 2409 4938 re
2445 4884 2811 4956 scripserunt
2837 4886 3190 4942 auctoritate
3216 4887 3632 4943 instituimus:
3662 4888 3771 4945 rati
3800 4888 3862 4945 in
3892 4889 4006 4946 his

530 4971 713 5028 rebus
740 4972 936 5027 valere
968 4972 1297 5042 plurimum
1329 4974 1387 5028 id
1426 4973 1663 5044 generis
1704 4979 2081 5042 argumenta,
2114 4973 2215 5028 ubi
2255 4977 2414 5028 certa
2453 4978 2509 5028 et
2547 4973 2860 5045 explorata
2890 4989 3002 5030 nos
3032 4974 3337 5031 deﬁciunt.
3373 4976 3555 5033 Nobis
3593 4977 3689 5033 hic
3715 4993 4001 5049 operam

531 5065 803 5117 nostram
842 5061 1147 5117 venditare
1173 5077 1291 5117 non
1324 5068 1411 5117 est
1437 5063 1677 5118 animus
1712 5078 1726 5117 :
1762 5060 1911 5134 quin
1944 5062 2064 5116 imo
2092 5062 2348 5134 proprias
2375 5061 2700 5117 inscientia
2724 5062 2971 5129 conscii,
3007 5063 3066 5118 in
3089 5068 3285 5119 errata
3306 5078 3428 5120 non
3451 5081 3667 5138 pauca,
3687 5083 3824 5140 quae
3846 5083 3997 5123 eru-

532 5151 792 5206 ditorum
822 5167 1143 5207 censuram
1172 5155 1533 5214 mereantur,
1569 5167 1679 5206 nos
1716 5150 1995 5206 incidisse
2028 5150 2279 5206 inﬁciari
2319 5166 2438 5206 non
2471 5150 2787 5206 audemus.
2825 5154 2890 5206 Et
2920 5168 3059 5207 vero
3086 5168 3177 5216 ea,
3218 5155 3675 5226 quamprimum
3717 5171 3752 5211 a
3788 5156 3997 5215 bene-

532 5238 681 5293 volis
711 5238 1035 5296 lectoribus
1066 5240 1338 5311 exposita
1376 5238 1611 5304 fuerint,
1648 5245 1703 5295 et
1740 5240 1993 5295 libenter
2017 5254 2437 5310 agnoscemus,
2473 5244 2529 5294 et
2567 5241 2928 5311 quantocius
2972 5242 3294 5297 emendare
3334 5249 3702 5313 satagemus.
3751 5246 3992 5303 Verum

532 5324 679 5380 illud
711 5326 858 5383 citra
884 5329 1185 5397 iactantiae
1218 5333 1424 5384 notam
1454 5328 1720 5399 polliceri
1761 5344 1884 5384 non
1924 5344 2221 5399 veremur,
2262 5344 2484 5383 novum
2522 5328 2685 5383 hunc
2711 5328 2983 5385 ordinem
3017 5345 3053 5386 a
3084 5331 3261 5387 nobis
3296 5333 3704 5397 constitutum,
3737 5334 3991 5405 qualis-

534 5430 804 5486 cumque
838 5417 1077 5472 tandem
1112 5419 1207 5487 sit,
1239 5420 1411 5487 longe
1452 5417 1981 5473 conducibiliorem
2021 5433 2171 5482 esse,
2212 5433 2395 5489 quam
2428 5418 2681 5472 antehac
2709 5433 2818 5473 usu
2859 5426 3165 5491 receptum
3208 5436 3221 5474 :
3256 5436 3365 5477 nec
3394 5421 3508 5477 levi
3554 5423 3637 5476 rei
3667 5422 3991 5481 litterariis

532 5503 723 5558 fructu
749 5520 818 5558 ac
846 5504 1043 5561 tenere
1078 5511 1544 5579 compensatum
1576 5506 1645 5561 iri
1680 5506 2156 5570 incommodum,
2192 5506 2357 5579 quod
2388 5522 2458 5561 ex
2499 5506 2694 5562 futura
2736 5506 2836 5561 illa
2882 5508 3211 5565 mutatione
3240 5509 3507 5565 nonnulli
3536 5511 3979 5582 opponebam.

531 5592 699 5648 Faxit
730 5594 903 5656 Deus,
936 5598 998 5649 ut
1025 5595 1084 5650 id
1116 5610 1189 5651 ex
1219 5596 1510 5652 sententia
1536 5595 1842 5668 contingat
1879 5613 1989 5671 pro
2029 5596 2181 5653 votis
2212 5596 2451 5662 nostris,
2484 5599 2539 5653 et
2568 5594 2837 5652 laborem
2871 5596 3032 5653 hunc
3062 5603 3336 5654 nostrum
3367 5598 3618 5657 lectores
3657 5598 3820 5673 aequi
3850 5600 3978 5660 bo-

528 5681 711 5756 nique
739 5682 1078 5740 consulant.

2968 5686 3074 5743 PP.
3100 5686 3316 5745 Bened.
