4108 6172
509 163 577 223 Bt
2010 158 2406 220 PH/EFATIO.
3850 163 3924 220 52

510 287 1411 365 ipsiusAugustiniresponsione
1425 284 1588 343 nullo
1601 287 1840 365 negotio
1852 287 2155 365 cognosci-

513 362 879 437 mus.Itaque
892 380 963 437 ex
980 364 1092 437 hac
1106 367 1303 437 aperte
1315 364 1545 437 constat
1560 362 1773 437 primo,
1791 374 1912 437 non
1927 364 2152 437 tantum

512 437 584 490 de
603 437 697 491 illo
711 430 1161 492 consultationis
1180 432 1348 494 libro,
1363 431 1557 502 deque
1572 430 1909 501 Hieronymi
1927 430 1999 485 ad
2017 446 2152 484 eum

510 524 831 579 responso;
862 506 963 579 sed
988 504 1164 579 etiam
1190 507 1367 575 patet,
1390 504 1667 579 Optatum
1701 503 1829 579 ejus
1859 503 1939 556 rei
1958 517 2155 579 quam

512 572 876 645 Augustinus
909 577 985 631 ab
1016 572 1373 646 Hieronymo
1402 572 1702 646 quaesivit,
1736 572 2153 646 inventionem

513 644 857 703 avidissime
898 647 1175 717 cupiisse.
1233 644 1529 710 Secundo,
1584 647 1863 716 Optatum
1901 644 2153 711 graviter

514 720 675 789 apud
692 725 735 771 A
748 721 1082 788 ugustinum
1100 717 1281 775 fuisse
1294 722 1689 789 conquestum
1707 717 1779 789 de
1798 717 2159 789 nescioquot

514 786 757 845 senibus
776 786 829 845 et
852 807 886 845 a
900 791 1089 845 doctis
1106 786 1517 843 sacerdotibus
1536 786 1810 842 institutis
1826 787 1877 840 vi
1890 788 1987 849 ris,
2002 801 2156 856 quos

414 852 421 873 λ’
513 862 589 916 ad
628 877 753 917 suae
778 862 1131 915 modicitatis
1154 860 1596 928 intelligentiam
1648 852 2155 928 assertionemque

516 934 755 987 veritate
783 933 1191 1004 plenissimam
1226 931 1778 1001 (idestsententiam
1801 931 1874 983 de
1900 927 2159 1004 singula-

513 1020 646 1058 rum
662 1000 997 1059 animarum
1015 1000 1336 1071 creatione)
1352 1017 1625 1065 revocare
1639 1017 1757 1056 non
1774 1000 2159 1072 potuerit;ita-

515 1092 631 1146 que
655 1093 715 1129 se
739 1077 1039 1130 novellum
1055 1075 1385 1198 rudemque
1412 1074 1737 1135 doctorem.
1772 1078 2066 1131 tantorum
2090 1088 2159 1127 ac

518 1146 722 1198 talium
748 1148 1267 1198 enisconorumtra
1317 1146 1802 1198 itionestimuisse
1820 1159 2159 1198 corrumpe-

518 1146 722 1201 talium
748 1148 1163 1217 episcoporum
1180 1146 1525 1199 traditiones
1539 1146 1802 1217 timuisse
1820 1159 2161 1217 corrumpe-

516 1233 599 1285 re,
632 1224 685 1274 et
716 1214 1056 1273 convertere
1081 1217 1355 1271 homines
1385 1218 1443 1271 in
1476 1216 1779 1272 meliorem
1812 1221 2038 1285 partem
2081 1214 2161 1269 ob

516 1288 933 1344 defunctorum
958 1288 1234 1357 injuriam
1253 1287 1633 1344 formidasse.
1656 1288 2159 1355 Tertio,0ptatum

517 1360 765 1430 ejusque
791 1375 1079 1431 sequaces
1108 1361 1164 1416 in
1194 1374 1265 1414 eo
1292 1359 1657 1484 pramipuum
1673 1374 1852 1413 suum
1874 1357 2160 1413 Achillem

517 1431 865 1484 collocasse.
903 1432 1086 1484 auod.
1142 1431 1254 1484 nisi
1294 1430 1466 1484 singu
1492 1446 1542 1484 as
1580 1430 1896 1484 hominum
1944 1430 2160 1483 animas

516 1431 865 1495 collocasse,
903 1432 1086 1501 quod,
1142 1431 1254 1485 nisi
1294 1430 1542 1498 singulm
1580 1430 1896 1485 hominum
1944 1430 2160 1483 animas

515 1508 877 1567 crearentur,
911 1506 1061 1558 Deus
1092 1502 1205 1556 dici
1238 1517 1358 1556 non
1389 1506 1593 1571 posset
1629 1501 1834 1557 fecisse
1864 1502 2158 1561 homines,

518 1574 778 1628 etfacere
801 1579 857 1628 et
882 1573 1143 1628 facturus
1165 1589 1319 1638 esse,
1347 1587 1540 1643 neque
1562 1572 1785 1644 aliquid
1803 1587 1935 1626 esse
1957 1573 2014 1625 in
2042 1586 2161 1625 cm-

517 1645 588 1700 lis
607 1650 710 1699 aut
734 1644 791 1699 in
826 1652 999 1709 terra,
1032 1645 1195 1715 quod
1218 1660 1335 1698 non
1356 1644 1487 1714 ipso
1514 1644 1835 1699 constiterit
1855 1649 1910 1698 et
1930 1646 2163 1715 constet

520 1720 797 1785 auctore;
829 1720 1007 1787 atque
1035 1714 1173 1770 inde
1206 1716 1395 1786 sequi,
1426 1715 1775 1787 traduciset
1815 1714 2159 1785 propaginis

518 1795 805 1869 patronos
851 1785 1068 1869 negare
1099 1802 1225 1869 esse
1279 1785 1433 1869 cpus
1483 1788 1577 1840 Dei
1618 1785 1853 1869 animas
1903 1791 2158 1867 nostras.

517 1856 759 1922 Quarto,
793 1856 1137 1928 opinionem
1171 1857 1328 1912 illam
1361 1857 1435 1912 de
1468 1857 1901 1928 propagatione
1930 1856 2161 1910 anima-

518 1945 651 1984 rum
669 1927 1108 1999 pertraducem,
1126 1928 1336 2000 Optato
1357 1929 1548 1983 visam
1564 1927 2161 1984 fuisseinventionem

517 2016 760 2065 novam,
784 1999 1192 2057 etinauditum
1229 1999 1472 2067 dogma.
1508 2000 1834 2065 Postremo,
1882 2001 2161 2068 Optatum

516 2071 595 2128 ab
634 2073 963 2137 Augustino
991 2071 1240 2142 prmcise
1281 2070 1538 2125 voluisse
1579 2077 1635 2125 et
1668 2071 2067 2127 contendisse.
2104 2076 2164 2125 ut

515 2158 703 2197 unum
719 2144 931 2197 horum
945 2142 1246 2197 deﬁniret:
1272 2148 1468 2196 utrum
1484 2142 1700 2198 animus
1718 2150 1941 2197 caeteras
1971 2157 2037 2196 ex
2064 2142 2163 2196 illo

516 2230 636 2268 uno
666 2214 931 2281 homine,
962 2214 1111 2268 sicut
1138 2229 1385 2283 corpora
1407 2229 1512 2283 per
1538 2214 2050 2283 propagationem.
2088 2228 2165 2267 an

519 2286 648 2341 sine
690 2286 1138 2355 propagatione,
1170 2286 1252 2339 sic
1277 2284 1506 2340 utillius
1534 2284 2164 2351 uuius(scilicetAdtB),

516 2372 551 2409 a
600 2359 869 2411 Creatore
920 2356 1165 2424 singulis
1203 2356 1451 2423 singulas
1480 2356 1643 2410 ﬁant.
1678 2356 1815 2409 Hmc
1862 2356 2168 2426 praecipua

517 2428 845 2496 Optalianee
870 2427 945 2481 ad
978 2428 1373 2496 Augustinum
1401 2426 1666 2496 epistolas
1690 2427 1885 2497 capita
1908 2426 2162 2489 fuerunt,

517 2499 593 2553 ad
623 2514 758 2566 quae
782 2514 1022 2553 summa
1049 2498 1361 2562 modestia,
1383 2496 2164 2567 judicioaceruditionehic,

522 2568 1027 2639 utinfraliquebit,
1044 2568 1368 2639 respondit.

588 2642 647 2691 V.
706 2638 953 2695 Summa
1003 2638 1450 2708 Augustinianas
1481 2643 1687 2708 (quam
1724 2638 2043 2695 secundum
2091 2639 2167 2693 ad

518 2710 798 2780 Optatum
829 2718 978 2767 recte
1012 2713 1288 2781 dicimus)
1319 2711 1583 2780 epistolas
1614 2726 1685 2764 eo
1713 2711 1879 2771 redit.
1912 2718 1971 2764 ut
1996 2727 2166 2764 suam

516 2781 589 2836 de
613 2784 841 2849 origine
871 2782 1087 2837 animas
1118 2783 1519 2849 ignorantiam
1570 2788 1771 2849 aperte
1803 2798 1872 2836 ac
1911 2782 2168 2837 demisse

519 2854 889 2925 confictalur,
924 2870 1031 2908 nec
1070 2856 1303 2925 certum
1345 2852 1489 2925 quid
1528 2853 1585 2925 in
1621 2852 1732 2908 hac
1763 2853 2171 2925 controversia

519 2924 812 2995 quidquid
837 2926 1032 2980 visum
1058 2924 1230 2980 fuerit
1256 2926 1469 2994 Optato
1491 2924 1763 2995 aliisque,
1789 2924 1967 2978 statui
1991 2939 2168 2993 posse

518 3000 825 3076 aptum-et;
876 2997 1023 3076 dum
1067 3001 1254 3076 certe,
1288 2996 1622 3076 perspicua.
1661 2996 1927 3076 nullique
1974 2995 2168 3076 fraudi

516 3066 780 3123 obnoxia
809 3084 875 3121 ex
906 3067 1122 3121 divinis
1138 3068 1799 3137 Scripturistestimcnia
1830 3066 2167 3122 inmedium

518 3136 863 3197 afferentur,
908 3138 965 3192 id
1011 3140 1172 3208 quod
1224 3136 1653 3207 a'negantibus
1683 3137 1988 3193 traducem
2032 3139 2168 3193 hac—

517 3214 688 3263 tenus
736 3210 1212 3280 haudquaquam
1247 3210 1574 3279 praestitum
1614 3209 1705 3263 sit.
1749 3209 2055 3270 Craterum.
2089 3210 2166 3263 ad

517 3280 1015 3351 consultationem
1035 3280 1450 3335 suamnullum
1480 3281 1678 3335 adhuc
1706 3281 1783 3335 ab
1807 3281 2167 3351 Hieronymo

517 3366 876 3416 responsum
928 3350 1127 3406 tulisse
1185 3367 1268 3414 se,
1326 3367 1519 3421 neque
1560 3368 1621 3406 se
1658 3351 1878 3406 librum
1931 3350 2167 3405 consul.

519 3423 753 3476 tationis
784 3438 907 3476 sum
959 3423 1083 3476 sine
1114 3423 1228 3477 hoc
1276 3422 1550 3492 evulgare
1616 3422 1836 3477 audere
1870 3439 1882 3475 :
1917 3422 2001 3475 Ne
2049 3423 2163 3487 ille,

517 3492 726 3562 inquit,
785 3494 885 3563 qui
940 3493 1082 3547 mihi
1119 3494 1363 3561 fortasse,
1405 3501 1464 3548 ut
1511 3492 1772 3556 desidero,
1814 3510 2167 3561 responsurus

519 3571 611 3623 est,
647 3564 1122 3632 interrogationem
1175 3581 1344 3618 meam
1396 3564 1758 3633 disputatione
1795 3567 2168 3631 operosissima

519 3634 869 3695 elaboratam,
902 3636 1015 3691 sine
1043 3651 1138 3689 sua
1180 3636 1519 3705 responsione
1544 3651 1663 3705 quas
1691 3636 1859 3689 adhuc
1883 3636 2167 3705 desperan~

516 3705 586 3758 da
619 3723 722 3760 non
750 3714 851 3769 est,
876 3723 973 3775 per
1005 3723 1192 3762 manus
1224 3707 1497 3762 hominum
1525 3707 1877 3777 notitiamque
1920 3708 2166 3776 diﬂundi

510 3778 641 3846 jure
669 3786 962 3832 succenseat
993 3801 1011 3845 ,-
1046 3778 1202 3847 idque
1232 3779 1539 3846 jactantius
1566 3794 1723 3847 quam
1754 3779 1952 3833 utilius
1980 3779 2166 3847 fecisse

518 3865 597 3902 me
624 3848 1041 3974 judicenozuasi
1068 3866 1160 3920 ego
1188 3851 1456 3931 potuerim
1494 3850 1892 3931 quarereguod
1930 3850 2024 3904 ille
2062 3868 2167 3904 non

518 3928 755 3974 potuerit
785 3938 849 3974 en
918 3938 1033 3974 are.
1064 3936 1181 3974 cum
1219 3924 1457 3974 lorsttan
1493 3927 1675 3974 possit.
1730 3921 1885 3974 idaue
1915 3920 2041 3974 dum
2084 3922 2167 3974 [ας

516 3922 755 3989 potuerit
785 3920 1033 3981 enodare,
1064 3936 1181 3975 cum
1217 3922 1457 3986 forsitan
1492 3922 1675 3989 possit,
1730 3921 1885 3991 idque
1915 3920 2041 3975 dum
2080 3922 2168 3989 [αν

517 3992 626 4045 ciat
650 3992 1053 4059 exspectandum
1090 3992 1182 4045 sit.
1212 3993 1297 4046 Ad
1327 3992 1551 4047 calcem
1579 3994 1840 4061 epistolas
1864 3995 2165 4061 Optatum,

518 4069 813 4133 quantum
861 4066 1055 4132 potest
1107 4062 1411 4125 admonet,
1464 4070 1524 4117 ut
1579 4078 1765 4133 quam
1803 4065 2165 4130 cautissime,

518 4131 1122 4205 pelagianam'hasresim
1154 4133 1366 4205 devitet,
1394 4150 1507 4188 cum
1538 4131 1933 4188 ile—animarum
1957 4136 2167 4205 origine

520 4203 629 4257 sive
654 4204 871 4271 cogitat,
914 4205 1025 4257 sive
1058 4205 1175 4273 jam
1219 4204 1459 4273 disputat
1484 4222 1500 4267 ;
1532 4222 1593 4257 ne
1622 4206 1735 4274 ipsi
1758 4206 2031 4275 surripiat
2051 4203 2169 4260 esse

521 4275 861 4335 credendum.
894 4276 1061 4330 ullam
1092 4292 1319 4345 prorsus
1342 4278 1603 4337 animam.
1630 4277 1745 4330 nisi
1769 4279 1935 4331 unius
1961 4278 2168 4331 media-

520 4347 673 4418 toris.
715 4363 819 4399 non
844 4363 910 4400 ess
937 4346 1113 4401 Adam
1158 4348 1372 4401 trahere
1418 4347 1693 4417 originale
1723 4355 1991 4415 peccatum
2020 4366 2171 4418 gene-

525 4417 737 4471 ratione
758 4418 1081 4478 deuinctum.
1118 4419 1517 4488 regeneratione
1554 4419 1883 4473 solvendum.

594 4489 677 4542 Vl.
699 4490 992 4544 Hactenus
1010 4490 1295 4544 recensita
1311 4491 1516 4545 omnia
1547 4493 1606 4544 ι).
1632 4490 1938 4551 Augustini
1962 4490 2035 4545 de
2058 4491 2169 4544 ori-

523 4560 658 4625 gine
700 4561 910 4615 animas
940 4562 1154 4631 scripta
1183 4562 1339 4631 typis
1376 4562 1577 4629 jamin
1610 4562 1917 4631 publicum
1940 4562 2170 4630 prodie-

524 4637 681 4703 runt,
734 4631 781 4685 si
822 4632 971 4686 duas
1009 4632 1190 4687 modo
1222 4632 1503 4702 epistolas
1526 4634 1805 4703 excipias,
1834 4650 1988 4702 quas
2024 4634 2174 4688 ultra

518 4701 775 4770 primam
804 4704 960 4772 typis
985 4703 1109 4771 jam
1144 4701 1886 4767 vulgatam.Augustinum
1905 4705 1977 4757 ad
1995 4706 2167 4771 Opta-

522 4774 1011 4846 tumepiscopum
1047 4774 1349 4843 scripsisse
1376 4775 1628 4829 dicimus
1659 4792 1729 4830 ex
1759 4778 1813 4831 S.
1846 4776 2166 4846 Fulgentio,

521 4846 623 4917 qui
656 4844 757 4898 lil).
800 4845 832 4898 3
862 4845 923 4899 de
960 4846 1196 4917 Veritate
1223 4846 1597 4901 Prmdestinat.
1630 4850 1679 4900 et
1704 4848 1882 4907 Grat.,
1917 4844 2052 4917 cap.
2081 4848 2165 4915 18,

522 4916 600 4970 ita
633 4917 712 4970 ait
742 4933 754 4970 :
784 4917 849 4970 In
888 4916 1065 4971 tribus
1104 4933 1308 4987 quoque
1347 4918 1605 4987 epistolis,
1639 4934 1769 4986 quas
1815 4917 1884 4971 ad
1916 4916 2167 4986 Optatum

518 4989 816 5057 episcopum
875 4988 936 5043 de
968 4988 1064 5045 hac
1103 4991 1388 5057 qumstione
1426 4988 1722 5055 composuit
1762 4989 2169 5059 (Augustinus)

518 5060 881 5130 disputatione
920 5059 1148 5127 refulget
1176 5076 1281 5114 non
1310 5062 1489 5115 minus
1516 5060 1722 5128 capiosa
1756 5075 1913 5127 quam
1941 5061 2169 5130 profun-

519 5131 608 5191 da,
637 5140 684 5185 et
722 5149 779 5187 eo
822 5132 990 5201 magis
1029 5131 1319 5193 laudabili,
1350 5132 1477 5201 quia
1507 5147 1745 5200 congrua
1784 5132 2034 5200 temperie
2065 5148 2167 5185 mo-

516 5201 725 5256 derata.
770 5206 915 5259 Cum
976 5204 1155 5265 igitur
1206 5207 1409 5257 testate
1478 5202 1747 5271 proxime
1804 5201 2006 5271 elapsa
2061 5219 2168 5270 pro

520 5272 826 5333 Religiosis
862 5276 1072 5328 nostris
1096 5272 1427 5344 junioribus
1453 5274 1509 5327 in
1551 5288 1612 5327 re
1641 5273 2172 5329 litterariaacanti-

518 5358 775 5410 quarum
820 5343 1709 5409 membranarumintelligentia
1743 5344 1951 5397 melius
1983 5361 2051 5400 ac
2075 5362 2168 5399 so-

520 5413 696 5467 lidius
738 5414 1154 5478 informandis,
1182 5423 1428 5470 avocato
1456 5416 1512 5470 in
1545 5416 1907 5480 adiutorium
1938 5417 2011 5469 ad
2048 5434 2168 5471 mo-

520 5485 843 5539 nasterium
904 5494 1171 5542 ucstrum
1214 5490 1274 5541 R.
1333 5488 1391 5541 P.
1447 5487 1745 5541 Bernardo
1817 5487 1998 5549 Pezio,
2044 5491 2169 5543 viro

520 5556 790 5625 pluribus
817 5558 941 5625 jam
974 5558 1152 5612 titulis
1185 5558 1259 5612 de
1290 5575 1349 5613 re
1380 5558 1660 5614 litteraria
1681 5557 1903 5628 optime
1939 5560 2165 5623 merito,

522 5643 592 5681 ac
614 5632 697 5682 tot
717 5628 844 5697 jam
872 5629 1063 5684 doctis
1093 5631 1382 5699 Operibus
1408 5630 1589 5692 claro,
1619 5645 1828 5684 omnes
1850 5629 2169 5685 bibliothe-

487 5715 603 5771 ca:
635 5706 853 5755 nostrae
887 5701 1117 5755 codices
1145 5702 1534 5757 attentissime
1562 5706 1991 5767 exculeremus,
2016 5717 2168 5774 prae-

2262 291 2347 341 ter
2377 285 2492 341 alia
2521 283 2854 356 complura,
2907 300 3043 359 quas
3102 285 3221 343 Deo
3269 285 3529 359 propitio
3588 287 3774 343 vitam
3801 286 3928 343 laro

2259 364 2454 431 gente,
2487 374 2625 431 cum
2655 359 2799 431 orbe
2830 358 3061 413 erudito
3111 376 3220 415 suo
3272 358 3539 431 tempore
3579 360 3920 416 communiv

2264 429 2553 502 cabimus,
2588 429 2828 502 feliciter
2882 445 3124 502 quoque
3184 429 3472 501 tanquam
3514 432 3833 487 thesaurus
3858 433 3924 489 in

2265 516 2410 569 agro
2442 500 2827 554 absconditus
2857 500 3160 555 etene’bris
3190 500 3358 557 eruta
3380 502 3485 556 fuit
3515 502 3923 558 secundahaac

2266 571 2342 652 ad
2374 573 2653 652 eumdem
2682 574 2963 652 Optatum
3000 573 3280 652 Epistola,
3334 590 3473 652 quae
3516 589 3726 652 omnes
3758 575 3921 652 viros

2264 643 2471 715 doctos
2497 649 2551 697 et
2588 643 2852 697 eruditos
2882 644 3000 699 huc
3029 660 3216 715 usque
3268 643 3455 711 latuit,
3479 650 3538 698 et
3559 645 3828 699 fortassis
3859 648 3924 701 in

2266 714 2393 770 solo
2434 715 2567 786 (nisi
2598 715 2978 777 vehementer
3003 714 3288 786 fallimur)
3303 717 3508 777 codice
3542 716 3923 777 bibliothecas

2267 791 2482 839 nostrae
2544 784 2951 840 Gottwicensis
3006 792 3215 842 exstat.
3272 784 3561 841 Exaratus
3618 787 3666 841 is
3722 795 3811 842 est
3859 789 3923 843 in

2267 858 2844 930 membranissaaculi
2868 858 3186 914 minimum
3211 858 3553 913 duodecimi
3576 858 3805 913 in-folio
3834 861 3925 930 (ut

2266 928 2479 1001 aiunt),
2522 935 2578 982 et
2616 929 2881 1001 signatus
2914 946 3073 984 nunc
3114 934 3249 1001 post
3289 932 3677 984 instauratam
3705 928 3924 985 biblio—

2266 1000 2501 1072 thecam
2534 1006 2799 1053 nostram
2836 1000 2936 1054 litt.
2972 1001 3034 1053 G.
3071 1000 3133 1055 N.
3177 1004 3262 1057 10.
3300 1004 3375 1055 Ex
3403 1016 3523 1072 quo
3559 1001 3775 1055 illustre
3807 1001 3923 1057 hoc

2265 1071 2563 1149 cimelium
2584 1072 3181 1149 exprompsimus,_et
3222 1074 3310 1149 (ut
3356 1071 3601 1149 quidem
3646 1089 3781 1143 spes
3809 1076 3923 1149 est)

2264 1143 2442 1196 totius
2470 1142 2743 1196 Ecclesiae
2776 1142 3210 1213 ac’reipublicas
3236 1142 3547 1198 litterariae
3596 1142 3922 1200 commodo

2267 1214 2672 1281 evulgandum
2688 1214 2991 1269 duximus.

2338 1311 2447 1363 Vll.
2482 1314 2541 1363 In
2574 1310 2784 1364 eodem
2832 1325 3009 1380 porro
3051 1310 3252 1365 codice
3306 1314 3444 1381 post
3479 1310 3809 1365 secundam
3838 1311 3922 1366 ad

2268 1383 2547 1453 Optatum
2574 1381 2925 1453 Epistolam,
2959 1388 3228 1453 superest
3250 1383 3425 1437 nobis
3441 1382 3558 1437 alia
3597 1397 3767 1453 mque
3795 1383 3922 1438 ine-

2267 1454 2391 1506 dita
2422 1452 2687 1520 ejusdem
2718 1452 3049 1522 Augustini
3082 1454 3160 1507 ad
3211 1454 3444 1507 Petrum
3499 1459 3556 1508 et
3589 1452 3918 1518 Abraham,

2266 1539 2421 1593 quos
2458 1523 2852 1594 Hipponensis
2880 1524 3096 1579 Praesul
3117 1524 3397 1579 dominos
3424 1526 3837 1579 dilectissimos
3859 1533 3923 1580 et

2268 1600 2506 1652 sanctos
2535 1594 2685 1667 filios
2712 1601 2902 1657 vocat,
2932 1610 3087 1667 quos
3120 1602 3175 1649 et
3229 1596 3456 1650 audivit
3486 1597 3567 1650 sic
3592 1597 3922 1651 instituisse

2268 1666 2733 1736 vitam,quaDeo
2747 1666 3097 1733 serviebant,
3111 1667 3256 1721 utad
3273 1667 3585 1737 legendum
3598 1684 3705 1722 sua
3718 1667 3931 1723 adver-

2269 1754 2368 1809 sus
2400 1738 2747 1807 Pelagianos
2801 1738 3195 1809 Ethnicosque
3247 1738 3465 1809 scripta
3497 1744 3793 1793 vacarent.
3841 1742 3930 1794 Ex

2268 1808 2489 1879 quibus
2512 1808 2917 1875 intelligimus,
2957 1808 3115 1865 hunc
3148 1808 3383 1863 Petrum
3408 1816 3463 1864 et
3493 1810 3795 1865 Abraham
3828 1810 3925 1865 vel

2273 1882 2641 1935 monasticen
2674 1880 2948 1947 coluisse,
2982 1881 3072 1935 vel
3091 1887 3245 1935 certe
3264 1880 3469 1937 relicto
3484 1882 3751 1936 saeculari
3783 1887 3933 1936 stre-

2270 1952 2416 2022 pitu,
2449 1952 2744 2021 privatam
2778 1952 3325 2023 sacralioribusque
3354 1952 3587 2023 pietatis
3610 1954 3818 2007 studiis
3840 1954 3935 2007 di-

2270 2031 2466 2077 catam
2503 2024 2683 2077 vitam
2717 2024 2836 2077 ruri
2865 2026 2954 2090 (ut
2980 2024 3123 2077 illud
3150 2040 3346 2079 ervum
3384 2025 3629 2094 ferebat)
3655 2024 3922 2093 degisse.

2273 2095 2534 2177 H.i_s,cum
2550 2094 2904 2177 plusculaex
2922 2096 3249 2177 Augustino
3276 2096 3932 2177 quaesiisse_nt,rescrip-

2272 2166 2349 2239 sit
2372 2166 2788 2239 sanctissimus
2814 2166 3322 2239 Doctor,pluribus
3339 2167 3650 2239 opusculis
3673 2166 3933 2239 suis,aUt

2273 2237 2605 2309 adomnis,
2633 2240 2736 2291 aut
2761 2253 2925 2309 pene,
2952 2237 3027 2309 ad
3066 2237 3272 2292 omnia
3298 2254 3359 2291 se
3378 2237 3505 2307 jam
3520 2238 3928 2309 respondisse.

2274 2308 2556 2377 Princeps
2573 2324 2705 2362 vero
2718 2308 2971 2379 quaestio
2986 2307 3134 2363 Petri
3149 2316 3204 2363 et
3216 2308 3531 2364 Abrahami
3549 2307 3738 2365 fuerat
3755 2314 3839 2379 (ut
3854 2326 3933 2364 ex

2274 2395 2568 2452 responso
2595 2380 3213 2452 Augustiniapparet)
3242 2387 3435 2435 utrum
3471 2380 3935 2452 parvuli,quini-

2274 2395 2568 2449 responso
2601 2395 2911 2447 augustim
2940 2395 3213 2504 apparet)
3242 2395 3435 2435 utrum
3471 2395 3928 2452 parvuu,quini-

2272 2450 2350 2505 hil
2383 2449 2956 2505 malevivendoaddi
3007 2452 3928 2522 eruntadoriginalepeccatum,

2276 2522 2323 2576 si
2358 2528 2494 2576 ante
2520 2530 2861 2592 susceptum
2882 2523 3253 2592 Baptismum
3284 2524 3638 2588 decedant,a
3655 2527 3768 2578 Deo
3786 2539 3931 2578 con-

2275 2593 2661 2667 demnentur;
2710 2595 2769 2647 id
2824 2593 2988 2667 quod
3018 2666 3023 2667 γ
3050 2597 3103 2649 S.
3147 2597 3513 2661 Augustinus
3544 2602 3662 2649 tam
3695 2594 3753 2648 in
3789 2594 3926 2649 haec

2276 2664 2553 2738 Epistola.
2587 2680 2769 2738 quam
2830 2664 2969 2720 alibi
3014 2666 3425 2738 incunctanter
3461 2671 3931 2738 constanterque

2274 2735 2654 2808 affirmatsSi
2683 2738 2825 2789 enim
2852 2736 3090 2805 parvuli,
3128 2740 3225 2800 ait,
3253 2754 3371 2791 cum
3416 2738 3787 2808 baptisantur,
3817 2735 3931 2791 non

2274 2807 2514 2860 inaniter
2542 2806 2864 2872 dicitur,sed
2895 2810 3157 2861 veraciter
3182 2810 3455 2877 agitur,ut
3482 2806 3632 2863 inter
3654 2809 3933 2863 credentes

2274 2878 2736 2935 habeantur.unde
2768 2880 2929 2933 etiam
2970 2896 3101 2933 nova
3128 2881 3306 2949 proles
3330 2897 3420 2934 ore
3474 2879 3931 2934 Christianorum

2272 2951 2509 3005 omnium
2546 2958 2934 3018 nuncupantur
2971 2964 2990 3011 ,'
3019 2954 3253 3021 profecto
3303 2968 3349 3007 ει
3389 2968 3495 3004 non
3552 2951 3919 3013 crediderint,

2272 3020 2766 3093 condnnnabuntur
2784 3038 2807 3085 ;
2830 3038 2891 3093 ac
2919 3037 3018 3091 per
3048 3021 3163 3085 hoc,
3191 3023 3321 3093 quia
3348 3023 3495 3076 nihil
3520 3024 3653 3091 ipsis
3676 3022 3812 3076 male
3843 3022 3930 3075 vi-

2272 3093 2437 3146 vendo
2465 3092 2799 3147 addiderunt
2824 3092 2895 3145 ad
2928 3092 3510 3163 originale’peccatum.
3553 3100 3717 3163 potest
3742 3110 3933 3147 eorum

2272 3166 2465 3217 merito
2496 3164 2607 3216 dici
2640 3164 2705 3235 in
2745 3164 2852 3218 illa
2881 3164 3224 3217 damnatione
3254 3168 3483 3219 minima
3505 3182 3679 3235 pana,
3721 3182 3827 3217 non
3846 3172 3934 3218 ta-

2270 3252 2388 3288 men
2417 3236 2597 3289 nulla.
2634 3234 3037 3289 Docetdeinde
3063 3235 3148 3289 vir
3174 3252 3466 3301 summus,
3499 3234 3789 3307 quidquid
3820 3235 3935 3290 ho-

2272 3308 2502 3360 minum
2531 3307 3198 3377 perconcupiscentiam
3232 3308 3578 3369 seminatur,
3610 3323 3762 3378 opus
3791 3323 3932 3361 esse

2274 3385 2722 3450 utrenascatur.
2766 3378 3163 3450 Quia,lnquit,
3204 3380 3305 3432 etsi
3342 3379 3403 3433 de
3442 3380 3647 3434 renatis
3676 3379 3930 3448 parenti-

2274 3449 2367 3502 bus
2409 3452 2674 3507 nascitur,
2708 3466 2811 3501 non
2835 3456 3003 3519 potest
3036 3449 3178 3503 huic
3198 3457 3456 3519 praetore
3484 3452 3758 3520 generatio
3793 3466 3934 3503 car-

2271 3520 2436 3581 nalis,
2470 3520 2607 3589 quod
2628 3520 2749 3574 illis
2793 3537 2897 3573 non
2922 3522 3185 3590 prmtitit
3213 3522 3327 3574 nisi
3376 3522 3712 3591 regeneratio
3747 3522 3935 3590 spiri-

2272 3591 2437 3646 tualis
2465 3608 2479 3643 :
2505 3591 2643 3644 sicut
2664 3608 2766 3643 non
2788 3591 2955 3645 solum
3001 3592 3061 3644 de
3086 3593 3333 3655 oleastri,
3373 3595 3459 3645 sed
3496 3594 3659 3647 etiam
3680 3592 3740 3645 de
3768 3592 3934 3645 clirm

2269 3663 2464 3715 semine
2490 3678 2595 3715 non
2619 3664 2885 3727 nascitur,
2941 3664 3054 3716 nisi
3089 3664 3335 3729 oleaster,
3382 3665 3620 3734 quamvis
3657 3664 3770 3717 olea
3817 3680 3932 3717 non

2270 3736 2339 3787 sit
2360 3734 2601 3787 oleaster.

2346 3822 2649 3892 Postremo
2683 3821 2874 3886 tradit,
2892 3838 3013 3892 quo
3029 3822 3209 3877 modo
3225 3821 3516 3876 etratioue
3533 3838 3667 3875 cum
3684 3821 3935 3881 Gentili-

2268 3891 2851 3964 bus,quidivinarum
2872 3891 3306 3965 scripturarum
3322 3895 3718 3955 auctoritatem
3736 3893 3934 3965 haud-

2272 3963 2582 4036 quaquam
2604 3969 2956 4031 agnoscunt,
2988 3963 3286 4033 agendum
3313 3964 3560 4029 sit,utad
3581 3965 3756 4018 tidem
3774 3963 3932 4023 chri-

2277 4038 2532 4095 stianam
2559 4041 2710 4090 recte
2734 4036 3088 4107 feliciterque
3120 4036 3621 4091 traducanturrac
3664 4036 3933 4107 denique

2275 4106 2498 4177 largius
2530 4108 2761 4161 disserit
2787 4108 2859 4162 de
2892 4106 3409 4177 famigeratissimo
3438 4122 3545 4161 suo
3576 4108 3649 4160 de
3680 4106 3935 4161 Civitate

2279 4178 2373 4233 Dei
2415 4194 2614 4251 opere,
2644 4178 2845 4251 cujus
2899 4179 3398 4251 quartusdecimus
3447 4178 3601 4245 liber,
3632 4178 3936 4251 inquit,_si

2276 4249 2536 4304 Dominus
2566 4250 2819 4305 voluerit.
2852 4250 3107 4304 enodatas
3146 4250 3353 4303 habebit
3381 4266 3575 4313 omnes,
3622 4266 3751 4319 quas
3790 4249 3936 4303 mihi

2274 4322 2625 4395 proposuistis
2651 4322 2708 4374 in
2750 4328 2922 4375 vestra
2946 4320 3170 4393 epistola
3190 4324 3527 4393 quastiones.

2350 4422 2429 4474 E1
2450 4418 2671 4489 quibus
2692 4434 2810 4474 una
2837 4419 3235 4475 constathanc
3254 4416 3565 4486 Augustini
3595 4416 3936 4488 Epistolam

2276 4499 2409 4545 ante
2442 4506 2667 4545 annum
2695 4493 2797 4545 4'20
2836 4497 3144 4545 exaratam
3177 4490 3377 4552 fuisse,
3410 4505 3548 4547 cum
3580 4489 3794 4545 librum
3820 4489 3930 4543 de-

2277 4563 2497 4620 cimum
2530 4566 2813 4631 quartum
2844 4562 2918 4616 de
2977 4562 3213 4617 Civitate
3250 4562 3341 4616 Dei
3374 4562 3584 4615 eodem
3620 4560 3730 4615 hoc
3762 4576 3936 4615 anno

2275 4632 2541 4689 ediderit.
2576 4633 2684 4687 Sed
2713 4637 2786 4686 de
2818 4632 2905 4689 his
2936 4631 3109 4702 plura
3131 4634 3262 4687 vide
3288 4634 3345 4687 in
3364 4632 3707 4689 Pratfatioue
3738 4632 3815 4686 ad
3844 4638 3935 4687 to-

2278 4721 2443 4759 mum
2477 4719 2548 4757 vn
2582 4704 2855 4759 editionis
2884 4705 3275 4759 Denedictinre
3308 4706 3562 4773 Operum
3594 4705 3779 4758 sancti
3812 4704 3935 4758 Au-

2277 4775 2516 4843 gustini.
2546 4776 2723 4830 Nobis
2750 4776 2806 4830 in
2834 4776 2989 4830 hanc
3010 4776 3367 4833 iueditarum
3388 4775 3675 4831 hactenus
3693 4779 3934 4842 Augus-

2276 4848 2381 4919 tini
2434 4846 2822 4919 Epistolarum
2876 4848 3074 4917 bigam
3119 4848 3271 4919 satis
3297 4847 3616 4919 dissertum
3670 4845 3931 4910 videtur,

2276 4918 2658 4989 tollendaque
2697 4918 2940 4974 demum
2976 4935 3194 4975 manus
3242 4918 3315 4973 de
3369 4918 3597 4982 tabula,
3623 4933 3714 4975 ne.
3760 4919 3937 4989 quod

2276 4991 3195 5060 aiunt,prologuslcngiorquam
3228 4995 3647 5059 argumentum
3687 4988 3931 5045 evadat.

2276 5061 2337 5115 Id
2374 5062 2598 5115 nullum
2616 5062 2812 5117 adhuc
2828 5061 3323 5127 monemus,hanc
3340 5061 3723 5129 posteriorem
3742 5060 3798 5112 S.
3817 5061 3938 5115 Au-

2277 5135 2490 5197 gustini
2528 5132 2841 5199 Epistolam
2881 5133 2936 5185 in
2954 5137 3158 5186 nostro
3198 5134 3573 5187 Gottwicensi
3601 5131 3809 5187 codice
3840 5133 3941 5185 in-

2276 5204 2443 5258 scribi
2476 5202 2538 5256 de
2576 5203 2799 5257 Natura
2827 5210 2880 5259 et
2910 5202 3135 5271 Origine
3165 5203 3554 5265 Animas,cum
3590 5202 3805 5257 rectius
3839 5202 3940 5258 in-

2278 5274 2592 5329 scribenda
2633 5274 2855 5332 fuisset.
2905 5273 2966 5326 de
3018 5274 3197 5328 Poenis
3254 5275 3617 5330 Pal-culorum
3664 5275 3761 5343 qui
3814 5274 3939 5329 sine

2280 5345 2553 5415 Baptismo
2583 5344 2857 5404 decedunt.
2888 5345 3049 5414 quod
3089 5354 3144 5400 et
3173 5361 3282 5399 nos
3322 5362 3377 5401 in
3421 5347 3600 5416 hujus
3653 5346 3939 5400 editionis

2276 5418 2464 5471 fronte
2480 5417 2842 5471 retinendum
2859 5418 3440 5487 putavimus,tametsi
3458 5416 3938 5487 haudquaquam

2278 5504 2387 5541 nos
2421 5489 2845 5557 lateat,quanta
2864 5489 3073 5543 horum
3104 5490 3361 5543 duorum
3382 5490 3769 5543 articulorum
3793 5490 3934 5543 vici-

2274 5561 2429 5615 nitas
2460 5560 2515 5612 in
2550 5561 3237 5628 priesenticontroversia
3252 5561 3552 5627 Augustini
3574 5558 3800 5614 sit.Sed
3820 5560 3935 5616 hoc

2275 5632 2418 5703 tanti
2435 5646 2551 5684 non
2574 5636 2681 5703 est,
2715 5636 2775 5687 ut
2796 5632 3091 5687 eruditum
3107 5632 3747 5700 etAugustinianarum
3764 5633 3937 5703 Epis~

2276 5700 2524 5757 tolarum
2555 5702 2837 5773 cupidum
2870 5704 3169 5759 Lectorem
3191 5704 3425 5772 longius
3458 5700 3858 5758 detineamus.
