4164 6182
268 119 349 179 53
1785 123 1947 183 PFUE
1954 124 2158 184 FATIO
2172 169 2189 186 .

272 257 3687 292 Μ

679 330 1606 445 PREFATIO
1687 334 1841 445 D.
1921 332 2530 449 JACOBI
2604 336 3301 457 MARTIN

1575 503 1641 558 IN
1685 503 1959 559 EASDEM
2001 504 2397 558 EPISTOLAS.

344 598 652 670 Quantum
684 597 743 652 in
767 598 1058 664 Ecclesiae,
1093 599 1294 670 reique
1331 598 1628 654 litterariae
1655 614 1926 654 commo-

266 668 419 741 dum
438 669 659 725 cedant
681 671 911 725 dierum
928 686 997 724 ac
1013 668 1277 727 noctium
1298 670 1558 739 evigilati
1573 672 1923 741 emensique

264 740 511 795 labores
530 743 590 795 in
620 742 1000 795 evolutandis
1022 743 1317 797 veteribus
1343 743 1725 797 archivorum
1757 740 1924 796 char-

268 813 365 877 tis,
396 814 739 883 intimisque
758 812 1086 869 forulorum
1113 814 1447 869 recessibus
1477 813 1835 884 indagandis
1852 829 1923 868 ae

266 884 725 953 perlustraudis,
746 886 1161 939 demonstrant
1180 884 1335 939 bime
1363 887 1486 940 istm
1514 886 1633 939 Divi
1654 886 1923 951 Augusti-

269 955 328 1009 ni
349 954 606 1024 jamjam
621 964 862 1025 reperta
890 956 1159 1027 Epistolas
1185 958 1433 1011 :horum
1461 956 1923 1012 enimduntaxat

262 1042 384 1099 ope
408 1029 749 1099 thesaurus,
795 1043 975 1099 quem
1006 1028 1182 1082 hodie
1221 1030 1279 1082 in
1306 1028 1492 1082 Gallia
1530 1027 1917 1097 publicijuris

269 1097 548 1169 facimus,
580 1098 755 1153 nobis
779 1097 1053 1153 defossus
1082 1105 1185 1154 est.
1213 1100 1581 1169 Quiquidem
1596 1115 1666 1153 eo
1698 1108 1787 1153 est
1812 1100 1919 1153 ha-

265 1168 510 1241 bendus
524 1170 859 1239 pretiosior,
884 1170 1047 1241 quod
1062 1172 1140 1224 ab
1160 1186 1230 1224 eo
1250 1168 1513 1239 tempore
1530 1186 1653 1241 quo
1666 1170 1921 1225 celeber-

264 1239 537 1294 rimailla
553 1239 1202 1311 BenedictinaOperum
1220 1239 1789 1310 Augustinianorum
1803 1242 1920 1295 edi-

264 1311 348 1365 tio
378 1312 624 1367 Parisiis
640 1315 878 1383 prodiit,
909 1314 1075 1368 nulla
1102 1328 1213 1367 nos
1235 1314 1617 1383 spestenebat
1638 1312 1915 1379 Africani,

260 1383 387 1437 imo
402 1382 720 1437 Christiani
747 1385 924 1449 orbis,
949 1386 1209 1439 Doctoris
1232 1382 1454 1454 seripta
1480 1384 1594 1441 alia
1626 1384 1919 1454 reperien-

260 1454 550 1527 di,quam
566 1471 634 1527 ea
656 1470 790 1527 quas
818 1460 956 1511 tunc
971 1458 1253 1527 temporis
1277 1456 1428 1526 typis
1444 1456 1729 1511 mandata
1749 1464 1913 1515 sunt:

258 1526 571 1580 enimvero
601 1526 1200 1582 doctissimiEditores
1236 1528 1638 1598 impigerrime
1658 1527 1919 1581 desuda-

258 1605 422 1661 runt,
448 1612 589 1653 cum
612 1603 677 1651 ut
696 1598 1159 1663 Gallicanorum,
1196 1601 1632 1661 Vaticanorum,
1656 1600 1914 1665 Belgico.

252 1684 416 1731 rum,
448 1669 937 1742 Anglicanorum,
968 1671 1346 1742 aliorumque
1389 1672 1789 1740 undequaque
1820 1686 1915 1725 ac-

250 1743 631 1813 cersitorum,
659 1748 763 1795 aut
782 1740 993 1796 saltem
1034 1740 1291 1813 propriis
1316 1743 1373 1796 in
1403 1743 1545 1796 locis
1574 1742 1911 1812 pervolutov

248 1827 392 1884 rum
416 1811 693 1865 codicum
720 1811 1263 1884 manuscriptorum
1296 1814 1488 1883 copia,
1514 1811 1912 1881 Augustinum

250 1883 331 1936 ad
360 1884 677 1952 pristinum
693 1884 942 1938 nitorem
977 1883 1361 1947 restituerent,
1389 1892 1513 1939 tum
1547 1890 1608 1938 ut
1638 1884 1910 1954 ejusdem

251 1955 459 2027 eximii
489 1956 753 2009 Praesulis
776 1955 1500 2019 lucubrationesineditas,
1526 1958 1573 2011 si
1597 1972 1731 2027 quae
1756 1956 1911 2011 inve-

252 2026 368 2079 niri
395 2032 663 2095 possent,
688 2028 746 2080 in
770 2027 960 2081 lucem
980 2029 1310 2087 emitterent
1338 2044 1349 2082 :
1377 2026 1634 2099 cumque.
1657 2028 1816 2083 eain
1850 2043 1909 2081 re

253 2102 487 2151 tantam
512 2102 831 2152 navassent
866 2116 1132 2169 operam,
1164 2107 1388 2170 quanta
1426 2100 1615 2170 major
1655 2099 1745 2153 vix
1778 2115 1907 2155 esse

251 2176 482 2239 posset,
513 2169 656 2223 nihil
687 2170 856 2224 nobis
882 2172 954 2225 ad
986 2188 1157 2241 spem
1188 2169 1634 2233 Ostendebatur,
1667 2186 1785 2239 quo
1819 2186 1907 2224 ea-

251 2255 389 2323 rum
404 2241 1101 2323 scriptionumjacturam
1117 2243 1464 2323 resarcirem
1476 2259 1542 2297 us
1554 2256 1706 2323 quas
1719 2257 1753 2296 a
1768 2242 1909 2295 Doc-

254 2316 380 2366 tore
396 2318 605 2366 nostro
618 2312 917 2368 elaborata
930 2331 954 2366 s
970 2314 1144 2368 fuisse
1160 2318 1498 2369 constanter
1512 2312 1758 2377 scimus,
1772 2329 1905 2383 qum

249 2388 620 2455 queitamen
668 2385 950 2455 temporis
992 2385 1235 2447 invidia,
1276 2391 1378 2441 aut
1410 2384 1905 2439 bibliothecarum

252 2454 670 2527 prmfectorum
686 2456 913 2527 incuria
929 2457 1005 2511 ad
1021 2473 1128 2512 nos
1153 2473 1261 2527 usq
1272 2473 1339 2510 ue
1354 2472 1473 2512 non
1490 2461 1901 2526 pervenerunt.

327 2526 441 2581 Sed
469 2542 624 2588 ecce,
648 2526 813 2597 quod
837 2527 992 2591 felix,
1023 2526 1786 2598 faustumfortunatumque
1809 2530 1903 2593 sit,

250 2598 329 2651 Re
342 2598 806 2652 verendissimus
828 2602 1110 2654 Dominus
1125 2599 1475 2654 Godefridus
1494 2598 1905 2659 Besselius,ab-

250 2667 363 2722 bas
384 2668 797 2724 Gottwicensis
821 2672 1182 2733 monasterii,
1202 2672 1345 2725 dum
1366 2672 1441 2724 im
1455 2670 1763 2725 mortalem
1792 2669 1903 2724 sibi

252 2739 506 2805 gloriam
540 2747 730 2810 parat,
764 2758 880 2795 non
905 2742 1098 2796 solum
1127 2744 1183 2796 in
1218 2742 1449 2796 mdibus
1475 2742 1751 2797 incendio
1780 2742 1905 2795 uni-

250 2825 428 2882 verso
451 2812 713 2882 depastis
738 2814 793 2867 in
812 2815 1107 2881 integrum
1130 2814 1483 2877 reficiendis,
1510 2814 1614 2867 sed
1638 2814 1902 2867 etiamin

244 2881 591 2955 junioribus
624 2884 937 2938 monachis
964 2900 1237 2955 permque
1264 2886 1341 2939 ad
1368 2886 1697 2947 scientiam,
1723 2889 1903 2953 atque

249 2953 329 3006 ad
370 2955 707 3018 regularem
740 2953 1117 3023 disciplinam
1149 2957 1334 3026 probe
1365 2956 1761 3015 instituendis,
1794 2970 1901 3025 op-

250 3029 507 3094 portune
541 3028 907 3082 Bernardum
937 3028 1041 3081 Pez
1066 3029 1121 3081 in
1155 3029 1465 3081 Germania
1500 3028 1902 3082 clarissimum

250 3098 626 3152 monachum
649 3098 722 3152 ad
758 3114 819 3153 se
846 3104 1039 3162 vocat,
1069 3100 1404 3154 utalumnis
1425 3102 1549 3153 suis
1576 3098 1898 3159 fastidium.

244 3168 490 3238 quodin
516 3170 784 3237 legendis
808 3177 1170 3225 vetustarum
1203 3170 1690 3225 membranarum
1720 3168 1901 3237 apici-

246 3237 365 3293 bus
400 3240 880 3311 frequentissime
906 3243 1179 3308 occurrit,
1207 3243 1447 3301 levaret.
1468 3242 1897 3311 minueretque.

247 3312 397 3382 Cum
427 3320 630 3367 autem
666 3314 996 3368 Bernardus
1028 3314 1200 3368 Pezis
1232 3314 1323 3377 sit,
1358 3316 1450 3367 cui
1492 3329 1680 3382 genus
1722 3327 1899 3366 omne

243 3381 580 3437 litterarum
600 3384 1085 3440 characterumve
1100 3387 1367 3456 pervium
1387 3386 1712 3454 est.quique
1727 3384 1902 3454 scrip-

244 3460 302 3508 ta
325 3455 560 3523 quaevis
581 3471 697 3509 non
718 3473 788 3510 ex
802 3455 1112 3526 opinione,
1135 3456 1237 3510 sed
1260 3473 1329 3511 ex
1355 3458 1590 3511 veritate
1606 3456 1899 3509 mstimare

246 3527 523 3594 apprime
548 3528 730 3591 novit,
761 3528 859 3581 ubi
884 3530 1143 3597 primum
1171 3528 1227 3582 in
1256 3528 1521 3582 codicem
1550 3526 1765 3580 decimi
1794 3532 1900 3581 ter—

248 3598 305 3671 tii
337 3597 569 3671 circiter
599 3598 824 3671 saeculi,
857 3601 956 3671 qni
980 3600 1148 3659 binas
1181 3602 1296 3655 ista
1329 3599 1612 3667 Epistolas
1631 3598 1901 3671 contine-

246 3669 350 3720 bat
377 3669 601 3732 incidit,
635 3668 945 3725 confestim
983 3672 1433 3737 margaritarum
1456 3668 1898 3726 reconditarum

248 3740 503 3808 pretium
529 3741 939 3803 deprehenbit,
972 3742 1434 3812 doctissimoque
1462 3742 1671 3799 Abbati
1696 3746 1901 3812 auctor

246 3816 353 3869 est,
382 3816 443 3863 ut
472 3828 575 3865 eas
598 3812 759 3866 brevi
791 3830 929 3868 cum
963 3814 1217 3868 Ecclesia
1246 3810 1649 3868 communicet
1690 3828 1702 3865 :
1732 3810 1895 3881 quod

247 3884 545 3938 maturius
571 3890 726 3939 certe
753 3890 1057 3941 actumest
1082 3904 1099 3955 ;
1126 3901 1265 3939 nam
1293 3902 1453 3940 anno
1480 3885 1752 3954 proximo
1782 3882 1897 3955 ela-

241 3969 356 4024 pso
379 3955 459 4021 (a)
488 3960 735 4025 utraque
768 3958 1022 4027 Epistola
1052 3956 1395 4026 prasfatione
1420 3956 1658 4015 diserta,
1691 3954 1893 4027 variis-

241 4040 364 4095 que
387 4032 601 4081 ornata
628 4026 961 4093 magnificis
984 4028 1291 4092 caelaturis,
1326 4027 1689 4082 Vindobonaa
1709 4026 1896 4095 (Vien-

243 4112 389 4151 nam
428 4104 660 4165 vocant)
694 4100 845 4167 typis
878 4102 1159 4155 mandata
1188 4105 1293 4153 est.

324 4169 534 4223 Verum
584 4170 849 4225 celeritas
887 4171 1090 4227 isthaec
1128 4169 1486 4225 nostratibus
1520 4184 1733 4238 parum
1766 4182 1895 4237 pro-

241 4236 351 4295 fuit
381 4253 397 4299 :
448 4240 541 4295 vix
571 4242 726 4296 enim
763 4258 947 4296 unum
982 4243 1307 4297 alterumve
1350 4236 1741 4311 Epistblarum
1772 4236 1895 4293 ’Au-

240 4311 726 4375 gustinianarum
760 4314 1067 4384 exemplar
1092 4331 1120 4368 e
1154 4314 1467 4367 Germania
1498 4312 1573 4366 ad
1602 4326 1709 4384 nos
1735 4325 1895 4363 evec-

240 4386 369 4455 tum
396 4388 891 4455 asportatumque
914 4382 1025 4440 est.
1046 4384 1207 4438 Unde
1225 4400 1435 4439 ansam
1460 4382 1893 4455 consiliumque

240 4450 517 4525 cepimus
540 4470 640 4509 eas
666 4450 875 4510 iterum
911 4456 1073 4525 prelo
1098 4456 1448 4521 subjiciendi
1480 4471 1491 4509 :
1528 4460 1581 4507 et
1610 4470 1680 4507 ne
1710 4450 1894 4505 Gallia

238 4522 334 4577 his
363 4539 429 4578 se
464 4528 747 4592 tantisper
785 4522 1054 4582 orbatam
1088 4528 1524 4597 spoliatamque
1558 4526 1732 4578 fuisse
1755 4538 1895 4593 que-

238 4600 429 4657 ratur,
467 4596 588 4651 imo
627 4600 821 4667 potius
848 4599 1011 4653 utsic
1038 4616 1236 4654 secum
1270 4596 1491 4669 optime
1533 4602 1729 4653 actum
1762 4610 1893 4669 esse

240 4668 560 4729 existimet.
599 4665 902 4737 provisum
936 4676 1021 4724 est
1069 4676 1127 4723 ut
1182 4665 1443 4724 Parisina
1476 4673 1672 4722 nostra
1716 4665 1893 4719 editio

243 4738 643 4811 eqmendatior,
667 4743 952 4805 ornatior,
984 4742 1359 4810 uberiorque,
1384 4738 1739 4811 prodeundo
1766 4754 1891 4791 sus-

246 4808 458 4864 tineret
483 4810 706 4867 famam
724 4813 1119 4867 Parisinarum
1150 4808 1399 4868 aliarum
1419 4812 1741 4866 editionum
1760 4824 1894 4878 quas

242 4879 511 4938 Patriam
574 4888 943 4947 consecrant,
998 4900 1264 4954 quasque
1312 4884 1574 4939 certatim
1623 4882 1893 4954 nationes

240 4956 462 5007 exterae
494 4960 595 5009 aut
614 4972 914 5011 accersere
937 4953 1041 5010 aut
1072 4955 1574 5019 imitarigestiunt.
1600 4953 1895 5007 ambiunt-

237 5039 383 5097 que.
430 5025 802 5097 Quapropter
827 5027 931 5081 diu
966 5028 1340 5097 multumque
1370 5028 1623 5081 excitata
1648 5030 1735 5097 est
1773 5023 1894 5097 ani-

239 5094 582 5174 madversio
612 5094 1425 5174 et_’diligentianostra,ipsas
1469 5095 1738 5174 Epistolas
1780 5094 1891 5174 fre-

237 5169 633 5237 quentissime
662 5170 827 5226 lectae
852 5176 1027 5241 atque
1054 5186 1350 5241 expensas,
1379 5169 1523 5239 quin
1552 5168 1730 5241 etiam
1758 5168 1894 5241 scri-

235 5245 419 5312 ptura
450 5241 871 5311 scriptumque
902 5238 1147 5312 vestigia
1183 5258 1251 5296 ac
1293 5238 1503 5296 ductus
1542 5238 1893 5312 frequentis-

238 5310 394 5365 sime
426 5327 461 5364 a
509 5309 681 5367 nebis
710 5309 1017 5385 expressa,
1056 5309 1265 5385 atque,
1305 5318 1367 5369 ut
1394 5313 1473 5367 ita
1520 5311 1741 5373 dicam,
1796 5309 1893 5365 de-

240 5387 413 5437 cocta
460 5389 516 5437 et
540 5390 775 5439 recocta
815 5391 953 5439 sunt
986 5401 998 5448 ;

315 5454 374 5527 i°_
400 5455 463 5509 Ut
494 5455 872 5527 exploratum
893 5462 1386 5527 compertumque
1410 5455 1790 5527 haberemus,
1823 5452 1895 5527 is;

238 5527 337 5599 tas
362 5523 809 5583 lucubrationes
833 5545 952 5584 non
984 5544 1015 5581 e
1037 5523 1243 5599 spuria
1264 5523 1441 5598 atque
1463 5526 1796 5582 adulterina
1812 5523 1897 5579 of-

239 5593 446 5661 ﬁcina,
477 5598 582 5654 sed
609 5615 680 5655 ex
706 5600 970 5671 genuino
993 5593 1303 5669 Augustini
1328 5593 1560 5657 musico
1588 5611 1890 5655 manasse.

304 5750 374 5811 (ο)
410 5749 556 5803 4732.

2038 600 2166 680 Qua
2197 599 2257 653 in
2288 616 2348 653 re
2369 615 2510 656 cura
2540 602 2737 680 omnis
2770 609 2979 680 ngstra
3011 606 3175 662 brevi
3208 610 3441 680 abjecta
3468 616 3575 676 est,
3612 614 3692 667 si-

2037 671 2279 752 mulque
2294 674 2952 752 summalmtitiaaﬁ'ecti
2967 695 3175 752 sumus
3194 671 3445 752 ;qtiippe
3472 671 3691 738 utram-

2032 757 2149 811 que
2178 744 2502 812 Epistolam
2530 760 2647 799 non
2676 747 2871 802 solum
2904 750 2960 802 in
2991 744 3520 809 Possidiilndiculo
3541 770 3687 810 con-

2032 813 2354 894 signatam,
2398 815 2505 869 sed
2536 818 2713 871 etiam
2749 820 3065 894 Epistolam
3110 822 3185 877 ad
3227 826 3504 894 Optatum
3547 841 3582 879 a
3618 826 3684 878 D.

2033 885 2344 966 fulgentio
2390 885 2809 966 memoratam,
2864 885 3314 964 plurimumque
3367 896 3684 966 probatam

2031 956 2212 1011 fuisse
2244 958 2601 1013 invenimus.

2102 1029 2157 1102 2°
2175 1027 2239 1082 Ut
2255 1029 2533 1102 lectiones
2547 1030 2835 1100 quasdam
2848 1034 3161 1102 antiquarii
3181 1034 3686 1098 festinatione,ne-

2031 1098 2330 1166 gligentia,
2356 1098 3167 1175 oscitantiaveautimperitia
3182 1113 3493 1175 corruptas
3515 1108 3677 1163 vitia~

2031 1121 2330 1166 gugeuua,
2356 1121 2951 1159 oscuauuaveauum
3002 1121 3493 1175 eritiacorruptas
3515 1121 3677 1163 Vlttav

2030 1177 2260 1247 tesque,
2308 1188 2430 1247 non
2474 1174 2720 1247 quidem
2766 1121 3228 1231 emendaremus
3272 1178 3468 1247 (nefas
3514 1180 3679 1235 enim

2028 1242 2311 1296 duximus
2345 1242 2754 1299 Gottvvicensis
2767 1247 2988 1301 codicis
3004 1253 3228 1305 textum
3246 1242 3334 1303 vel
3352 1249 3555 1303 leviter
3569 1251 3681 1305 im-

2032 1319 2315 1383 mutare);
2347 1316 2452 1369 sed
2481 1321 2542 1369 ut
2569 1317 2860 1383 genuinas
2883 1317 3160 1374 lectiones
3186 1320 3570 1374 meditatione
3598 1328 3681 1375 at-

2027 1400 2139 1453 que
2171 1386 2356 1462 animi
2385 1388 2802 1462 exercitatione
2834 1389 3073 1443 aliunde
3101 1390 3312 1462 petitas
3338 1393 3678 1462 auspicare-

2027 1457 2447 1530 mtir,indeque
2476 1457 2553 1512 ad
2576 1460 2847 1513 intimam
2866 1457 3150 1530 paginam
3176 1457 3673 1530 indigitaremus;

2029 1532 2088 1581 ut
2104 1526 2392 1603 Epistolas
2406 1530 2664 1603 integras
2678 1526 2973 1586 inoffenso
2986 1532 3127 1603 pede
3139 1532 3302 1586 decui
3318 1526 3443 1589 rere
3457 1526 3675 1590 liceret.

2097 1601 2153 1652 3°
2181 1601 2243 1653 Ut
2275 1616 2379 1654 sua
2427 1601 2641 1675 cuique
2670 1603 2943 1675 Epistolas
2972 1601 3302 1659 admonitio
3334 1606 3556 1675 prasvia
3586 1607 3672 1659 in-

2024 1674 2362 1744 strueretur,
2391 1686 2461 1725 ac
2480 1674 2784 1744 utriusque
2818 1674 3086 1744 Epistolas
3120 1674 3361 1730 summa
3390 1676 3450 1730 in
3482 1676 3673 1733 fronte

2022 1740 2379 1809 affigeretur,
2404 1758 2512 1817 nec
2544 1759 2663 1798 non
2686 1740 2990 1801 breviores
3013 1746 3252 1807 uotulm,
3282 1762 3417 1817 quin
3444 1763 3551 1817 pro
3584 1748 3672 1802 in-

2021 1817 2315 1891 tegrarum
2356 1814 2691 1869 sectionum
2720 1818 3081 1887 compendio
3120 1814 3335 1881 essent,
3370 1833 3401 1873 e
3426 1814 3672 1890 regione

2019 1892 2537 1939 concmnarentur.

2083 1958 2147 2033 {9°
2182 1958 2246 2012 Ut
2279 1956 2568 2033 plurimos
2586 1956 2883 2033 harumce
2920 1958 3315 2033 Epistolarum
3338 1958 3501 2033 locos
3530 1975 3670 2015 cum

2018 2024 2150 2083 aliis
2182 2024 2545 2098 supparibus
2586 2027 2725 2085 hinc
2759 2029 2899 2085 inde
2940 2024 3195 2085 collectis
3236 2029 3669 2095 conferremus,

2016 2113 2148 2179 quo.
2170 2098 2303 2177 Divi
2334 2100 2602 2155 Prassulis
2634 2107 2894 2155 mentem
2924 2101 3116 2172 quivis
3150 2108 3351 2171 posset
3392 2102 3669 2158 facillime

2017 2184 2084 2223 ex
2098 2182 2329 2236 piscari.

2084 2241 2143 2293 5°
2178 2242 2244 2295 Ut
2274 2239 2561 2310 Epistolas
2589 2240 2732 2295 istas
2772 2240 2832 2296 in
2862 2241 3342 2311 capitulationes,
3382 2243 3670 2312 capitula-

2016 2310 2203 2367 tiones
2231 2313 2441 2366 veroin
2458 2312 2651 2367 varias
2680 2310 3411 2382 sectiones,proutsensus
3441 2310 3667 2373 rerum~

2013 2398 2129 2452 que
2160 2390 2582 2451 argumentum
2615 2384 2975 2452 postulabat,
3009 2384 3291 2438 claritatis
3324 2399 3465 2454 ergo
3508 2386 3665 2443 mul—

2014 2455 2417 2522 tiplicaremus
2482 2454 3127 2526 distingueremnsque,
3179 2472 3248 2512 ac
3306 2456 3660 2513 earumdem

2012 2525 2511 2595 capitulationum
2538 2533 2592 2579 et
2632 2526 2961 2585 sectionum
3012 2525 3349 2583 numericas
3391 2533 3564 2582 notas
3604 2529 3665 2585 in

2014 2598 2386 2661 marginibus
2428 2612 2529 2666 per
2554 2597 2827 2652 ordinem
2853 2598 3365 2653 distribueremus.

2083 2671 2139 2723 6°
2171 2668 2541 2739 thuidquid
2563 2668 2800 2723 difﬁcile
2816 2670 2963 2725 inter
2984 2669 3305 2736 legendum
3321 2674 3661 2739 occurreret

2010 2738 2529 2795 observationibus
2566 2740 2801 2803 criticis,
2846 2740 3161 2803 historicis,
3200 2738 3666 2807 chronologicis—

2008 2811 2600 2881 queillustraremus.
2629 2810 3284 2881 atqueelucidaremus:
3315 2811 3460 2881 quin
3482 2810 3663 2868 etiam

2011 2882 2550 2949 sicubiaMagistris
2578 2882 2635 2937 in
2657 2882 2748 2937 his
2768 2898 2905 2953 quas
2938 2883 3015 2936 ad
3048 2898 3168 2937 rem
3198 2889 3469 2939 nostram
3499 2898 3664 2952 spec-

2013 2960 2154 3025 tant,
2200 2961 2462 3008 erratum
2522 2959 2629 3025 est,
2694 2969 3096 3018 maneremus,
3149 2970 3494 3023 erroresque
3554 2970 3663 3025 pro

2011 3024 2162 3079 virili
2204 3030 2368 3095 parte
2400 3024 2882 3080 emendaremus.

2082 3098 2137 3148 7°
2160 3094 2421 3151 Tandem
2440 3100 2501 3150 ut
2521 3097 2724 3150 omnia
2737 3102 2792 3150 et
2807 3094 3044 3162 singula
3058 3094 3140 3149 sic
3154 3108 3658 3164 componeremus

2010 3166 2571 3236 instituel'emusque
2600 3172 2663 3221 ut
2692 3167 2846 3222 binas
2879 3165 3001 3223 istas
3026 3165 3295 3236 Epistolas
3327 3180 3397 3219 ex
3420 3165 3661 3220 climata

2009 3238 2107 3293 illa
2120 3237 2511 3307 etpercelebri
2540 3237 2922 3295 Benedictina
2944 3238 3187 3291 ofﬁcina
3213 3237 3371 3292 exire
3397 3236 3661 3307 videren-

2008 3315 2103 3363 tur
2129 3326 2137 3362 :
2162 3306 2295 3365 eam
2319 3310 2479 3364 enim
2512 3310 2589 3364 ob
2619 3310 2825 3365 oculos
2858 3325 3094 3379 semper
3122 3308 3463 3370 habuimus,
3493 3306 3659 3379 labo-

2006 3395 2253 3451 remque
2304 3388 2572 3437 nostrum
2626 3382 2703 3436 ad
2768 3382 2960 3450 ipsius
2998 3378 3286 3436 normam
3329 3378 3659 3451 direximus

2006 3450 2516 3522 confecimusque.
2560 3453 2647 3507 An
2711 3458 2987 3522 suscepta
3034 3468 3219 3521 Opera
3271 3468 3301 3505 e
3361 3450 3658 3505 sententia

2006 3525 2371 3588 successerit,
2400 3523 2666 3581 viderent
2687 3523 2903 3581 eruditi
2932 3542 2947 3591 ;
2974 3538 3043 3579 ac
3069 3524 3114 3576 si
3155 3522 3300 3592 quid
3343 3526 3655 3592 peccatum

2006 3602 2114 3657 est.
2159 3594 2500 3651 condonent
2555 3614 2566 3649 :
2618 3596 2707 3649 sin
2754 3611 2890 3650 vero
2935 3594 3080 3665 quid
3134 3594 3273 3649 boni
3320 3592 3654 3665 offendunt,

2006 3666 2407 3737 deincepsque
2453 3667 2513 3720 D.
2575 3665 2884 3737 Augustini
2927 3664 3185 3735 Operum
3241 3664 3654 3737 Collectionie

2008 3734 2458 3790 sudore'nostro
2488 3736 2633 3807 quid
2657 3734 2903 3791 ornatus
2928 3734 3373 3806 perfectionisve
3405 3734 3653 3795 accedit,

2005 3808 2064 3862 id
2094 3823 2271 3862 omne
2304 3808 2466 3861 velin
2491 3808 2931 3861 sanctissimum
2962 3807 3342 3877 Episcopum,
3368 3807 3477 3877 qui
3498 3821 3657 3877 exerr-

2004 3880 2353 3935 citationum
2397 3884 2735 3935 nostrarum
2776 3876 3197 3946 argumentum
3232 3876 3650 3945 suppeditavit,

2006 3957 2109 4006 aut
2130 3951 2323 4021 potius
2342 3951 2399 4004 in
2431 3952 2613 4004 Deum
2631 3949 2921 4020 optimum
2946 3948 3277 4005 maximum
3310 3947 3649 4021 refundant,

2004 4039 2039 4077 a
2069 4018 2187 4093 quo
2218 4029 2303 4076 est
2334 4036 2487 4078 omne
2510 4018 2693 4075 datu-iii
2720 4021 2997 4091 optimum,
3042 4027 3088 4077 et
3115 4036 3263 4077 omne
3306 4018 3503 4073 donum
3529 4035 3655 4089 per-

2002 4092 2194 4163 fectum
2230 4092 2437 4163 (Jacobi
2468 4108 2504 4153 ι,
2546 4098 2652 4161 17).

2077 4160 2287 4229 Quanti
2317 4171 2517 4220 autem
2552 4160 2858 4218 faciendus
2890 4162 2958 4216 sit
2999 4161 3184 4217 codex
3214 4160 3649 4224 Gottwicensis,

2001 4237 2223 4291 nedum
2252 4252 2283 4289 e
2304 4236 2460 4291 binis
2487 4234 2641 4294 istis.
2673 4249 2825 4305 quas
2852 4233 3012 4291 solus
3034 4232 3399 4303 suppeditat,
3424 4231 3655 4305 Episto—

2002 4308 2073 4361 lis
2122 4313 2389 4377 apparet,
2446 4302 2889 4377 verumw'etiam
2951 4320 3020 4358 ex
3096 4302 3353 4373 quatuor
3408 4302 3651 4377 optimis

2003 4374 2375 4433 variantibus
2444 4376 2819 4440 lectionibus,
2871 4390 3128 4446 quarum
3182 4389 3295 4443 ope
3356 4374 3652 4439 genuinus

2004 4449 2313 4519 fragmenti
2383 4449 2853 4519 Hieronymiauaa
2916 4450 3384 4519 septuagesimte
3422 4452 3650 4519 octavae

2007 4514 2277 4591 Epistolas
2292 4525 2481 4573 textus
2496 4514 2817 4575 restituitur
2832 4514 3358 4591 :omnesenimillre
3374 4514 3654 4570 lectiones

2005 4587 2150 4646 si'ad
2186 4593 2482 4659 diligentis
2505 4592 2734 4645 critices
2761 4589 2995 4655 regulas
3021 4587 3459 4659 expenduntur,
3497 4591 3652 4659 utra:

2003 4680 2120 4734 que
2156 4656 2338 4717 manu
2369 4662 2732 4734 excipiendae
2766 4666 2948 4734 sunt;
2984 4676 3050 4717 ac
3074 4656 3325 4734 proinde
3359 4663 3480 4711 tum
3506 4656 3653 4727 quid

2004 4730 2199 4790 laudis
2234 4750 2447 4788 manus
2494 4730 2562 4788 ac
2607 4733 2847 4789 solertia
2894 4730 3114 4784 librarii
3166 4736 3483 4789 mereatur,
3525 4735 3651 4782 tum

2004 4822 2185 4877 quam
2230 4810 2541 4861 accuratus
2586 4803 2757 4859 fuerit
2786 4803 2987 4880 codex
3013 4801 3436 4880 antiquusquo
3468 4798 3649 4880 libra-

2002 4876 2123 4932 rius
2154 4880 2278 4947 ipse
2303 4894 2447 4931 usus
2472 4880 2578 4939 est,
2612 4880 2916 4929 testantur.
2948 4876 3061 4928 Nec
3094 4876 3401 4947 sententias
3433 4878 3651 4947 nostra:

2004 4940 2399 5005 adversantur
2427 4948 2530 5017 qui
2564 4947 2858 5003 interdum
2876 4949 3195 5001 occurrunt
3224 4942 3463 5017 lapsus_:
3496 4940 3654 5011 ejus-

2004 5020 2169 5076 modi
2199 5020 2357 5075 enim
2393 5012 2622 5073 errores
2663 5017 2881 5087 sapius
2928 5032 3094 5079 casu,
3137 5031 3319 5087 quam
3354 5012 3653 5067 voluntate

2006 5109 2074 5147 ac
2107 5090 2504 5163 negligentia,
2523 5090 2689 5163 linunt,
2721 5086 2778 5143 ut
2804 5088 3141 5163 peritissimi
3163 5086 3649 5163 qtiique_nor_unt.

2076 5152 2218 5219 Non“
2242 5152 2336 5235 hic
2361 5152 2929 5235 prolixirori'utemur
2959 5152 3247 5235 oratione,
3284 5152 3346 5235 ut
3376 5152 3652 5224 Epistolis

2005 5228 2455 5304 Augustinianis
2480 5234 2715 5288 animos
2744 5232 3117 5304 gratiamque
3168 5228 3484 5282 hominum
3517 5241 3655 5281 con-

2004 5303 2275 5362 ciliemus
2311 5324 2323 5369 ;
2359 5313 2672 5378 utramque
2704 5303 2863 5378 enim
2905 5307 2995 5357 sat
3033 5314 3328 5378 superque
3352 5313 3656 5378 commen-

2004 5378 2110 5433 dat
2128 5384 2181 5432 et
2211 5368 2547 5441 argumenti
2577 5368 2862 5443 dignitas,
2893 5379 2948 5428 et
2978 5368 3196 5426 modus
3223 5368 3511 5443 tractandi
3537 5386 3651 5443 res,

2005 5441 2691 5504 etrecouditmdoctrinie
2708 5446 2898 5515 copia,
2916 5450 2971 5498 et
2994 5442 3435 5515 prmtantissimi
3459 5441 3658 5511 Scrip-

2005 5521 2147 5593 toris
2165 5536 2412 5593 nomen:
2433 5519 2654 5588 ubique
2668 5514 2866 5593 autem
2886 5520 2987 5593 aut
3008 5515 3152 5593 quid
3170 5514 3498 5593 discas,a_ut
3512 5529 3660 5593 quo:

2008 5592 2190 5649 modo
2222 5591 2441 5655 discas,
2475 5585 2574 5645 aut
2597 5590 2697 5659 qui
2724 5587 2929 5659 melior
2948 5585 3059 5642 tias
3092 5585 3591 5659 invenies.__Porro
3611 5585 3660 5640 si

2008 5664 2343 5728 vulgarium
2376 5653 2685 5717 auctorum
2718 5658 3049 5728 fragmenta
3087 5664 3251 5715 tanto
3268 5653 3467 5713 studio
3500 5662 3656 5711 terra

2009 5736 2281 5805 marique
2312 5734 2712 5805 requiruntur,
2747 5738 2907 5787 tanto
2934 5730 3138 5786 labore
3178 5728 3555 5799 colliguntur,
3589 5740 3659 5780 ac
