4108 6172
497 153 573 212 ss
1179 123 1200 146 ’
2003 155 2256 214 PREFA
2314 157 2406 214 10.
3851 151 3922 210 56

506 284 671 336 tanto
687 280 873 352 pretio
886 282 1307 352 comparantur
1319 281 1502 352 atque
1515 283 1917 350 asportantur;
1933 286 2158 352 quanto

507 349 722 421 majori
761 353 996 416 ardore,
1025 349 1259 413 animo,
1313 357 1369 404 et
1411 349 1712 406 voluntate
1759 349 1972 408 ambae—
2007 353 2157 416 istae,

511 439 716 494 eaeque
745 424 985 490 integrae
1015 421 1482 494 complectendus
1515 427 1671 494 sunt,
1713 423 1790 477 ab
1817 424 2035 478 eximio
2061 425 2160 478 illo

513 498 755 598 ιιξςιειοιίθν
777 496 1152 563 conscriptae,
1185 493 1360 564 cujus
1375 509 1591 548 nomen
1613 493 1800 550 instar
1833 497 2006 550 totius
2037 495 2162 550 lau-

515 567 606 621 dis
635 572 718 620 est
745 567 756 617 !

589 637 710 690 Hoc
751 641 950 690 autem
987 650 1170 690 unum
1213 635 1490 689 lectorem
1537 636 1830 691 monitum
1861 635 2160 702 volumus,

512 722 970 778 nunquamqnos
1019 723 1056 778 a
1105 706 1478 778 Gottwicensi
1507 707 1710 778 codice
1757 713 2164 778 transversum

514 793 774 850 unguem
813 777 1182 850 discessisse,
1217 777 1562 850 nisi_quoad
1605 778 1894 850 ordinem,
1920 795 2041 850 quo
2083 777 2168 833 ibi

513 848 788 920 Epistolas
803 848 1253 920 Augustiniante
1265 848 1638 920 exhibentur.
1657 849 1775 904 lllic
1787 848 2167 905 enim'ordine

514 919 1130 991 praepOStero’prima
1171 919 1502 974 secundum
1552 919 1773 984 locum,
1817 925 1875 975 et
1913 921 2167 976 vicissim

517 991 782 1045 secunda
831 991 1108 1063 primum
1142 991 1389 1047 obtinet.
1436 993 1552 1046 Nos
1591 1007 1731 1063 vero
1781 993 2168 1063 potissimum

513 1069 772 1135 tempus,
806 1061 927 1133 quo
968 1061 1249 1135 confectae
1290 1066 1446 1126 sunt,
1495 1061 1889 1129 attendentes,
1931 1065 2168 1135 utrique

515 1133 818 1206 propriam
849 1135 1048 1206 sedem
1077 1133 1456 1206 restituimus.

587 1204 993 1260 Sciscitabitur
1021 1204 1272 1276 forsitan
1316 1203 1552 1276 aliquis,
1607 1204 1768 1276 quod
1795 1205 2048 1276 qualeve
2097 1205 2172 1276 sit

517 1276 948 1330 monasterium
978 1291 1008 1329 e
1039 1275 1210 1344 cujus
1239 1275 1534 1330 tabulario
1553 1275 1828 1346 Epistolte
1857 1275 2169 1345 Augustini

519 1346 578 1400 in
610 1361 932 1418 perennem
963 1346 1320 1413 Reipublicae
1346 1347 1688 1402 Christianae
1716 1348 1965 1416 gloriam
1985 1363 2172 1402 emer-

518 1423 722 1472 serunt
755 1434 766 1468 :
797 1434 930 1488 quae
963 1418 1116 1472 hanc
1147 1419 1206 1471 in
1236 1435 1359 1472 rem
1395 1419 1580 1474 tribus
1609 1419 1828 1472 abhinc
1859 1419 2168 1472 mensibus

520 1503 556 1542 a
607 1505 791 1560 supra
845 1489 1086 1544 laudato
1144 1489 1476 1546 clarissimo
1530 1491 1656 1544 viro
1713 1491 2009 1545 Bernardo
2067 1493 2170 1544 l’ez

517 1561 872 1628 acceperim,
902 1561 975 1614 de
1000 1560 1181 1614 verbo
1203 1561 1278 1614 ad
1313 1560 1559 1614 verbum
1584 1561 1940 1616 exscribam.

591 1632 1006 1686 Monasteriutn
1058 1632 1440 1686 Gottwicense
1469 1639 1546 1686 est
1586 1633 1736 1702 longe
1777 1631 2170 1702 amplissimum

518 1718 579 1754 ac
609 1703 666 1754 in
697 1702 992 1756 Germania
1024 1702 1445 1767 celeberrimum,
1471 1703 1632 1757 situm
1655 1704 1726 1757 ad
1755 1705 2036 1757 dexteram
2061 1705 2172 1757 Da-

517 1771 691 1844 nubii,
732 1789 823 1826 sea:
857 1774 1083 1828 circiter
1121 1773 1458 1828 milliaribus
1497 1791 1662 1844 supra
1706 1775 2085 1836 Vindobonam.
2111 1776 2172 1828 in

519 1843 785 1897 altissimo
821 1845 910 1899 sed
932 1845 1290 1899 amcenissimo
1313 1851 1504 1899 monte.
1551 1843 1672 1900 Vid.
1706 1846 1946 1900 Annales
1970 1845 2173 1901 Mobil-

521 1913 654 1969 lonii
683 1931 812 1970 saec.
851 1931 933 1982 x1,
964 1933 1064 1986 quo
1091 1933 1124 1970 a
1167 1915 1225 1972 S.
1254 1917 1549 1972 Altmanno
1581 1916 1822 1987 episcopo
1849 1917 2172 1972 Pataviensi

2271 279 2556 349 fundatum
2589 286 2638 334 et
2667 278 2989 350 amplissime
3013 277 3252 336 dolatum
3281 277 3417 350 fuit.
3443 278 3576 335 Cum
3597 293 3739 350 anno
3761 279 3929 334 circi-

2274 359 2356 406 ter
2380 352 2580 406 decimo
2601 349 2828 420 septimo
2855 351 3022 422 hujus
3063 353 3242 406 sweuli
3272 349 3332 406 in
3365 353 3571 405 cineres
3612 349 3858 416 abiisset,
3893 367 3932 404 α

2271 423 2727 478 Reverentlissimo
2757 421 2984 476 Domino
3030 423 3320 492 Godefridv
3355 423 3611 488 Besselio,
3655 421 3749 491 qui
3781 438 3932 476 nunc

2272 495 2514 548 maxima
2556 511 2675 548 cum
2743 494 2898 548 laude
2943 497 3215 548 restitutce
3261 493 3566 564 disciplina:
3622 493 3926 562 regularis,

2272 582 2430 636 quam
2469 566 2710 619 reductw
2751 565 3012 620 doctrina:
3049 582 3111 620 ac
3157 565 3483 636 eruditionis
3511 564 3666 634 fama
3699 573 3920 633 praest,

2273 635 2401 690 adeo
2415 637 2654 706 feliciter
2675 638 3044 692 instauratum
3064 643 3160 700 est,
3175 643 3234 690 ut
3255 635 3397 690 nulli
3417 636 3642 688 Ordinis
3663 638 3841 690 nostri
3867 638 3932 690 in

2275 708 2496 778 Europa
2535 709 2854 762 monasterio
2899 708 3187 778 quidquam
3237 707 3302 760 de
3337 706 3636 776 splendore,
3667 709 3933 776 amplitu-

2275 779 2400 833 dine
2411 795 2472 834 ac
2487 779 2756 847 elegantia
2775 779 3039 833 concedat.
3057 779 3371 833 Germanice
3383 785 3602 832 vocatur
3613 779 3930 847 Gottweig.

2275 850 2446 904 medio
2502 867 2608 904 (evo
2663 850 2928 916 Gottwic,
2979 851 3058 904 vel
3101 849 3488 904 monasterium
3535 849 3589 902 S.
3629 849 3826 904 Marire
3865 850 3932 903 in

2279 923 2542 988 Gottwic,
2597 937 2974 992 nonnunquam
3023 921 3276 976 Kottvic.
3329 920 3412 974 Ita
3479 919 3687 992 passim,
3721 920 3936 992 codices

2277 993 2406 1050 Mss.
2439 993 2498 1046 in
2546 991 2861 1046 bibliotheca
2891 992 3251 1057 Gottwicensi,
3301 1007 3459 1061 quam
3503 1007 3623 1046 mox
3675 991 3934 1046 laudatus

2279 1064 2347 1118 D.
2377 1063 2420 1116 Α
2432 1063 2552 1116 bbas
2576 1063 2726 1117 bonis
2741 1065 2949 1118 litteris
2967 1066 3048 1118 ita
3070 1062 3438 1133 locupletavit,
3473 1070 3532 1116 ut
3555 1063 3614 1116 in
3635 1061 3934 1117 Germania

2277 1135 2486 1190 nullam
2515 1135 2858 1188 monasticam
2887 1134 3265 1190 bibliothecam
3297 1136 3555 1192 noverim.
3587 1151 3702 1204 qua:
3721 1151 3766 1188 ei
3793 1151 3936 1188 com-

2277 1207 2478 1277 parari
2505 1212 2800 1260 mereatur.
2833 1207 3018 1261 Plura
3044 1206 3106 1260 de
3155 1205 3246 1260 hoc
3277 1205 3386 1277 loco
3419 1204 3568 1258 brevi
3604 1206 3832 1276 accipies
3865 1223 3935 1259 ea:

2281 1276 2548 1332 Chronici
2588 1278 2958 1332 Gottwicensis
3013 1285 3149 1331 tomo
3186 1277 3266 1331 ΙΙ.
3309 1276 3454 1330 Nam
3501 1277 3683 1330 Tomus
3709 1277 3748 1339 Ι,
3783 1277 3883 1346 qui
3907 1294 3932 1330 e

2274 1348 2429 1418 prelo
2441 1349 2556 1418 jam
2587 1349 2822 1413 emersit,
2847 1364 2906 1401 ea
2925 1347 3196 1403 duntaxat
3220 1364 3333 1417 qtae
3355 1365 3466 1400 rem
3477 1347 3850 1417 antiquarium
3869 1364 3932 1402 ac

2273 1421 2543 1490 praecipue
2597 1419 2998 1488 diplomaticam
3045 1425 3300 1489 spectant,
3349 1419 3750 1489 complectitur.
3817 1418 3933 1490 Hoc

2277 1488 2457 1561 primo
2491 1497 2634 1544 tomo
2663 1490 2808 1544 nihil
2837 1488 3290 1560 magniﬁCentius,
3313 1488 3618 1559 auguStius,
3653 1505 3715 1542 ac
3741 1488 3936 1561 erudi-

2280 1559 2389 1616 tius
2427 1561 2680 1615 hactenus
2719 1563 2780 1614 in
2821 1559 3114 1616 Germania
3147 1577 3395 1616 excussum
3431 1561 3562 1627 scio,
3592 1577 3746 1630 eoque
3775 1559 3936 1614 nulla

2282 1633 2474 1686 Gallia
2494 1631 2811 1686 bibliotheca
2831 1634 3002 1702 paulo
3013 1634 3404 1686 meliorcarere
3425 1632 3649 1701 poterit.
3677 1632 3812 1701 Ejus
3835 1647 3936 1685 au-

2279 1710 2397 1758 ctor
2413 1711 2486 1758 est
2508 1705 2646 1756 idem
2669 1705 3158 1758 reverendissimus
3181 1704 3248 1758 D.
3274 1703 3453 1757 Abbas
3475 1702 3820 1771 Godefridus,
3845 1720 3938 1756 cu-

2271 1775 2367 1845 jus
2403 1775 2564 1829 et-iam
2593 1774 2896 1844 sumptibus
2934 1775 3027 1830 hoc
3077 1774 3560 1830 luculentissimum
3614 1789 3744 1844 opus
3793 1775 3939 1844 typis

2280 1846 2708 1901 commendatum
2747 1853 2847 1901 est.

1292 2013 2274 2128 ADMONITIO
2349 2013 3163 2129 EJUSDEM

1729 2184 1796 2238 IN
1837 2183 2228 2240 EPISTOLAM
2265 2185 2550 2240 CLXXXIV
2591 2183 2723 2238 BIS.

601 2282 805 2334 Petrus
839 2284 893 2334 et
923 2279 1250 2352 Abraham,
1283 2279 1505 2351 quibus
1534 2281 1750 2352 isthmcr
1769 2279 2030 2352 Epistola
2059 2281 2177 2352 ins-

524 2351 714 2421 cripta
742 2357 846 2414 est,
876 2352 1038 2405 haud
1069 2351 1250 2407 dubie
1281 2357 1449 2406 erant
1475 2351 1756 2407 monachi
1791 2351 1894 2418 {id
1921 2353 2080 2406 enim
2111 2351 2174 2404 D.

528 2423 895 2490 Augustinus
926 2421 1038 2476 sub
1069 2423 1360 2478 sermonis
1392 2423 1624 2477 initium
1673 2425 1815 2477 satis
1847 2423 2058 2486 innuit,
2093 2423 2178 2476 Sic

529 2509 610 2564 eos
636 2493 888 2564 inquiens
913 2494 1212 2546 instituisse
1235 2495 1400 2548 vitam
1427 2509 1536 2564 qua
1555 2493 1662 2548 Deo
1689 2495 2052 2558 servirent,ut
2075 2493 2179 2547 sibi

529 2563 598 2616 ad
629 2563 903 2632 legendum
947 2571 1182 2619 vacaret.
1231 2563 1449 2619 Petrus
1469 2571 1690 2628 autem,
1725 2565 1834 2618 nisi
1869 2566 2037 2619 valde
2079 2565 2180 2619 fal-

526 2633 635 2697 lor,
667 2635 1123 2706 ipsissimusest.
1140 2636 1347 2706 dequo
1371 2637 1452 2689 sic
1475 2636 1652 2690 habet
1685 2637 2095 2699 Cassiodorus,
2117 2637 2178 2689 de

527 2706 778 2760 Institut.
805 2705 975 2759 divin.
1007 2705 1325 2778 l.itt.cap.8
1360 2723 1372 2761 :
1407 2706 1602 2760 Petrus
1627 2707 1785 2761 abbas
1821 2707 2182 2777 Tripolitanae

524 2777 843 2848 provinciae,
857 2778 1031 2830 sancti
1045 2777 1213 2831 Pauli
1226 2777 1518 2847 Epistolas
1540 2779 1791 2848 exemplis
1805 2779 2181 2847 opusculorum

531 2847 676 2920 beati
703 2848 1000 2920 Augustini
1029 2849 1330 2903 subnotasse
1355 2854 1646 2914 narratur,
1661 2847 1720 2902 ut
1746 2866 1847 2920 per
1875 2865 1929 2902 os
1945 2849 2178 2902 alienum

529 2919 618 2972 sui
644 2919 824 2972 cordis
861 2919 1160 2974 declararet
1191 2937 1452 2974 arcanum
1485 2937 1637 2990 :quw
1667 2919 1758 2973 ita
1787 2921 1914 2974 locis
1950 2920 2184 2990 singulis

531 2996 887 3062 competenter
911 2991 1131 3062 aptatit,
1165 2999 1225 3045 ut
1276 2991 1369 3045 hoc
1394 2993 1560 3062 magis
1589 2991 1768 3045 studio
1797 2991 1940 3045 beati
1971 2995 2183 3061 Augus-

537 3061 649 3114 tini
673 3060 857 3114 credas
879 3077 981 3114 esse
999 3061 1300 3130 perfectum
1323 3083 1342 3118 :
1363 3060 1566 3116 mirum
1587 3069 1660 3116 est
1681 3063 1824 3116 enim
1847 3064 1928 3116 sic
1949 3060 2184 3116 alterum

533 3148 601 3185 ea:
616 3131 786 3185 altero
810 3131 1148 3196 dilucidasse,
1180 3140 1240 3187 ut
1275 3134 1439 3188 nulla
1462 3134 1748 3188 verborum
1779 3151 1993 3188 suorum
2008 3133 2186 3202 adjec-

541 3203 684 3274 tione
689 3204 986 3272 permixta,
1002 3204 1332 3258 desiderium
1355 3205 1533 3258 cordis
1557 3205 1779 3274 proprii
1799 3207 2079 3274 complesse
2101 3204 2186 3258 vi-

535 3273 920 3345 deqtusztud
937 3291 1091 3345 opus
1106 3277 1396 3329 hactenus
1411 3273 1923 3340 ineditum,exstat
1936 3275 2186 3329 Venetiis

535 3345 596 3398 in
613 3344 1178 3400 bibliothecasancti
1197 3347 1388 3411 Marci,
1404 3362 1540 3401 cum
1555 3347 1669 3400 hoc
1688 3347 1883 3400 titulo:
1919 3347 2187 3400 Commen-

535 3415 717 3487 tarius
733 3416 788 3467 in
803 3417 1228 3486 Pauliepistolas
1244 3434 1308 3470 ea:
1328 3417 1508 3471 Libris
1541 3417 1861 3487 Augustini,
1889 3419 2052 3472 Petro
2065 3417 2188 3470 Tri-

534 3485 802 3558 politano
817 3485 1148 3558 adscriptus
1163 3505 1176 3552 ;
1192 3488 1348 3558 quod,
1365 3489 1559 3558 inquit
1575 3485 1654 3543 Cl.
1674 3488 2061 3551 Mabillonius,
2084 3505 2188 3542 ncn

533 3556 705 3625 facile
717 3556 1062 3613 asseruerim.
1081 3561 1150 3614 Ut
1165 3556 1226 3614 ut
1239 3560 1313 3614 sit
1331 3556 1532 3615 hac—de
1545 3575 1627 3624 re,
1647 3561 1704 3614 in
1721 3559 1972 3614 dubium
1989 3566 2187 3615 tamen

2285 2281 2552 2336 revocari
2582 2297 2702 2336 non
2725 2285 2938 2352 potest,
2955 2296 3088 2336 vere
3109 2296 3182 2335 ne
3206 2278 3596 2352 Epistoleista
3621 2277 3948 2352 Augustini

2288 2353 2380 2412 sit.
2397 2369 2534 2406 cum
2549 2352 2674 2421 ejus
2689 2347 3050 2407 mentionem
3069 2352 3240 2407 faciat
3255 2347 3557 2405 Possidius
3576 2350 3634 2403 in
3649 2347 3940 2404 Indiculo.

2359 2423 2524 2477 Illam
2547 2423 2785 2478 ineunte
2815 2439 2974 2478 anno
2995 2424 3223 2478 circiter
3243 2423 3366 2486 417,
3383 2423 3662 2492 scriptam
3685 2436 3814 2474 esse
3841 2435 3947 2474 au-

2289 2496 3095 2565 tumamus,quiainfracap.
3113 2500 3164 2556 2,
3186 2511 3350 2548 num.
3378 2493 3938 2565 5,decimumquar-

2289 2569 2414 2618 tum
2445 2562 3019 2620 librum—deCivitate
3036 2562 3128 2620 Dei
3147 2567 3202 2619 in
3221 2565 3500 2619 manibus
3527 2563 3765 2628 habere,
3787 2562 3937 2616 dum

2288 2653 2421 2690 eam
2470 2637 2694 2704 scribit,
2739 2641 2986 2690 testatur
3023 2639 3080 2691 S.
3115 2637 3518 2702 Augustinus:
3567 2650 3745 2704 porro
3781 2633 3945 2688 hunc

2289 2707 2484 2776 ipsum
2519 2707 2736 2762 librum
2768 2708 2973 2762 laudat
3003 2724 3132 2777 cap.
3171 2710 3236 2761 14
3262 2707 3390 2760 libri
3421 2712 3438 2760 1
3473 2713 3659 2760 contra
3681 2705 3940 2758 adversa-

2289 2779 2436 2831 rium
2469 2778 2621 2847 Legis
2633 2785 2680 2832 et
2692 2779 3136 2848 PrOphetarium,
3154 2779 3424 2848 adeoque
3443 2777 3757 2848 incipiente
3779 2791 3942 2830 anno

2289 2853 2413 2904 420.
2455 2847 2692 2903 Certum
2726 2847 2817 2904 est
2837 2851 2994 2905 enim
3031 2858 3171 2904 tunc
3211 2847 3493 2918 temporis
3523 2847 3706 2903 libros
3733 2853 3948 2902 contra.

2293 2919 2704 2992 adversarium
2741 2921 2906 2988 Legis
2955 2921 3312 2992 prodiisse:
3368 2919 3728 2992 paulomante
3768 2919 3949 2992 igitur

2293 2991 2596 3059 prodierat
2635 2991 2904 3046 decimus
2941 2989 3192 3062 quartus
3221 2989 3385 3046 liber'
3409 2992 3482 3045 de
3533 2991 3774 3062 Civitate
3813 2989 3942 3042 Dei.

2291 3063 2438 3116 Cum
2469 3067 2666 3118 autem
2699 3079 2806 3132 per
2835 3061 3132 3132 integrum
3176 3077 3404 3116 annum
3435 3063 3558 3124 418,
3585 3061 3946 3130 initiumque

2291 3133 2434 3206 anni
2462 3131 2886 3206 subsequentis
2937 3131 3181 3188 inﬁnitis
3211 3132 3652 3204 propemodum
3695 3131 3948 3206 negotiis

2293 3204 2642 3260 distractum
2666 3203 2860 3260 'fuisse
2891 3203 3286 3275 Augustinum
3321 3209 3696 3274 compertum
3723 3203 3946 3275 habea-

2295 3292 2430 3330 mus
2455 3289 2478 3346 ,°
2511 3277 2606 3330 vix
2647 3275 2924 3332 credibile
2962 3273 3048 3331 est
3097 3293 3165 3330 ea
3199 3282 3546 3346 tempestate
3572 3275 3752 3346 illum
3811 3273 3946 3328 ulti-

2297 3345 2461 3401 mam
2507 3363 2754 3402 manum
2807 3348 2957 3402 libro
3006 3351 3064 3403 14
3095 3348 3168 3402 de
3208 3345 3451 3402 Civitate
3489 3345 3580 3400 Dei
3634 3346 3948 3415 imponere

2293 3418 2597 3488 potuisse;
2631 3435 2700 3473 ac
2737 3419 2982 3488 proinde
3026 3425 3296 3490 superest
3321 3424 3384 3472 ut
3411 3417 3472 3471 id
3504 3417 3792 3490 peregerit
3819 3431 3953 3470 ver-

2295 3487 2463 3562 tente
2489 3505 2650 3544 anno
2680 3487 3011 3562 “hiatque
3052 3487 3115 3545 ut
3139 3487 3745 3562 pubescente'eodem
3783 3502 3950 3542 anno

2293 3559 2404 3615 has
2429 3559 2652 3616 litteras
2683 3559 3020 3616 confecerit.

1304 3656 2285 3770 ADMONITIO
2355 3657 3162 3772 EJUSDEM

1835 3829 1903 3882 ΙΝ
1937 3825 2324 3883 EPISTOLAM
2354 3827 2486 3882 CCII
2527 3825 2660 3882 BIS.

613 3925 762 3978 Dum
797 3939 957 3978 anno
989 3927 1090 3979 418
1135 3927 1192 3979 et
1228 3925 1473 3995 quidem
1506 3940 1711 3980 mense
1743 3923 2088 3996 septembri,
2131 3929 2195 3978 ut

538 3999 700 4063 patet
729 4011 799 4049 ex
825 3997 967 4050 actis
998 4011 1134 4050 cum
1163 3997 1438 4060 Emerito,
1469 3997 1831 4063 Augustinus
1863 3997 2192 4050 Caesaream

537 4065 845 4143 profectus
871 4066 931 4143 in
947 4066 1268 4143 supradicto
1295 4069 1494 4143 oppidg
1514 4073 1928 4143 remoraretur,_
1947 4083 2048 4143 quo
2071 4083 2193 4143 eum

540 4135 746 4204 injucta
778 4136 882 4189 sibi
900 4155 932 4190 a
961 4136 1260 4190 venerabili
1285 4135 1427 4207 papa
1447 4138 1686 4197 Zozimo,
1711 4135 2028 4207 Apostolicce
2055 4137 2193 4190 sedis

541 4207 798 4278 episcopo,
831 4208 1182 4262 ecclesiastica
1203 4210 1483 4264 necessitas
1509 4215 1756 4263 traxerat
1777 4207 2032 4278 (Epistol.
2071 4209 2190 4278 l90,

539 4293 596 4350 ῃ.
635 4277 706 4346 1),
737 4278 978 4350 perlata:
1011 4283 1149 4332 sunt
1180 4279 1385 4334 littera
1419 4281 1608 4349 Optati
1641 4279 1864 4350 quibus
1893 4277 2194 4346 signiﬁca—

544 4347 804 4416 batangi
834 4367 896 4404 se
919 4350 1074 4404 circa
1087 4350 1282 4404 animle
1294 4347 1556 4420 originem
1580 4363 1600 4420 ,'
1633 4347 1826 4404 utrum
1855 4366 1924 4404 ea
1942 4365 2046 4420 per
2061 4365 2192 4418 pro-

540 4420 920 4492 pagationem
952 4437 1025 4475 ex
1051 4421 1254 4476 anima
1285 4440 1322 4476 a
1345 4423 1463 4476 Deo
1501 4427 1716 4484 creata,
1751 4427 1930 4492 atque
1963 4421 2194 4476 Adamo

541 4491 728 4546 indita
745 4491 1152 4557 descenderet,
1171 4509 1319 4548 anve
1346 4494 1594 4562 singulis
1618 4491 1960 4547 hominibus
1994 4493 2196 4556 singu-

543 4561 630 4636 las
661 4563 735 4636 de
763 4579 918 4618 novo
937 4565 1103 4636 Deus
1132 4569 1374 4630 crearet,
1418 4561 1592 4620 nosse
1615 4566 1884 4636 cupiens.
1920 4569 2194 4618 Attamen

541 4633 599 4686 in
635 4633 902 4706 ultimam
935 4635 1088 4690 hanc
1132 4636 1499 4706 opinionem,
1533 4636 1610 4690 uti
1667 4633 1920 4696 videtur,
1958 4650 2195 4706 conces-

547 4709 704 4776 serat
752 4704 946 4774 (Ibid.,
1009 4723 1145 4778 cap,
1175 4704 1224 4772 24,
1285 4725 1339 4762 η.
1393 4709 1454 4760 13
1501 4713 1549 4761 et
1584 4708 1710 4778 14);
1746 4707 1940 4778 deque
1984 4705 2194 4760 eodem

545 4783 900 4847 argumento
948 4777 1258 4847 quoddam
1303 4779 1572 4834 ediderat
1631 4777 2010 4847 Opusculum,
2057 4793 2194 4830 nec-

542 4861 663 4900 non
695 4845 918 4920 li_tter_as
945 4845 1022 4902 a_d
1052 4849 1278 4903 amicos
1311 4850 1608 4920 quosdam
1634 4845 1776 4904 suos
1804 4847 2193 4902 familiarissi-

545 4933 673 4973 mos
713 4917 1043 4990 destinatas
1077 4937 1089 4984 ;
1131 4936 1263 4990 quae
1315 4917 1452 4976 cum
1495 4921 1732 4990 perlatae
1773 4925 1968 4974 essent
2013 4920 2194 4990 Caesa-

544 5005 732 5052 ream,
767 4989 879 5060 ipsi
908 4989 1238 5060 Augustino
1269 4990 1384 5045 illic
1435 4989 1632 5046 adhuc
1665 4991 1924 5046 versanti
1967 4989 2193 5046 traditae

543 5069 682 5116 sunt
713 5077 748 5114 a
793 5060 1020 5116 famulo
1052 5061 1166 5126 Dei,
1213 5063 1306 5116 cui
1333 5079 1552 5118 nomen
1587 5066 1843 5118 Renato:
1893 5062 1995 5130 qui
2025 5077 2193 5114 sanc-

543 5138 668 5188 tum
705 5134 1011 5189 lloctorem
1041 5137 1348 5204 tantopere
1396 5134 1466 5188 ad
1511 5133 1996 5203 respondendum
2028 5133 2196 5188 insti-

546 5206 727 5272 gavit,
760 5211 824 5259 ut
857 5205 970 5260 hoc
1015 5203 1311 5268 recusare,
1357 5206 1643 5276 quamvis
1679 5203 1856 5258 rebus
1892 5203 2023 5257 aliis
2056 5211 2194 5276 tunc

544 5281 889 5348 occupatus,
926 5275 1544 5348 nequaquampbsset
1569 5275 1769 5348 (Ibid,
1793 5291 1908 5344 cap.
1950 5279 1995 5338 1,
2023 5292 2078 5348 n.
2120 5275 2190 5344 1).

547 5345 834 5419 Videturq
846 5345 1040 5419 noque
1055 5350 1111 5404 in
1127 5345 1374 5418 epistola
1390 5364 1496 5403 sua
1509 5353 1746 5418 optasse
1759 5347 2005 5413 ipsemet
2021 5347 2196 5419 Opta-

545 5417 728 5488 tusde
749 5417 958 5488 sancti
987 5417 1249 5475 Doctoris
1287 5417 1580 5474 sententia
1611 5433 1948 5488 supereare
1982 5417 2194 5488 certior

545 5487 1018 5564 tier-iubimteap.
1053 5496 1111 5564 6,
1133 5509 1187 5547 η.
1219 5491 1328 5564 26).
1359 5487 1757 5564 Augustinum
1790 5495 2075 5564 praeterea
2114 5487 2192 5564 ad

543 5557 604 5636 id
633 5557 856 5636 ind_uxit
879 5557 1152 5616 Muressis
1181 5557 1433 5636 quidam
1461 5563 1654 5634 Optati
1681 5557 2074 5636 necessarius,
2093 5559 2192 5631 qui

545 5635 687 5686 tunc
719 5631 1048 5706 Caesaream
1071 5631 1333 5706 veniims,
1349 5651 1410 5690 se
1427 5631 1589 5706 quoq
1599 5649 1670 5689 ue
1687 5645 1863 5706 super
1875 5631 2088 5706 eodem
2101 5647 2194 5686 ar-

543 5709 830 5772 gumento
846 5701 1069 5761 litteras
1085 5703 1162 5761 ab
1177 5707 1388 5780 Optato
1417 5701 1714 5779 accepisse
1741 5701 2190 5774 dicebat;roga-

2301 3925 2524 3995 batque
2548 3925 2968 3994 Augustinum,
3003 3930 3066 3979 ut
3089 3923 3236 3996 quid
3262 3939 3332 3978 ea
3361 3923 3436 3978 de
3461 3939 3522 3978 re
3563 3921 3822 3996 sentiret,
3853 3916 3960 3976 vel

2301 3993 2467 4061 vocé,
2503 3996 2592 4050 vel
2645 3997 2861 4067 scripto
2915 3993 3026 4050 sibi
3073 3993 3345 4066 aperiret,
3397 4011 3520 4066 quo
3573 3993 3712 4067 illud
3747 4007 3952 4067 posse.

2302 4068 2516 4137 Optato
2534 4065 2865 4134 signiﬁcare
2892 4067 3080 4132 (1bid.,
3109 4065 3247 4137 cap,
3279 4069 3331 4131 Il,
3356 4065 3515 4134 nft).
3551 4065 3720 4119 Dedit
3750 4065 3956 4137 itaque

2302 4135 2522 4192 litteras
2549 4138 2626 4209 ad
2657 4139 2854 4209 ipsum
2897 4135 3183 4208 Optatum
3205 4145 3444 4192 sanctus
3485 4137 3718 4209 Doctor,
3759 4135 3954 4209 Caesa—

2301 4224 2424 4272 rea,
2450 4208 2624 4280 iquod
2661 4203 2800 4263 satis
2841 4203 3148 4264 declarant
3183 4209 3294 4264 illae
3336 4225 3509 4263 voces
3539 4223 3656 4260 cum
3689 4208 3748 4260 in
3771 4203 3960 4280 eodem

2300 4277 2499 4350 oppido
2527 4295 2950 4351 remoraremur,
2981 4281 3108 4349 jam
3149 4281 3468 4351 profectus.
3525 4277 3962 4351 Deproposita

2303 4347 2502 4422 autem
2561 4349 2908 4406 difficultate
2947 4347 3026 4406 illi
3067 4347 3386 4422 rescripsit.
3448 4365 3564 4404 non
3623 4347 3846 4403 habere
3891 4363 3959 4422 se

2301 4421 2462 4493 quod
2528 4430 2686 4477 certo
2737 4427 2974 4486 statuat,
3023 4419 3270 4493 propter
3311 4425 3676 4493 argumenta
3705 4433 3838 4489 quae
3890 4419 3960 4473 in

2307 4491 2618 4564 utramque
2645 4499 2871 4563 partem
2889 4491 3187 4548 faciebant
3205 4513 3216 4546 :
3232 4493 3288 4547 id
3305 4491 3722 4564 tantummodo
3745 4505 3962 4564 caven-

2301 4563 2444 4617 dum
2473 4561 2604 4618 esse
2637 4561 2708 4619 ne
2735 4565 3409 4635 quisliaccequaeslione
3435 4563 3710 4635 abutens,
3733 4561 3805 4635 de
3821 4576 3958 4631 pec-

2301 4639 2434 4690 cato
2457 4633 2938 4706 originali,’quod
2967 4633 3248 4690 constaiis
3263 4641 3316 4689 et
3345 4634 3702 4706 catholicum
3727 4633 3960 4706 dogma

2303 4713 2408 4774 est,
2434 4705 2605 4760 vellet
2635 4703 2942 4772 ambigere
2975 4724 2988 4772 ;
3026 4713 3199 4776 atque
3227 4708 3304 4762 ita
3331 4705 3549 4776 Pelagii
3581 4703 3960 4774 Coelesliique

2303 4793 2522 4850 novam
2553 4778 2830 4850 haeresim
2884 4777 3236 4850 imprudens
3267 4777 3617 4850 admitteret,
3653 4790 3835 4850 quam
3869 4789 3960 4850 re-

2302 4849 2450 4902 centi
2471 4849 2760 4904 memoria
2780 4845 3740 4904 damnarantConciliaetRomani
3767 4845 3961 4900 antis-

2303 4919 2434 4975 tites
2467 4920 2840 4975 Innocentius
2873 4937 2942 4974 ac
2993 4923 3260 4976 Zozimus
3294 4939 3307 4986 ;
3337 4935 3596 4989 quorum
3647 4916 3957 4989 epistolas,

2303 4990 2513 5046 saltem
2535 4991 3038 5062 postremihujus,
3057 5007 3128 5062 ne
3143 4991 3286 5046 forte
3301 4987 3372 5045 ad
3399 4987 3960 5062 Optatumneedum

2301 5060 3210 5132 perveniSsent,simulmittebat.
3233 5065 3358 5116 Non
3373 5060 3962 5132 contentust'uitpro-

2303 5131 2586 5188 culdubio
2599 5133 2712 5188 hac
2727 5133 3270 5204 responsioneidem
3287 5135 3547 5204 Optatos;
3567 5133 3644 5187 illi
3661 5131 3961 5204 siquidem

2301 5205 2661 5276 Augustinus
2673 5209 2961 5276 prmterea
2975 5204 3123 5258 duas
3139 5204 3450 5276 Epistolas,
3467 5221 3596 5275 qum.
3610 5209 3962 5276 temporum

2301 5273 2514 5346 injuria
2557 5273 2923 5342 intercidere,
2945 5291 3122 5346 super
3149 5273 3360 5330 eodem
3393 5273 3748 5342 argumento
3773 5273 3958 5328 misit.

2301 5346 2896 5418 LaudatiFulgentius
2928 5347 3028 5418 (De
3058 5348 3283 5402 veritate
3313 5348 3590 5418 praedest.,
3625 5346 3720 5400 lib.
3755 5347 3808 5410 3,
3836 5361 3958 5414 cap.

2305 5419 2392 5484 18)
2411 5417 2800 5472 eruditionem
2821 5419 3228 5488 atqueingenii
3254 5417 3368 5474 vim
3399 5435 3554 5480 eam,
3581 5435 3702 5488 qua
3725 5432 3865 5472 cum
3893 5417 3958 5488 in

2299 5489 2480 5561 hisce»
2505 5489 2690 5542 tribus
2721 5487 3145 5558 epistulis,tu'm
3179 5492 3236 5544 in
3278 5490 3408 5546 aliis
3437 5487 3804 5561 quibusdam
3831 5487 3959 5541 suis

2300 5559 2606 5630 operibus,
2648 5564 3039 5630 quaestionem
3081 5562 3240 5617 illam
3299 5559 3538 5618 sanctus
3579 5564 3792 5616 Doctor
3860 5574 3960 5612 ex-

2300 5631 2720 5704 cusserat:sed
2755 5633 3026 5702 ejusdem
3068 5634 3362 5704 imprimis
3409 5633 3766 5688 modestiam
3799 5646 3960 5703 prae-

2299 5701 2475 5770 dicat,
2501 5709 2704 5776 utpote
2741 5701 2878 5777 qua:
2891 5722 3028 5764 eum
3051 5701 3350 5769 deterruit,
3383 5721 3456 5761 ne
3469 5705 3542 5762 de
3563 5721 3626 5762 re
3649 5701 3946 5778 peraeque
