4164 6182
298 111 377 174 87
1811 114 1968 171 PR/E
1978 112 2185 172 FATIO
2196 159 2210 174 .
3652 116 3724 171 58

302 239 479 311 gravi
494 244 548 296 et
568 237 844 295 abstrusa
869 238 1202 313 quidquam
1214 238 1583 313 decerneret.
1609 241 1774 311 Cujus
1796 258 1960 312 quaes-

307 313 498 375 tionis,
539 313 639 377 ait,
679 312 1107 382 profunditatem
1152 312 1260 367 sibi
1296 314 1810 383 impersorutabilem
1849 329 1959 367 cer-

302 384 677 455 nensmullum
718 385 889 436 voluit
928 384 1092 454 hujus
1128 386 1217 437 rei
1242 385 1518 454 deﬁnitam
1561 386 1812 455 proferre
1840 402 1961 438 scn-

303 458 588 518 tenti'am;
638 454 996 525 incongruum
1058 472 1286 526 prorsus
1348 454 1664 510 existimans
1741 456 1962 526 aliquid

303 526 736 598 afﬁrmaresine
761 526 1096 580 dubitatione
1129 528 1280 592 velle,
1307 528 1444 598 quod
1480 528 1621 582 alter
1644 536 1807 598 posset
1838 544 1962 582 con-

302 600 497 652 vellere
522 596 670 668 (Vita
704 596 759 652 S.
792 599 1112 668 Augustini,
1142 599 1233 653 lib.
1267 596 1458 669 7,cap.
1480 601 1567 664 13,
1592 596 1654 652 η(
1686 600 1758 670 ὅ).

382 688 516 740 Haec
539 683 745 759 forsan
765 685 1073 759 fusius,ast
1103 693 1257 742 certe
1278 704 1465 759 quam
1487 688 1829 743 brevissime
1860 703 1963 758 po-

301 758 533 831 tuimus
546 755 759 831 referre
783 758 973 813 visum
988 764 1101 814 est:
1118 760 1259 831 quia
1274 755 1409 813 inde
1424 760 1734 831 perspicue
1753 755 1963 813 evinci-

302 827 742 911 tur_Epistolam
755 838 1103 911 sequentem
1121 827 1454 911 secundam
1467 827 1671 911 earum
1686 846 1877 911 esse,q
1889 847 1962 886 ua

301 902 521 971 Optato
537 900 819 970 episcopo
842 900 915 956 de
930 900 1271 957 animarum
1294 903 1521 971 origine
1535 903 1612 957 ab
1630 900 1961 970 Augustino

299 970 477 1045 datas
493 970 673 1024 fuisse
695 979 989 1037 asserunt,
1011 974 1314 1045 plurisque
1330 970 1552 1029 faeiunt
1575 974 1876 1029 Possidius
1892 990 1961 1029 ac

300 1043 655 1111 Fulgentius
684 1059 699 1097 :
733 1058 871 1099 cum
903 1060 973 1100 eo
1030 1043 1235 1100 tamen
1281 1045 1649 1111 discrimine,
1680 1049 1743 1099 ut
1774 1046 1962 1100 Possi-

299 1114 444 1168 dius
472 1112 740 1184 quidem
766 1116 921 1171 duas
942 1115 1035 1183 (In
1054 1115 1345 1187 Indiculo),
1368 1117 1702 1186 Fulgentius
1719 1116 1855 1186 (Ubi
1877 1134 1962 1170 su-

298 1188 433 1258 pra)
467 1200 603 1258 vero
635 1194 753 1258 tres
784 1186 862 1242 ad
893 1188 1175 1258 Optatum
1202 1186 1487 1257 epistolas
1509 1189 1813 1243 adscribat
1846 1188 1961 1243 Utri

303 1257 459 1311 ﬁdes
490 1256 787 1330 habenda
810 1260 899 1322 sit,
934 1256 1119 1329 penes
1148 1256 1425 1315 lectorem
1460 1266 1590 1314 esto
1617 1260 1908 1330 judicium
1945 1277 1957 1308 :

306 1332 464 1383 certe
491 1330 741 1401 spectati
759 1329 837 1383 illi
861 1332 1221 1401 scriptorum
1252 1329 1820 1397 Augustinianorum
1844 1330 1963 1384 edi-

305 1405 486 1474 tores,
533 1398 936 1474 :l‘illemontius
979 1398 1244 1473 quoque,
1301 1404 1520 1474 aliique
1576 1401 1960 1457 eruditissimi

306 1471 412 1523 viri
450 1469 822 1541 Fulgentium
853 1469 1205 1543 sequuntur.
1238 1474 1299 1527 Id
1332 1469 1519 1529 unum
1551 1476 1663 1529 hac
1704 1476 1763 1527 in
1796 1480 1962 1545 parte

306 1548 600 1597 annotare
614 1557 812 1612 operae
830 1545 1018 1613 pretiu
1031 1562 1085 1597 m
1105 1553 1219 1611 est;
1241 1546 1509 1600 videlicet
1531 1545 1863 1600 Possidium
1878 1560 1964 1599 re-

307 1614 615 1687 censendo
630 1615 924 1687 epistolas
954 1616 1030 1669 ad
1060 1617 1341 1687 Optatum
1368 1617 1643 1681 directas,
1675 1616 1836 1687 ipsas
1864 1616 1965 1671 ad-

304 1700 528 1740 versus
553 1684 1019 1741 Priscillianistas
1050 1684 1299 1759 scriptas
1330 1704 1458 1743 esse
1479 1684 1961 1743 diserte—docere.

390 1772 555 1827 Hanc
587 1779 791 1828 autem
821 1774 1134 1843 epistolam
1156 1776 1243 1830 vel
1274 1775 1510 1831 labente
1536 1792 1696 1831 anno
1719 1780 1843 1843 419,
1872 1775 1963 1831 vel

310 1845 513 1916 potius
535 1844 776 1900 ineunte
802 1847 926 1909 420,
951 1854 1256 1903 exaratam
1280 1863 1415 1902 esse
1438 1848 1832 1913 arbitramur;
1852 1851 1966 1901 Au-

307 1915 587 1988 gustinus
616 1916 797 1981 enim,
830 1933 997 1972 num.
1045 1920 1096 1983 1,
1132 1918 1426 1986 signiﬁcat
1473 1936 1534 1973 se
1565 1919 1643 1974 ad
1683 1921 1962 1988 Optatum

305 1986 636 2060 rescribere
668 1994 803 2058 post
832 1989 1100 2060 quinque
1132 1989 1316 2044 ferme
1356 2006 1547 2045 annos
1569 1986 1858 2055 evolutos,
1892 2006 1965 2045 ex

303 2074 432 2133 quo
445 2058 503 2112 in
520 2058 817 2133 Orientem
833 2058 1304 2133 miser'atlibrum
1320 2078 1440 2117 non
1457 2061 1959 2133 praesumptionis,

310 2129 421 2184 sed
448 2129 899 2185 consultationis
930 2149 1074 2187 suas.
1109 2133 1343 2202 Appido
1378 2129 1527 2187 lib—er
1563 2133 1622 2187 in
1666 2129 1962 2188 orientem

307 2202 550 2273 missus,
590 2202 886 2271 ipsissima
943 2209 1028 2257 est
1082 2204 1341 2273 Epistola
1380 2205 1480 2259 106
1532 2205 1966 2272 Augustiniana

309 2272 388 2347 ad
420 2273 851 2347 Hieronymum
884 2289 990 2345 per
1020 2272 1677 2331 Oro’siumtransmissa.
1698 2277 1806 2341 Qui
1838 2277 1965 2347 qui-

311 2344 451 2399 dem
471 2345 927 2417 Drosiuspaulo
960 2351 1097 2400 ante
1127 2362 1395 2402 mensem
1431 2346 1649 2417 julium
1678 2348 1818 2401 anni
1858 2344 1962 2402 415

308 2431 383 2490 ex
412 2414 609 2469 Africa
641 2415 701 2470 in
732 2415 1102 2472 Palaestinam
1129 2414 1462 2489 appulerat,
1492 2424 1694 2489 utpote
1725 2419 1826 2490 qui
1870 2419 1964 2473 iis-

311 2487 450 2559 dem
480 2496 934 2559 annoetmense
964 2487 1387 2558 Hierosolymis
1410 2492 1470 2544 in
1498 2487 1960 2559 disputationem

312 2558 618 2632 adversus
639 2558 941 2632 Pelagium
968 2561 1273 2615 descendit
1298 2580 1311 2614 :
1342 2558 1710 2632 proindeque
1735 2561 1964 2616 subinio

313 2630 464 2685 tium
478 2627 620 2683 anni
644 2629 869 2686 laudati
891 2646 961 2685 ex
976 2632 1170 2687 Africa
1191 2648 1327 2686 eum
1343 2627 1586 2687 solvisse
1601 2627 1839 2687 necesse
1851 2639 1961 2687 est.

387 2717 517 2791 Quo
555 2724 755 2773 autem
788 2719 1169 2789 potissimum
1193 2726 1457 2789 tempore
1490 2721 1745 2791 Epistola
1770 2721 1965 2791 prima

311 2790 391 2844 ad
408 2790 863 2867 Optatum,qu
889 2792 1041 2845 inter
1070 2791 1262 2867 editas
1278 2794 1509 2867 190_es_t,
1527 2790 1744 2867 scripta
1769 2790 1960 2867 fuerit,

312 2860 549 2933 non_ita
578 2860 813 2932 liquido
847 2868 1124 2933 apparet.
1168 2865 1335 2917 Dom.
1367 2863 1589 2918 Dubois
1611 2860 1742 2918 eam
1777 2864 1965 2918 mensi

312 2931 544 2987 circiter
578 2931 835 3001 augusto
868 2931 1009 2988 anni
1052 2934 1156 2991 418
1189 2935 1391 3005 afﬁgit,
1428 2935 1608 3005 idque
1649 2951 1681 2989 a
1721 2934 1964 2990 veritate

314 3017 612 3075 perquam
654 3005 914 3060 alienum
944 3011 1032 3060 est
1063 3022 1075 3061 :
1110 3021 1251 3061 nam
1276 3008 1639 3076 Augustinus
1664 3022 1797 3061 eam
1830 3007 1967 3060 scri-

311 3076 455 3130 bere
499 3088 621 3148 non
646 3076 858 3148 potuit,
888 3078 1001 3131 nisi
1035 3084 1353 3148 postquam
1396 3076 1751 3146 Carthagine
1778 3080 1967 3133 Cresa-

310 3162 481 3219 ream
507 3146 846 3203 advenisset
878 3164 892 3214 ;
923 3146 1088 3219 quod
1124 3146 1363 3203 nonnisi
1396 3164 1601 3203 mense
1635 3149 1963 3219 septembri

313 3218 610 3291 accidisse
643 3226 865 3273 certum
889 3225 997 3273 est.
1020 3221 1142 3273 lmo
1163 3236 1303 3275 vero
1323 3220 1479 3275 hanc
1497 3218 1810 3291 epistolam
1842 3228 1967 3275 tan-

313 3289 633 3346 tummodo
672 3296 807 3361 post
845 3306 1022 3346 suum
1054 3292 1319 3346 Cmsarea
1350 3289 1649 3347 secessum
1706 3292 1966 3347 texuisse

314 3377 377 3415 se
404 3362 772 3431 Augustinus
795 3361 889 3416 his
918 3362 1112 3416 verbis
1143 3369 1366 3427 monet,
1406 3380 1524 3417 cum
1553 3368 1612 3416 in
1638 3362 1965 3432 supradicto

312 3432 512 3503 oppido
538 3449 961 3487 remorarentur.
992 3436 1111 3487 Huc
1142 3434 1445 3489 collimant
1474 3440 1556 3489 tot
1582 3440 1637 3489 et
1668 3440 1831 3490 tanta
1859 3449 1965 3489 ne-

315 3505 503 3571 gotia,
536 3520 669 3574 quin
695 3510 936 3558 sanctus
972 3506 1183 3559 Doctor
1208 3506 1355 3561 dum
1378 3509 1654 3560 Caesareae
1694 3521 1963 3560 versare-

314 3580 431 3639 tur,
463 3576 873 3649 intragpaucos
902 3575 1031 3631 dies
1063 3578 1331 3632 tractavit
1361 3593 1430 3631 ac
1474 3577 1775 3649 confecit;
1804 3592 1965 3649 quaa-

315 3662 435 3719 que
480 3647 597 3717 ipsi
628 3645 1071 3719 impedimento~
1112 3654 1295 3712 erant,
1330 3649 1657 3719 quominus
1683 3645 1966 3717 adiiceret

314 3718 588 3772 animum
614 3717 689 3772 ad
705 3717 1048 3773 scribendas
1060 3717 1281 3774 litteras
1294 3717 1457 3774 nullo
1473 3725 1645 3790 pacto
1661 3725 1961 3788 urgentes,

318 3803 518 3859 neque
554 3789 630 3844 ad
646 3804 709 3843 se
723 3792 1106 3859 pertinentes.
1132 3790 1281 3855 Quin
1297 3789 1481 3845 etiam
1500 3792 1617 3846 veri
1631 3791 1963 3846 admodum

315 3860 509 3914 simile
535 3866 623 3933 est
649 3861 996 3933 Augustino,
1022 3861 1167 3916 dum
1183 3862 1967 3933 CaesareaHipponemredi-

314 3931 715 4004 ret,eamdem
747 3931 1063 4003 epistolam
1088 3948 1298 4003 parare
1323 3950 1438 3988 nou
1461 3931 1693 3990 licuisse
1721 3932 1886 4004 quia,
1904 3937 1967 3987 ut

316 4002 572 4075 ipsemet
595 4002 858 4067 testatur,
883 4018 988 4075 per
1005 4002 1159 4075 quas
1188 4009 1341 4059 totas
1368 4010 1552 4060 terras
1574 4002 1966 4059 intentionem

318 4075 451 4146 ejus
505 4073 622 4130 huc
654 4078 831 4145 atque
861 4073 1193 4146 illuchuae
1233 4077 1657 4144 ingerebantur
1688 4077 1966 4130 sensibus

315 4145 551 4200 diversa
578 4151 898 4213 raptarent.
936 4146 1031 4201 His
1045 4145 1631 4202 adductirationibus
1647 4147 1965 4216 Epistolam

313 4217 577 4287 primam
598 4216 677 4272 ad
702 4218 1005 4288 Optatum,
1034 4233 1168 4288 quae
1200 4219 1350 4273 inter
1378 4219 1847 4288 Augustinianas
1866 4220 1968 4273 190

313 4293 427 4353 est,
460 4296 593 4342 ante
626 4304 892 4343 mensem
927 4289 1313 4344 novembrem
1334 4291 1474 4345 anni
1506 4292 1609 4343 418
1641 4290 1818 4344 scribi
1844 4304 1965 4344 non

311 4361 612 4429 potuisse;
640 4361 765 4413 imo
788 4376 927 4414 vero
941 4376 1095 4423 eam,
1113 4378 1247 4415 cum
1267 4362 1578 4416 doctorum
1608 4362 1802 4426 venia,
1828 4366 1967 4430 post

314 4430 609 4499 Epistolas
636 4431 759 4491 191,
788 4432 886 4485 192
910 4438 965 4486 et
987 4433 1086 4486 193
1113 4432 1493 4502 rejiciendam
1517 4448 1647 4486 esse
1670 4432 1966 4487 existima-

308 4517 474 4573 mus,
501 4502 794 4571 siquidem
816 4502 975 4557 hisce
1005 4504 1192 4558 tribus
1221 4504 1539 4573 postremis
1561 4503 1821 4573 epistolis
1852 4518 1970 4557 res-

312 4572 581 4645 pondere
612 4574 922 4645 Augustini
954 4572 1278 4644 plurimum
1304 4575 1577 4630 intererat
1600 4572 1621 4639 7;
1654 4592 1723 4629 ac
1749 4575 1967 4629 idcirco

312 4643 643 4699 etiamnum
661 4643 1054 4717 festinationis
1086 4653 1221 4700 sunt
1250 4647 1461 4717 plenae.
1490 4646 1809 4713 Epistolam
1826 4661 1967 4700 vero

318 4717 421 4771 190
474 4731 594 4771 non
653 4715 855 4786 aliqua
905 4715 1383 4785 necessitas,'sed
1417 4719 1746 4773 amicorum
1781 4718 1968 4785 gratia

316 4788 564 4841 extorsit
596 4805 609 4854 ;
676 4787 1047 4859 proindeque
1085 4788 1164 4843 ad
1216 4797 1449 4859 tempus
1479 4799 1888 4858 opportunum
1913 4794 1969 4845 et

315 4874 579 4913 vacuum
612 4875 745 4913 eam
780 4860 1087 4914 transferre
1118 4868 1590 4915 consentaneum
1620 4866 1725 4915 est.

392 4949 615 5001 Rursus
640 4963 708 5001 ex
734 4947 1447 5018 AugustiniEpistolalQO
1473 4964 1607 5001 mox
1635 4948 1967 5012 laudata,c.

314 5019 370 5079 7.
396 5033 564 5091 num.
594 5022 683 5082 20,
711 5020 1049 5091 quidetiam
1078 5036 1148 5074 ex
1174 5019 1445 5089 ejusdem
1476 5021 1666 5073 sancti
1696 5020 1966 5073 l’reesulis

314 5090 587 5160 Epistola
618 5091 807 5151 t66,c.
843 5090 894 5154 4.
924 5107 981 5145 n.
1011 5092 1457 5160 8,exploratum
1493 5091 1806 5156 habemus,
1829 5094 1968 5146 Mar-

313 5160 598 5234 cellinum
623 5163 699 5216 ab
722 5164 1083 5234 Hieronymo
1116 5162 1483 5216 sciscitatum
1506 5161 1709 5225 fuisse,
1726 5162 1870 5232 quid
1892 5165 1967 5217 de

314 5233 661 5288 animarum
690 5233 1148 5302 origineSentire
1163 5240 1478 5301 oporteret,
1497 5238 1631 5303 post
1658 5242 1966 5304 acceptam

312 5322 387 5359 ea
414 5305 487 5357 de
517 5304 847 5375 quaestione
874 5305 940 5358 D.
970 5305 1273 5374 Augustini
1302 5306 1774 5373 responsionem.
1793 5309 1967 5360 Porro

314 5393 388 5431 ex
437 5375 750 5440 Augustini
805 5377 1066 5445 Epistula
1122 5378 1219 5431 143
1255 5376 1578 5430 certissime
1612 5383 1860 5441 constat,
1889 5377 1964 5431 ad

313 5447 717 5528 Marcellinum
756 5447 1141 5529 hanc'ipsam
1172 5448 1489 5529 Augustini
1512 5450 1966 5529 responsionem

314 5535 439 5574 non
474 5520 838 5588 pervenisse,
873 5519 986 5574 nisi
1019 5534 1179 5574 anno
1211 5519 1499 5573 duntaxat
1536 5520 1661 5583 412,
1695 5519 1967 5590 adeoque

315 5590 722 5647 Marcellinum
754 5592 967 5647 eodem
999 5596 1228 5645 tantum
1256 5606 1415 5644 anno
1449 5591 1806 5662 Hieronymo
1832 5592 1970 5646 scri-

314 5662 459 5719 bere
490 5663 752 5735 potuisse
784 5684 795 5727 ;
865 5678 935 5718 ac
978 5662 1227 5734 proinde
1253 5661 1586 5719 Marcellino
1615 5661 1738 5720 nun
1787 5662 1968 5719 fuisse

2070 256 2427 314 responsum
2459 240 2570 298 abs
2598 240 2969 314 Hieronymo,
3004 240 3379 300 nisiannoad
3411 257 3720 297 summum

2070 313 2194 368 413.
2225 315 2549 383 Prmterjus
2575 313 2838 370 veritatis
2860 330 3020 384 ergo,
3052 331 3187 370 mea
3216 315 3461 386 quidem
3492 321 3722 369 senten-

2072 386 2171 457 tia,
2204 386 2541 455 Hieronymi
2562 386 2636 440 ad
2660 388 3059 442 Marcellinum
3078 388 3386 457 responsio
3412 403 3544 457 quae
3565 386 3723 457 ejus-

2072 456 2210 511 dem
2246 458 2501 529 Ijlipistola
2525 460 2611 520 78,
2642 460 2801 528 apud
2831 455 3231 529 Augustinum
3260 475 3398 513 vero
3422 455 3522 512 165
3549 473 3589 529 a7
3616 455 3719 512 Cll.

2073 543 2211 581 cum
2254 528 2752 598 Hieronymianis,
2806 528 3719 598 tum’AugustianisEdituribus,

2073 614 2306 653 necnon
2330 617 2365 655 a
2397 603 2563 654 Dom.
2596 599 2815 654 Dubois
2837 616 2996 654 anno
3022 603 3125 656 410
3152 601 3434 669 affigitur.
3468 599 3556 654 Ad
3577 600 3723 654 veri-

2074 677 2253 725 tatem
2286 671 2563 743 proprius
2592 672 2860 743 quidem,
2881 688 3000 726 non
3024 678 3219 727 tamen
3246 674 3532 741 proxime,
3553 686 3724 725 acce-

2073 742 2159 815 dit
2188 742 2628 797 eruditissimus
2659 742 3090 813 ’l‘illemontius,
3122 744 3225 815 qui
3256 758 3391 799 eam
3426 758 3586 799 anno
3619 742 3717 797 411

2072 813 2165 868 vel
2194 815 2296 868 412
2326 816 2659 883 consignat.

2149 901 2289 966 Quis
2304 908 2503 958 autem
2518 902 2951 973 fueritOptatus
2966 901 3063 957 ille
3076 902 3415 973 episcopus,
3441 901 3518 957 ad
3542 916 3724 972 quem

2074 976 2443 1041 Augustinus
2482 974 2760 1044 epistolas
2782 976 2923 1028 istas
2967 974 3263 1039 direxerit,
3297 973 3473 1044 plane
3493 973 3727 1044 incom-

2073 1052 2306 1125 pertum
2338 1053 2442 1125 est.
2478 1043 2851 1125 Certeliquet
2874 1062 3011 1099 eum
3044 1060 3164 1125 non
3204 1043 3388 1125 fuisse
3420 1043 3716 1125 celebrem

2072 1117 2237 1171 illum
2268 1119 2540 1187 Optatum
2566 1116 2978 1186 Milevitanum,
3008 1117 3109 1187 qui
3133 1118 3367 1187 scriptis
3391 1117 3515 1170 suis
3538 1116 3727 1170 Dona-

2073 1188 2239 1243 tistas
2270 1190 2555 1253 confodit,
2602 1190 2959 1258 quantumvi
3009 1190 3067 1241 id
3099 1188 3284 1243 codex
3315 1187 3724 1243 Gottwicensis

2073 1259 2399 1315 luculenter
2428 1262 2655 1323 referat,
2686 1276 2716 1313 e
2747 1260 2897 1314 vivis
2917 1260 3073 1313 enim
3106 1260 3336 1313 dudum
3364 1260 3613 1328 Optatus
3633 1258 3727 1313 ille

2073 1332 2436 1386 Milevitanus
2451 1336 2799 1395 excesserat,
2836 1334 3159 1402 atquejam
3183 1348 3341 1385 anno
3365 1334 3468 1384 396
3497 1330 3730 1402 beatis-

2075 1403 2267 1457 simus
2302 1406 2546 1457 Severus
2577 1403 2651 1456 de
2681 1400 3153 1473 condiscipulatu
3178 1402 3487 1469 Augustini
3514 1400 3726 1454 Milevi-

2074 1479 2227 1529 tante
2259 1474 2528 1529 Ecclesia:
2570 1482 2838 1544 praeerat,
2872 1475 3101 1544 ipsique
3157 1490 3345 1543 usque
3379 1473 3455 1526 ad
3496 1488 3724 1526 annum

2073 1548 2175 1601 426
2210 1545 2459 1616 praefuit,
2498 1543 2745 1616 ut’patet
2770 1561 2841 1599 ex
2870 1543 3146 1615 Epistolis
3178 1544 3242 1599 31
3274 1552 3329 1599 et
3354 1545 3454 1598 213
3480 1544 3727 1598 sanctis-

2074 1618 2208 1671 simi
2240 1618 2425 1671 nostri
2458 1616 2753 1671 Praesulis.

2147 1697 2223 1751 Ex
2249 1696 2583 1766 hisliquido
2612 1700 2840 1749 constat
2870 1694 3247 1749 doctissimos
3269 1694 3427 1748 viros
3446 1694 3591 1766 Dom
3615 1695 3722 1747 Lu-

2072 1767 2353 1822 dovicum
2388 1764 2557 1823 Ellies
2588 1768 2777 1837 Dupin
2799 1767 2857 1820 in
2894 1766 3045 1821 notis
3068 1768 3145 1821 ad
3172 1783 3303 1835 cap.
3333 1767 3438 1818 2l5
3464 1764 3578 1819 diei
3614 1765 3725 1835 pri-

2073 1856 2186 1894 mae
2215 1839 2551 1895 Collationis
2583 1837 3085 1906 Carthaginensis,
3114 1852 3347 1892 necnon
3364 1837 3728 1891 Dom.Tbeo-

2072 1911 2343 1965 doricum
2378 1910 2643 1968 Ruinart.
2677 1909 2819 1964 Hist.
2840 1910 3132 1963 Persecut.
3170 1908 3569 1979 Vandal.pag.
3598 1909 3720 1971 297,

2073 1981 2222 2036 falso
2255 1997 2521 2036 asserere
2579 1983 2859 2036 Severum
2918 1981 3314 2035 Milevitanum
3371 1980 3724 2051 episcopum

2072 2054 2253 2123 paulo
2274 2060 2411 2107 ante
2425 2052 2728 2108 laudatam
2746 2052 3128 2107 Collationem
3147 2050 3340 2106 evivis
3356 2052 3682 2106 excessisse
3707 2067 3720 2115 ;

2072 2139 2208 2178 cum
2243 2124 2416 2179 Gesta
2437 2124 2708 2195 ejusdem
2735 2123 3072 2195 Collationis
3097 2123 3332 2195 disertis
3355 2123 3550 2177 verbis
3574 2124 3725 2177 refe-

2072 2200 2224 2260 rant,
2247 2194 2411 2250 illum
2442 2194 2543 2249 diu
2565 2201 2700 2249 ante
2728 2194 3112 2249 Collatiouem
3144 2194 3517 2257 observasse,
3543 2200 3723 2264 atque

2072 2274 2480 2338 exspectasse,
2497 2268 2600 2321 sed
2616 2274 2752 2338 tunc
2766 2267 2844 2319 ob
2859 2265 3265 2338 infirmitatem
3280 2265 3723 2338 agritudinem-

2071 2336 2202 2410 que
2218 2338 2467 2393 domum
2487 2337 2852 2410 discessisse,
2875 2352 2995 2410 non
3023 2336 3527 2410 verodecessisse.
3559 2336 3722 2390 Certe

2073 2406 2495 2479 spectatissimi
2527 2424 2773 2479 operum
2798 2408 2918 2461 divi
2950 2408 3263 2469 Augustini
3298 2406 3557 2461 Editores
3585 2421 3721 2479 nos-

2072 2477 2224 2535 tram
2242 2477 2593 2535 sententiam
2624 2480 3255 2550 pr0pugnantl’rrefat.
3281 2485 3425 2532 tom.
3445 2482 3475 2529 2
3493 2479 3548 2531 iu
3569 2477 3723 2532 ordi-

2071 2568 2146 2609 ne
2174 2552 2595 2621 chronologico
2622 2552 3010 2622 Epistolarum
3044 2553 3144 2605 109
3167 2559 3221 2604 et
3251 2552 3354 2607 110
3387 2552 3508 2603 lmo
3527 2550 3725 2605 erudi-

2072 2630 2165 2679 tus
2198 2624 2513 2679 Ruinartus
2545 2621 2674 2678 loco
2699 2622 2877 2676 citato
2905 2639 3109 2677 secum
3152 2622 3277 2693 ipse
3310 2627 3536 2693 pugnat
3558 2637 3577 2693 _:
3606 2621 3725 2675 lau-

2072 2696 2176 2749 dat
2200 2696 2361 2767 renim
2380 2695 2678 2767 synodum
2697 2694 3083 2767 Milevitanam
3116 2691 3276 2747 anno
3298 2694 3402 2767 416
3427 2691 3720 2767 habitam,

2073 2768 2166 2821 cui
2189 2765 2440 2821 Severus
2462 2766 2738 2828 interfurit,
2765 2774 2824 2818 ut
2845 2765 3028 2836 liquet
3048 2782 3113 2818 ex
3141 2765 3410 2835 Epistolis
3440 2766 3588 2818 inter
3612 2770 3723 2817 Au-

2071 2840 2446 2907 gustinianas
2463 2842 2580 2899 1‘75,
2604 2839 2721 2899 176,
2739 2837 2834 2889 181
2856 2855 2868 2902 ;
2889 2844 2949 2891 ut
2968 2838 3167 2891 istumc
3183 2836 3446 2906 synodus
3462 2842 3725 2905 quartoa

2074 2910 2394 2965 Collatione
2441 2908 2893 2976 Carthaginensi
2926 2924 3085 2962 anno
3131 2907 3423 2962 duntaxat
3454 2911 3585 2962 acta
3616 2912 3721 2960 est.

2145 2988 3063 3059 Οοη]ἰο113αὶυκίυε,ὀμακαρίτης,
3090 2988 3145 3042 in
3175 2987 3331 3041 notis
3348 2986 3422 3041 ad
3452 2985 3725 3041 Collatio-

2072 3077 2210 3115 nem
2242 3060 2782 3129 Carthaginiensem.
2817 3062 3098 3128 Optatum
3153 3074 3334 3128 quem
3376 3059 3719 3128 quaerimus,

2074 3149 2209 3186 eum
2243 3148 2378 3186 esse
2397 3132 2703 3201 quieidem
2721 3129 3718 3201 CollationiCartliaginensi_adfuit,

2073 3205 2296 3274 quique
2312 3204 2369 3257 in
2385 3199 2568 3274 Gestis
2580 3202 2693 3255 diei
2713 3202 2919 3274 primae
2941 3201 3259 3270 episcopus
3290 3199 3447 3274 plebi
3465 3199 3722 3274 Vesc_e_r_i-

2073 3269 2227 3330 una
2258 3276 2491 3329 dicitur.
2525 3269 2741 3327 Verum
2770 3272 2938 3343 plebs
2966 3269 3418 3343 Vesceritanain
3447 3269 3724 3326 Numidia

2073 3354 2196 3402 erat
2225 3368 2236 3409 ;
2270 3352 2474 3401 contra
2523 3360 2662 3400 vero
2694 3344 2949 3415 plebem,
2982 3360 3168 3415 quam
3199 3342 3443 3411 regebat
3473 3343 3722 3415 Optatus

2075 3360 2196 3402 erat
2225 3368 2236 3409 ;
2270 3360 2474 3401 contra
2523 3360 2662 3400 vero
2737 3360 2949 3407 lenem,
2982 3360 3168 3415 quam
3199 3360 3443 3411 regebat
3473 3360 3722 3412 uptatus

2075 3424 2293 3484 noster,
2311 3419 2556 3473 alteram
2572 3436 2600 3471 e
2619 3360 2803 3470 trigus
2819 3416 3177 3471 Mauritaniis
3197 3415 3522 3468 incoluisse
3540 3412 3724 3468 verba

2073 3489 2345 3559 ejusdem
2380 3488 2573 3559 (Iptati
2601 3487 2760 3542 hisce
2792 3488 3101 3559 Augustini
3128 3486 3390 3557 epistolis
3422 3484 3726 3554 interjecta

2075 3561 2415 3632 insertaque
2445 3559 2871 3613 demonstrant.

2149 3648 2203 3704 Si
2218 3648 2367 3702 ﬁdes
2379 3652 2467 3702 est
2486 3647 2732 3701 domino
2747 3646 2993 3709 Dubois,
3010 3646 3255 3716 Optatus
3269 3649 3390 3699 erat
3404 3644 3725 3716 episcAOpus

2073 3720 2451 3783 Tubulensis,
2484 3718 2532 3772 is
2559 3734 2593 3773 a
2620 3734 2742 3788 quo
2764 3714 3133 3788 Augustinus
3164 3716 3418 3786 Epistula
3441 3714 3727 3788 t85jubet

2076 3791 2351 3846 comitem
2382 3786 2755 3844 Bonifaci'um
2787 3787 3158 3842 breviculum
3191 3787 3530 3841 Collationis
3567 3786 3725 3840 acci-

2118 3878 2231 3917 ere.
2257 3861 2370 3917 Sed
2382 3867 2589 3915 auctor
2609 3859 2965 3914 sententiam
2979 3875 3151 3914 suam
3165 3858 3345 3912 nullis
3357 3856 3726 3927 argumentis

2102 3933 2258 3997 ulcit,
2275 3948 2382 3986 nec
2396 3932 2553 3985 unde
2566 3946 2697 3985 eam
2714 3930 2976 3985 hauserit
2998 3928 3315 3983 indicatNil
3330 3926 3579 3993 mirum;
3618 3926 3727 3981 fal-

2077 4020 2203 4059 sam
2221 4019 2351 4058 esse
2378 4004 2508 4073 ipsa
2525 4001 2835 4071 Augustini
2853 4001 3099 4073 epistola
3111 4000 3413 4073 evidenter
3438 3997 3722 4073 adstruit;

2076 4092 2219 4130 nam
2250 4070 2498 4145 Optatus
2530 4073 2623 4128 ille
2655 4073 2728 4128 de
2754 4070 3127 4143 quo'ibidem
3172 4072 3388 4145 agitur,
3429 4070 3718 4145 annos“

2078 4142 2388 4202 Collationi
2422 4142 2889 4212 Carthagineusi,
2923 4149 2981 4198 et
3002 4159 3161 4197 anno
3184 4144 3287 4197 412
3315 4142 3563 4197 concilio
3594 4144 3723 4196 Zer-

2078 4218 2228 4274 tensi
2258 4217 2546 4282 interfuit;
2576 4216 2945 4287 proindeque
2973 4214 3435 4287 jamaplurimis
3454 4212 3726 4287 annisdi-

2078 4292 2360 4358 gnitatem
2392 4284 2791 4358 episcopalem
2807 4286 3137 4351 obtinebat,
3162 4284 3583 4356 cumepistolte
3615 4287 3727 4339 Au-

2078 4362 2296 4430 gustini
2331 4360 2407 4415 ad
2436 4361 2714 4429 Optatum
2735 4359 3264 4430 conscriptiesunt.
3298 4358 3544 4430 Optatus
3562 4371 3721 4417 vero,

2076 4426 2176 4503 qui
2194 4432 2365 4487 nobis
2382 4426 2683 4503 negotium
2699 4430 2951 4503 facessit,
2968 4426 3037 4483 ex
3067 4429 3244 4499 Epist.
3262 4432 3361 4481 202
3376 4426 3491 4503 bis,
3517 4443 3573 4503 n_.
3595 4430 3647 4489 7,
3664 4440 3725 4479 se

2076 4499 2203 4573 ipse
2234 4502 2533 4557 novellum
2552 4501 3200 4571 rudemquedoctorem
3243 4499 3519 4573 venditat.
3556 4500 3724 4551 lusu-

2076 4569 2182 4646 per
2211 4573 2655 4646 Augustinusin
2678 4569 3221 4646 Epist.‘185_monet
3247 4569 3641 4646 Bonifagium,
3669 4572 3727 4622 ut

2075 4639 2333 4717 accipiat
2362 4645 2434 4699 de
2465 4639 2735 4717 Ecclesia
2756 4642 3011 4717 Sitifensi
3040 4642 3411 4717 breviculum
3438 4639 3723 4717 collatio-

2076 4719 2186 4782 nis,
2211 4713 2263 4770 si
2297 4718 2546 4786 Optatus
2578 4715 2920 4776 nonhabet;
2953 4713 3531 4786 proindequeinnuit
3553 4714 3727 4782 Opta-

2075 4793 2200 4843 tum
2232 4789 2306 4843 de
2344 4785 2465 4858 quo
2497 4787 2779 4858 loquitur,
2805 4786 2860 4840 in
2879 4786 3157 4858 Numidia
3174 4786 3355 4858 vitam
3387 4785 3601 4858 degere
3626 4799 3724 4837 so-

2073 4859 2244 4915 litum
2292 4855 2440 4919 esse.
2474 4855 2611 4912 cum
2643 4859 2842 4929 potius
2875 4857 2931 4910 in
2962 4856 3313 4912 Mauritania
3344 4855 3561 4928 inquiri
3586 4870 3724 4908 eum

2074 4931 2288 4986 debere
2318 4930 2638 5001 probatum
2671 4930 2766 4983 sit.

2146 5020 2206 5073 In
2231 5019 2405 5074 amici
2420 5018 2732 5088 cujusdam
2749 5015 3293 5088 doctissimianimo
3311 5013 3570 5088 suspicio
3586 5012 3726 5068 insi—

2074 5090 2192 5155 det,
2219 5085 2507 5160 Optatum'
2532 5098 2801 5144 nostrum
2832 5088 3014 5144 fuisse
3043 5086 3287 5157 quidem
3321 5085 3721 5160 Milevitanum

2074 5156 2440 5236 episcopum,
2474 5160 2579 5215 sed
2611 5160 2941 5236 secundum
2995 5156 3493 5236 nomiue,_magni
3528 5156 3723 5236 Optati

2076 5226 2386 5288 Milevitani
2419 5248 2827 5287 successorem
2858 5229 3389 5301 :sicquestaudum
3413 5226 3724 5301 essejndi-

2076 5306 2165 5360 cio
2196 5305 2607 5359 Gottwiceusis
2651 5303 2892 5366 librarii,
2927 5299 3025 5371 qui
3056 5300 3284 5354 disertis
3320 5299 3514 5353 verbis
3547 5301 3723 5369 Opta-

2076 5382 2201 5430 tum
2234 5378 2583 5447 episcopum
2632 5374 3031 5429 Milevitanum
3078 5372 3357 5447 appellat.
3396 5373 3613 5447 Verum
3646 5371 3720 5447 is:

2076 5448 2226 5501 three
2247 5442 2505 5518 suspicio
2521 5464 2589 5501 ex
2618 5448 2787 5500 dictis
2802 5447 2944 5518 ruit;
2962 5461 3066 5513 per
3081 5452 3234 5498 totos
3250 5442 3395 5497 enim
3414 5442 3723 5518 Augustini

2076 5516 2454 5590 episcOpatus
2485 5534 2697 5579 annos,
2724 5517 3420 5590 nullusSeveroexceplo
3451 5516 3723 5590 Milevita-

2076 5587 2217 5646 nam
2250 5587 2450 5645 sedem
2480 5588 2997 5659 occupavit.Adde
3012 5588 3174 5659 quod
3190 5591 3440 5642 Severus
3468 5587 3722 5655 iste,Au-

2077 5663 2314 5732 gustino
2345 5677 2581 5733 semper
2615 5659 3161 5731 conjunctissimus,
3219 5659 3505 5715 doctrinae
3544 5664 3724 5728 atque
