4108 6172
929 303 1994 313 W.

826 428 959 574 s.
1057 432 1867 583 AUBELII
1963 432 3016 580 AUGUSTINI

1239 718 2029 813 HIPPONENSIS
2103 716 2635 811 EPISCOPI

1037 887 2777 1195 EPISTOL/E

1713 1324 2133 1391 SECUNDUM

686 1506 1146 1577 ORDINEM
1191 1507 1742 1575 TEMPORUM
1784 1508 2057 1572 NUNC
2107 1508 2507 1572 PRIMUM
2550 1505 3141 1581 DISPOSITzE,

1237 1660 1332 1717 ET
1363 1658 1739 1729 QUATUOR
1769 1662 1847 1721 IN
1876 1660 2201 1721 CLASSES
2232 1660 2585 1723 DIGEST/E

1436 1791 2393 1851 rm

184 1897 379 1947 massis
406 1895 703 1965 _I_continet
727 1894 981 1965 epistolas
1016 1907 1150 1965 quas
1177 1896 1387 1965 scripsit
1416 1896 1657 1965 nondum
1693 1899 1995 1965 episcopus,
2028 1899 2094 1947 ab
2124 1913 2267 1965 anno
2298 1900 2487 1965 Christi
2502 1899 2762 1965 Avidelicet
2792 1900 2881 1946 386
2918 1898 2983 1949 ad
3016 1900 3125 1965 39_5.

202 2013 209 2021 _
248 1985 308 1999 --
405 1959 470 2017 ll,
507 1971 651 2029 quinas.
670 1958 954 2029 episcopus
978 1962 1101 2029 ante
1132 1958 1476 2029 collationem
1506 1958 1979 2029 Carthaginensem
2009 1975 2131 2010 cum
2182 1963 2471 2012 Donatistis
2501 1962 2756 2017 habitam.
2803 1965 2856 2010 et
2894 1965 3017 2010 ante
3051 1961 3316 2010 detectam
3352 1960 3405 2008 in
3438 1959 3611 2008 Africa

569 2019 773 2083 Pelagii
804 2019 1050 2069 haeresim
1078 2022 1306 2083 scripsit,
1347 2022 1412 2069 ab
1449 2036 1592 2071 anno
1624 2019 1809 2071 396'ad
1843 2025 1954 2072 MO.

245 2111 306 2118 —
389 2082 477 2147 ill,
511 2095 649 2145 quas
676 2082 890 2147 scripsit
918 2083 1126 2146 reliquo
1170 2082 1291 2132 vitae
1328 2088 1585 2147 tempore.
1619 2085 1685 2134 ab
1716 2099 1849 2135 anno

1963 2087 1976 2133 l
2006 2088 2071 2136 ad
2103 2088 2213 2135 430.

238 2173 303 2188 --
398 2145 493 2203 IV,
520 2144 815 2197 nonnullas
841 2146 957 2203 ipso
987 2144 1147 2196 etiam
1184 2144 1689 2211 episcOpc'scriptas
1715 2148 2106 2211 complectitur,
2144 2163 2372 2212 quarum
2406 2153 2619 2213 tempus
2656 2150 2833 2198 minus
2863 2151 3219 2211 compertum.

1280 2271 1791 2389 PRIMA
1883 2271 2535 2391 CLASSIS.

660 2473 996 2535 EPISTULA
1037 2475 1246 2530 PRIMA
1262 2476 1278 2491 '
1316 2476 1419 2543 (a).

190 2565 488 2625 Consilium
530 2566 717 2636 aperit
777 2566 1124 2635 Augustinus
1192 2582 1413 2619 suorum
1470 2563 1739 2619 librorum
1789 2564 1852 2618 de

252 2655 621 2719 Academicis,
654 2660 704 2708 et
733 2654 1221 2727 Hermogenianum
1259 2654 1581 2709 sententiam
1608 2662 1759 2725 rogat
1789 2653 1851 2708 de

252 2762 311 2801 sa
339 2743 482 2817 quod
511 2743 609 2798 sub
634 2743 790 2813 finem
840 2744 993 2801 tertii
1022 2743 1157 2798 libri
1178 2744 1240 2798 de
1279 2742 1467 2799 iisdem
1516 2742 1851 2817 philosophis

248 2832 669 2905 pronuntiavit.

606 2953 1029 2997 ΗΕΗΜΟΟΕΝΙΑΝΟ
1070 2954 1428 2994 AUGUSTINUS.

247 3046 298 3099 ί.
334 3043 731 3099 Academicos
769 3059 902 3113 ego,
946 3059 1020 3098 ne
1049 3044 1202 3099 inter
1220 3044 1547 3114 jocandum
1580 3042 1845 3115 quidem,

176 3147 452 3205 unquam
464 3133 763 3188 lacessere
776 3133 1059 3189 auderem
1078 3152 1090 3191 :
1107 3135 1354 3204 quando
1369 3134 1526 3189 enim
1552 3149 1646 3188 me
1660 3138 1851 3191 tanto-

176 3238 310 3277 rum
329 3222 605 3276 virorum
622 3237 743 3276 non
772 3227 1037 3277 moveret
1061 3222 1403 3287 auctoritas,
1426 3222 1541 3277 nisi
1560 3237 1662 3279 eos
1679 3228 1849 3292 puta-

173 3326 298 3366 rem
325 3310 515 3381 longe
544 3310 605 3364 in
628 3310 764 3378 alia,
792 3326 977 3382 quam
1010 3310 1192 3379 vulgo
1222 3311 1512 3366 creditum
1530 3315 1636 3374 est,
1665 3310 1849 3365 fuisse

177 3400 517 3454 «nuntia?
537 3401 732 3463 Quare
758 3400 955 3470 potius
976 3415 1079 3454 eos
1108 3400 1370 3455 imitatus
1394 3416 1528 3455 sum
1553 3405 1851 3471 quantum

176 3488 357 3551 valui,
382 3503 576 3560 quam
600 3489 962 3559 expugnavi,
980 3488 1139 3560 quod
1153 3490 1400 3546 omnino
1413 3504 1535 3544 non
1554 3488 1741 3543 valeo.
1758 3488 1847 3541 Vi-

173 3576 351 3631 detur
383 3577 551 3631 enim
580 3577 726 3631 mihi
754 3576 899 3632 satis
928 3577 1277 3646 congruisse
1298 3577 1688 3648 temporibus,
1715 3582 1775 3632 ut
1801 3571 1851 3633 si

172 3666 325 3737 quid
357 3667 669 3720 sincerum
692 3669 767 3721 de
798 3666 959 3722 fonte
988 3666 1291 3722 Platonico
1306 3667 1703 3729 ﬂueret.inter
1725 3681 1853 3723 umv

174 3756 353 3810 brosa
367 3761 427 3809 et
458 3756 701 3826 spinosa
723 3757 971 3817 dumeta
996 3755 1196 3826 potius
1214 3756 1273 3812 in
1307 3755 1675 3826 pastionem‘
1698 3770 1849 3824 pau-

171 3845 569 3900 cissimorum
595 3844 914 3901 hominum
941 3843 1284 3907 duceretur,
1308 3859 1494 3915 quam
1517 3860 1624 3914 per
1644 3845 1854 3914 aperta

173 3948 359 3988 mana
370 3948 464 3993 ns,
496 3932 860 3989 irruentibus
882 3934 1108 4003 passim
1130 3933 1468 4005 pecoribus,
1484 3931 1651 3989 nullo
1669 3932 1852 3987 modo

170 4028 379 4093 posset
396 4022 702 4092 liquidum
728 4037 1069 4093 purumque
1087 4023 1330 4077 servari.
1361 4021 1514 4086 Quid
1536 4022 1695 4079 enim
1714 4035 1853 4075 con.

173 4112 519 4165 venientius
546 4111 749 4181 pecori
769 4116 876 4178 est,
898 4127 1081 4182 quam
1112 4112 1307 4182 putari
1337 4111 1603 4166 animam
1633 4125 1853 4179 corpus

175 4200 593 4257 esse?Contra
616 4200 965 4269 hujusmodi
997 4200 1275 4256 homines
1311 4200 1523 4271 opinor
1551 4214 1663 4268 ego
1690 4198 1852 4257 illam

174 4290 399 4345 utiliter
423 4289 832 4357 excogitatam
865 4289 965 4344 Dei
994 4288 1119 4345 veri
1144 4289 1221 4359 (b)
1249 4294 1438 4345 artem
1470 4295 1649 4359 atque
1680 4288 1853 4349 ratio-

169 4395 341 4435 nem.
372 4381 493 4433 Hoc
518 4385 720 4433 autem
754 4378 973 4434 sarculo
1008 4395 1146 4434 cum
1168 4378 1297 4449 jam
1328 4378 1525 4435 nullos
1539 4378 1853 4435 videamus

169 4466 599 4539 philosophos,
628 4467 736 4522 nisi
761 4467 909 4523 forte
924 4467 1219 4523 amiculo’
1251 4472 1532 4537 corporis,
1557 4483 1711 4537 quos
1724 4468 1852 4538 qui.

171 4557 313 4611 dem
332 4556 501 4611 haud
517 4557 854 4611 censuerim
867 4556 1087 4627 dignos
1104 4561 1226 4612 tam
1241 4556 1563 4611 venerabili
1586 4556 1847 4621 nomine,

170 4644 509 4700 reducendi
534 4644 678 4699 mihi
696 4646 974 4701 videntur
986 4645 1259 4701 homines
1274 4645 1346 4716 (si
1375 4661 1527 4715 quos
1544 4645 1852 4703 Academi-

172 4750 386 4789 corum
403 4749 516 4805 per
528 4734 845 4789 verborum
861 4734 1168 4803 ingenium
1182 4750 1218 4789 a
1246 4750 1445 4790 rerum
1463 4735 1852 4805 comprehena

172 4826 343 4877 sione
356 4822 651 4877 deterruit
679 4824 970 4879 sententia
984 4824 1027 4895 ³)
1046 4825 1105 4879 in
1121 4839 1289 4895 spem
1323 4824 1685 4894 reperiendae
1700 4824 1851 4882 veri-

234 5002 257 5021 ‘
300 4999 587 5066 Becensita
612 5004 690 5049 est
718 5001 787 5049 ad
813 5001 942 5066 Mss.
982 5001 1051 5066 bl.
1088 5001 1171 5066 c_b.
1221 5014 1311 5066 gg.
1358 5015 1447 5063 gv.
1481 5015 1536 5051 n.
1564 5015 1605 5052 r.
1645 5002 1724 5053 sb.
1773 5003 1847 5052 th.

177 5076 254 5112 rc.
285 5062 425 5113 duos
448 5067 485 5111 t.
522 5064 659 5111 duos
697 5078 745 5112 v.
775 5068 825 5113 et
855 5063 921 5113 ad
953 5063 1079 5113 edit.
1115 5062 1240 5113 Lov.

230 5130 247 5157 ³
275 5124 361 5173 Sic
394 5126 517 5173 Mss.
552 5129 619 5172 At
652 5124 793 5181 Lov.,
828 5126 883 5173 in
915 5127 1373 5187 possessionem.—
1398 5125 1488 5175 Er.
1527 5129 1587 5174 ut
1610 5126 1740 5175 Lov.
1778 5128 1846 5177 M.

229 5191 251 5223 ³
277 5188 405 5235 Mss.
438 5187 726 5236 duodecim
755 5188 968 5243 habent,
998 5189 1227 5237 clanculo
1248 5189 1499 5249 corporis.

231 5252 251 5282 ³
286 5251 434 5305 Lov.,
456 5264 819 5313 perversurum
856 5252 1115 5313 ingenium
1146 5266 1368 5301 ararum
1399 5250 1848 5313 comprehensione

176 5312 589 5378 deterruissctjn
613 5326 775 5377 spem,
803 5312 993 5378 εἰς.)ὶί
1020 5327 1127 5378 qua
1152 5315 1355 5362 ratione
1386 5312 1620 5376 perversn
1653 5314 1847 5363 Acade-

173 5377 312 5424 mici.
342 5374 723 5437 siquidem,'ut
741 5388 863 5421 mox
889 5374 1090 5424 dictum
1113 5380 1208 5430 est,
1238 5374 1401 5424 arteni
1434 5382 1479 5424 st
1500 5378 1751 5425 rationem
1782 5383 1848 5425 ts-

174 5439 324 5498 gendt
345 5438 461 5485 veri
490 5438 589 5491 (sic
622 5438 763 5485 enim
793 5437 1078 5499 legendum
1102 5452 1400 5493 censemus,
1430 5453 1556 5488 non.
1591 5440 1686 5487 Dei
1717 5441 1843 5495 veri,

178 5506 232 5553 ut
268 5500 612 5565 libriromnes
647 5499 867 5562 habent)
898 5500 1097 5565 utiliter
1126 5502 1492 5564 excogitarunt
1519 5501 1847 5565 RQuaprop-

237 5565 305 5621 (τι)
336 5562 482 5612 Alias
533 5564 675 5627 2137;
710 5575 831 5625 quae
864 5567 1044 5615 autem
1074 5564 1095 5615 1
1130 5562 1281 5619 θναῐξ
1314 5578 1456 5613 nunc
1485 5564 1591 5611 132.
1640 5562 1847 5627 scripta

178 5624 314 5674 circa
337 5627 431 5673 ﬁn.
465 5639 554 5675 an.
588 5626 701 5672 386.

237 5689 304 5746 (b)
338 5688 514 5743 Forte,
539 5686 761 5750 tegendi
789 5689 913 5736 veri.

1957 2475 2130 2531 tatis:
2174 2491 2247 2533 ne
2274 2474 2335 2530 id
2364 2475 2531 2548 quod
2569 2473 2944 2529 eradicandis
2974 2472 3280 2529 altissimis
3320 2472 3622 2527 erroribus

1959 2580 2069 2636 pro
2123 2571 2388 2635 tempore
2441 2562 2965 2621 accommodatum
3023 2562 3153 2627 fuit,
3201 2562 3330 2631 jam
3370 2560 3622 2633 incipiat

1959 2653 2298 2708 inserendas
2331 2652 2590 2709 scientias
2621 2651 3050 2723 impedimento
3083 2666 3237 2704 esse.

2030 2745 2338 2797 2.’l’antum
2356 2742 2512 2797 enim
2528 2747 2669 2795 tunc
2683 2740 2986 2795 variarum
3000 2744 3296 2794 sectarum
3311 2737 3505 2793 studia
3518 2737 3625 2793 ﬂa-

1960 2830 2308 2899 grabant,ut
2321 2830 2465 2885 nihil
2480 2829 2759 2887 metuend
2770 2844 2870 2882 um
2881 2833 3033 2884 esset
3047 2827 3156 2881 nisi
3173 2826 3308 2881 falsi
3323 2826 3623 2898 approba-

1959 2918 2279 2974 tio.Pulsus
2292 2925 2492 2974 autem
2506 2919 2763 2990 quisque
2777 2916 2889 2971 illis
2904 2917 3270 2985 argumentis
3284 2915 3361 2970 ab
3374 2931 3443 2969 eo
3456 2915 3621 2986 quod

1960 3021 2021 3061 se
2051 3006 2294 3061 ﬁrmum
2318 3013 2375 3061 et
2400 3008 2829 3061 inconcussum
2861 3011 3057 3060 tenere
3085 3003 3436 3071 crediderat,
3458 3008 3623 3059 tanto

1957 3096 2329 3151 constantius
2342 3100 2521 3166 atque
2538 3094 2768 3151 cautius
2790 3093 2953 3148 aliud
2975 3092 3307 3164 quaerebat,
3323 3097 3552 3163 quanto
3565 3096 3623 3151 et

1960 3185 2021 3239 in
2037 3183 2304 3239 moribus
2323 3185 2518 3254 major
2542 3189 2667 3241 erat
2690 3181 3006 3243 industria,
3029 3185 3087 3235 et
3107 3181 3164 3233 in
3184 3186 3395 3235 natura
3416 3194 3615 3234 rerum

1961 3279 2141 3344 atque
2178 3274 2519 3328 animorum
2546 3270 2839 3326 altissima
2876 3275 2932 3325 et
2959 3268 3411 3339 implicitissima
3434 3266 3615 3322 latere

1961 3363 2173 3419 veritas
2196 3362 2577 3417 sentiebatur.
2593 3363 2779 3416 Tanta
2800 3375 2978 3431 porro
2992 3374 3151 3413 nunc
3169 3357 3547 3426 fugalaboris
3559 3361 3618 3412 et

1958 3451 2188 3515 incuria
2220 3452 2517 3505 bonarum
2568 3450 2809 3509 artium,
2838 3455 2902 3503 ut
2932 3447 3109 3503 simul
3138 3452 3318 3518 atque
3350 3445 3617 3501 sonuerit

1958 3542 2320 3596 acutissimis
2339 3539 2711 3610 philosophis
2729 3553 2858 3593 esse
2878 3539 3068 3591 visum
3096 3536 3239 3591 nihil
3257 3549 3435 3606 posse
3451 3550 3620 3588 com—

1960 3629 2577 3700 prehendi,dimittant
2594 3632 2815 3689 mentes
2838 3628 2962 3681 etin
2982 3631 3269 3680 aeternum
3288 3623 3614 3678 obducant.

1960 3723 2087 3774 Non
2109 3719 2265 3773 enim
2299 3718 2521 3772 audent
2551 3715 2879 3770 vivaciores
2901 3730 2960 3767 se
2981 3714 3094 3767 illis
3116 3712 3375 3768 credere.
3410 3716 3473 3765 ut
3503 3710 3617 3765 sibi

1960 3813 2248 3877 appareat
2276 3807 2442 3877 quod
2473 3810 2635 3859 tanto
2661 3802 2875 3865 studio,
2913 3802 3175 3869 ingenio,
3198 3801 3339 3864 otio,
3368 3806 3488 3854 tam
3516 3798 3618 3853 de-

1959 3894 2141 3965 nique
2182 3895 2370 3950 multa
2408 3892 2840 3963 multiplicique
2870 3889 3165 3955 doctrina,
3198 3893 3501 3960 postremo
3532 3886 3615 3940 vi-

1961 3983 2212 4039 taetiam
2234 3982 2585 4051 longissima
2610 3979 2946 4035 Carneades
2975 3978 3240 4032 invenire
3254 3991 3374 4031 non
3402 3974 3613 4046 potuit.

1961 4072 2017 4128 Si
2049 4087 2186 4126 vero
2210 4071 2390 4125 etiam
2421 4070 2796 4143 aliquantum
2825 4068 3158 4127 obnitentes
3198 4065 3487 4120 adversus
3526 4063 3617 4133 pi-

1961 4161 2218 4231 gritiam,
2234 4160 2483 4230 legerint
2503 4160 2749 4214 eosdem
2764 4157 2967 4220 libros,
2986 4155 3208 4227 quibus
3225 4154 3398 4226 quasi
3420 4157 3617 4213 osten-

1960 4251 2119 4305 ditur
2146 4256 2376 4311 naturaa
2409 4250 2692 4307 humanae
2739 4248 3037 4315 denegata
3089 4243 3417 4323 perceptio;
3452 4246 3616 4301 tanto

1959 4344 2198 4410 torpore
2221 4338 2674 4400 indormiscunt,
2702 4342 2893 4390 utnec
2916 4334 3135 4389 cmlesti
3160 4332 3301 4387 tuba
3320 4330 3614 4401 evigilent.

2029 4427 2083 4484 3.
2118 4428 2522 4492 Quamobrem
2546 4442 2681 4480 cum
2706 4423 3119 4493 gratissimum
3152 4422 3413 4476 habeam
3444 4418 3616 4473 ﬁdele

1954 4516 2249 4588 judicium
2277 4522 2444 4573 tuum
2468 4515 2541 4569 de
2564 4512 2774 4569 libellis
2798 4509 3407 4581 meis,tantumquein
3424 4512 3475 4562 te
3490 4521 3615 4561 mo-

1961 4606 2143 4660 menti
2174 4620 2419 4675 ponam,
2451 4609 2631 4657 utnec
2647 4617 2809 4657 error
2835 4602 2892 4655 in
2910 4606 3071 4659 tuam
3093 4598 3492 4670 prudentiam,
3511 4610 3617 4655 nec

1958 4695 2017 4750 in
2033 4693 2353 4749 amicitiam
2370 4691 2670 4746 simulatio
2684 4689 2895 4744 cadere
2911 4689 3121 4759 possit,
3139 4686 3281 4742 illud
3308 4685 3499 4755 magis
3513 4699 3620 4754 pe-

1960 4782 2374 4852 todiligentius
2397 4780 2758 4843 consideres,
2792 4777 3060 4849 mihique
3092 4776 3386 4832 rescribas
3418 4779 3618 4831 utrum

1958 4871 2435 4946 approbesquod
2448 4872 2507 4925 in
2522 4874 2788 4925 extremo
2803 4869 2950 4923 tertii
2963 4867 3099 4925 libri
3112 4864 3423 4937 suspiciosi
3434 4863 3625 4919 usfor"

1959 4969 2117 5024 tasse
2134 4978 2313 5034 quam
2346 4960 2583 5025 certius,
2602 4958 3033 5023 utiliustameu,
3060 4960 3122 5011 ut
3143 4955 3615 5022 arbitror,quam

1955 5051 2363 5108 incredibilius
2394 5048 2600 5121 putavi
2628 5046 3015 5104 credendum.
3048 5043 3335 5115 Equidem
3365 5053 3612 5110 quoquo

1956 5140 2139 5196 modo
2168 5155 2229 5194 se
2262 5138 2521 5197 habeant
2544 5137 2655 5191 illae
2688 5136 2912 5207 litterae,
2938 5148 3059 5188 non
3094 5140 3214 5185 tam
3239 5144 3333 5184 me
3360 5126 3613 5182 delectat

1955 5228 2463 5302 quod,utscribis,
2495 5224 2887 5283 Academicos
2911 5222 3155 5278 vicerim
3183 5217 3419 5290 (scribis
3449 5214 3611 5271 enim

1953 5319 2069 5374 hoc
2098 5318 2398 5373 amantius
2415 5316 2560 5372 forte
2582 5330 2767 5393 quam
2793 5312 3033 5379 verius),
3062 5324 3249 5380 quam
3274 5305 3440 5378 quod
3466 5304 3615 5359 mihi

1952 5408 2298 5480 abruperim
2328 5404 2776 5461 odiosissimum
2794 5395 3381 5470 retinaculum,quod
3399 5395 3475 5452 ab
3490 5395 3619 5469 phi-

1951 5565 2032 5610 ter
2090 5560 2267 5608 locum
2304 5554 2711 5606 emendavimus
2746 5551 2813 5601 ad
2857 5550 3041 5601 decem
3089 5550 3212 5599 Mss.
3268 5549 3358 5612 qui
3391 5548 3611 5612 habent.

1988 5638 2043 5671 sr
2066 5623 2337 5671 verborum
2387 5618 2710 5679 ingenium...
2742 5614 3015 5669 deterruit,
3049 5614 3178 5672 sive,
3201 5611 3418 5679 terruit;
3439 5625 3467 5660 ο
3496 5611 3614 5674 qui-

1991 5700 2052 5734 us
2080 5688 2257 5733 tamen
2291 5675 2504 5731 nonnisi
2531 5679 2638 5729 duo
2670 5679 2902 5729 retinent
2932 5690 3115 5729 vocem
3152 5675 3425 5729 sententia.
