4108 6172
187 166 262 229 65
1450 156 1536 209 ΕΡ
1564 147 1878 208 STOLARE

2000 146 2275 204 CLASSIS
2316 148 2359 202 Ι.
3268 99 3287 109 φ
3540 148 3610 202 66

185 312 345 360 rum,
379 308 520 349 cum
572 304 679 362 per
729 302 864 344 eam
895 284 1019 349 ﬁat,
1052 285 1116 339 ut
1143 280 1338 337 caeteri
1389 282 1683 335 amentur.
1736 273 1850 331 Sed

187 392 390 442 tamen
423 398 532 438 cur
562 384 762 437 tantus
794 381 880 431 est
910 370 1219 431 mundus?
1248 372 1481 442 poterat
1519 368 1678 423 enim
1719 379 1849 419 esse

186 475 277 531 vel
308 474 529 542 major,
564 469 655 524 vel
694 466 949 523 brevior.
981 461 1221 517 Nescio:
1258 458 1371 514 tale
1415 462 1503 513 est
1549 456 1728 510 enim.
1787 455 1851 507 Et

188 580 292 620 cur
317 564 437 618 hoc
465 561 600 616 loco
632 558 829 630 potius
858 568 1042 626 quam
1075 551 1216 606 illo?
1245 552 1358 605 Nec
1390 548 1448 602 in
1476 561 1545 601 ea
1580 562 1641 599 re
1674 542 1852 597 debet

189 670 317 710 esse
364 650 649 723 quzestio,
680 646 778 702 ubi
836 642 1131 716 quidquid
1161 644 1339 704 esset,
1374 636 1627 708 quaestio
1674 635 1848 687 esset.

190 746 387 800 Unum
419 739 568 794 illud
600 737 857 793 multum
891 733 1187 796 movebat,
1244 727 1411 801 quod
1464 723 1694 781 infinite
1727 736 1853 776 cor-

189 847 337 904 pora
367 831 735 884 secarentur.
769 825 872 880 Cui
924 822 1173 878 fortasse
1231 831 1587 889 responsum
1629 815 1736 876 est,
1778 810 1853 865 de

190 921 241 976 vi
273 918 584 975 contraria
625 911 1009 983 intelligibilis
1048 908 1301 965 numeri.

259 1011 314 1064 3.
348 1007 466 1065 Sed
500 1010 781 1078 exspecta
813 1022 827 1069 ;
864 1002 1180 1057 videamus
1209 996 1355 1069 quid
1388 997 1462 1051 sit
1504 995 1619 1049 hoc
1651 991 1855 1048 nescio

190 1097 363 1171 quid,
387 1095 554 1168 quod
581 1092 918 1164 suggeritur
931 1089 1112 1144 menti
1142 1105 1154 1142 :
1184 1091 1338 1141 certe
1364 1082 1661 1140 sensibilis
1680 1094 1857 1137 mun-

191 1167 306 1242 dus
319 1167 529 1240 nescio
544 1183 717 1252 cujus
731 1177 1119 1249 iutelligibilis
1134 1177 1334 1245 imago
1356 1189 1488 1228 esse
1500 1172 1736 1227 dicitur.
1763 1167 1858 1224 Mi-

191 1292 327 1331 rum
362 1279 568 1329 autem
592 1276 684 1326 est
703 1269 868 1341 quod
894 1268 952 1322 in
986 1265 1353 1334 imaginibus
1383 1262 1675 1323 videmus,
1703 1272 1859 1329 quas

193 1364 445 1436 specula
456 1362 747 1417 referunt:
768 1373 910 1413 nam
925 1355 1196 1428 quamvis
1210 1352 1475 1422 ingentia
1488 1348 1733 1421 specula
1746 1347 1861 1400 sint

194 1469 315 1509 non
334 1452 602 1507 reddunt
624 1448 883 1519 majores
904 1446 1217 1514 imagines,
1233 1457 1419 1514 quam
1442 1442 1581 1493 sunt
1607 1448 1863 1506 corpora

193 1543 375 1597 etiam
400 1534 1110 1605 brevissimaobjecta.ln
1138 1531 1339 1604 parvis
1354 1535 1554 1583 autem
1579 1523 1860 1596 specillis,

196 1632 349 1686 sicut
376 1631 438 1684 in
471 1627 717 1700 pupillis
736 1625 1071 1686 oculorum,
1106 1620 1213 1676 etsi
1254 1633 1472 1688 magna
1512 1614 1691 1671 facies
1732 1628 1863 1668 sese

198 1724 495 1791 opponat,
518 1716 881 1771 brevissima
911 1712 1113 1779 imago
1144 1725 1252 1781 pro
1285 1707 1467 1762 modo
1500 1702 1727 1776 speculi
1749 1701 1866 1757 for-

198 1816 418 1864 matur.
460 1808 619 1875 Ergo
649 1808 706 1859 et
730 1801 1028 1872 imagines
1061 1814 1381 1871 corporum
1418 1794 1605 1849 minui
1636 1793 1790 1861 licet,
1818 1791 1867 1845 si

204 1896 453 1970 specula
477 1896 857 1950 minuantur:
879 1890 1102 1961 augeri,
1128 1888 1174 1942 si
1198 1889 1549 1958 augeantur,
1574 1898 1695 1938 non
1710 1883 1866 1938 licet.
1958 1944 1963 1957 η,

204 1990 307 2043 Hic
320 1985 589 2058 profecto
603 1982 827 2055 aliquid
844 1982 1003 2043 latet,
1022 1980 1125 2034 sed
1140 1992 1300 2032 nunc
1317 1973 1738 2031 dormiendum
1755 1977 1865 2028 est.

204 2079 404 2147 Neque
427 2074 591 2128 enim
617 2071 894 2128 Nebridio
925 2070 1137 2124 beatus
1160 2066 1487 2138 quaerendo
1512 2064 1737 2127 videor,
1763 2061 1871 2117 sed

206 2166 468 2222 fortasse
489 2162 719 2233 aliquid
742 2157 1118 2215 inveniendo.
1153 2156 1219 2211 Id
1245 2160 1447 2211 autem
1475 2152 1702 2224 aliquid
1723 2151 1872 2223 quid

207 2260 294 2310 est
322 2255 351 2310 ?
379 2269 462 2309 an
494 2252 594 2307 illa
619 2249 1012 2317 ratiocinatio,
1048 2246 1141 2302 cui
1164 2250 1451 2316 tanquam
1497 2242 1687 2297 unicus
1722 2255 1870 2296 mea:

209 2342 477 2399 blandiri
500 2340 686 2407 soleo,
720 2344 773 2393 et
805 2354 875 2392 ea
898 2353 991 2391 me
1019 2335 1193 2391 nimis
1226 2333 1522 2389 oblectare
1555 2331 1583 2385 ?

280 2436 334 2487 4.
369 2430 540 2486 Unde
572 2433 920 2483 constamus
941 2424 968 2478 ‘P
992 2428 1066 2478 Ex
1100 2424 1304 2478 animo
1335 2425 1393 2475 et
1419 2434 1686 2491 corpore.
1718 2417 1871 2484 Quid

211 2522 432 2577 horum
464 2518 680 2574 melius
710 2516 739 2571 ?
763 2515 1044 2570 Videlicet
1067 2514 1325 2567 animus.
1355 2510 1506 2576 Quid
1531 2508 1781 2564 laudant
1811 2507 1872 2561 in

210 2625 465 2681 corpore
496 2608 526 2662 ?
556 2606 709 2662 Nihil
736 2605 898 2661 aliud
924 2603 1097 2659 video
1126 2617 1307 2674 quam
1342 2598 1870 2672 pulchritudinem.

213 2699 366 2764 Quid
394 2702 486 2753 est
522 2696 791 2767 corporis
824 2691 1205 2766 pulchritudo
1242 2690 1270 2746 ?
1302 2688 1703 2759 Congruentia
1733 2700 1872 2758 par-

212 2789 365 2843 tium
379 2803 521 2842 cum
541 2783 806 2856 quadam
831 2782 1046 2838 coloris
1070 2780 1381 2835 suavitate.
1410 2781 1539 2833 Haec
1554 2777 1747 2831 forma
1770 2775 1873 2830 ubi

209 2892 355 2932 vera
374 2875 695 2938 melior,an
724 2871 827 2927 ubi
842 2871 996 2926 falsa
1021 2869 1048 2924 ?
1067 2869 1205 2934 Quis
1228 2865 1575 2922 dubitetubi
1594 2879 1735 2919 vera
1762 2866 1870 2928 est,

212 2982 342 3021 esse
381 2962 695 3020 meliorem
727 2960 755 3016 ‘l
785 2959 891 3016 Ubi
916 2974 1058 3029 ergo
1092 2973 1230 3013 vera
1268 2960 1355 3011 est
1382 2956 1409 3011 ‘?
1440 2956 1505 3010 In
1531 2954 1735 3009 animo
1767 2952 1877 3007 sci-

212 3054 367 3110 licet.
394 3054 653 3107 Animus
676 3050 856 3121 igitur
880 3048 1071 3117 magis
1090 3046 1390 3102 amandus
1421 3048 1511 3100 est
1535 3059 1720 3117 quam
1750 3056 1876 3098 cor-

214 3160 351 3215 pus.
378 3142 495 3198 Sed
510 3142 569 3196 in
586 3156 709 3213 qua
722 3144 886 3211 parte
900 3136 1209 3193 animiista
1227 3134 1546 3191 estveritas
1559 3134 1586 3186 ‘I
1599 3134 1659 3188 In
1682 3137 1876 3187 mente

212 3239 396 3305 atque
430 3229 838 3298 intelligentia.
865 3228 1016 3296 Quid
1040 3227 1174 3282 huic
1196 3226 1548 3281 adversatur
1576 3224 1603 3279 ‘2
1633 3225 1874 3278 Sensus.

214 3320 643 3378 Resistendum
670 3334 813 3389 ergo
835 3317 1111 3373 sensibus
1134 3317 1267 3371 totis
1288 3314 1473 3371 animi
1499 3313 1723 3367 viribus
1742 3311 1768 3365 ?
1800 3311 1882 3367 Li-

214 3415 393 3484 quet.
426 3409 579 3475 Quid
604 3407 651 3463 si
677 3406 981 3463 sensibilia
1001 3405 1252 3461 nimium
1282 3404 1579 3459 delectant
1604 3402 1633 3457 ?
1665 3402 1789 3457 Fiat
1818 3406 1883 3455 ut

217 3516 346 3556 non
378 3499 694 3554 delectent.
730 3497 893 3553 Unde
924 3495 1041 3551 ﬁt?
1064 3492 1505 3550 Consuetudine
1544 3491 1614 3546 iis
1641 3489 1887 3546 carendi

220 3588 677 3661 appetendique
709 3585 975 3641 meliora.
1022 3583 1174 3649 Quid
1213 3583 1262 3638 si
1294 3582 1545 3638 moritur
1580 3581 1820 3635 animus
1858 3577 1887 3631 ?

224 3680 381 3747 Ergo
404 3677 659 3733 moritur
673 3675 912 3741 veritas,
943 3679 1045 3729 aut
1069 3688 1187 3729 non
1215 3678 1306 3728 est
1328 3670 1715 3740 intelligentia
1742 3667 1891 3722 veri-

225 3773 344 3831 tas,
377 3771 487 3823 aut
520 3764 909 3835 intelligentia
938 3779 1059 3819 non
1091 3767 1181 3819 est
1209 3762 1268 3817 in
1300 3761 1523 3825 animo,
1558 3763 1661 3814 aut
1695 3759 1892 3829 potest

227 3858 382 3912 mori
406 3855 638 3928 aliquid
661 3857 719 3910 in
750 3855 913 3927 quod
946 3853 1171 3926 aliquid
1204 3850 1539 3907 immortale
1570 3852 1660 3905 est
1699 3864 1711 3903 :
1742 3846 1891 3901 nihil

226 3952 439 4003 autem
451 3945 674 4001 horum
702 3943 824 3999 ﬁeri
842 3959 1023 4016 posse
1047 3940 1369 4012 Soliloquia
1381 3944 1587 3995 nostra
1603 3939 1732 4009 jam
1748 3952 1891 3992 con-

229 4037 446 4105 tinent,
479 4033 746 4105 satisque
761 4046 1117 4103 persuasum
1141 4028 1379 4095 est;sed
1392 4026 1594 4082 nescio
1620 4042 1740 4097 qua
1753 4041 1893 4081 con-

228 4124 557 4181 suetudine
609 4122 909 4177 malorum
946 4121 1281 4176 territamur
1328 4123 1507 4189 atque
1541 4115 1895 4172 titubamus.

226 4216 551 4271 Postremo
564 4210 795 4267 etiamsi
818 4210 1066 4266 moritur
1078 4209 1338 4273 animus,
1353 4206 1515 4279 quod
1535 4204 1699 4261 nullo
1713 4204 1901 4261 modo

236 4318 423 4377 posse
455 4302 585 4357 ﬁeri
614 4300 811 4366 video,
843 4315 962 4355 non
980 4314 1111 4355 esse
1138 4304 1335 4353 tamen
1368 4296 1608 4352 beatam
1631 4295 1813 4350 vitam
1835 4293 1898 4349 in

246 4393 458 4449 laetitia
484 4388 856 4445 sensibilium
881 4388 995 4444 hoc
1040 4388 1160 4444 otio
1191 4386 1333 4443 satis
1368 4384 1744 4457 exploratum
1784 4388 1895 4439 est.

234 4484 341 4539 His
365 4480 549 4536 rebus
577 4478 824 4535 fortasse
873 4482 1050 4549 atque
1081 4476 1300 4533 talibus
1342 4474 1619 4531 Nebridio
1674 4489 1809 4528 meo
1850 4472 1900 4527 si

232 4587 367 4628 non
408 4570 639 4633 beatus,
682 4573 743 4624 at
770 4572 924 4623 certe
962 4566 1135 4638 quasi
1173 4565 1385 4620 beatus
1412 4562 1620 4618 videor
1652 4578 1665 4616 :
1693 4562 1901 4618 videar

234 4667 296 4717 et
348 4659 497 4715 mihi
541 4676 556 4722 ;
610 4657 756 4729 quid
787 4655 925 4711 inde
951 4655 1152 4726 perdo,
1182 4659 1410 4709 autcur
1438 4668 1682 4724 parcam
1724 4651 1900 4706 bonae

236 4747 574 4822 opinioni?
602 4747 737 4801 Haec
763 4745 908 4801 mihi
932 4745 1051 4800 dixi
1100 4762 1112 4799 :
1156 4744 1373 4799 deinde
1404 4742 1594 4812 oravi,
1650 4746 1711 4797 ut
1752 4740 1900 4796 sole-

238 4840 411 4904 bam,
445 4843 625 4909 atque
655 4832 931 4891 dormivi.

314 4930 513 4983 5.Hmc
530 4922 1017 4998 placuitscribere
1034 4920 1423 4977 tibi.Delectat
1443 4920 1605 4976 enim
1629 4936 1723 4975 me
1737 4918 1903 4991 quod

241 5018 389 5074 mihi
410 5016 637 5089 gratias
660 5014 806 5084 agis,
836 5012 883 5067 si
905 5011 1052 5067 nihil
1070 5015 1125 5067 te
1147 5011 1383 5082 quodin
1407 5010 1665 5065 buccam
1683 5008 1907 5064 venerit

240 5107 469 5174 celem;
498 5112 556 5162 et
576 5102 837 5175 gaudeo,
862 5101 1005 5173 quia
1020 5101 1104 5156 sic
1127 5100 1229 5157 tibi
1254 5100 1481 5172 placeo.
1510 5098 1696 5170 Apud
1720 5114 1906 5170 quem

239 5197 421 5267 igitur
448 5193 737 5250 libentius
763 5191 1070 5263 ineptiam,
1104 5205 1289 5262 quam
1321 5189 1414 5243 cui
1445 5187 1751 5259 displicere
1782 5201 1906 5242 non

234 5301 490 5358 possum
516 5284 630 5340 ?At
656 5281 785 5338 siin
808 5284 1099 5353 potestate
1117 5279 1363 5335 fortuna)
1376 5283 1479 5343 est,
1512 5283 1573 5333 ut
1596 5275 1905 5333 hominem

237 5380 395 5431 amet
411 5374 622 5439 homo,
652 5371 790 5427 vide
811 5386 1001 5442 quam
1023 5369 1238 5425 beatus
1265 5369 1399 5435 sim,
1419 5368 1522 5438 qui
1544 5367 1617 5421 de
1646 5364 1904 5421 fortuitis

238 5470 361 5520 tam
388 5464 648 5520 multum
669 5459 930 5531 gaudeo,
951 5464 1004 5513 et
1031 5458 1166 5514 talia
1190 5462 1370 5525 bona,
1402 5456 1609 5520 fateor,
1630 5456 1908 5511 desidero

240 5555 383 5612 mihi
400 5554 664 5611 ubertim
678 5551 1321 5608 accrescere.Fortunaa
1337 5550 1537 5603 autem
1556 5545 1717 5602 bona
1732 5546 1908 5600 veris-

1961 272 2095 329 simi
2113 272 2598 345 sapientes,quos
2622 270 2783 328 solos
2811 271 3021 328 beatos
3048 270 3138 328 fas
3160 276 3247 329 est
3272 272 3614 337 vocari,nec

1961 362 2151 417 timeri
2192 361 2521 427 voluerunt,
2563 377 2672 416 nec
2711 362 2869 433 cupi,
2910 377 2985 417 an
3016 362 3222 433 cupiri,
3278 367 3339 417 tu
3373 362 3609 417 videris.

1963 453 2027 506 Et
2050 450 2199 506 belle
2222 450 2455 506 accidit.
2482 454 2629 505 Nam
2672 450 2806 505 volo
2851 466 2945 505 me
2984 450 3401 507 declinationis
3436 451 3615 523 hujus

1962 556 2220 610 gnarum
2252 539 2452 595 facias.
2489 541 2631 594 Cum
2666 540 2824 594 enim
2852 538 3120 609 abjungo
3155 541 3333 595 verba
3370 539 3613 610 similia,

1961 628 2238 684 incertior
2266 629 2365 683 tio.
2390 629 2535 683 Nam
2567 629 2647 683 ita
2673 634 2762 682 est
2796 629 2994 698 cupio,
3026 634 3087 683 ut
3116 628 3304 698 fugio,
3336 634 3401 683 ut
3423 630 3617 699 sapio,

1964 716 2219 787 utjacio,
2250 721 2314 771 ut
2338 717 2511 787 capio
2538 735 2550 783 ;
2576 716 2681 771 sed
2705 722 2899 770 utrum
2926 716 3099 784 fugiri
3131 733 3207 771 an
3243 717 3385 787 fugi,
3417 723 3618 772 utrum

1965 806 2143 876 sapiri
2175 821 2251 859 an
2279 806 2428 876 sapi,
2463 806 2536 860 sit
2567 804 2782 859 modus
2805 803 3097 869 infinitus,
3118 805 3346 875 ignoro.
3378 806 3618 860 Possem

1965 896 2271 950 attendere
2292 894 2411 964 jaci
2427 900 2484 948 et
2500 894 2654 965 capi,
2670 895 2728 948 ni
2745 909 3061 948 verererne
3078 909 3171 947 me
3192 900 3430 963 caperet
3443 898 3619 965 etpro

1963 983 2224 1039 ludibrio
2244 983 2600 1053 jaceretquo
2624 982 2814 1045 vellet,
2834 982 2938 1052 qui
2960 980 3368 1052 aliudjactum
3402 988 3456 1036 et
3484 997 3621 1052 cap-

1968 1070 2283 1137 tum,aliud
2315 1070 2889 1141 fugitum,cupitum,
2923 1070 3183 1139 sapitum
3213 1085 3343 1125 esse
3374 1068 3625 1124 convin-

1968 1160 2443 1225 ceret.Qmeitem
2470 1160 2808 1228 tria,utrum
2831 1158 3166 1230 penultima
3187 1159 3367 1227 longa
3380 1162 3438 1213 et
3463 1157 3629 1213 intle-

1968 1266 2066 1313 xa,
2091 1265 2167 1303 an
2196 1249 2360 1317 gravi
2390 1248 2679 1319 brevique
2711 1248 3155 1319 pronuntianda
3185 1249 3321 1313 sint,
3362 1248 3629 1302 similiter

1971 1338 2197 1393 nescio.
2229 1337 2682 1392 Provocaverim
2716 1343 2767 1391 te
2790 1336 2869 1392 ad
2900 1336 3215 1407 epistolam
3248 1336 3576 1404 longiorem
3613 1351 3627 1401 ;

1972 1432 2131 1498 pcto,
2154 1432 2215 1481 ut
2240 1426 2421 1497 paulo
2443 1426 2661 1480 diutius
2686 1432 2737 1481 te
2759 1426 2976 1496 legam.
2997 1426 3147 1479 Nam
3169 1441 3289 1480 non
3313 1440 3466 1496 queo
3497 1428 3627 1479 tan-
3728 1430 3735 1435 '

1975 1520 2106 1570 tum
2136 1514 2351 1579 dicere,
2376 1523 2670 1587 quantum
2702 1515 2916 1586 volupe
2956 1520 3044 1569 est
3073 1514 3267 1583 legere
3310 1520 3379 1568 te.

2497 1622 2820 1679 EPISTOLA
2864 1622 2936 1675 1v
2966 1623 2982 1637 '
3008 1621 3107 1692 (a).

1979 1712 2321 1784 Augustinus
2348 1711 2635 1777 Nebridio,
2668 1712 2978 1782 signiﬁcans
2998 1711 3046 1764 ei
3067 1718 3323 1780 quantum
3346 1709 3635 1781 profecerit

2126 1803 2186 1856 in
2214 1818 2433 1870 secessu,
2463 1801 2902 1872 contemplatione
2924 1816 3108 1854 rerum
3137 1808 3491 1855 aeternorum.

2481 1923 2735 1963 NEBRIDIO
2775 1924 3128 1963 AUGUSTINUS.

2058 2020 2110 2073 l.
2152 2018 2358 2074 Mirum
2385 2016 2715 2072 admodum
2730 2020 3029 2088 est,quam
3062 2014 3205 2070 mihi
3235 2019 3447 2087 praeter
3469 2031 3637 2087 spem

1986 2105 2428 2178 evenerit,quod
2444 2122 2581 2161 cum
2595 2106 2833 2176 requiro
2846 2105 3069 2177 quibus
3084 2104 3345 2177 epistolis
3363 2104 3475 2159 tuis
3493 2104 3639 2159 mihi

1986 2195 2473 2268 respondendum
2488 2194 3047 2259 remanserit,unam
3064 2198 3284 2251 tantum
3298 2194 3489 2249 inveni
3506 2209 3640 2265 quas

1989 2301 2086 2341 me
2102 2285 2301 2340 adhuc
2332 2284 2655 2339 debitorem
2693 2288 3064 2354 teneret,qua
3102 2282 3253 2354 petis
3281 2286 3643 2337 uttantono-

1990 2379 2112 2430 stro
2142 2374 2281 2438 otio,
2304 2378 2599 2445 quantum
2614 2387 2741 2428 esse
2755 2371 3060 2428 arbitraris
3091 2376 3414 2437 tecum,aut
3437 2369 3645 2426 nobis-

1989 2463 2338 2535 cumcupis,
2362 2462 2697 2517 indicemus
2723 2461 2828 2516 tibi
2865 2460 3011 2533 quid
3038 2461 3098 2515 in
3130 2459 3425 2515 sensibilis
3464 2467 3644 2532 atque

1989 2551 2372 2624 intelligibilis
2404 2558 2631 2609 natura:
2644 2551 3044 2607 discernentia
3065 2549 3518 2622 profecerimus.
3537 2547 3646 2605 Sed

1991 2660 2116 2700 non
2134 2642 2697 2698 arbitroroccultum
2722 2640 2824 2697 tibi
2841 2656 2989 2704 esse,
3012 2639 3055 2694 si
3076 2640 3241 2695 falsis
3260 2637 3647 2710 opinionibus

1991 2738 2160 2789 tanto
2182 2733 2435 2804 quisque
2462 2732 2739 2786 inseritur
2768 2732 2981 2800 magis,
3014 2735 3242 2802 quanto
3260 2728 3453 2799 magis
3484 2730 3540 2783 in
3566 2728 3650 2783 eis

1993 2822 2318 2878 familiariu
2348 2837 2464 2892 que
2478 2820 2790 2885 volutatur,
2819 2819 2996 2874 multo
3022 2819 3083 2874 id
3116 2819 3343 2874 facilius
3384 2819 3443 2873 in
3470 2817 3650 2872 rebus

1995 2912 2149 2966 veris
2179 2910 2383 2965 animo
2397 2909 2683 2964 accidere.
2706 2909 2790 2964 Ita
2803 2912 3001 2963 tamen
3019 2907 3307 2978 paulatim
3322 2911 3386 2961 ut
3400 2921 3505 2977 per
3517 2911 3655 2961 teta-

1996 3006 2118 3055 tem
2150 2999 2515 3071 proﬁcimus.
2546 2997 2775 3068 Quippe
2798 3013 2933 3051 cum
2967 2995 3293 3067 plurimum
3335 2996 3485 3050 inter
3514 3009 3657 3065 pue-

1996 3105 2134 3145 rum
2162 3088 2521 3157 etjuvenem
2571 3086 2761 3149 distet,
2812 3100 2990 3139 nemo
3034 3102 3070 3140 a
3101 3084 3351 3155 pueritia
3390 3083 3657 3155 quotidie

1999 3178 2399 3246 interrogatus
2425 3193 2488 3230 se
2516 3175 2836 3247 aliquando
2856 3174 3140 3245 juvenem
3168 3172 3346 3227 dicet.

2076 3271 2128 3321 2.
2162 3265 2329 3330 Quod
2344 3264 2556 3319 noloin
2572 3280 2704 3318 eam
2719 3269 2951 3335 partem
2975 3259 3528 3332 accipias,utnosin
3561 3259 3655 3314 his

2001 3357 2187 3415 rebus
2227 3355 2401 3427 quasi
2446 3354 2523 3408 ad
2561 3353 2895 3424 quamdam
2920 3351 3134 3407 mentis
3161 3351 3533 3421 juventutem
3560 3347 3664 3403 ﬁr-

2006 3448 2213 3504 mioris
2255 3444 2655 3516 intelligentiae
2694 3442 2908 3498 robore
2960 3441 3308 3513 pervenisse
3339 3439 3662 3494 existimes.

2000 3538 2169 3592 Pueri
2198 3535 2358 3591 enim
2408 3550 2637 3598 sumus,
2699 3532 2822 3596 sed,
2879 3537 2941 3587 ut
2981 3530 3096 3585 dici
3138 3528 3374 3593 assolet,
3409 3527 3663 3582 forsitan

2007 3626 2162 3691 belli,
2194 3631 2250 3681 et
2293 3640 2413 3679 non
2446 3623 2587 3679 mali
2619 3624 2661 3676 ί.
2721 3625 2866 3677 Nam
2898 3620 3257 3692 plerumque
3286 3617 3664 3689 perturbatos

2009 3721 2066 3772 et
2092 3714 2467 3771 sensibilium
2504 3716 2821 3783 plagarum
2850 3709 2926 3781 (b)
2977 3709 3134 3764 curis
3165 3708 3411 3763 refertos
3453 3703 3667 3760 mentis

2009 3804 2216 3861 oculos
2247 3803 2345 3858 illa
2376 3802 2477 3856 tibi
2508 3800 2820 3856 notissima
2857 3798 3191 3853 ratiuncula
3243 3798 3303 3852 in
3335 3794 3670 3866 respiratio-

2011 3893 2387 3956 nem'levat,
2422 3894 2683 3944 mentem
2715 3885 3360 3958 atqueintelligentiam
3387 3882 3583 3937 oculis
3614 3887 3671 3935 et

2014 3984 2131 4040 hoc
2165 3981 2390 4049 vulgari
2421 3982 2666 4050 aspectu
2719 3992 2850 4031 esse
2877 3974 3194 4031 meliorem
3228 3971 3559 4045 :quodnon
3593 3971 3673 4025 ita

2015 4071 2315 4138 esset,nisi
2349 4069 2540 4138 magis
2573 4069 2773 4121 essent
2794 4064 2891 4120 illa
2919 4062 3668 4136 quaeintelligimus,quam

2016 4164 2135 4218 ista
2164 4177 2298 4233 quae
2338 4157 2658 4215 cernimus.
2686 4154 2790 4210 Cui
2829 4152 3262 4208 ratiocinationi
3303 4156 3497 4206 utrum
3527 4147 3675 4203 nihil

2015 4251 2213 4308 valide
2259 4247 2571 4305 inimicum
2612 4246 2702 4311 sit,
2736 4248 2873 4316 peto
2902 4258 3138 4298 mecum
3169 4240 3526 4296 consideres.
3556 4241 3675 4293 Hac

2018 4357 2133 4411 ego
2153 4339 2388 4395 interim
2417 4340 2737 4397 recreatus,
2770 4348 2905 4388 cum
2928 4336 3042 4387 Deo
3074 4332 3131 4385 in
3149 4329 3438 4385 auxilium
3468 4328 3676 4399 depre-

2020 4436 2177 4497 cato,
2208 4434 2264 4484 et
2285 4428 2343 4482 in
2376 4426 2666 4497 ipsum,et
2698 4424 2755 4477 in
2786 4437 2857 4477 ea
2883 4436 3016 4491 quae
3035 4419 3339 4475 verissime
3370 4433 3508 4473 vera
3537 4418 3678 4470 sunt

2022 4516 2207 4574 attolli
2230 4529 2488 4586 coepero,
2523 4516 2684 4567 tanta
2715 4523 3155 4580 nonnunquam
3181 4522 3379 4561 rerum
3432 4518 3677 4559 manen-

2022 4608 2172 4661 tium
2204 4602 2668 4676 praesumptione
2700 4599 3025 4669 compleor,
3076 4600 3139 4650 ut
3170 4596 3347 4649 mirer
3376 4593 3677 4649 interdum

2023 4696 2126 4751 illa
2156 4694 2302 4751 mihi
2326 4708 2481 4763 opus
2512 4704 2643 4744 esse
2664 4686 3132 4749 ratiocinatione,
3164 4690 3226 4739 ut
3253 4684 3381 4740 haec
3410 4698 3536 4738 esse
3557 4697 3679 4737 cre—

2026 4784 2193 4850 dam,
2233 4798 2369 4855 quaa
2423 4784 2591 4835 tanta
2646 4778 2852 4832 insunt
2905 4774 3242 4845 praesentia,
3298 4778 3526 4845 quanta
3567 4768 3680 4837 sibi

2023 4876 2280 4948 quisque
2294 4872 2659 4942 sitpraasens.
2678 4864 2963 4921 Recoletu
2975 4879 3247 4936 quoque;
3270 4878 3410 4917 nam
3426 4866 3478 4915 te
3494 4861 3680 4915 lateor

2027 4966 2211 5036 hujus
2250 4961 2473 5018 reiesse
2503 4955 3049 5026 diligentiorem,ne
3077 4952 3219 5023 quid
3250 4950 3681 5007 fortenesciens

2029 5052 2334 5125 rescriptis
2361 5049 2560 5106 adhuc
2585 5045 3013 5101 debeam.Nam
3030 5041 3310 5096 mihinon
3334 5038 3470 5093 facit
3499 5037 3683 5091 ﬁdem

2089 5174 2105 5205 ¹
2132 5172 2254 5223 Am.
2293 5168 2377 5216 Er.
2410 5168 2460 5215 et
2490 5163 2613 5212 Mss.
2639 5161 2765 5217 duo,
2796 5175 2901 5208 non
2935 5160 3088 5207 male.

2091 5235 2252 5282 'Mss.
2285 5229 2541 5293 plerique.
2582 5226 2637 5293 in
2674 5223 3031 5293 respiratione.

2092 5278 2300 5344 {ll—and
2329 5278 2773 5352 recdgnovimus-
2793 5285 2919 5352 αεὶ-α
2950 5280 3162 5352 131-_b3'
3188 5278 3269 5352 9b:
3303 5292 3390 5342 gg‘
3424 5292 3516 5342 ὅγ’
3550 5292 3603 5327 θ’
3633 5292 3681 5334 r'

2030 5361 2111 5410 sb.
2141 5343 2275 5405 duos
2307 5359 2343 5403 t.
2377 5343 2513 5401 duos
2540 5366 2589 5398 v.
2618 5349 2683 5399 ad
2722 5352 2834 5396 Am.
2866 5344 2991 5410 Bad.
3025 5343 3113 5396 Er.
3157 5346 3210 5391 et
3247 5344 3367 5410 Lov.

2094 5404 2342 5483 (aldtias
2378 5418 2468 5465 117
2500 5431 2511 5460 :
2542 5427 2659 5475 qute
2714 5414 2893 5459 autem
2926 5409 2953 5455 4
2988 5410 3119 5463 erat,
3154 5420 3297 5454 nunc
3328 5406 3440 5458 136,
3484 5404 3691 5467 Scripta

2031 5486 2175 5535 circa
2191 5483 2330 5529 idem
2368 5483 2613 5544 tempus.-

2095 5547 2167 5608 (ὁ)
2199 5544 2259 5593 Id
2282 5547 2350 5590 est
2370 5541 2796 5606 phantasiarum.
