4108 6172
466 130 537 188 ω
614 90 619 91 ν
1743 113 2229 173 s.wousrm1
2269 114 2599 175 EPISCOPI
3808 122 3884 180 σε

462 263 595 312 tam
607 254 917 310 multorum
928 262 1168 306 onerum
1178 254 1331 318 ,qtun
1345 244 1673 316 aliquando
1684 255 2119 299 unmeraveram

468 342 918 415 tamrepentina
931 337 1226 409 depositio
1249 353 1262 392 :
1284 334 1561 405 quamvis
1578 337 1630 387 te
1656 333 1955 403 accepisse
1971 330 2118 385 litte-

468 450 568 490 ras
582 449 747 489 meas
773 446 892 486 non
906 426 1172 483 dubitem
1183 440 1239 493 ,q
1250 438 1459 478 irarum
1475 422 1757 494 rescripta
1768 436 1889 475 non
1900 419 2116 474 habeo.

1011 522 1246 577 EPISTO
1257 521 1342 575 LA
1373 521 1432 573 ν·
1462 521 1560 590 (a).

470 622 513 676 Α
526 619 838 691 ugustinum
864 613 1173 669 Nebridius
1190 608 1599 681 deplorat,quod
1618 608 1850 662 nimium
1860 601 2120 674 interpel-

605 712 750 765 letur
774 706 975 763 civium
1005 704 1229 774 negotiis
1258 701 1323 755 ab
1350 702 1459 755 otio
1483 694 1971 771 contemplationis.

958 812 1258 855 AUGUSTINO
1302 813 1610 854 NEBRIDIUS.

534 897 691 953 Itane
716 902 810 959 est,
832 893 910 947 mi
933 890 1253 961 Augustine,
1283 887 1665 959 fortitudinem
1681 902 1742 939 ac
1765 882 2117 941 tolerantiam

464 986 692 1058 negotiis
724 982 921 1039 civium
953 987 1202 1051 prastas,
1234 978 1454 1032 necdum
1483 975 1585 1031 tibi
1622 974 1877 1030 redditur
1900 973 2001 1027 illa
2023 987 2116 1025 ex-

465 1083 651 1147 optata
672 1072 891 1129 cessatio
915 1071 944 1122 ?
968 1069 1169 1134 Quaso,
1201 1067 1295 1138 qui
1324 1072 1372 1120 te
1400 1068 1506 1120 tam
1546 1063 1735 1119 bonum
1768 1060 2001 1116 homines
2032 1061 2116 1113 in-

458 1164 748 1235 tet-pellant
781 1162 809 1216 ?
837 1160 1011 1215 Credo
1041 1158 1135 1229 qui
1183 1155 1427 1210 nesciunt
1455 1153 1585 1224 quid
1613 1168 1774 1216 ames,
1826 1149 1955 1221 quid
1996 1165 2115 1204 con-

455 1254 713 1323 cupiscas.
772 1246 1042 1304 Nullusne
1070 1246 1170 1300 tibi
1217 1251 1293 1299 est
1322 1244 1637 1305 amicorum,
1684 1242 1779 1311 qui
1805 1240 1880 1293 eis
1905 1253 2113 1292 amores

452 1346 659 1411 referat
701 1345 815 1393 tuos
836 1339 863 1391 ?
903 1352 995 1391 nec
1031 1334 1414 1400 Romanianus,
1446 1346 1537 1386 nec
1563 1330 1899 1384 Lucinianus
1924 1330 1941 1363 ¹
1976 1326 2004 1380 ‘l
2028 1326 2112 1382 Me

454 1439 596 1486 certe
656 1428 911 1483 audiant.
970 1424 1084 1496 Ego
1123 1423 1392 1485 clamabo,
1435 1436 1523 1491 ego
1577 1418 1812 1473 testabor
1856 1423 1902 1470 te
1943 1416 2113 1470 Deum

452 1537 659 1583 amare,
688 1518 784 1572 illi
812 1516 1019 1570 servire
1058 1521 1213 1583 atque
1262 1512 1526 1565 inhaerere
1549 1524 1757 1579 cupere.
1798 1506 1995 1564 Vellem
2024 1521 2114 1575 ego

457 1618 509 1663 te
536 1610 594 1661 in
625 1624 721 1661 rus
747 1622 917 1659 meum
965 1619 1171 1665 vocare,
1214 1600 1391 1670 ibique
1429 1599 1779 1668 acquiescere.
1821 1597 1943 1650 Non
1970 1595 2113 1648 enim

448 1696 647 1752 timebo
678 1712 756 1749 me
782 1693 1107 1747 seductorem
1151 1690 1233 1743 tui
1260 1688 1373 1743 dici
1400 1706 1435 1741 a
1459 1686 1665 1741 civibus
1710 1685 1838 1751 tuis,
1866 1698 1990 1754 quas
2019 1683 2115 1736 ni-

456 1790 622 1841 mium
651 1799 821 1850 amas,
864 1790 917 1836 et
955 1799 990 1835 a
1025 1779 1215 1850 quibus
1253 1777 1485 1831 nimium
1524 1776 1754 1830 amaris.

978 1885 1312 1942 EPISTOLA
1341 1885 1407 1938 v1
1435 1885 1471 1901 ··
1498 1883 1593 1953 (b).

447 1981 662 2038 Scribit
693 1978 994 2035 Nebridius
1026 1976 1207 2030 videri
1240 1974 1349 2029 sibi
1397 1972 1708 2027 memoriam
1735 1971 1857 2025 sine
1884 1969 2115 2040 phanta-

520 2072 606 2125 sia
631 2087 734 2124 esse
764 2085 872 2123 non
893 2083 1043 2137 posse
1070 2082 1086 2129 ;
1123 2072 1239 2119 tum
1267 2065 1435 2118 etiam
1472 2060 1775 2132 phantasia
1812 2059 1920 2113 vim
1952 2075 2055 2113 non
2079 2074 2113 2113 a

519 2174 695 2225 sensu,
725 2156 814 2211 sed
841 2174 875 2211 a
900 2171 958 2209 se
979 2155 1163 2225 potius
1194 2152 1452 2222 imagines
1482 2166 1669 2205 rerum
1695 2144 1907 2203 habere.

954 2257 1267 2298 AUGUSTINO
1306 2255 1609 2296 NEBRIDIUS.

440 2382 443 2383 ν
528 2340 579 2391 1.
612 2334 890 2407 Epistolas
913 2341 1035 2388 tuas
1046 2332 1319 2402 perplacet
1346 2330 1427 2384 ita
1451 2346 1667 2383 servare
1690 2335 1747 2383 ut
1766 2327 1945 2382 oculos
1957 2342 2110 2381 nicas.

451 2427 590 2481 Sunt
628 2426 771 2479 enim
796 2436 1025 2492 magnas,
1061 2436 1178 2475 non
1216 2416 1894 2489 quantitate,sedrebus,et
1912 2431 2131 2485 magna-

454 2532 581 2571 rum
621 2530 804 2567 rerum
832 2527 1059 2581 magnas
1088 2510 1375 2563 continent
1428 2507 1789 2577 probationes.
1830 2504 1953 2560 Illae
1990 2504 2129 2559 mihi

460 2600 884 2669 Christum,illas
896 2601 1017 2656 Pla
1030 2606 1231 2665 tonem,
1242 2597 1357 2651 illas
1368 2594 1645 2650 Plotinum
1659 2594 2130 2649 sonabunLErunt

455 2694 634 2763 igitur
659 2690 817 2754 mihi,
840 2696 888 2743 et
929 2688 1001 2742 ad
1040 2686 1372 2741 audiendum
1396 2684 1980 2755 proptereloquentiam
2008 2681 2129 2736 dul-

454 2798 555 2847 ces,
591 2786 640 2834 et
663 2778 735 2834 ad
760 2777 1037 2847 legendum
1062 2780 1291 2845 propter
1309 2774 1621 2828 brevitatem
1641 2772 1850 2843 faciles,
1873 2778 1927 2827 et
1947 2771 2019 2825 ad
2044 2771 2129 2824 iu-

455 2868 801 2940 telligendum
828 2874 1050 2937 propter
1088 2863 1427 2934 sapientiam
1456 2862 1715 2917 salubres.
1751 2860 1983 2917 Curabis
2005 2875 2130 2929 ergo

453 2959 589 3029 quod
609 2965 720 3012 tua:
744 2957 915 3010 menti
948 2961 1196 3008 sanctum
1226 2952 1490 3008 bonumve
1513 2952 1688 3022 fuerit
1717 2951 1909 3013 visum,
1941 2966 2020 3002 me
2040 2948 2132 3002 do-

451 3063 587 3102 cere.
621 3046 722 3101 His
749 3053 926 3099 autem
966 3043 1175 3098 litteris
1212 3040 1706 3112 respondebis,cum
1735 3040 1797 3094 de
1830 3037 2129 3107 phantasia

454 3145 502 3191 et
525 3136 786 3190 memoria
811 3132 1072 3188 subtilius
1107 3130 1335 3201 aliquid
1357 3129 1685 3201 disputaris.
1715 3128 1863 3185 Mihi
1884 3128 2029 3181 enim
2046 3127 2131 3181 ita

454 3225 693 3288 videtur,
741 3223 878 3293 quod
904 3222 1149 3292 quamvis
1180 3237 1283 3274 non
1329 3221 1505 3274 omnis
1555 3219 1850 3289 phantasia
1872 3234 1991 3271 cum
2028 3233 2133 3270 me-

451 3315 629 3367 moria
658 3317 751 3375 sit,
789 3312 961 3365 omnis
999 3318 1179 3365 tamen
1241 3310 1501 3363 memoria
1548 3309 1663 3361 sine
1695 3306 1993 3378 phantasia
2023 3321 2131 3361 esse

454 3419 561 3456 non
597 3402 789 3471 possit.
820 3397 921 3453 Sed
947 3398 1084 3452 dicis
1115 3416 1137 3452 :
1168 3397 1335 3463 Quid,
1377 3414 1497 3451 cum
1535 3395 1891 3451 recordamur
1927 3411 2020 3448 nos
2045 3395 2131 3447 in-

452 3490 741 3553 tellexisse,
767 3495 861 3543 aut
900 3488 1155 3557 cogitasse
1207 3485 1435 3556 aliquid
1465 3486 1494 3539 ἵ
1525 3484 1729 3539 Contra
1755 3484 1870 3540 hac
1898 3499 1990 3553 ego
2018 3499 2125 3536 res-

453 3578 675 3649 pondeo,
698 3585 745 3632 et
773 3576 891 3631 dico
928 3582 1238 3646 propterea
1264 3574 1358 3628 hoc
1386 3574 1635 3636 evenisse.
1668 3574 1797 3644 quia
1825 3589 1940 3627 cum
1971 3571 2131 3626 intel-

454 3668 691 3722 tea'imus
716 3667 795 3721 vel
823 3667 1173 3737 cogitavimus
1224 3680 1556 3734 corporeum
1604 3680 1664 3716 ac
1711 3660 1997 3733 temporale
2020 3660 2128 3714 ali-

452 3756 603 3826 quid,
633 3757 915 3827 genuimus
950 3754 1088 3825 quod
1115 3748 1187 3807 ad
1220 3753 1565 3824 phantasiam
1589 3752 1819 3823 pertinet
1850 3767 2010 3804 :nam
2032 3761 2133 3813 aut

452 3844 618 3899 verba
648 3844 951 3900 intellectui
971 3842 1500 3914 cogitationibusque
1526 3840 1726 3894 nostris
1754 3839 2130 3910 adjunximus,

454 3949 576 4005 qua
605 3933 772 3987 verba
799 3933 917 3987 sine
955 3940 1191 4001 tempore
1245 3946 1358 3985 non
1410 3937 1558 3993 sunt,
1611 3936 1659 3983 et
1699 3928 1769 3982 ad
1815 3944 2019 3982 sensum
2046 3928 2131 3982 vel

447 4022 796 4093 phantasiam
868 4022 1152 4091 pertinent
1192 4034 1212 4072 .°
1240 4026 1338 4073 aut
1387 4020 1490 4072 tale
1552 4017 1765 4087 aliquid
1816 4017 2130 4071 intellectus

454 4118 635 4164 noster
659 4111 995 4179 cogitatione
1015 4123 1205 4178 passus
1228 4106 1469 4177 est,quod
1496 4106 1553 4159 in
1564 4106 1745 4158 animo
1757 4105 2128 4174 phantasticoz

454 4200 769 4253 memoriam
794 4199 975 4268 facere
1016 4199 1300 4267 potuisset.
1340 4195 1475 4249 Haec
1498 4212 1589 4265 ego
1637 4194 2031 4249 inconsiderate
2060 4210 2129 4250 ac

452 4289 799 4360 perturbate,
832 4291 894 4342 ut
932 4287 1089 4351 soleo,
1122 4285 1248 4340 dixi
1274 4302 1290 4338 :
1321 4292 1383 4339 tu
1435 4282 1766 4350 explorabis,
1790 4291 1841 4339 et
1864 4284 2005 4355 falso
2042 4300 2131 4341 re-

444 4379 610 4449 iecto,
651 4379 933 4432 veritatem
960 4376 1022 4429 in
1050 4375 1257 4429 litteris
1285 4373 1546 4441 conferes.

526 4470 578 4522 2.
611 4466 766 4521 Audi
786 4464 983 4521 aliud:
1013 4481 1140 4530 cur,
1164 4480 1337 4535 quaso
1350 4470 1422 4529 te,
1454 4479 1560 4517 non
1583 4480 1616 4515 a
1633 4479 1684 4516 se
1703 4463 1887 4533 potius
1908 4480 2069 4534 quam
2088 4482 2125 4518 a

450 4573 612 4611 sensu
624 4555 973 4627 phantasiam
999 4554 1187 4608 habere
1201 4569 1385 4608 omnes
1404 4552 1667 4623 imagines
1676 4551 1910 4608 dicimus
1918 4553 2129 4608 ?Potest

512 4683 532 4715 ι
550 4680 607 4729 In
638 4679 762 4727 Mss.
782 4678 989 4741 aliquot
1006 4678 1265 4727 scribitur
1282 4676 1386 4731 hic,
1410 4676 1671 4741 Lucanius
1690 4679 1773 4732 ;ot
1792 4676 1848 4741 in
1860 4676 2025 4738 Epist.
2048 4679 2127 4741 to,

462 4741 758 4791 Lueilianus
788 4755 803 4790 .'
827 4739 949 4791 mox
972 4742 1027 4788 in
1060 4741 1332 4790 Victorino
1354 4739 1474 4787 cod.
1501 4739 1716 4802 legitur,
1738 4740 1836 4788 mei
1856 4746 2003 4788 certe.
2027 4740 2131 4788 Au-

459 4807 612 4855 diant
643 4819 737 4858 me.
775 4808 875 4851 etc.

520 4868 540 4897 '
569 4868 651 4915 Sic
686 4866 811 4914 Mss.
844 4869 979 4913 tres.
1008 4865 1075 4912 At
1102 4862 1236 4913 Edd.
1272 4860 1492 4919 habent,
1524 4863 1658 4926 quod
1678 4864 1734 4911 in
1766 4864 1943 4911 animo
1964 4863 2132 4925 phan-

458 4932 696 4983 tasticam
714 4928 1017 4976 manuarium
1031 4964 1042 4983 ,
1070 4931 1183 4980 etc.

522 4996 538 5011 '
570 4992 865 5051 Recognita
898 4993 976 5039 est
1002 4989 1070 5051 ad
1098 5004 1145 5037 α.
1179 4988 1250 5051 bl.
1280 4988 1372 5051 βε,
1416 4987 1501 5040 cb.
1526 5002 1589 5051 ig.
1624 5001 1712 5051 ες.
1750 5002 1841 5051 gv.
1868 5002 1921 5036 n.
1958 5002 2006 5037 r.
2037 4989 2123 5044 sb.

459 5058 598 5106 duos
627 5061 666 5105 t.
701 5048 835 5104 duos
867 5066 923 5105 ν.
957 5050 1023 5100 ad
1047 5050 1165 5099 Am.
1188 5048 1297 5099 Bad
1324 5048 1413 5097 Er.
1442 5054 1491 5097 et
1520 5048 1643 5098 [Iovi

521 5123 561 5141 "
590 5119 810 5181 Epistol.
841 5115 907 5181 γι
944 5114 1120 5181 ει-νῃ
1153 5112 1222 5160 ad
1256 5111 1572 5181 Nebridium
1596 5111 1953 5181 emendandis
1984 5112 2133 5181 adhi-

463 5172 680 5230 buimus
711 5199 741 5228 α
770 5180 944 5240 bl.bg.
972 5172 1130 5240 cb._ﬁ‘.
1150 5188 1242 5238 εδ.
1270 5190 1365 5238 gv.
1393 5189 1443 5222 n.
1462 5189 1502 5223 r.
1532 5174 1609 5223 sb.
1641 5188 1719 5223 vc.
1753 5174 1889 5223 duos
1912 5179 1951 5223 t.
1989 5176 2131 5225 duos

461 5258 512 5290 v.
549 5249 601 5291 et
633 5246 749 5290 Am.
779 5238 917 5294 Bad:
947 5241 1031 5290 Er.
1068 5238 1205 5287 Lov.

525 5308 593 5364 (al
625 5304 766 5353 Alias
800 5306 887 5352 114
920 5317 1076 5366 :que
1128 5304 1315 5351 autem
1354 5300 1385 5348 5
1424 5302 1556 5355 erat,
1589 5313 1740 5349 nunc
1780 5300 1887 5348 438.
1918 5299 2130 5364 Scripta

450 5367 597 5416 circa
630 5366 724 5414 ﬁn.
753 5378 839 5414 an.
875 5367 984 5413 388.

516 5430 588 5537 itte)
617 5428 845 5537 Aliagszl
882 5441 892 5474 :
928 5441 1046 5490 qua:
1065 5431 1245 5478 autem
1268 5424 1300 5474 Β
1328 5429 1459 5485 erat,
1491 5439 1635 5475 nunc
1657 5426 1735 5474 92.
1754 5422 1960 5489 Scripta
1988 5426 2134 5476 circa

516 5509 525 5537 l
558 5530 566 5537 .
598 5506 668 5537 an
688 5530 697 5537 .
832 5526 843 5537 .

449 5493 566 5541 init.
598 5506 697 5540 an.
733 5492 843 5538 389.

2226 239 2838 313 enim,guemadmodum
2867 245 3085 302 animus
3108 245 3497 304 intellectualis
3523 246 3602 303 ad
3621 246 3892 317 intelligi-

2225 329 2363 383 bilia
2385 348 2485 386 sua
2512 332 2751 386 videnda
2780 350 2814 387 a
2841 351 3002 390 sensu
3038 336 3358 392 admonetur
3380 340 3565 407 potius
3594 353 3755 407 quam
3780 337 3891 391 ali-

2224 420 2352 489 quid
2380 422 2595 490 accipit,
2624 422 2706 475 ita
2734 430 2783 478 et
2834 424 3210 493 phantasticus
3267 429 3483 481 animus
3509 426 3581 480 ad
3628 427 3894 497 imagines

2223 524 2351 561 sua:
2373 510 2826 580 contemplandas,
2855 529 2889 566 a
2908 530 3067 569 sensu
3092 514 3370 569 admoneri
3396 515 3574 585 potius
3597 531 3757 586 quam
3785 514 3893 569 ali-

2223 597 2354 667 quid
2379 616 2666 654 assumere.
2711 600 2855 657 Nam
2893 602 3036 671 forte
3067 604 3192 658 inde
3221 605 3506 675 contingit,
3549 612 3607 658 ut
3653 621 3718 659 ea
3767 618 3893 675 quae

2223 703 2407 742 sensus
2442 705 2550 743 non
2579 689 2743 754 videt,
2769 690 2859 744 ille
2886 696 3061 746 tamen
3092 693 3336 763 aspicere
3374 693 3546 763 possit
3593 708 3611 747 .'
3641 693 3784 765 quod
3810 694 3897 747 si-

2222 791 2393 845 gnum
2418 784 2512 842 est,
2553 778 2612 832 in
2634 795 2687 833 se
2718 786 2766 833 et
2799 796 2834 833 a
2861 797 2913 834 se
2942 779 3132 835 habere
3157 798 3337 837 omnes
3367 783 3647 854 imagines.
3680 783 3762 837 De
3789 783 3897 837 hac

2222 880 2282 918 re
2324 882 2521 936 quoque
2551 868 2679 938 quid
2706 870 2930 934 sentias,
2951 870 3310 942 respondebis.

2715 957 3049 1015 EPISTULA
3080 961 3167 1015 vn
3198 962 3305 1031 (α).

2222 1045 2557 1114 Augustinus
2567 1049 2908 1116 quastione":
2928 1056 3025 1103 utr
3038 1066 3234 1119 amque
3246 1067 3279 1104 α
3294 1049 3565 1105 Nebridio
3576 1058 3773 1106 motam
3784 1052 3896 1106 dis-

2292 1136 2446 1188 cutit.
2483 1135 2803 1191 Memoriam
2838 1138 2953 1191 sine
2981 1137 3283 1208 phantasia
3303 1156 3408 1193 esse
3431 1154 3603 1208 posse.
3630 1143 3898 1196 Animam

2291 1222 2525 1278 sensibus
2554 1241 2659 1278 non
2680 1242 2835 1281 usam
2854 1243 3044 1281 carere
3065 1228 3395 1297 phantasiis.
3454 1228 3690 1298 Objectio
3717 1229 3900 1285 resol-

2292 1312 2463 1367 vitur.

2732 1402 2983 1441 NEBRIDIO
3023 1404 3381 1442 AUGUSTINUS.

2222 1472 2448 1527 CAPUT
2467 1474 3279 1531 PRIMUM.—Memoriamsine
3293 1476 3585 1547 phantasia
3595 1493 3704 1532 esse
3714 1494 3871 1548 posse
3884 1517 3897 1530 .

2296 1566 2344 1616 t.
2363 1563 2652 1617 Prommio
2667 1564 2944 1634 supersid
2960 1581 3083 1633 am,
3104 1572 3160 1621 et
3181 1567 3296 1621 cito
3318 1567 3603 1637 incipiam
3618 1568 3777 1637 quod
3801 1584 3901 1622 me

2216 1648 2589 1722 jamjamque
2603 1652 2689 1707 vis
2708 1653 2926 1720 dicere,
2947 1655 3280 1725 prmsertim
3302 1671 3423 1711 non
3446 1656 3561 1711 cito
3576 1655 3899 1712 desiturus.

2219 1742 2501 1797 Memoria
2521 1742 2625 1797 tibi
2649 1743 2813 1799 nulla
2844 1744 3091 1800 videtur
3117 1762 3253 1801 esse
3286 1762 3465 1818 posse
3482 1749 3608 1802 sine
3627 1747 3904 1819 imagini-

2218 1828 2336 1885 bus
2348 1830 2440 1885 vel
2453 1832 2823 1901 imaginariis
2839 1833 3001 1898 visis,
3019 1850 3157 1905 quas
3171 1834 3632 1905 phantasiarum
3655 1836 3902 1891 nomine

2221 1919 2526 1990 appellare
2538 1920 2781 1976 voluisti
2802 1938 2814 1975 :
2835 1937 2951 1991 ego
2967 1922 3136 1979 aliud
3155 1924 3448 1979 existimo.
3470 1924 3731 1980 Primum
3754 1939 3900 1995 ergo

2220 2007 2552 2064 videndum
2582 2016 2668 2066 est
2711 2025 2833 2065 non
2866 2026 2978 2065 nos
3031 2028 3268 2083 semper
3309 2029 3507 2067 rerum
3542 2018 3904 2083 praetereun-

2220 2097 2368 2151 tium
2388 2098 2752 2164 meminisse,
2769 2100 2873 2154 sed
2893 2100 3253 2173 plerumque
3274 2102 3899 2167 manentium.0uare,

2222 2202 2363 2242 cum
2390 2185 2503 2241 sibi
2528 2188 2819 2243 memoria
2834 2189 3111 2260 prmteriti
3142 2191 3433 2260 temporis
3462 2190 3903 2246 vindicettenzh

2220 2274 2481 2340 citatem;
2496 2280 2879 2332 constateam
2895 2283 3098 2332 tamen
3115 2293 3154 2349 p
3174 2279 3354 2333 artim
3382 2294 3587 2333 eorum
3606 2295 3740 2334 esse
3764 2294 3905 2349 quae

2235 2378 2349 2419 nos
2366 2363 2668 2431 deserunt,
2687 2366 2908 2436 partim
2934 2381 3144 2421 eorum
3166 2382 3300 2438 quae
3331 2366 3696 2423 deseruntur
3724 2384 3759 2422 a
3790 2382 3908 2421 uo-

2233 2452 2348 2507 bis.
2380 2455 2529 2509 Nam
2556 2469 2695 2508 cum
2718 2454 2999 2510 recordor
3039 2461 3271 2526 patrem
3314 2472 3537 2522 meum,
3582 2456 3645 2510 id
3698 2456 3905 2527 utique

2234 2542 2693 2613 recordorquod
2712 2559 2803 2597 me
2817 2543 3095 2607 deseruit,
3116 2552 3170 2599 et
3188 2560 3347 2599 nunc
3365 2560 3485 2600 non
3504 2550 3592 2599 est
3614 2561 3625 2601 :
3651 2560 3785 2600 cum
3800 2561 3910 2599 au-

2238 2632 2358 2685 tem
2384 2614 3270 2702 Cisrthaginem,idquodest,et
3299 2633 3463 2704 quod
3482 2633 3610 2704 ipse
3641 2633 3904 2688 deserui.

2237 2720 2302 2773 In
2317 2724 2566 2790 utroque
2594 2727 2792 2774 tamen
2806 2735 3093 2789 generum
3109 2721 3356 2786 borum,
3372 2737 3493 2791 prce
3506 2722 3742 2776 teritum
3758 2727 3914 2777 tem-

2235 2809 2651 2879 pusmemoria
2680 2814 2857 2863 tenet.
2882 2812 3031 2864 Nam
3062 2814 3119 2863 et
3154 2810 3328 2864 illum
3364 2810 3698 2875 hominem,
3728 2817 3784 2865 et
3820 2810 3910 2863 is-

2237 2905 2362 2953 tam
2377 2898 2693 2962 urbem,ex
2722 2913 2793 2953 eo
2818 2898 2985 2969 quod
3002 2898 3140 2965 viui,
3169 2914 3298 2955 non
3325 2914 3484 2955 exeo
3499 2899 3663 2971 quod
3696 2898 3897 2963 video,

2243 2986 2512 3041 memini.

2313 3079 2366 3129 2.
2402 3074 2501 3130 Hic
2523 3080 2583 3130 tu
2603 3074 2851 3131 fortasse
2872 3075 3093 3149 quaeris
3121 3092 3134 3130 :
3162 3077 3456 3140 Quorsum
3472 3076 3587 3132 ista
3610 3076 3636 3130 ’ἔ
3658 3091 3910 3147 praeser-

2242 3164 2348 3220 tim
2370 3180 2504 3219 cum
2523 3163 2972 3220 animadvertas
2989 3164 3333 3220 utrumlibet
3348 3164 3565 3221 borum
3580 3181 3699 3220 non
3722 3180 3912 3236 posse

2238 3252 2301 3307 in
2326 3254 2676 3308 memoriam
2699 3255 2926 3319 venire,
2960 3254 3074 3308 nisi
3095 3254 3221 3309 viso
3253 3256 3270 3289 ¹
3296 3254 3393 3309 illo
3419 3253 3795 3324 imaginario:
3835 3259 3911 3309 At

2239 3342 2387 3396 mihi
2400 3341 2539 3396 satis
2552 3348 2639 3397 est
2651 3343 2732 3397 sic
2745 3343 2984 3398 interim
3003 3342 3355 3407 ostendisse,
3372 3358 3545 3415 posse
3558 3342 3675 3397 dici
3691 3358 3909 3397 earum

2240 3430 2421 3484 etiam
2442 3446 2662 3495 rerum,
2677 3446 2811 3501 quae
2833 3431 3110 3486 nondum
3134 3431 3502 3497 interierunt,
3522 3431 3909 3486 memoriam.

2240 3520 2458 3574 Verum
2488 3520 2636 3591 quid
2670 3536 2763 3575 me
2802 3521 3069 3591 adjuvet,
3119 3520 3296 3576 facito
3327 3521 3584 3575 intentus
3612 3521 3907 3591 accipias.

2237 3608 2511 3663 Nonnulli
2542 3608 2985 3664 calumniantur
3022 3612 3311 3664 adversus
3357 3609 3723 3665 Socraticum
3759 3606 3918 3663 illud

2240 3697 2680 3752 nobilissimum
2694 3698 3020 3762 inventum,
3040 3714 3165 3770 quo
3185 3698 3491 3768 asseritur,
3512 3714 3631 3753 non
3646 3695 3824 3752 nobis
3838 3712 3915 3753 ea

2240 3803 2375 3857 quae
2388 3786 2696 3851 discimus,
2721 3786 2896 3841 veluti
2924 3803 3080 3842 nova
3107 3786 3324 3850 inseri,
3344 3786 3444 3841 sed
3468 3787 3528 3841 in
3553 3785 3916 3841 memoriam

2240 3875 2654 3931 recordatione
2675 3876 2939 3931 revocari
2972 3894 2985 3942 ;
3018 3876 3291 3931 dicentes
3317 3874 3667 3931 memoriam
3700 3881 3917 3945 priete-

2239 3967 2488 4020 ritarum
2529 3980 2728 4019 rerum
2753 3980 2905 4031 esse,
2939 3965 3065 4019 hrec
3102 3970 3307 4020 autem
3349 3979 3485 4035 quae
3515 3962 3906 4032 intelligendo

2243 4054 2551 4123 discimus,
2568 4053 2805 4109 Platone
2819 4053 2952 4125 ipso
2970 4061 3239 4120 auctore,
3261 4070 3497 4109 manere
3511 4068 3765 4123 semper,
3795 4067 3914 4107 nec

2242 4159 2423 4216 posse
2453 4142 2708 4207 interire,
2736 4159 2805 4197 ac
2838 4158 2941 4214 per
2972 4144 3084 4199 hoc
3108 4159 3230 4200 non
3254 4158 3386 4198 esse
3420 4141 3713 4214 praeterita
3748 4158 3759 4195 :
3792 4142 3914 4212 qui

2242 4248 2365 4288 non
2389 4231 2702 4287 attendunt
2720 4231 2880 4287 illam
2904 4232 3193 4288 visionem
3221 4249 3351 4288 esse
3372 4232 3753 4303 praeteritam,
3777 4247 3906 4301 qua

2243 4322 2373 4376 haec
2403 4320 2734 4392 aliquando
2762 4320 3011 4376 vidimus
3045 4327 3243 4376 mente
3274 4339 3287 4388 ;
3321 4338 3356 4377 a
3386 4320 3605 4393 quibus
3627 4318 3766 4391 quia
3801 4316 3909 4374 de-

2244 4410 2444 4466 ﬂuxim
2458 4427 2546 4472 us,
2569 4416 2620 4464 et
2651 4409 2821 4465 aliter
2851 4408 2969 4466 alia
2999 4410 3199 4465 videre
3230 4411 3543 4481 coepimus,
3573 4424 3645 4464 ea
3674 4424 3781 4463 nos
3812 4425 3912 4463 re-

2244 4499 2619 4557 miniscendo
2650 4499 2917 4565 revisere,
2954 4499 3013 4554 id
3044 4506 3150 4563 est,
3188 4515 3292 4571 per
3338 4500 3713 4554 memoriam.
3747 4498 3907 4561 Qua-

2247 4588 2519 4645 mobrem
2550 4589 2618 4652 si,
2648 4592 2709 4643 ut
2734 4587 2849 4642 alia
2880 4587 3169 4650 omittam,
3193 4587 3324 4657 ipsa
3350 4587 3650 4642 aeternitas
3672 4601 3911 4656 semper

2250 4683 2473 4742 manet,
2515 4692 2623 4732 nec
2655 4676 2857 4747 aliqua
2889 4676 3245 4746 imaginaria
3274 4677 3560 4745 ﬁgmenta
3587 4673 3911 4743 conquirit,

2246 4767 2473 4839 quibus
2494 4766 2552 4819 iu
2574 4771 2833 4819 mentem
2849 4765 3019 4836 quasi
3047 4764 3331 4819 vehiculis
3356 4765 3682 4827 veniat,nec
3706 4769 3914 4819 tamen

2246 4856 2450 4911 venire
2469 4862 2691 4925 posset,
2723 4854 2839 4908 nisi
2860 4855 2989 4925 ejus
3017 4854 3521 4917 meminissemus,
3547 4856 3739 4923 potest
3772 4868 3915 4907 esse

2247 4943 2658 5017 quarumdam
2672 4959 2869 4998 rerum
2883 4944 3007 4998 sine
3022 4942 3136 4999 ulla
3152 4941 3577 5011 imaginatione
3596 4941 3911 4996 memoria.

2253 5052 2483 5107 CAPUT
2503 5052 2549 5106 Il
2564 5093 2576 5107 .
2608 5081 2675 5090 —-
2692 5051 2961 5105 Animam
2974 5049 3209 5106 sensibus
3231 5065 3337 5104 non
3359 5065 3511 5104 usam
3539 5063 3721 5104 carere
3746 5047 3920 5117 phan-

2997 5140 3176 5195 tasiis.

2326 5251 2377 5303 3.
2392 5248 2668 5302 Jamvero
2685 5246 2846 5317 quod
2864 5245 2969 5301 tibi
2992 5246 3225 5301 videtur
3240 5245 3445 5301 anima
3464 5244 3645 5299 etiam
3663 5257 3787 5297 non
3807 5258 3921 5298 usa

2314 5375 2332 5406 ¹
2362 5370 2456 5419 Ms.
2485 5387 2555 5426 α..
2587 5371 2690 5418 nisi
2718 5368 2809 5417 illo
2847 5370 3179 5431 imaginario.
3213 5369 3313 5417 Alii
3350 5368 3497 5421 Cdd.,
3538 5368 3661 5416 viso.

2317 5437 2389 5495 (α)
2418 5434 2560 5482 Alias
2590 5435 2650 5482 72
2687 5448 2698 5479 :
2746 5446 2865 5495 qum
2900 5429 3080 5483 autem
3129 5435 3157 5483 ’1
3193 5437 3323 5491 erat,
3358 5444 3503 5481 nunc
3547 5431 3659 5484 H3.
3710 5429 3923 5492 Scripta

2252 5499 2397 5548 circa
2420 5496 2561 5546 idem
2591 5500 2823 5558 tempus.
