4164 6182
272 116 356 177 69
1552 110 2060 171 EPISTOLARUM
2099 114 2386 172 CLASSIS
2428 117 2469 173 Ι.
3639 130 3707 185 7o

275 247 565 302 sensibus
593 242 864 317 corporis
890 234 1229 315 corpOralia
1260 252 1437 313 posse
1469 239 1806 311 imaginari,
1840 238 1946 295 fal-

272 334 415 391 sum
436 352 564 391 esse
579 334 1073 391 convincituristo
1086 332 1287 387 modo.
1301 334 1354 387 Si
1370 332 1572 385 anima
1588 332 1937 401 priusquam

271 440 529 495 corpore
546 428 745 477 utatur
758 420 834 478 ad
850 438 1103 491 corpora
1119 436 1219 475 sen
1231 416 1668 483 iieuda,eadem
1683 428 1939 486 corpora

271 511 596 579 imaginari
614 517 827 581 potest.
846 506 1143 570 etmelius,
1168 506 1329 578 quod
1354 522 1531 560 nemo
1546 521 1727 559 sanus
1749 505 1935 559 ambi-

268 600 376 667 git,
414 598 627 653 affecta
652 605 777 653 erat
812 600 1142 668 antequam
1175 596 1264 649 his
1307 594 1621 649 fallacibus
1653 594 1934 648 sensibus

267 685 923 757 implicaretur,meiius
939 685 1281 739 afﬁciuntur
1294 683 1505 738 animae
1519 682 1932 737 dormientium

267 791 461 847 quam
484 772 856 844 vigilantium
882 772 1095 830 melius
1122 770 1601 845 phreneticorum
1623 784 1806 842 quam
1834 770 1932 825 tali

266 869 441 935 peste
465 865 795 919 carentium
829 862 960 931 ;his
988 863 1149 918 enim
1180 858 1520 917 afﬁciuntur
1550 854 1930 929 imaginibus,

267 953 489 1024 quibus
513 960 649 1009 ante
667 952 811 1008 istos
835 969 1046 1008 sensus
1071 950 1432 1006 vanissimos
1459 951 1699 1005 nuntios
1722 944 1932 1004 aiiicie-

263 1039 495 1096 bantur
522 1047 610 1097 :et
629 1042 940 1097 autverior
962 1041 1066 1095 erit
1085 1036 1173 1097 sol
1196 1056 1376 1112 quem
1402 1038 1596 1093 vident
1622 1034 1721 1103 illi,
1746 1050 1929 1111 quam

262 1128 365 1185 ille
396 1146 580 1201 quem
630 1131 757 1186 sani
813 1137 993 1203 atQue
1027 1130 1345 1199 vigilantes
1377 1147 1389 1193 ;
1438 1135 1537 1184 aut
1576 1135 1747 1182 erunt
1774 1130 1929 1183 veris

262 1216 427 1273 falsa
487 1216 756 1274 meliora.
807 1222 946 1285 Qua-
989 1219 1034 1272 si
1069 1211 1335 1273 absurda
1362 1222 1497 1272 sunt
1541 1214 1727 1273 secuti
1770 1222 1927 1281 sunt,

262 1302 421 1362 nihil
461 1313 548 1361 est
585 1302 748 1363 aliud
796 1307 895 1363 illa
930 1305 1300 1376 imaginatio,
1332 1306 1411 1360 mi
1462 1304 1717 1369 Nebridi,
1743 1320 1929 1377 quam

263 1398 452 1467 plaga
474 1390 703 1450 inﬂicta
735 1412 838 1467 per
865 1412 1097 1462 sensus,
1121 1394 1343 1465 quibus
1365 1410 1507 1461 non,
1533 1394 1667 1449 uttu
1697 1393 1927 1460 scribis,

264 1486 775 1540 commemoratio
814 1484 1089 1557 quazdam
1117 1480 1183 1537 fit
1232 1492 1293 1538 ut
1333 1482 1471 1538 talia
1511 1483 1838 1538 formentur
1870 1482 1929 1538 in

261 1573 504 1637 anima,
532 1573 635 1626 sed
672 1574 804 1644 ipsa
830 1571 1011 1643 hujus
1036 1566 1309 1626 falsitatis
1335 1570 1535 1637 illatio,
1569 1573 1709 1639 sive,
1742 1576 1804 1628 ut
1834 1589 1930 1627 ex-

265 1661 543 1731 pressius
591 1660 843 1728 dicatur,
886 1662 1218 1734 impressio.
1253 1661 1423 1726 Quod
1452 1677 1592 1716 sane
1622 1666 1674 1715 te
1709 1662 1927 1729 movet,

262 1751 371 1822 qui
409 1744 513 1805 iiat
548 1755 615 1805 ut
661 1767 761 1807 eas
796 1748 975 1807 facies
1020 1748 1369 1823 formasque
1419 1751 1747 1820 cogitemus
1777 1768 1928 1822 quas

262 1855 584 1910 nunquam
607 1832 1065 1906 vidimus,acute
1085 1843 1509 1911 movet.itaque
1534 1836 1748 1895 faciam
1764 1840 1927 1912 quod

267 1927 429 1983 ultra
450 1926 692 1982 solitum
718 1926 967 1985 modum
987 1929 1144 1984 hanc
1170 1926 1478 2000 epistolam
1497 1929 1761 2000 porrigat
1787 1946 1798 1995 ;
1824 1923 1925 1983 sed

266 2031 392 2071 non
437 2017 599 2088 apud
634 2024 708 2081 te,
761 2018 854 2072 cui
900 2017 1064 2073 nulla
1098 2031 1185 2073 est
1215 2019 1438 2089 pagina
1468 2016 1712 2087 gratior,
1740 2034 1926 2090 quam

284 2120 422 2175 quae
451 2121 548 2159 me
580 2104 984 2176 loquaciorem
1019 2113 1294 2178 apportat
1326 2107 1449 2161 tibi.

344 2196 396 2247 4.
418 2192 636 2249 Omnes
649 2194 757 2249 has
774 2194 1086 2265 imagines,
1101 2210 1253 2267 quas
1268 2195 1615 2267 phantasias
1630 2212 1763 2249 cum
1781 2193 1929 2251 mul-

264 2283 346 2337 tis
369 2298 574 2351 vocas,
590 2283 649 2338 in
665 2284 773 2339 tria
792 2296 1011 2353 genera
1025 2284 1509 2339 commodissime
1526 2301 1594 2339 ac
1616 2284 1928 2339 verissime

263 2368 541 2427 distribui
564 2372 768 2427 video:
790 2389 1049 2444 quorum
1081 2380 1171 2429 est
1192 2390 1380 2429 unum
1402 2375 1591 2428 seusis
1615 2374 1791 2429 rebus
1814 2374 1923 2428 im-

262 2476 565 2531 pressum,
584 2460 835 2516 alterum
865 2464 1105 2534 putatis,
1128 2461 1363 2519 tertium
1388 2464 1545 2518 ratis.
1566 2462 1925 2531 Primigeni:-

263 2548 346 2603 ris
360 2548 639 2621 exempla
653 2556 814 2617 sunt,
844 2567 980 2606 cnm
998 2550 1142 2606 milii
1161 2556 1320 2607 tuam
1337 2548 1570 2617 faciem,
1588 2552 1673 2607 vel
1690 2552 1923 2609 Cartha-

261 2637 488 2703 ginem,
512 2635 605 2693 vel
620 2636 978 2694 familiarem
1002 2657 1079 2711 qu
1096 2638 1319 2695 ondam
1335 2645 1606 2695 nostrum
1630 2638 1923 2695 Verecun-

259 2722 410 2780 dum
435 2727 533 2797 (a),
556 2733 609 2781 et
632 2728 677 2781 si
697 2727 847 2798 quid
868 2724 1029 2783 aliud
1055 2730 1429 2784 manentium
1448 2728 1537 2784 vel
1554 2735 1921 2784 mortuarum

257 2828 487 2877 rerum,
506 2831 656 2885 quas
674 2822 873 2870 tamen
892 2816 1007 2871 vidi
1027 2822 1204 2888 atque
1220 2818 1394 2887 sensi,
1414 2820 1468 2872 in
1486 2835 1545 2873 se
1560 2818 1797 2873 animus
1812 2818 1925 2874 for-

260 2909 407 2957 mat.
432 2902 605 2957 Alteri
622 2905 1241 2975 generisubjiciuntur
1262 2907 1359 2961 illa
1382 2924 1515 2979 quas
1537 2912 1817 2977 putamus
1846 2908 1923 2962 ita

259 3007 321 3045 se
348 2990 637 3047 habuisse
662 2992 746 3048 vel
772 2995 852 3049 ita
884 3011 946 3049 se
971 2992 1218 3059 habere,
1247 2992 1402 3050 velut
1430 3013 1569 3051 cum
1594 2996 1921 3051 disserendi

260 3081 456 3147 gratia
470 3078 746 3152 quaedam
764 3078 879 3154 ipsi
896 3080 1185 3152 ﬁngimus
1202 3100 1583 3157 nequaquam
1599 3085 1926 3157 impedien-

258 3167 342 3223 tia
354 3171 689 3236 veritatem,
710 3166 803 3225 vel
824 3169 1030 3243 qualia
1046 3171 1300 3243 ﬁguram
1313 3190 1377 3227 ns
1392 3191 1525 3228 cum
1542 3174 1794 3243 legimus
1808 3172 1922 3229 his-

257 3259 465 3323 torias,
482 3262 684 3313 etcum
702 3256 977 3315 fabulosa
993 3259 1083 3315 vel
1098 3256 1379 3317 audimus
1395 3258 1482 3317 vel
1498 3262 1921 3334 componimus

257 3341 351 3400 vel
377 3348 781 3419 suspicamur.
812 3348 931 3419 Ego
952 3348 1109 3404 enim
1134 3344 1277 3405 mihi
1295 3355 1355 3405 ut
1375 3346 1516 3406 libet
1537 3358 1715 3423 atque
1741 3358 1801 3406 ut
1822 3368 1920 3407 oc-

256 3434 875 3493 curritanimo.zEneee
892 3436 1095 3493 faciem
1113 3438 1414 3509 ﬁngo,ego
1432 3439 1638 3496 Medeae
1656 3458 1782 3495 cum
1800 3444 1922 3497 suis

254 3524 561 3593 anguibus
584 3524 822 3581 alitibus
850 3528 1245 3599 Junctisjugo,
1263 3545 1373 3598 ego
1397 3529 1718 3586 Chremetis
1745 3536 1797 3585 et
1821 3528 1919 3586 ali-

255 3612 432 3681 cujus
448 3610 855 3669 Parmenonis.
873 3608 935 3669 ln
957 3616 1070 3671 hoc
1089 3632 1303 3685 genere
1319 3620 1646 3672 suutetiani
1664 3618 1921 3692 illa,quaa

257 3700 385 3755 sive
402 3702 858 3775 sapientes,aliq
872 3703 971 3758 uid
988 3706 1106 3759 veri
1138 3702 1352 3761 talibus
1377 3706 1741 3761 involventes
1774 3706 1923 3777 iigit-

252 3788 356 3853 ris,
375 3789 501 3844 sive
524 3790 708 3853 stulti.
726 3793 1035 3847 variarum
1052 3790 1540 3864 superstitionum
1565 3795 1920 3861 conditores,

252 3894 367 3949 pro
401 3894 541 3933 vero
564 3878 889 3935 attulerunt
922 3896 936 3945 ;
974 3884 1446 3937 utesttartareus
1465 3883 1841 3953 Phlegethon,
1866 3889 1922 3939 et

252 3965 527 4038 quinque
560 3974 730 4023 antra
758 3969 1451 4037 gentistenebrarum,el
1474 3972 1660 4044 stylus
1693 3978 1924 4045 septen-

263 4055 535 4109 trionalis
566 4058 885 4112 continens
908 4056 1145 4125 ccelum,
1180 4067 1235 4115 et
1264 4058 1376 4115 alia
1406 4069 1717 4133 poetarum
1743 4069 1920 4136 atque

259 4141 677 4200 haereticorum
713 4146 872 4201 mille
892 4153 1187 4217 portenta.
1215 4146 1685 4206 Dicimustamen
1708 4146 1923 4207 etiutEr

255 4231 718 4303 disputandum,
747 4241 894 4307 puta
916 4252 1049 4292 esse
1071 4242 1185 4292 tres
1201 4255 1380 4310 super
1401 4240 1646 4295 invicem
1666 4255 1718 4295 in
1731 4236 1925 4296 undas

252 4320 455 4393 qualis
469 4322 562 4377 hic
584 4340 736 4377 unus
760 4332 849 4379 est
874 4346 889 4396 ;
912 4332 986 4391 et,
1018 4334 1162 4397 puta
1178 4330 1471 4398 quadrata
1490 4330 1680 4399 ﬁgura
1708 4336 1922 4385 terram

252 4410 549 4466 contineri
584 4430 596 4480 ;
634 4418 689 4467 et
715 4412 955 4469 similia.
993 4414 1121 4471 Haec
1153 4418 1309 4471 enim
1343 4420 1546 4472 omnia
1582 4425 1642 4473 ut
1672 4436 1734 4474 se
1766 4423 1922 4490 cogi-

253 4499 504 4554 tationis
528 4503 857 4573 tempestas
888 4498 1186 4570 habuerit,
1218 4506 1503 4575 ﬁngimus
1533 4516 1587 4563 et
1615 4514 1915 4579 putamus.

250 4590 403 4643 Nam
419 4586 494 4644 de
522 4590 696 4645 rebus
722 4592 885 4663 quod
914 4587 989 4648 ad
1018 4596 1249 4649 tertium
1285 4608 1472 4665 genus
1503 4596 1920 4669 aitinetimagi-

249 4680 707 4742 num,numeris
729 4683 988 4737 maxime
1009 4688 1191 4755 atque
1206 4684 1915 4757 dimensionibusagitur:

251 4767 419 4837 quod
446 4769 664 4839 partim
705 4775 793 4824 est
825 4771 883 4826 in
922 4788 1122 4827 rerum
1156 4780 1391 4840 natura,
1424 4774 1918 4833 velutcumtotius

251 4857 465 4911 mundi
492 4854 688 4927 figura
717 4858 852 4915 inve
872 4856 1049 4925 nitur,
1070 4860 1709 4922 ethancinventionem
1725 4868 1779 4923 in
1796 4866 1918 4924 ani-

251 4960 353 4998 mo
368 4946 824 5015 cogitantisima
845 4965 923 5019 go
949 4952 1217 5023 sequitur
1242 4970 1258 5022 ;
1282 4954 1499 5023 partim
1517 4954 1573 5009 in
1588 4954 1918 5029 disciplinis

246 5036 539 5105 tanquam
556 5035 612 5089 in
632 5030 836 5106 ﬁguris
855 5034 1229 5107 geometricis
1243 5047 1296 5096 et
1311 5042 1661 5113 rhythmicis
1676 5043 1915 5101 musicis

244 5127 299 5176 et
316 5121 551 5178 inﬁnita
570 5124 844 5181 varietate
867 5144 1257 5184 numerorum
1278 5146 1438 5201 :quaa
1453 5134 1733 5203 quamvis
1751 5151 1911 5200 vera,

243 5213 328 5266 sic
345 5216 407 5266 ut
420 5224 534 5282 ego
549 5216 1435 5289 autumomimprehendantur,
1452 5222 1701 5290 gignunt
1717 5228 1912 5280 tamen

304 5381 814 5456 (al‘Grammatieus
844 5390 896 5456 et
928 5388 1060 5456 civis
1088 5389 1511 5456 Mediolanensis
1542 5394 1595 5441 in
1631 5394 1785 5456 cujus
1821 5397 1913 5445 vii-

240 5444 349 5521 lam
386 5447 531 5521 aug.
586 5448 832 5521 nond__um
868 5450 1167 5513 baptizatus
1197 5466 1319 5502 cum
1360 5456 1470 5503 suis
1507 5470 1562 5506 se
1609 5444 1904 5521 receperat.

242 5506 359 5555 Lib.
398 5508 427 5553 9
462 5506 618 5563 Ccn..
653 5522 699 5559 ο.
723 5511 769 5558 3.

2046 236 2231 293 falsas
2266 241 2716 311 imaginationes
2751 242 3280 315 quibusipsaratio
3301 247 3398 303 vix
3438 252 3655 308 resistit
3687 271 3703 321 ;

2048 328 2281 381 tametsi
2322 345 2431 383 nec
2478 330 2676 400 ipsam
2720 331 3100 403 disciplinam
3143 335 3472 393 disserendi
3501 356 3703 397 carere

2045 415 2159 469 hoc
2187 417 2350 471 maio
2382 418 2551 472 facile
2602 427 2710 486 est,
2744 437 2879 475 cum
2938 422 2995 475 in
3039 422 3436 481 divisionibus
3463 436 3517 483 et
3556 445 3702 485 eone

2044 504 2417 560 clusionibus
2443 510 2738 576 quosdam
2776 511 2946 578 quasi
2977 510 3239 565 calculos
3270 514 3700 579 imaginamur.

2117 598 2171 648 5.
2214 598 2272 647 In
2302 595 2415 649 hac
2439 600 2559 649 tota
2593 596 2923 666 imaginum
2948 600 3116 661 silva.
3143 602 3324 655 credo
3350 603 3452 657 tibi
3482 621 3599 660 non
3618 608 3699 660 vi.

2044 680 2169 735 deri
2201 684 2461 750 primum
2491 683 2634 738 illud
2675 700 2864 751 genus
2904 686 2981 739 ad
3023 689 3310 754 animam,
3346 692 3697 763 priusquam

2042 769 2327 825 inhmreat
2356 772 2656 834 sensibus,
2692 774 3018 843 pertinere;
3062 792 3257 847 neque
3288 778 3430 834 hinc
3470 781 3696 838 diutius

2041 857 2476 929 disputandum
2514 862 2617 918 :de
2631 861 2866 916 duobus
2880 862 3269 934 reiiquisjure
3290 868 3488 923 adhuc
3509 873 3697 941 quaeri

2040 953 2259 1017 posset,
2290 949 2399 1003 nisi
2432 949 2817 1005 manifestum
2848 960 3003 1007 esset
3032 954 3297 1008 animam
3329 957 3527 1009 minus
3561 975 3696 1014 esse

2040 1035 2365 1091 obnoxiam
2382 1037 2757 1104 falsitatibus.
2776 1040 3048 1095 nondum
3064 1058 3303 1111 passam
3323 1046 3695 1102 sensibilium

2038 1138 2444 1197 sensuumque
2477 1129 2799 1182 vanitatem
2834 1146 2846 1183 :
2886 1135 2945 1183 at
2964 1130 3107 1185 istas
3132 1132 3424 1202 imagines
3444 1136 3548 1205 qui
3579 1136 3689 1191 du-

2037 1211 2449 1268 bitaveritistis
2468 1217 2853 1271 sensibilibus
2876 1220 3059 1272 multo
3074 1235 3202 1272 esse
3218 1220 3487 1276 falsiores
3513 1224 3689 1279 9.\'am

2038 1300 2137 1356 illa
2168 1318 2301 1372 qua)
2329 1311 2613 1373 putamus
2640 1310 2697 1360 et
2723 1306 3047 1369 credimus,
3074 1308 3198 1361 sive
3228 1310 3604 1377 iingimus,et
3626 1329 3694 1367 ex

2036 1390 2203 1444 omni
2237 1398 2400 1460 parte
2426 1393 2837 1448 omninofalsa
2853 1401 3014 1461 sunt,
3041 1404 3268 1451 etcerte
3295 1398 3696 1470 longe,utcer-

2037 1478 2146 1543 nis,
2177 1480 2402 1534 veriora
2422 1488 2561 1535 sunt
2582 1498 2712 1553 quee
2730 1483 3201 1555 videmusatque
3218 1487 3531 1542 sentimus.
3560 1491 3688 1544 Jan)

2036 1567 2096 1621 in
2128 1567 2225 1622 illo
2266 1569 2435 1624 tertio
2468 1584 2681 1639 genere
2725 1572 3031 1641 quodlibet
3071 1575 3335 1643 spatium
3380 1578 3690 1648 corporale

2036 1658 2240 1712 animo
2258 1659 2616 1727 ﬁguravero,
2637 1675 2986 1731 quanquam
3005 1662 3063 1716 id
3080 1664 3413 1718 rationibus
3434 1665 3693 1738 discipli-

2038 1761 2251 1801 narum
2287 1748 2532 1802 minime
2563 1748 2903 1804 fallentibus
2948 1752 3228 1819 cogitatio
3277 1754 3578 1823 peperisse
3609 1757 3689 1809 vi-

2037 1833 2263 1905 deatur,
2299 1836 2443 1907 ipsis
2472 1851 2710 1892 rursum
2760 1838 3096 1893 rationibus
3138 1841 3549 1910 arguentibus.
3586 1842 3691 1899 fal-

2038 1939 2171 1978 sum
2189 1940 2317 1980 esse
2348 1926 2661 1981 convinco.
2696 1928 2824 1990 Quo
2854 1926 2918 1982 ﬁt
2948 1928 3196 1983 utnullo
3219 1937 3393 2000 pacto
3422 1932 3692 1989 animam

2036 2012 2279 2068 credam
2342 2014 2615 2070 nondum
2682 2030 2933 2086 corpore
3002 2018 3355 2074 sentientem
3414 2022 3688 2078 nondum

2036 2115 2143 2171 per
2177 2118 2389 2157 sensus
2420 2105 2779 2158 vanissimos
2798 2106 3102 2160 mortaliet
3119 2104 3318 2175 fugaci
3352 2109 3688 2166 substantia

2036 2191 2429 2259 verberatum,
2470 2193 2530 2246 in
2558 2197 2725 2247 tanta
2755 2193 3025 2248 falsitatis
3054 2196 3683 2267 ignominiajacuisse.

2323 2282 2544 2336 CAPUT
2591 2281 2677 2335 lll.
2718 2313 2778 2321 —
2815 2281 3052 2351 Objectto
3078 2284 3394 2338 resoluitur.

2104 2373 2155 2424 6.
2193 2369 2357 2424 Unde
2386 2384 2528 2439 ergo
2550 2370 2747 2425 evenit
2788 2377 2847 2425 ut
2876 2388 3005 2441 quae
3040 2388 3157 2427 non
3190 2373 3450 2428 vidimus
3472 2376 3688 2445 cogite-

2032 2473 2168 2512 mus
2188 2456 2215 2511 ?
2238 2457 2387 2525 Quid
2403 2466 2594 2529 putas,
2610 2458 2724 2513 nisi
2754 2475 2878 2513 esse
2894 2462 3011 2515 vim
3028 2462 3357 2531 quamdam
3376 2464 3686 2519 minuendi

2030 2547 2359 2616 etaugendi
2373 2547 2590 2603 animai
2604 2548 3055 2619 insitam,quam
3069 2565 3447 2622 quocumque
3461 2554 3688 2607 venerit

2030 2651 2273 2690 necesse
2328 2642 2417 2691 est
2446 2636 2654 2691 afferat
2687 2654 2893 2693 secum
2934 2636 2961 2691 ?
2989 2654 3125 2709 quas
3182 2641 3269 2694 vis
3328 2641 3389 2695 in
3422 2642 3684 2697 numeris

2030 2726 2328 2796 prmeipue
2354 2726 2750 2780 animadverti
2785 2733 2992 2796 potest.
3022 2730 3136 2782 Hac
3159 2728 3242 2793 iit,
3276 2730 3441 2783 verbi
3468 2722 3683 2799 gratia,

2031 2820 2095 2869 ut
2118 2814 2467 2885 corviquasi
2498 2815 2578 2869 ob
2608 2814 2817 2870 oculos
2841 2817 3043 2885 imago
3074 2819 3409 2883 constituta,
3436 2834 3571 2890 qua:
3601 2822 3688 2874 vi-

2029 2902 2243 2957 delicet
2280 2903 2622 2973 aspectibus
2653 2910 2797 2959 nota
2823 2911 2931 2969 est.
2961 2906 3261 2961 demendo
3300 2913 3357 2961 et
3395 2907 3679 2964 addendo

2027 2990 2332 3062 quaedam,
2367 2991 2441 3047 ad
2484 2991 2816 3061 quamlibet
2849 2996 3094 3048 omnino
3134 3010 3448 3067 nunquam
3493 2997 3682 3051 visam

2029 3079 2356 3147 imaginem
2402 3081 2784 3151 perducatur.
2819 3082 2938 3135 Hac
2969 3084 3161 3137 evenit
3212 3090 3272 3137 ut
3302 3099 3407 3153 per
3437 3100 3685 3140 consue-

2028 3167 2297 3223 tudinem
2314 3168 2693 3223 volventibus
2724 3185 2852 3223 sese
2885 3168 2945 3223 in
2972 3170 3189 3225 talibus
3216 3172 3450 3235 animis,
3486 3173 3687 3243 figuras

2028 3257 2435 3327 hujuscemodi
2449 3258 2729 3312 velutsua
2745 3265 2954 3328 sponte
2968 3258 3421 3328 cogitationibus
3436 3261 3683 3317 irruant.

2028 3347 2185 3402 Licet
2215 3348 2392 3416 igitur
2421 3346 2640 3402 animas
2666 3347 3045 3415 imaginanti,
3079 3364 3149 3403 ex
3170 3348 3261 3402 bis
3289 3365 3422 3420 quas
3452 3349 3529 3404 illi
3557 3366 3687 3405 sen-

2029 3452 2132 3491 sus
2163 3436 2401 3501 invexit,
2434 3436 2759 3502 demendo,
2802 3444 2866 3492 ut
2902 3438 3129 3493 dictum
3158 3444 3267 3503 est,
3304 3444 3361 3494 et
3381 3439 3683 3505 addendo,

2029 3541 2099 3580 ea
2137 3524 2377 3596 gignere
2414 3542 2552 3597 quas
2593 3526 2755 3580 nullo
2796 3541 2979 3580 sensu
3011 3528 3247 3595 attingit
3279 3534 3400 3583 tota
3434 3544 3448 3592 ;
3488 3534 3686 3600 partes

2029 3629 2168 3669 vero
2193 3629 2401 3669 eorum
2423 3629 2559 3685 quas
2580 3615 2639 3668 in
2657 3614 2787 3669 aliis
2809 3620 2989 3685 atque
3016 3614 3145 3669 aliis
3176 3616 3355 3670 rebus
3385 3618 3684 3686 attigerat.

2031 3707 2113 3757 Ita
2146 3717 2257 3757 nos
2292 3703 2456 3772 pueri
2509 3703 2673 3773 apud
2708 3703 3178 3758 mediterraneos
3207 3706 3332 3759 nati
3363 3714 3541 3776 atque
3571 3722 3687 3762 nu-

2028 3791 2164 3855 triti,
2199 3791 2287 3846 vel
2320 3794 2377 3845 in
2414 3806 2598 3861 parvo
2631 3790 2814 3846 calice
2844 3806 3003 3861 aqua
3030 3793 3180 3856 visa,
3208 3794 3335 3862 jam
3368 3794 3686 3863 imaginari

2028 3881 2219 3935 maria
2248 3884 2595 3950 poteramus
2632 3897 2644 3945 ;
2676 3895 2813 3934 cum
2846 3896 3028 3950 sapor
3057 3880 3365 3952 fragorum
3396 3888 3449 3937 et
3476 3899 3683 3938 corno-

2027 3983 2180 4032 rum.
2219 3974 2546 4039 antequam
2573 3968 2633 4021 in
2673 3968 2838 4023 italia
2859 3973 3263 4036 gustaremus,
3296 3968 3461 4024 nullo
3494 3970 3681 4025 modo

2014 4060 2251 4119 veniret
2278 4058 2338 4114 in
2374 4062 2656 4113 mentem.
2690 4060 2831 4113 Hinc
2860 4064 2947 4114 est
3000 4058 3171 4130 quod
3202 4076 3236 4114 a
3288 4060 3485 4131 prima
3515 4066 3685 4116 astate

2029 4148 2191 4213 caeci,
2239 4164 2377 4203 cum
2426 4148 2499 4203 de
2558 4148 2685 4203 luce
2740 4146 3169 4219 coloribusque
3224 4150 3681 4218 interrogantur,

2027 4237 2171 4308 quid
2200 4236 2604 4307 respondeant
2635 4252 2755 4290 non
2787 4236 3119 4291 inveniunt.
3172 4241 3299 4292 Non
3332 4238 3492 4292 enim
3526 4236 3683 4294 colo-

2028 4332 2188 4381 ratas
2206 4322 2353 4380 ullas
2367 4325 2672 4395 patiuntur
2688 4325 2998 4392 imagines,
3015 4325 3117 4397 qui
3135 4331 3449 4381 senserunt
3463 4327 3679 4383 nullas.

2097 4415 2150 4469 7.
2193 4415 2310 4468 Nec
2337 4414 2545 4467 mirere
2566 4428 2687 4483 quo
2710 4421 2969 4483 pactoea
2994 4428 3131 4485 quas
3162 4416 3220 4469 in
3248 4428 3449 4470 rerum
3469 4422 3683 4471 natura

2028 4502 2361 4573 ﬁgurantur
2374 4507 2428 4556 et
2454 4499 2590 4572 fingi
2606 4507 2881 4571 pcssunt,
2902 4516 3019 4555 non
3038 4503 3232 4573 primo
3256 4503 3312 4556 in
3330 4504 3682 4575 animaque;

2027 4592 2301 4646 omnibus
2315 4592 2461 4644 inest
2477 4591 2777 4644 commista
2793 4590 3127 4658 volvantur,
3143 4608 3278 4645 cum
3296 4608 3363 4647 ea
3379 4608 3680 4665 nunquam

2027 4679 2390 4736 extrinsecus
2405 4679 2669 4733 senserit.
2689 4681 2834 4733 Nam
2850 4677 3145 4735 eliamnos
3160 4695 3294 4735 cum
3311 4681 3683 4751 indignando

2027 4776 2132 4825 aut
2147 4767 2780 4838 laetandommterisque
2793 4767 3392 4835 hujuscemodianimi
3409 4768 3679 4827 motibus.

2028 4858 2245 4914 multos
2276 4858 2334 4913 in
2365 4863 2569 4912 nostro
2599 4868 2849 4926 corpore
2874 4857 3070 4913 vultus
3093 4859 3442 4931 coloresque
3464 4859 3683 4915 forma-

2026 4964 2183 5011 mus,
2200 4949 2363 5018 prius
2384 4952 2590 5002 nostra
2603 4947 2881 5015 cogitatio
2896 4947 3057 5018 quod
3074 4942 3268 5003 facere
3283 4950 3583 5019 possimus
3597 4951 3681 5004 ta-

2025 5038 2110 5092 les
2153 5036 2737 5106 imaginesconcipit.
2769 5038 3359 5107 Consequunturista
3388 5036 3677 5091 mirisiliis

2027 5125 2218 5181 modis
2232 5132 2285 5181 et
2303 5122 2741 5180 committendis
2755 5124 3099 5194 cogitationi
3115 5133 3387 5190 tuae,cum
3404 5125 3458 5180 in
3477 5126 3681 5181 anima

2025 5218 2150 5271 sine
2167 5216 2283 5270 ulla
2297 5214 2728 5287 corporalium‘
2758 5216 2948 5282 ﬁgura
2964 5214 3277 5270 ialsitatum
3296 5214 3524 5270 numeri
3541 5217 3680 5270 acti-

2024 5310 2226 5361 tantur
2238 5306 2468 5360 occulti.
2491 5307 2565 5358 Ex
2578 5320 2697 5375 quo
2714 5304 3007 5372 intelligas
3021 5304 3214 5366 velim,
3234 5314 3369 5359 cum
3387 5312 3506 5359 tam
3525 5306 3681 5360 mul-

2026 5402 2117 5450 tos
2151 5396 2335 5449 animi
2362 5400 2559 5448 motus
2578 5410 2708 5447 esse
2739 5393 2959 5448 sentias
2985 5398 3256 5465 expertes
3284 5395 3579 5461 omnium,
3603 5395 3678 5451 de

2082 5524 2095 5555 ¹
2118 5521 2199 5572 Sic
2216 5519 2574 5585 elegantiores
2588 5514 2710 5567 Mss.
2728 5518 2984 5570 Atexcusi
2998 5518 3480 5585 habent,corporali
3490 5520 3677 5586 ﬁgura.
