4108 6172
491 125 551 182 7t
1765 128 1824 183 S.
1860 129 2126 186 AUGUS']

2242 130 2250 185 l
2292 129 2620 189 EPlSCOPI
3831 143 3908 202 72

485 251 709 324 quibus
731 266 890 308 nunc
904 252 1141 325 quaeris,
1170 250 1528 323 imaginum.
1555 252 1954 324 quolibetalio
1977 260 2144 312 motu

490 341 758 397 animam
773 341 965 396 sortiri
981 356 1198 412 corpus
1215 355 1390 410 quam
1407 341 1770 396 sensibilium
1783 345 2143 414 cogitatione

488 430 845 494 formarum,
886 445 1040 500 quas
1081 445 1237 493 eam,
1268 428 1627 501 priusquam
1669 447 1918 504 corpore
1951 434 2146 489 sensi-

487 518 722 590 busque
773 523 987 585 utatur,
1034 517 1196 571 nullo
1226 517 1408 572 modo
1457 519 1712 574 arbitror
1769 523 1891 592 pati
1935 537 2140 593 posse.

490 607 892 672 Quamobrem
915 621 1023 676 pro
1057 610 1262 660 nostra
1284 605 1700 672 familiaritate,
1727 614 1782 663 et
1811 625 1920 678 pro
1950 611 2139 681 ipsius

487 696 672 750 divini
701 694 977 764 jurisﬁde
992 694 1199 750 sedulo
1225 696 1962 754 monuerimcharrissime
1994 694 2140 754 mihi

489 801 557 840 ac
583 783 1291 854 jucundissime,nullam
1309 800 1445 839 cum
1478 785 1604 840 istis
1631 787 1878 842 infernis
1907 787 2137 843 umbris

486 875 731 947 copules
775 875 1120 940 amicitiam,
1158 891 1304 930 neve
1345 875 1506 930 illam
1545 893 1682 948 quae
1715 878 1997 949 copulata
2027 884 2133 946 est,

483 969 760 1019 cunctere
775 964 1245 1019 divellere.Nullo
1259 965 1416 1019 enim
1434 965 1614 1021 modo
1629 967 2138 1040 resistiturcorpo-

481 1053 561 1108 ris
593 1053 886 1117 sensibus,
913 1067 1046 1123 quae
1077 1053 1250 1107 nobis
1269 1053 2010 1126 sacratissimadisciplina
2029 1062 2137 1123 est,

485 1143 531 1197 si
547 1158 654 1213 per
674 1143 804 1196 eos1
824 1140 1063 1196 inﬂictis
1080 1141 1272 1211 plagis
1289 1141 1752 1215 vulneribusque
1765 1143 2138 1203 blandimur.

973 1230 1308 1286 EPISTOLA
1349 1230 1465 1285 Vm
1497 1232 1513 1247 '
1542 1231 1644 1303 (α).

492 1321 736 1386 Quanam
765 1319 1054 1374 caelestium
1079 1326 1401 1390 potestatum
1431 1322 1486 1373 in
1514 1321 1754 1375 animum
1783 1323 1990 1378 actione
2017 1323 2134 1393 ﬁat,

628 1417 686 1462 ut
717 1409 980 1481 imagines
1020 1424 1080 1462 ac
1115 1410 1321 1463 somnia
1350 1409 1648 1463 dormienti
1681 1410 1990 1482 subrepant.

987 1513 1290 1554 AUGUSTINO
1335 1515 1633 1554 NEBRIDIUS.

555 1589 606 1642 1.
664 1587 974 1642 Festinanti
1003 1586 1140 1641 mihi
1157 1588 1227 1640 ad
1253 1603 1368 1642 rem
1387 1587 1687 1658 pervenire,
1721 1588 1933 1644 nullum
1958 1606 2133 1659 prooe-

487 1678 678 1743 mium,
712 1676 925 1732 nullum
945 1675 1124 1746 placet
1153 1674 1460 1730 exordium.
1503 1674 1609 1739 Qui
1636 1676 1717 1745 ﬁt,
1759 1676 1835 1730 mi
1865 1677 2136 1748 Augusti-

485 1783 570 1832 ne,
603 1766 681 1820 vel
709 1765 802 1836 qui
825 1765 1010 1819 modus
1038 1771 1112 1818 est
1143 1763 1256 1830 ille,
1295 1780 1396 1834 quo
1448 1770 1683 1818 utuntur
1710 1767 2016 1836 superiores
2043 1783 2137 1837 po-

481 1863 720 1921 testates,
737 1872 866 1926 quas
891 1855 1123 1909 caelestes
1144 1854 1379 1925 intelligi
1393 1853 1526 1923 volo,
1549 1871 1666 1908 cum
1688 1855 1764 1909 eis
1787 1854 1961 1925 placet
1985 1855 2136 1910 nobis

477 1945 867 2001 dormientibus
881 1945 1066 2015 aliqua
1082 1944 1288 1998 somnia
1300 1944 1666 1998 demonstrare
1679 1945 1707 1998 i’
1737 1944 1864 2008 Qui,
1893 1945 2134 2016 inquam,

479 2036 663 2092 modus
687 2041 762 2090 est
791 2052 808 2100 ;
839 2034 898 2088 id
921 2032 1282 2104 est,quomodo
1304 2033 1360 2086 id
1383 2032 1619 2103 faciunt,
1651 2050 1754 2104 qua
1775 2041 1913 2100 arte,
1944 2033 2135 2104 quibus

478 2125 764 2195 mangonis
794 2129 833 2188 ³,
863 2122 1115 2194 quibusve
1145 2122 1521 2176 instrumentis
1550 2129 1646 2176 aut
1684 2122 2080 2176 medicamentis
2107 2125 2135 2178 Ϋ

477 2213 786 2268 animumne
812 2216 830 2246 ³
858 2218 1100 2265 nostrum
1108 2210 1568 2281 per-cogitationes
1591 2227 1716 2264 suas
1741 2211 2041 2282 impellunt,
2072 2219 2130 2266 ut

476 2320 570 2358 nos
595 2305 759 2358 etiam
782 2319 843 2356 ea
867 2300 1149 2370 cogitando
1169 2300 1531 2371 imaginemur
1553 2301 1582 2352 ?
1599 2317 1674 2355 an
1691 2300 1809 2371 ipsa
1834 2302 1894 2355 in
1910 2318 2003 2356 suo
2013 2318 2132 2356 cor-

471 2410 626 2463 pore,
659 2392 739 2446 vel
760 2392 818 2445 in
841 2408 940 2445 sua
958 2390 1272 2460 phantasia,
1290 2389 1438 2459 facta
1466 2389 1618 2443 nobis
1641 2391 1876 2459 o/ferunt
1896 2398 2131 2445 etosten-

477 2481 660 2536 dunt?
684 2480 781 2534 Sed
807 2480 856 2533 si
887 2480 947 2533 in
984 2495 1078 2532 suo
1105 2493 1328 2548 corpore
1356 2495 1421 2532 ea
1447 2479 1678 2548 faciunt,
1710 2480 1956 2548 sequitur
1990 2486 2049 2533 ut
2079 2487 2128 2534 et

477 2587 569 2624 nos
586 2569 723 2624 alios
741 2569 913 2623 oculos
924 2584 1200 2638 corporeos
1221 2566 1556 2622 intrinsecus
1579 2567 1862 2621 habeamus
1872 2584 1990 2622 cum
2003 2567 2128 2621 dor-

476 2659 690 2722 mimus,
717 2657 909 2729 quibus
925 2657 1024 2711 illa
1052 2656 1326 2710 videamus
1349 2672 1462 2726 qua:
1478 2655 1568 2710 illi
1589 2656 1648 2709 in
1668 2673 1763 2710 suo
1775 2673 1997 2727 corpore
2017 2657 2126 2727 for-

473 2748 763 2802 maverint.
792 2746 850 2800 Si
880 2763 1001 2800 vero
1030 2745 1101 2799 ad
1133 2747 1266 2798 istas
1303 2762 1386 2798 res
1408 2761 1513 2798 non
1541 2761 1761 2814 corpore
1788 2745 2125 2815 adjuvantur

473 2853 588 2902 suo,
625 2836 716 2890 sed
750 2837 809 2889 in
852 2835 1196 2906 phantastico
1242 2851 1336 2888 suo
1377 2835 1478 2888 ista
1504 2835 1813 2905 disponunt,
1861 2841 2016 2904 atque
2045 2836 2124 2888 ita

471 2926 816 2998 phantastica
840 2932 1028 2978 nostra
1084 2923 1419 2993 contingunt,
1461 2930 1509 2977 et
1560 2923 1621 2992 ﬁt
1660 2923 1834 2978 visam
1881 2923 2018 2994 quod
2051 2931 2126 2979 est

471 3015 735 3069 somnium
765 3030 789 3079 ,ο
815 3030 932 3081 cur,
965 3029 1134 3083 qumso
1156 3020 1224 3074 te,
1255 3029 1358 3065 non
1380 3027 1470 3082 ego
1490 3011 1826 3082 phantastico
1841 3029 1948 3066 meo
1971 3018 2121 3067 tuum

467 3103 867 3174 phantasticum
909 3119 967 3156 ea
998 3102 1207 3156 somnia
1244 3117 1505 3171 generare
1541 3100 1812 3171 compello,
1844 3119 1958 3171 qute
1987 3102 2122 3155 mihi

467 3193 648 3262 primo
675 3193 731 3245 in
761 3209 816 3245 eo
841 3191 949 3261 ipse
969 3190 1213 3262 formavi
1237 3190 1265 3243 ?
1292 3190 1450 3248 Certe
1467 3195 1516 3243 et
1541 3190 1677 3243 mihi
1697 3197 1776 3244 est
1799 3190 2119 3260 phantasia,

469 3289 516 3335 et
553 3281 689 3352 quod
715 3279 826 3334 volo
857 3287 1038 3349 potens
1073 3286 1146 3332 est
1171 3279 1390 3348 ﬁngere,
1410 3296 1526 3332 cum
1548 3280 1764 3332 omnino
1792 3279 2002 3333 nullum
2025 3279 2126 3334 tibi

468 3368 610 3438 facio
638 3369 924 3433 somnium,
951 3365 1040 3419 sed
1072 3367 1245 3434 ipsum
1259 3381 1455 3434 corpus
1468 3373 1711 3420 nostrum
1724 3365 1873 3419 video
1903 3367 1959 3420 in
1975 3366 2124 3420 nobis

470 3457 678 3512 somnia
697 3471 973 3526 generare.
998 3454 1140 3509 Nam
1162 3471 1278 3507 cum
1299 3454 1456 3509 semel
1482 3454 1729 3508 habuerit
1749 3471 1846 3524 per
1874 3457 2124 3523 affectum

469 3562 569 3615 quo
607 3545 799 3599 anima:
847 3543 1151 3614 copulatur,
1185 3545 1322 3613 cogit
1372 3559 1466 3596 nos
1498 3542 1742 3613 idipsum
1770 3545 1930 3597 miris
1960 3545 2128 3599 modis

470 3652 570 3707 per
587 3634 933 3705 phantasiam
952 3633 1394 3702 simulare.Saepe
1413 3632 1744 3687 dormientes
1755 3649 1871 3686 cum
1892 3633 2123 3698 sitimus,

468 3725 640 3779 bibere
671 3723 1019 3787 somniamus,
1052 3728 1102 3776 et
1128 3722 1425 3776 esurientes
1454 3722 1608 3791 quasi
1631 3721 1952 3776 comedentes
1979 3722 2126 3776 vide-

469 3831 594 3868 mur
622 3829 641 3878 ;
667 3819 718 3868 et
742 3812 912 3867 multa
941 3811 1101 3875 talia,
1138 3828 1263 3883 quae
1292 3811 1448 3882 quasi
1487 3811 1797 3865 commercio
1836 3811 2057 3882 quodam
2089 3829 2122 3867 a

468 3920 688 3975 corpore
710 3903 768 3957 in
790 3903 1028 3956 animam
1054 3901 1386 3972 phantastice
1415 3901 1851 3969 trans/eruatur.
1883 3900 2009 3954 Haec
2020 3917 2124 3970 pro

467 3996 558 4048 sui
580 3993 921 4054 obscuritate,
947 4008 1049 4061 pro
1079 3998 1363 4060 nostraque
1389 3989 1691 4060 imperitia,
1723 4006 1787 4042 ne
1825 3990 2047 4044 mireris
2075 3990 2125 4044 si

469 4084 647 4136 minus
699 4081 967 4149 eleganter
999 4080 1284 4148 minusque
1319 4078 1597 4132 subtiliter
1628 4077 1902 4146 explicata
1939 4084 2064 4132 sunt
2098 4099 2118 4138 .-

471 4174 532 4224 tu
568 4169 626 4223 id
664 4170 845 4239 facere
873 4174 1136 4237 quantum
1161 4166 1370 4235 poteris
1399 4164 1690 4220 laborabis.

576 4291 730 4348 Edd.,
759 4305 849 4353 per
870 4304 970 4337 eas.
996 4289 1196 4353 AtMsﬁs.
1224 4302 1422 4353 magno
1440 4303 1704 4353 consensu
1718 4289 2007 4353 praeferunt
2027 4306 2122 4352 per

464 4369 564 4411 eos,
593 4354 738 4417 quod
760 4352 825 4424 ad
851 4366 1054 4424 sensus
1076 4352 1324 4424 refertur.
1355 4352 1486 4424 ﬂatu
1510 4352 1669 4414 paulo
1697 4352 1856 4424 supra
1879 4353 2074 4424 dicitur
2103 4369 2117 4404 :

463 4417 598 4467 nihil
613 4413 696 4465 ἐει
730 4416 875 4464 aliud
897 4416 1206 4477 imaginatio
1227 4413 1559 4463 sensibilium
1591 4413 1778 4462 rerum
1799 4415 1898 4463 hoc
1923 4415 1975 4462 in
2009 4430 2119 4465 cor-

505 4495 612 4537 ore,
645 4495 796 4549 quam
828 4479 983 4549 plaga
1014 4478 1214 4549 inﬂicta
1243 4492 1337 4549 per
1365 4477 2026 4549 θρέψε...Ηίηο,ἱᾳῐειιίεφβ
2059 4480 2114 4527 in

466 4496 612 4591 pore,
645 4496 796 4543 quam
828 4496 983 4541 plaga
1014 4496 1214 4538 ιημισια
1243 4496 1337 4538 per
1365 4496 1564 4548 scmus.
1598 4496 1728 4526 ﬂlIlC
1764 4496 2026 4549 ωιειιιεθβ
2059 4496 2114 4527 In

491 4544 555 4592 ib.
585 4545 650 4591 de
692 4542 826 4591 Vera
861 4541 1151 4602 tteligione,
1189 4553 1234 4587 c.
1256 4541 1332 4592 3t,
1355 4554 1404 4586 η.
1432 4540 1509 4594 64,
1543 4539 1591 4586 1d
1617 4539 1758 4602 quod
1789 4542 2117 4602 Augustinus

466 4606 726 4653 adversus
757 4603 1076 4652 Manichzeos
1091 4602 1218 4651 dicit
1241 4617 1252 4649 ε
1277 4603 1398 4649 Date
1415 4603 1501 4664 qui
1527 4603 1729 4649 resistat
1753 4604 1981 4650 sensibus
2006 4618 2116 4651 car-

466 4669 566 4723 nis,
599 4673 643 4714 et
671 4667 837 4728 plagis
866 4665 1052 4728 quibus
1081 4680 1173 4726 per
1195 4665 1309 4713 illos
1340 4665 1396 4712 in
1417 4665 1910 4728 animavapulavit.
1933 4665 2116 4728 Neque

466 4743 624 4798 porro
660 4726 895 4798 infernas
927 4729 1133 4798 umbras
1182 4728 1375 4798 quibus
1413 4727 1496 4798 h‘ic
1533 4726 1844 4798 Nebridium
1879 4726 2112 4798 revocat,

469 4789 765 4851 intelligere
791 4790 922 4838 alias
951 4789 1161 4837 videtur
1180 4789 1370 4851 printer
1402 4789 1714 4851 phantasias
1741 4789 2116 4851 seuphantas-

465 4827 1354 4922 ἦίᾶἶῖδῖξίιῖξῇιιίέιθχδῌξωιω·
1383 4827 1677 4907 Βῗαηὶοιιωὶ,
1710 4864 1773 4899 ex
1799 4827 1896 4903 liti.
1929 4853 1956 4899 3
1979 4855 2114 4902 Con-

464 4920 612 4974 t'ess.,
644 4930 690 4965 c.
727 4914 854 4970 6,7et
883 4914 972 4961 lib.
998 4917 1043 4967 9,
1076 4928 1122 4961 c.
1161 4916 1204 4960 4.

525 4984 543 5013 ³
560 4981 700 5036 Lov.,
717 4975 1277 5037 machinis,cujusloco
1297 4975 1418 5021 Mss.
1437 4975 1650 5030 habent,
1671 4976 2112 5037 mangonistem

464 5043 733 5106 signiﬁcat
762 5039 925 5110 {hinc
959 5040 1101 5087 enim
1131 5038 1472 5098 magganella,
1511 5038 1700 5110 bellica
1727 5037 1984 5110 quaedam.
2010 5041 2114 5087 ins-

465 5101 759 5154 trumenta.
793 5103 977 5151 Suidas
1003 5114 1178 5164 porro,
1199 5114 1487 5164 magganon
1508 5101 1813 5164 pai-adoxon
1841 5101 1899 5154 ti,
1918 5102 2113 5150 mirum

465 5168 740 5235 quidpiam
777 5162 1156 5235 interpretatur
1181 5162 1391 5235 aliquis,
1425 5163 1737 5235 praestigias.
1788 5224 1835 5235 υ
1883 5227 1892 5235 ι
1975 5227 1984 5235 .

525 5231 543 5259 ³
569 5224 715 5285 L'ov.,
740 5235 829 5277 aut
868 5224 1247 5275 medicamentis
1273 5224 1490 5271 aninum
1517 5232 1766 5272 nostrum.
1787 5224 2114 5275 Mutavimus

463 5292 708 5338 nonnihil
730 5291 794 5338 ad
828 5292 950 5339 Mss.
984 5289 1161 5338 tidem.

526 5353 616 5400 *ln
650 5353 746 5401 hac
773 5352 1071 5400 emcndada
1102 5351 1183 5400 usi
1217 5363 1404 5397 sumus
1432 5348 1511 5396 cb.
1543 5363 1627 5412 gg.
1669 5363 1754 5412 gv.
1787 5364 1838 5397 n.
1866 5364 1906 5398 r.
1930 5349 2109 5400 sb.vc.

465 5413 676 5463 duobus
710 5418 748 5461 t.
783 5415 992 5462 duobus
1029 5430 1076 5460 ν.
1114 5418 1166 5462 et
1201 5413 1328 5461 Lov.

522 5481 594 5547 ta)
620 5477 768 5547 Alias
795 5477 885 5521 245
912 5492 921 5523 ;
953 5491 1071 5547 quae
1117 5481 1296 5525 autem
1337 5476 1364 5522 8
1402 5477 1532 5534 erat,
1583 5488 1726 5522 nunc
1771 5475 1850 5522 27.
1905 5475 2113 5540 Scripta

461 5537 624 5608 paulo
657 5541 776 5602 post
806 5537 1151 5601 superiorem.

2817 259 3154 317 EPISTOLA
3182 260 3267 318 ur
3287 261 3388 335 (a).

2251 400 2555 464 Qumstioni
2573 402 2634 456 de
2657 403 2882 457 somniis
2895 420 2998 474 per
3024 404 3329 476 superiores
3356 412 3638 478 potestates
3652 407 3912 466 immissis

2924 493 3223 564 respondet.

2743 631 2994 672 NEBRIDIO
3033 633 3398 674 AUGUSTINUS.

2325 757 2370 808 Ι.
2401 754 2760 828 Quanquam
2789 759 2905 814 mei
2937 759 3118 814 animi
3143 761 3413 832 cognitor
3429 762 3524 826 sis,
3552 761 3909 822 fortasseta-

2246 857 2384 897 men
2423 843 2668 913 ignoras
2695 854 2990 918 quantum
3031 849 3209 904 velim
3263 851 3582 920 praesentia
3629 856 3730 907 tua
3769 854 3908 910 frui.

2244 930 2462 986 Verum
2489 932 2737 989 hoctam
2758 951 3047 1007 maguum
3074 937 3431 994 beneﬁcium
3465 941 3617 994 Deus
3633 944 3910 1012 quando-

2241 1034 2360 1091 que
2385 1021 2706 1090 przestabit.
2722 1024 2856 1092 Legi
2879 1025 3267 1082 rectissimam
3291 1028 3604 1100 epistolam
3627 1034 3810 1096 tuam,
3837 1032 3907 1087 in

2241 1123 2362 1178 qua
2380 1107 2453 1163 de
2467 1109 2782 1166 solitudine
2794 1118 3044 1183 questus
3057 1129 3139 1179 es,
3165 1116 3391 1187 etquad
3402 1133 3498 1172 am
3514 1117 3851 1175 desertione
3867 1137 3908 1177 a

2240 1193 2633 1253 familiaribus
2647 1200 2922 1267 tuis,cum
2942 1202 3162 1273 quibus
3176 1206 3293 1258 vita
3307 1205 3652 1262 dulcissima
3667 1211 3906 1265 est.Sed

2242 1285 2387 1356 quid
2427 1287 2589 1343 aliud
2627 1289 2723 1344 hic
2754 1290 2857 1346 tibi
2889 1291 3108 1358 dicam,
3133 1293 3247 1348 nisi
3280 1295 3444 1364 quod
3470 1301 3522 1351 te
3554 1298 3904 1354 nondubito

2240 1371 2434 1429 facere
2471 1376 2500 1427 ‘I
2539 1376 2747 1432 Confer
2786 1383 2842 1433 te
2893 1379 2970 1434 ad
3001 1384 3168 1435 tuum
3202 1381 3494 1448 animum,
3539 1388 3594 1439 et
3633 1384 3796 1440 illum
3830 1386 3899 1442 in

2241 1463 2586 1530 Deumleva,
2603 1473 2896 1538 quantum
2914 1474 3105 1540 potes.
3122 1470 3206 1524 Ibi
3225 1472 3616 1528 enimcertius
3632 1474 3816 1529 habes
3831 1481 3894 1531 et

2241 1567 2371 1615 nos,
2412 1569 2529 1608 non
2565 1570 2668 1624 per
2688 1572 3006 1627 corporeas
3046 1558 3358 1627 imagines,
3390 1560 3611 1630 quibus
3642 1577 3800 1618 nunc
3833 1565 3898 1618 in

2241 1647 2444 1696 nostra
2456 1643 2863 1699 recordatione
2879 1646 2957 1700 uti
2974 1662 3213 1702 necesse
3228 1653 3342 1714 est;
3359 1648 3464 1703 sed
3479 1665 3582 1720 per
3609 1649 3771 1706 illam
3795 1667 3895 1707 co-

2242 1729 2608 1801 gitationem,
2641 1749 2763 1805 qua
2790 1733 3062 1806 intelligis
3093 1751 3213 1790 non
3244 1736 3376 1792 loco
3399 1753 3524 1792 esse
3552 1753 3661 1794 nos
3691 1741 3894 1797 simul.

2311 1819 2366 1876 2.
2401 1820 2690 1891 Epistolas
2721 1827 2855 1878 tuas
2880 1840 3017 1879 cum
3048 1825 3750 1897 considerareni,quibus
3769 1845 3896 1886 non

2240 1907 2496 1964 dubium
2529 1909 2630 1965 tibi
2658 1914 2946 1983 quaerenti
2977 1929 3203 1984 magna
3242 1916 3548 1986 respondi,
3574 1917 3901 1974 vehemen-

2242 2001 2328 2052 ter
2353 1998 2558 2054 meilla
2586 2000 2938 2072 terruit,qua
2967 2004 3335 2073 percontaris
3349 2006 3660 2076 quomodo
3691 2007 3796 2063 ﬁat
3825 2013 3891 2064 ut

2241 2086 2418 2141 nobis
2451 2103 2485 2142 a
2515 2089 2922 2159 superioribus
2977 2092 3365 2163 potestatibus
3398 2095 3488 2150 vel
3522 2111 3557 2150 a
3605 2097 3898 2152 daemoni-

2240 2175 2374 2240 bus,
2399 2177 2860 2247 etcogitationes
2891 2182 3170 2252 quaedam
3197 2181 3600 2240 inseranturet
3631 2186 3893 2242 somnia.

2239 2267 2450 2336 Magna
2475 2267 2633 2321 enim
2675 2283 2766 2322 res
2798 2273 2905 2334 est,
2938 2269 3032 2324 cui
3072 2276 3134 2324 tu
3172 2287 3402 2343 quoque
3455 2288 3564 2344 pro
3614 2278 3714 2330 tua
3749 2291 3896 2346 pru-

2236 2351 2442 2410 dentia
2481 2355 2787 2426 perspicis,
2842 2373 2961 2412 non
3008 2358 3278 2429 epistola,
3312 2361 3414 2415 sed
3464 2367 3567 2416 aut
3614 2365 3894 2434 praesenti

2237 2440 2648 2509 collocatione,
2705 2449 2809 2500 aut
2876 2446 3079 2518 aliquo
3132 2447 3329 2504 libello
3396 2451 3892 2522 respondendum

2234 2531 2650 2588 esse.Tentabo
2685 2539 2904 2602 tamen,
2935 2535 3158 2591 callens
3179 2537 3694 2607 ingeniumtuum,
3727 2557 3895 2612 quae-

2233 2619 2374 2675 dam
2408 2623 2754 2692 quaestionis
2798 2623 2980 2695 hujus
3007 2625 3240 2683 lumina
3273 2632 3290 2662 ³
3326 2630 3771 2699 ρι’ωεθωὶηεινθ,
3826 2636 3893 2686 ut

2232 2713 2335 2764 aut
2360 2715 2574 2766 caetera
2615 2717 2811 2767 tecum
2842 2713 2970 2784 ipse
2998 2721 3298 2781 contexas,
3339 2724 3440 2772 aut.
3481 2733 3658 2788 posse
3697 2719 3772 2775 ad
3797 2721 3887 2775 rei

2232 2801 2405 2853 tanta:
2453 2800 2825 2870 probabilem
2867 2802 3385 2874 investigationem
3427 2809 3721 2878 perveniri
3773 2808 3894 2864 mi-

2232 2890 2390 2943 nime
2421 2888 2723 2960 desperes.

2304 2981 2356 3032 3.
2378 2977 2643 3033 Arbitror
2661 2978 2822 3035 enim
2846 2997 3086 3037 omnem
3105 2989 3338 3040 motum
3351 2985 3537 3041 animi
3561 2985 3787 3058 aliquid
3803 2987 3894 3044 fa-

2231 3081 2362 3120 cere
2388 3066 2445 3120 in
2474 3082 2742 3138 corpore.
2776 3068 2839 3123 id
2868 3075 3064 3126 autem
3119 3089 3306 3144 usque
3347 3075 3424 3129 ad
3459 3080 3691 3130 nostros
3723 3077 3885 3131 exire

2234 3170 2469 3219 sensus,
2487 3160 2604 3210 tam
2624 3156 2878 3223 hebetes,
2898 3164 3139 3232 tamque
3156 3163 3521 3231 tardos,cum
3546 3171 3682 3219 sunt
3697 3165 3888 3234 majo-

2233 3260 2326 3300 res
2351 3243 2535 3298 animi
2566 3250 2798 3312 motus;
2826 3248 3136 3305 velutcum
3167 3251 3627 3318 irascimur,’aut
3659 3254 3886 3326 tristes,

2233 3337 2334 3388 aut
2355 3333 2686 3402 gaudentes
2714 3353 2942 3392 sumus.
2984 3341 3065 3393 Ex
3092 3356 3213 3412 quo
3237 3339 3372 3396 licet
3411 3343 3888 3413 conjicere,cum

2237 3422 2414 3477 etiam
2430 3423 2762 3491 cogitamus
2788 3425 3037 3497 aliquid,
3066 3444 3259 3500 neque
3291 3430 3351 3484 id
3379 3431 3550 3486 nobis
3585 3433 3643 3486 iu
3676 3437 3890 3488 nostro

2237 3525 2484 3580 corpore
2498 3519 2765 3581 apparet,
2783 3529 3072 3585 apparere
3087 3523 3285 3573 tamen
3315 3535 3494 3590 posse
3513 3521 3687 3575 aeriis
3705 3522 3892 3577 aethe-

2234 3599 2423 3655 reisve
2450 3601 2860 3656 animantibus
2889 3603 2986 3674 (b),
3019 3620 3279 3676 quorum
3311 3612 3365 3662 et
3392 3625 3603 3663 sensus
3637 3611 3891 3666 accerri-

2236 3705 2390 3752 mus,
2415 3686 2538 3742 etin
2554 3690 2726 3759 cujus
2749 3694 3197 3763 comparatione
3213 3701 3414 3752 noster
3438 3715 3510 3753 ne
3526 3714 3739 3753 sensus
3753 3699 3890 3770 qui-

2233 3778 2370 3834 dem
2408 3781 2708 3851 putandus
2734 3782 3042 3850 est.lgitur
3067 3799 3304 3857 eaquae,
3337 3788 3722 3852 utitadicam,
3753 3804 3889 3842 ves-

2232 3868 2373 3940 tigia
2403 3871 2492 3924 sui
2517 3874 2711 3925 motus
2738 3871 3116 3942 animusfigit
3149 3874 3206 3928 in
3240 3891 3506 3947 corpore,
3542 3882 3803 3948 possunt
3829 3883 3889 3934 et

2232 3973 2494 4024 manere,
2527 3964 2583 4014 et
2620 3959 2949 4030 quemdam
2969 3962 3140 4032 quasi
3172 3963 3448 4019 habitum
3475 3965 3667 4021 facere
3699 3982 3711 4031 ;
3745 3983 3885 4037 qua:

2229 4045 2480 4101 latenter
2496 4063 2632 4102 cum
2664 4048 2886 4116 agitata
2920 4049 3135 4106 fuerint
3164 4058 3221 4106 et
3253 4058 3642 4120 contrectata,
3672 4071 3883 4111 secun-

2231 4135 2372 4189 dum
2394 4137 2669 4206 agitantis
2687 4142 2742 4192 et
2756 4142 3175 4195 contrectantis
3191 4141 3579 4209 voluntatem,
3599 4144 3882 4213 ingerunt

2229 4223 2402 4278 nobis
2432 4226 2822 4294 cogitationes
2863 4232 2919 4282 et
2957 4229 3239 4295 somnia;
3282 4238 3459 4302 atque
3507 4232 3566 4286 id
3612 4233 3677 4288 tit
3731 4235 3885 4290 mira

2227 4311 2525 4368 facilitate.
2540 4313 2598 4367 Si
2623 4315 2783 4369 enim
2798 4320 3136 4371 nostrorum
3155 4333 3474 4389 corporum
3507 4325 3882 4378 terrenarum

2226 4406 2282 4455 et
2313 4401 2788 4458 tardissimorum
2823 4405 3296 4475 exercitationes,
3337 4410 3585 4477 agendis
3630 4412 3880 4482 organis

2229 4491 2492 4556 musicis,
2508 4508 2612 4546 seu
2629 4493 2686 4546 in
2703 4492 3075 4558 funambulo,
3100 4498 3445 4569 caeterisque
3465 4499 3881 4570 hujuscemodi

2225 4579 2574 4650 spectaculis
2602 4581 3166 4652 innumerabilibus,
3201 4586 3277 4641 ad
3308 4587 3594 4658 quaedam
3622 4590 3879 4645 incredi-

2221 4668 2365 4724 bilia
2396 4671 2736 4740 pervenisse
2775 4673 3159 4729 manifestum
3192 4682 3282 4731 est
3315 4691 3328 4740 ;
3371 4692 3758 4749 nequaquam
3788 4683 3882 4735 est.

2222 4757 2570 4828 absurdum,
2601 4775 2701 4814 eos
2729 4760 2830 4831 qui
2863 4761 3026 4816 aerio
3065 4763 3158 4817 vel
3198 4765 3454 4820 mthereo
3487 4783 3738 4838 corpore
3772 4767 3879 4823 ali-

2221 4847 2368 4918 quid
2393 4846 2449 4902 in
2477 4848 2828 4918 corporibus
2850 4854 3061 4918 agunt,
3092 4867 3224 4919 quae
3255 4855 3514 4909 naturali
3543 4856 3750 4911 ordine
3779 4873 3880 4928 pe-

2223 4940 2475 5000 netrant,
2509 4935 2683 5007 longe
2719 4937 2945 5008 majore
2976 4941 3056 4995 uti
3087 4940 3366 4998 facilitate
3396 4943 3471 4998 ad
3508 4945 3877 5002 movendum

2220 5023 2760 5095 quidquidvolunt,
2795 5042 2919 5081 non
2952 5028 3342 5084 sentientibus
3366 5032 3562 5098 nobis,
3597 5039 3878 5090 ettamen

2283 5227 2474 5296 [μίξις.
2503 5227 2719 5296 _l_i_min_q.
2751 5229 3056 5296 ᾼξ-Μεξηθι
3111 5233 3440 5296 antiquiores
3470 5235 3622 5291 Edd.,
3653 5236 3875 5287 lumina.

2281 5289 2480 5353 i“Epist.
2503 5290 2566 5338 1X
2587 5295 2637 5338 et
2652 5291 2695 5338 Χ
2723 5291 2787 5364 ad
2805 5292 3112 5364 Nebridium
3129 5289 3406 5364 castigatm
3424 5289 3626 5364 suntad
3641 5315 3690 5364 a1
3708 5299 3878 5364 bl.bg.

2221 5351 2304 5401 ch.
2319 5351 2370 5413 gi
2388 5367 2474 5413 gg.
2492 5366 2579 5414 gv.
2601 5367 2653 5400 n.
2670 5368 2709 5400 r.
2727 5354 2804 5401 sb.
2825 5354 2960 5404 duos
2976 5359 3011 5404 t.
3028 5357 3162 5406 duos
3181 5374 3228 5406 ν.
3245 5351 3372 5408 εἷειά
3386 5364 3501 5408 Am.
3522 5351 3874 5413 Bad.Er.Lov.

2284 5418 2382 5481 (at,
2409 5415 2548 5481 Alias
2602 5417 2693 5481 (1‘5
2727 5417 2937 5477 prima:
2973 5433 3091 5481 qum
3149 5425 3328 5470 autem
3363 5425 3390 5470 9
3441 5427 3571 5481 erat,
3620 5438 3766 5474 nunc
3793 5427 3873 5474 40.

2221 5477 2426 5543 Scripta
2451 5477 3021 5543 circa_idem_teinpus.

2283 5539 2354 5601 (b)
2375 5538 2737 5588 Deemonibus.
2758 5538 3002 5593 Vide’lih.
3033 5545 3055 5592 1
3089 5549 3231 5595 cont.
3268 5548 3518 5597 Academ.
3553 5561 3598 5598 c.
3631 5550 3678 5606 7,
3701 5564 3755 5600 n.
3788 5552 3868 5602 20.
