  <div class='ocr_page' id='page_1' title='image "/cluster/home/n/w/nwhite01/storage/ocr_20150623/33/hvd.32044096580568/042.png"; bbox 0 0 4164 6182; ppageno 0'>
   <div class='ocr_carea' id='block_1_1' title="bbox 178 250 3601 316">
    <p class='ocr_par' dir='ltr' id='par_1_1' title="bbox 178 250 3601 316">
     <span class='ocr_line' id='line_1_1' title="bbox 178 250 3601 316; baseline 0.003 -10"><span class='ocrx_word' id='word_1_1' title='bbox 178 254 252 307; x_wconf 82' lang='lat'>73</span> <span class='ocrx_word' id='word_1_2' title='bbox 1352 252 1853 309; x_wconf 79' lang='lat' dir='ltr'>EPISTULARUM</span> <span class='ocrx_word' id='word_1_3' title='bbox 1897 250 2187 308; x_wconf 88' lang='lat' dir='ltr'>CLASSlS</span> <span class='ocrx_word' id='word_1_4' title='bbox 2218 252 2260 306; x_wconf 88' lang='grc' dir='ltr'><strong>Ι.</strong></span> <span class='ocrx_word' id='word_1_5' title='bbox 3528 260 3601 316; x_wconf 72' lang='grc'>74</span> 
     </span>
    </p>
   </div>
   <div class='ocr_carea' id='block_1_2' title="bbox 175 378 1834 451">
    <p class='ocr_par' dir='ltr' id='par_1_2' title="bbox 175 378 1834 451">
     <span class='ocr_line' id='line_1_2' title="bbox 175 378 1834 451; baseline -0.001 -18"><span class='ocrx_word' id='word_1_6' title='bbox 175 378 323 434; x_wconf 86' lang='lat' dir='ltr'>inde</span> <span class='ocrx_word' id='word_1_7' title='bbox 345 379 571 451; x_wconf 89' lang='lat' dir='ltr'>aliquid</span> <span class='ocrx_word' id='word_1_8' title='bbox 589 378 1074 451; x_wconf 86' lang='lat' dir='ltr'>perpetientibus.</span> <span class='ocrx_word' id='word_1_9' title='bbox 1094 381 1292 450; x_wconf 84' lang='lat' dir='ltr'>Neque</span> <span class='ocrx_word' id='word_1_10' title='bbox 1315 380 1475 434; x_wconf 91' lang='lat' dir='ltr'>enim</span> <span class='ocrx_word' id='word_1_11' title='bbox 1493 380 1667 433; x_wconf 90' lang='lat' dir='ltr'>etiam</span> <span class='ocrx_word' id='word_1_12' title='bbox 1686 393 1834 450; x_wconf 89' lang='lat' dir='ltr'>quo-</span> 
     </span>
    </p>
   </div>
   <div class='ocr_carea' id='block_1_3' title="bbox 178 468 1833 523">
    <p class='ocr_par' dir='ltr' id='par_1_3' title="bbox 178 468 1833 523">
     <span class='ocr_line' id='line_1_3' title="bbox 178 468 1833 523; baseline 0 -1"><span class='ocrx_word' id='word_1_13' title='bbox 178 468 368 522; x_wconf 87' lang='lat' dir='ltr'>modo</span> <span class='ocrx_word' id='word_1_14' title='bbox 421 468 566 523; x_wconf 86' lang='lat' dir='ltr'>fellis</span> <span class='ocrx_word' id='word_1_15' title='bbox 620 468 995 523; x_wconf 79' lang='lat' dir='ltr'>abundantia</span> <span class='ocrx_word' id='word_1_16' title='bbox 1029 485 1134 523; x_wconf 90' lang='lat' dir='ltr'>nos</span> <span class='ocrx_word' id='word_1_17' title='bbox 1176 469 1249 523; x_wconf 86' lang='lat' dir='ltr'>ad</span> <span class='ocrx_word' id='word_1_18' title='bbox 1284 468 1434 523; x_wconf 91' lang='lat' dir='ltr'>iram</span> <span class='ocrx_word' id='word_1_19' title='bbox 1475 468 1833 523; x_wconf 80' lang='lat' dir='ltr'>crebriorem</span> 
     </span>
    </p>
   </div>
   <div class='ocr_carea' id='block_1_4' title="bbox 177 558 1827 628">
    <p class='ocr_par' dir='ltr' id='par_1_4' title="bbox 177 558 1827 628">
     <span class='ocr_line' id='line_1_4' title="bbox 177 558 1827 628; baseline 0 -17"><span class='ocrx_word' id='word_1_20' title='bbox 177 563 361 627; x_wconf 90' lang='lat' dir='ltr'>cogat</span> <span class='ocrx_word' id='word_1_21' title='bbox 390 559 677 612; x_wconf 81' lang='lat' dir='ltr'>sentimus</span> <span class='ocrx_word' id='word_1_22' title='bbox 712 574 725 622; x_wconf 87' lang='lat'><strong>;</strong></span> <span class='ocrx_word' id='word_1_23' title='bbox 760 563 812 612; x_wconf 91' lang='lat' dir='ltr'>et</span> <span class='ocrx_word' id='word_1_24' title='bbox 837 564 1035 613; x_wconf 92' lang='lat' dir='ltr'>tamen</span> <span class='ocrx_word' id='word_1_25' title='bbox 1068 559 1244 628; x_wconf 88' lang='lat' dir='ltr'>cogit,</span> <span class='ocrx_word' id='word_1_26' title='bbox 1278 574 1410 613; x_wconf 89' lang='lat' dir='ltr'>cum</span> <span class='ocrx_word' id='word_1_27' title='bbox 1455 558 1578 613; x_wconf 69' lang='lat' dir='ltr'>htec</span> <span class='ocrx_word' id='word_1_28' title='bbox 1618 558 1827 628; x_wconf 84' lang='lat' dir='ltr'>ipsam,</span> 
     </span>
    </p>
   </div>
   <div class='ocr_carea' id='block_1_5' title="bbox 178 646 1830 717">
    <p class='ocr_par' dir='ltr' id='par_1_5' title="bbox 178 646 1830 717">
     <span class='ocr_line' id='line_1_5' title="bbox 178 646 1830 717; baseline -0.002 -17"><span class='ocrx_word' id='word_1_29' title='bbox 178 662 369 717; x_wconf 89' lang='lat' dir='ltr'>quam</span> <span class='ocrx_word' id='word_1_30' title='bbox 387 646 913 715; x_wconf 80' lang='lat' dir='ltr'>dixi,abundantia</span> <span class='ocrx_word' id='word_1_31' title='bbox 934 646 1086 702; x_wconf 90' lang='lat' dir='ltr'>facta</span> <span class='ocrx_word' id='word_1_32' title='bbox 1119 648 1189 701; x_wconf 92' lang='lat' dir='ltr'>sit</span> <span class='ocrx_word' id='word_1_33' title='bbox 1219 647 1611 701; x_wconf 86' lang='lat' dir='ltr'>irascentibns</span> <span class='ocrx_word' id='word_1_34' title='bbox 1638 646 1830 701; x_wconf 91' lang='lat' dir='ltr'>nobis.</span> 
     </span>
    </p>
   </div>
   <div class='ocr_carea' id='block_1_6' title="bbox 249 736 1834 805">
    <p class='ocr_par' dir='ltr' id='par_1_6' title="bbox 249 736 1834 805">
     <span class='ocr_line' id='line_1_6' title="bbox 249 736 1834 805; baseline -0.003 -12"><span class='ocrx_word' id='word_1_35' title='bbox 249 739 305 793; x_wconf 82' lang='grc'><strong>4.</strong></span> <span class='ocrx_word' id='word_1_36' title='bbox 343 738 456 791; x_wconf 88' lang='lat' dir='ltr'>Sed</span> <span class='ocrx_word' id='word_1_37' title='bbox 479 736 592 791; x_wconf 90' lang='lat' dir='ltr'>hoc</span> <span class='ocrx_word' id='word_1_38' title='bbox 626 742 824 791; x_wconf 90' lang='lat' dir='ltr'>tamen</span> <span class='ocrx_word' id='word_1_39' title='bbox 859 737 1042 792; x_wconf 85' lang='lat' dir='ltr'>sinon</span> <span class='ocrx_word' id='word_1_40' title='bbox 1079 737 1163 792; x_wconf 83' lang='lat' dir='ltr'>vis</span> <span class='ocrx_word' id='word_1_41' title='bbox 1198 736 1391 790; x_wconf 86' lang='lat' dir='ltr'>simile</span> <span class='ocrx_word' id='word_1_42' title='bbox 1420 752 1454 791; x_wconf 90' lang='lat' dir='ltr'>a</span> <span class='ocrx_word' id='word_1_43' title='bbox 1480 736 1655 791; x_wconf 91' lang='lat' dir='ltr'>nobis</span> <span class='ocrx_word' id='word_1_44' title='bbox 1686 751 1834 805; x_wconf 66' lang='lat' dir='ltr'>prae-</span> 
     </span>
    </p>
   </div>
   <div class='ocr_carea' id='block_1_7' title="bbox 178 824 1829 895">
    <p class='ocr_par' dir='ltr' id='par_1_7' title="bbox 178 824 1829 895">
     <span class='ocr_line' id='line_1_7' title="bbox 178 824 1829 895; baseline -0.001 -17"><span class='ocrx_word' id='word_1_45' title='bbox 178 828 485 879; x_wconf 89' lang='lat' dir='ltr'>tereunter</span> <span class='ocrx_word' id='word_1_46' title='bbox 516 824 805 894; x_wconf 87' lang='lat' dir='ltr'>accipere,</span> <span class='ocrx_word' id='word_1_47' title='bbox 844 840 1016 880; x_wconf 89' lang='lat' dir='ltr'>versa</span> <span class='ocrx_word' id='word_1_48' title='bbox 1054 824 1112 878; x_wconf 88' lang='lat' dir='ltr'>id</span> <span class='ocrx_word' id='word_1_49' title='bbox 1153 825 1509 892; x_wconf 80' lang='lat' dir='ltr'>cogitatione</span> <span class='ocrx_word' id='word_1_50' title='bbox 1537 828 1829 895; x_wconf 91' lang='lat' dir='ltr'>quantum</span> 
     </span>
    </p>
   </div>
   <div class='ocr_carea' id='block_1_8' title="bbox 180 912 1831 985">
    <p class='ocr_par' dir='ltr' id='par_1_8' title="bbox 180 912 1831 985">
     <span class='ocr_line' id='line_1_8' title="bbox 180 912 1831 985; baseline -0.001 -17"><span class='ocrx_word' id='word_1_51' title='bbox 180 920 374 985; x_wconf 88' lang='lat' dir='ltr'>pates.</span> <span class='ocrx_word' id='word_1_52' title='bbox 421 916 565 968; x_wconf 81' lang='lat' dir='ltr'>Nam</span> <span class='ocrx_word' id='word_1_53' title='bbox 615 914 661 967; x_wconf 89' lang='lat' dir='ltr'>si</span> <span class='ocrx_word' id='word_1_54' title='bbox 704 914 906 968; x_wconf 90' lang='lat' dir='ltr'>animo</span> <span class='ocrx_word' id='word_1_55' title='bbox 933 914 1141 968; x_wconf 84' lang='lat' dir='ltr'>existat</span> <span class='ocrx_word' id='word_1_56' title='bbox 1171 914 1407 969; x_wconf 83' lang='lat' dir='ltr'>assidue</span> <span class='ocrx_word' id='word_1_57' title='bbox 1448 913 1649 984; x_wconf 89' lang='lat' dir='ltr'>aliqua</span> <span class='ocrx_word' id='word_1_58' title='bbox 1678 912 1831 966; x_wconf 80' lang='lat' dir='ltr'>diffi-</span> 
     </span>
    </p>
   </div>
   <div class='ocr_carea' id='block_1_9' title="bbox 177 1001 1830 1074">
    <p class='ocr_par' dir='ltr' id='par_1_9' title="bbox 177 1001 1830 1074">
     <span class='ocr_line' id='line_1_9' title="bbox 177 1001 1830 1074; baseline -0.001 -17"><span class='ocrx_word' id='word_1_59' title='bbox 177 1002 371 1058; x_wconf 78' lang='lat' dir='ltr'>cultas</span> <span class='ocrx_word' id='word_1_60' title='bbox 399 1002 619 1071; x_wconf 82' lang='lat' dir='ltr'>agendi</span> <span class='ocrx_word' id='word_1_61' title='bbox 644 1010 819 1074; x_wconf 88' lang='lat' dir='ltr'>atque</span> <span class='ocrx_word' id='word_1_62' title='bbox 852 1002 1138 1073; x_wconf 87' lang='lat' dir='ltr'>implendi</span> <span class='ocrx_word' id='word_1_63' title='bbox 1170 1002 1332 1074; x_wconf 91' lang='lat' dir='ltr'>quod</span> <span class='ocrx_word' id='word_1_64' title='bbox 1374 1003 1555 1073; x_wconf 89' lang='lat' dir='ltr'>cupit,</span> <span class='ocrx_word' id='word_1_65' title='bbox 1585 1001 1830 1057; x_wconf 88' lang='lat' dir='ltr'>assidue</span> 
     </span>
    </p>
   </div>
   <div class='ocr_carea' id='block_1_10' title="bbox 174 1091 1826 1165">
    <p class='ocr_par' dir='ltr' id='par_1_10' title="bbox 174 1091 1826 1165">
     <span class='ocr_line' id='line_1_10' title="bbox 174 1091 1826 1165; baseline -0.001 -18"><span class='ocrx_word' id='word_1_66' title='bbox 174 1092 473 1148; x_wconf 81' lang='lat' dir='ltr'>irascitur.</span> <span class='ocrx_word' id='word_1_67' title='bbox 512 1093 601 1147; x_wconf 88' lang='lat' dir='ltr'>Ira</span> <span class='ocrx_word' id='word_1_68' title='bbox 627 1098 952 1157; x_wconf 90' lang='lat' dir='ltr'>estautem,</span> <span class='ocrx_word' id='word_1_69' title='bbox 976 1097 1270 1165; x_wconf 89' lang='lat' dir='ltr'>quantum</span> <span class='ocrx_word' id='word_1_70' title='bbox 1306 1108 1437 1148; x_wconf 89' lang='lat' dir='ltr'>mea</span> <span class='ocrx_word' id='word_1_71' title='bbox 1464 1092 1570 1146; x_wconf 90' lang='lat' dir='ltr'>fert</span> <span class='ocrx_word' id='word_1_72' title='bbox 1598 1091 1826 1162; x_wconf 90' lang='lat' dir='ltr'>opinio,</span> 
     </span>
    </p>
   </div>
   <div class='ocr_carea' id='block_1_11' title="bbox 174 1180 1827 1253">
    <p class='ocr_par' dir='ltr' id='par_1_11' title="bbox 174 1180 1827 1253">
     <span class='ocr_line' id='line_1_11' title="bbox 174 1180 1827 1253; baseline 0 -18"><span class='ocrx_word' id='word_1_73' title='bbox 174 1181 549 1236; x_wconf 88' lang='lat' dir='ltr'>turbulentus</span> <span class='ocrx_word' id='word_1_74' title='bbox 580 1181 881 1253; x_wconf 86' lang='lat' dir='ltr'>appetitus</span> <span class='ocrx_word' id='word_1_75' title='bbox 896 1180 1198 1236; x_wconf 83' lang='lat' dir='ltr'>auferendi</span> <span class='ocrx_word' id='word_1_76' title='bbox 1226 1197 1297 1236; x_wconf 86' lang='lat' dir='ltr'>ea</span> <span class='ocrx_word' id='word_1_77' title='bbox 1323 1197 1458 1252; x_wconf 67' lang='lat' dir='ltr'>quas</span> <span class='ocrx_word' id='word_1_78' title='bbox 1486 1180 1827 1235; x_wconf 76' lang='lat' dir='ltr'>facilitatem</span> 
     </span>
    </p>
   </div>
   <div class='ocr_carea' id='block_1_12' title="bbox 172 1270 1827 1343">
    <p class='ocr_par' dir='ltr' id='par_1_12' title="bbox 172 1270 1827 1343">
     <span class='ocr_line' id='line_1_12' title="bbox 172 1270 1827 1343; baseline -0.001 -18"><span class='ocrx_word' id='word_1_79' title='bbox 172 1270 432 1326; x_wconf 88' lang='lat' dir='ltr'>actionis</span> <span class='ocrx_word' id='word_1_80' title='bbox 473 1270 829 1343; x_wconf 91' lang='lat' dir='ltr'>impediunt.</span> <span class='ocrx_word' id='word_1_81' title='bbox 866 1270 1067 1343; x_wconf 78' lang='lat' dir='ltr'>Itaque</span> <span class='ocrx_word' id='word_1_82' title='bbox 1095 1270 1448 1342; x_wconf 88' lang='lat' dir='ltr'>plerumque</span> <span class='ocrx_word' id='word_1_83' title='bbox 1479 1286 1597 1325; x_wconf 92' lang='lat' dir='ltr'>non</span> <span class='ocrx_word' id='word_1_84' title='bbox 1639 1270 1827 1325; x_wconf 90' lang='lat' dir='ltr'>homi-</span> 
     </span>
    </p>
   </div>
   <div class='ocr_carea' id='block_1_13' title="bbox 176 1359 1826 1425">
    <p class='ocr_par' dir='ltr' id='par_1_13' title="bbox 176 1359 1826 1425">
     <span class='ocr_line' id='line_1_13' title="bbox 176 1359 1826 1425; baseline 0.001 -12"><span class='ocrx_word' id='word_1_85' title='bbox 176 1360 359 1414; x_wconf 90' lang='lat' dir='ltr'>nibus</span> <span class='ocrx_word' id='word_1_86' title='bbox 387 1366 642 1425; x_wconf 88' lang='lat' dir='ltr'>tantum,</span> <span class='ocrx_word' id='word_1_87' title='bbox 692 1360 797 1414; x_wconf 91' lang='lat' dir='ltr'>sed</span> <span class='ocrx_word' id='word_1_88' title='bbox 830 1360 1064 1415; x_wconf 88' lang='lat' dir='ltr'>calamo</span> <span class='ocrx_word' id='word_1_89' title='bbox 1091 1359 1404 1415; x_wconf 83' lang='lat' dir='ltr'>irascimur</span> <span class='ocrx_word' id='word_1_90' title='bbox 1426 1360 1481 1415; x_wconf 92' lang='lat' dir='ltr'>in</span> <span class='ocrx_word' id='word_1_91' title='bbox 1511 1360 1826 1415; x_wconf 88' lang='lat' dir='ltr'>scribendo</span> 
     </span>
    </p>
   </div>
   <div class='ocr_carea' id='block_1_14' title="bbox 171 1449 1825 1520">
    <p class='ocr_par' dir='ltr' id='par_1_14' title="bbox 171 1449 1825 1520">
     <span class='ocr_line' id='line_1_14' title="bbox 171 1449 1825 1520; baseline -0.001 -16"><span class='ocrx_word' id='word_1_92' title='bbox 171 1465 436 1520; x_wconf 87' lang='lat' dir='ltr'>eumque</span> <span class='ocrx_word' id='word_1_93' title='bbox 465 1449 805 1505; x_wconf 90' lang='lat' dir='ltr'>collidimus</span> <span class='ocrx_word' id='word_1_94' title='bbox 838 1454 1017 1520; x_wconf 91' lang='lat' dir='ltr'>atque</span> <span class='ocrx_word' id='word_1_95' title='bbox 1049 1449 1419 1518; x_wconf 81' lang='lat' dir='ltr'>frangimus;</span> <span class='ocrx_word' id='word_1_96' title='bbox 1456 1455 1512 1505; x_wconf 90' lang='lat' dir='ltr'>et</span> <span class='ocrx_word' id='word_1_97' title='bbox 1539 1449 1825 1505; x_wconf 88' lang='lat' dir='ltr'>aleatores</span> 
     </span>
    </p>
   </div>
   <div class='ocr_carea' id='block_1_15' title="bbox 169 1537 1824 1610">
    <p class='ocr_par' dir='ltr' id='par_1_15' title="bbox 169 1537 1824 1610">
     <span class='ocr_line' id='line_1_15' title="bbox 169 1537 1824 1610; baseline 0.001 -19"><span class='ocrx_word' id='word_1_98' title='bbox 169 1540 433 1607; x_wconf 82' lang='lat' dir='ltr'>teSseris,</span> <span class='ocrx_word' id='word_1_99' title='bbox 456 1543 511 1593; x_wconf 88' lang='lat' dir='ltr'>et</span> <span class='ocrx_word' id='word_1_100' title='bbox 533 1538 786 1610; x_wconf 83' lang='lat' dir='ltr'>pictores</span> <span class='ocrx_word' id='word_1_101' title='bbox 801 1538 1099 1609; x_wconf 91' lang='lat' dir='ltr'>penicillo,</span> <span class='ocrx_word' id='word_1_102' title='bbox 1124 1538 1407 1610; x_wconf 90' lang='lat' dir='ltr'>etcuique</span> <span class='ocrx_word' id='word_1_103' title='bbox 1431 1537 1824 1593; x_wconf 90' lang='lat' dir='ltr'>instrumento</span> 
     </span>
    </p>
   </div>
   <div class='ocr_carea' id='block_1_16' title="bbox 167 1626 1821 1699">
    <p class='ocr_par' dir='ltr' id='par_1_16' title="bbox 167 1626 1821 1699">
     <span class='ocr_line' id='line_1_16' title="bbox 167 1626 1821 1699; baseline -0.001 -18"><span class='ocrx_word' id='word_1_104' title='bbox 167 1627 443 1698; x_wconf 90' lang='lat' dir='ltr'>quilibet.</span> <span class='ocrx_word' id='word_1_105' title='bbox 489 1644 559 1682; x_wconf 85' lang='lat' dir='ltr'>ex</span> <span class='ocrx_word' id='word_1_106' title='bbox 588 1644 711 1699; x_wconf 91' lang='lat' dir='ltr'>quo</span> <span class='ocrx_word' id='word_1_107' title='bbox 753 1627 1167 1683; x_wconf 78' lang='lat' dir='ltr'>difficultatem</span> <span class='ocrx_word' id='word_1_108' title='bbox 1224 1642 1285 1681; x_wconf 93' lang='lat' dir='ltr'>se</span> <span class='ocrx_word' id='word_1_109' title='bbox 1331 1627 1452 1698; x_wconf 87' lang='lat' dir='ltr'>pati</span> <span class='ocrx_word' id='word_1_110' title='bbox 1481 1626 1821 1682; x_wconf 88' lang='lat' dir='ltr'>arbitratur.</span> 
     </span>
    </p>
   </div>
   <div class='ocr_carea' id='block_1_17' title="bbox 166 1714 1820 1771">
    <p class='ocr_par' dir='ltr' id='par_1_17' title="bbox 166 1714 1820 1771">
     <span class='ocr_line' id='line_1_17' title="bbox 166 1714 1820 1771; baseline 0.001 -2"><span class='ocrx_word' id='word_1_111' title='bbox 166 1717 288 1771; x_wconf 87' lang='lat' dir='ltr'>Hac</span> <span class='ocrx_word' id='word_1_112' title='bbox 312 1722 516 1771; x_wconf 91' lang='lat' dir='ltr'>autem</span> <span class='ocrx_word' id='word_1_113' title='bbox 558 1715 903 1771; x_wconf 88' lang='lat' dir='ltr'>assiduitate</span> <span class='ocrx_word' id='word_1_114' title='bbox 937 1716 1223 1771; x_wconf 89' lang='lat' dir='ltr'>irascendi</span> <span class='ocrx_word' id='word_1_115' title='bbox 1257 1714 1330 1769; x_wconf 87' lang='lat' dir='ltr'>fel</span> <span class='ocrx_word' id='word_1_116' title='bbox 1357 1731 1618 1769; x_wconf 89' lang='lat' dir='ltr'>crescere</span> <span class='ocrx_word' id='word_1_117' title='bbox 1642 1716 1820 1771; x_wconf 89' lang='lat' dir='ltr'>etiam</span> 
     </span>
    </p>
   </div>
   <div class='ocr_carea' id='block_1_18' title="bbox 164 1804 1820 1861">
    <p class='ocr_par' dir='ltr' id='par_1_18' title="bbox 164 1804 1820 1861">
     <span class='ocr_line' id='line_1_18' title="bbox 164 1804 1820 1861; baseline -0.001 -1"><span class='ocrx_word' id='word_1_118' title='bbox 164 1805 387 1861; x_wconf 85' lang='lat' dir='ltr'>medici</span> <span class='ocrx_word' id='word_1_119' title='bbox 416 1807 743 1861; x_wconf 87' lang='lat' dir='ltr'>afﬁrmant.</span> <span class='ocrx_word' id='word_1_120' title='bbox 806 1807 1113 1861; x_wconf 90' lang='lat' dir='ltr'>Cremento</span> <span class='ocrx_word' id='word_1_121' title='bbox 1166 1810 1363 1860; x_wconf 89' lang='lat' dir='ltr'>autem</span> <span class='ocrx_word' id='word_1_122' title='bbox 1414 1804 1563 1859; x_wconf 89' lang='lat' dir='ltr'>fellis</span> <span class='ocrx_word' id='word_1_123' title='bbox 1614 1821 1820 1859; x_wconf 87' lang='lat' dir='ltr'>rursus</span> 
     </span>
    </p>
   </div>
   <div class='ocr_carea' id='block_1_19' title="bbox 163 1894 1819 1966">
    <p class='ocr_par' dir='ltr' id='par_1_19' title="bbox 163 1894 1819 1966">
     <span class='ocr_line' id='line_1_19' title="bbox 163 1894 1819 1966; baseline 0 -17"><span class='ocrx_word' id='word_1_124' title='bbox 163 1900 218 1949; x_wconf 89' lang='lat' dir='ltr'>et</span> <span class='ocrx_word' id='word_1_125' title='bbox 243 1894 416 1950; x_wconf 88' lang='lat' dir='ltr'>facile</span> <span class='ocrx_word' id='word_1_126' title='bbox 448 1912 515 1950; x_wconf 92' lang='lat' dir='ltr'>ac</span> <span class='ocrx_word' id='word_1_127' title='bbox 549 1911 734 1966; x_wconf 90' lang='lat' dir='ltr'>prope</span> <span class='ocrx_word' id='word_1_128' title='bbox 768 1894 946 1949; x_wconf 91' lang='lat' dir='ltr'>nullis</span> <span class='ocrx_word' id='word_1_129' title='bbox 979 1894 1175 1949; x_wconf 83' lang='lat' dir='ltr'>causis</span> <span class='ocrx_word' id='word_1_130' title='bbox 1206 1895 1590 1949; x_wconf 86' lang='lat' dir='ltr'>existentibus</span> <span class='ocrx_word' id='word_1_131' title='bbox 1620 1895 1819 1950; x_wconf 88' lang='lat' dir='ltr'>irasci-</span> 
     </span>
    </p>
   </div>
   <div class='ocr_carea' id='block_1_20' title="bbox 165 1982 1816 2056">
    <p class='ocr_par' dir='ltr' id='par_1_20' title="bbox 165 1982 1816 2056">
     <span class='ocr_line' id='line_1_20' title="bbox 165 1982 1816 2056; baseline 0.001 -19"><span class='ocrx_word' id='word_1_132' title='bbox 165 2000 329 2039; x_wconf 88' lang='lat' dir='ltr'>mur.</span> <span class='ocrx_word' id='word_1_133' title='bbox 372 1984 455 2040; x_wconf 89' lang='lat' dir='ltr'>lta</span> <span class='ocrx_word' id='word_1_134' title='bbox 494 1984 658 2056; x_wconf 92' lang='lat' dir='ltr'>quod</span> <span class='ocrx_word' id='word_1_135' title='bbox 700 2000 810 2039; x_wconf 91' lang='lat' dir='ltr'>suo</span> <span class='ocrx_word' id='word_1_136' title='bbox 840 1990 999 2039; x_wconf 90' lang='lat' dir='ltr'>motu</span> <span class='ocrx_word' id='word_1_137' title='bbox 1032 1984 1270 2039; x_wconf 90' lang='lat' dir='ltr'>animus</span> <span class='ocrx_word' id='word_1_138' title='bbox 1304 1982 1437 2038; x_wconf 83' lang='lat' dir='ltr'>fecit</span> <span class='ocrx_word' id='word_1_139' title='bbox 1463 1983 1518 2037; x_wconf 90' lang='lat' dir='ltr'>in</span> <span class='ocrx_word' id='word_1_140' title='bbox 1548 1999 1816 2056; x_wconf 88' lang='lat' dir='ltr'>corpore,</span> 
     </span>
    </p>
   </div>
   <div class='ocr_carea' id='block_1_21' title="bbox 162 2071 1451 2129">
    <p class='ocr_par' dir='ltr' id='par_1_21' title="bbox 162 2071 1451 2129">
     <span class='ocr_line' id='line_1_21' title="bbox 162 2071 1451 2129; baseline -0.001 -2"><span class='ocrx_word' id='word_1_141' title='bbox 162 2073 242 2127; x_wconf 92' lang='lat' dir='ltr'>ad</span> <span class='ocrx_word' id='word_1_142' title='bbox 272 2089 413 2128; x_wconf 91' lang='lat' dir='ltr'>eum</span> <span class='ocrx_word' id='word_1_143' title='bbox 440 2090 648 2128; x_wconf 87' lang='lat' dir='ltr'>rursus</span> <span class='ocrx_word' id='word_1_144' title='bbox 680 2073 1186 2129; x_wconf 90' lang='lat' dir='ltr'>commovendum</span> <span class='ocrx_word' id='word_1_145' title='bbox 1217 2071 1451 2127; x_wconf 89' lang='lat' dir='ltr'>valebit.</span> 
     </span>
    </p>
   </div>
   <div class='ocr_carea' id='block_1_22' title="bbox 233 2160 1817 2224">
    <p class='ocr_par' dir='ltr' id='par_1_22' title="bbox 233 2160 1817 2224">
     <span class='ocr_line' id='line_1_22' title="bbox 233 2160 1817 2224; baseline 0 -7"><span class='ocrx_word' id='word_1_146' title='bbox 233 2167 286 2217; x_wconf 84' lang='lat'>5.</span> <span class='ocrx_word' id='word_1_147' title='bbox 314 2162 574 2218; x_wconf 86' lang='lat' dir='ltr'>Possunt</span> <span class='ocrx_word' id='word_1_148' title='bbox 594 2163 877 2218; x_wconf 86' lang='lat' dir='ltr'>latissime</span> <span class='ocrx_word' id='word_1_149' title='bbox 904 2162 1018 2217; x_wconf 90' lang='lat' dir='ltr'>ista</span> <span class='ocrx_word' id='word_1_150' title='bbox 1044 2162 1297 2224; x_wconf 89' lang='lat' dir='ltr'>tractari,</span> <span class='ocrx_word' id='word_1_151' title='bbox 1326 2160 1597 2216; x_wconf 86' lang='lat' dir='ltr'>etmultis</span> <span class='ocrx_word' id='word_1_152' title='bbox 1620 2178 1817 2218; x_wconf 90' lang='lat' dir='ltr'>rerum</span> 
     </span>
    </p>
   </div>
   <div class='ocr_carea' id='block_1_23' title="bbox 158 2250 1819 2322">
    <p class='ocr_par' dir='ltr' id='par_1_23' title="bbox 158 2250 1819 2322">
     <span class='ocr_line' id='line_1_23' title="bbox 158 2250 1819 2322; baseline 0.001 -17"><span class='ocrx_word' id='word_1_153' title='bbox 158 2253 521 2307; x_wconf 90' lang='lat' dir='ltr'>testimoniis</span> <span class='ocrx_word' id='word_1_154' title='bbox 535 2252 611 2306; x_wconf 89' lang='lat' dir='ltr'>ad</span> <span class='ocrx_word' id='word_1_155' title='bbox 626 2252 930 2307; x_wconf 89' lang='lat' dir='ltr'>certiorem</span> <span class='ocrx_word' id='word_1_156' title='bbox 954 2251 1401 2322; x_wconf 91' lang='lat' dir='ltr'>plenioremque</span> <span class='ocrx_word' id='word_1_157' title='bbox 1414 2250 1659 2321; x_wconf 90' lang='lat' dir='ltr'>perduci</span> <span class='ocrx_word' id='word_1_158' title='bbox 1675 2252 1819 2306; x_wconf 90' lang='lat' dir='ltr'>noti-</span> 
     </span>
    </p>
   </div>
   <div class='ocr_carea' id='block_1_24' title="bbox 156 2338 1813 2412">
    <p class='ocr_par' dir='ltr' id='par_1_24' title="bbox 156 2338 1813 2412">
     <span class='ocr_line' id='line_1_24' title="bbox 156 2338 1813 2412; baseline 0 -17"><span class='ocrx_word' id='word_1_159' title='bbox 156 2342 332 2395; x_wconf 87' lang='lat' dir='ltr'>tiam.</span> <span class='ocrx_word' id='word_1_160' title='bbox 364 2340 477 2395; x_wconf 90' lang='lat' dir='ltr'>Sed</span> <span class='ocrx_word' id='word_1_161' title='bbox 517 2340 654 2395; x_wconf 89' lang='lat' dir='ltr'>huic</span> <span class='ocrx_word' id='word_1_162' title='bbox 684 2340 951 2412; x_wconf 68' lang='lat' dir='ltr'>epistolaa</span> <span class='ocrx_word' id='word_1_163' title='bbox 985 2340 1246 2410; x_wconf 90' lang='lat' dir='ltr'>adjunge</span> <span class='ocrx_word' id='word_1_164' title='bbox 1285 2338 1448 2393; x_wconf 92' lang='lat' dir='ltr'>illam</span> <span class='ocrx_word' id='word_1_165' title='bbox 1497 2356 1681 2411; x_wconf 91' lang='lat' dir='ltr'>quam</span> <span class='ocrx_word' id='word_1_166' title='bbox 1715 2340 1813 2395; x_wconf 91' lang='lat' dir='ltr'>tibi</span> 
     </span>
    </p>
   </div>
   <div class='ocr_carea' id='block_1_25' title="bbox 152 2429 1815 2502">
    <p class='ocr_par' dir='ltr' id='par_1_25' title="bbox 152 2429 1815 2502">
     <span class='ocr_line' id='line_1_25' title="bbox 152 2429 1815 2502; baseline 0.001 -17"><span class='ocrx_word' id='word_1_167' title='bbox 152 2445 353 2502; x_wconf 86' lang='lat' dir='ltr'>nuper</span> <span class='ocrx_word' id='word_1_168' title='bbox 381 2430 453 2485; x_wconf 91' lang='lat' dir='ltr'>de</span> <span class='ocrx_word' id='word_1_169' title='bbox 480 2430 844 2500; x_wconf 84' lang='lat' dir='ltr'>imaginibus</span> <span class='ocrx_word' id='word_1_170' title='bbox 872 2434 929 2485; x_wconf 90' lang='lat' dir='ltr'>et</span> <span class='ocrx_word' id='word_1_171' title='bbox 957 2429 1029 2483; x_wconf 87' lang='lat' dir='ltr'>de</span> <span class='ocrx_word' id='word_1_172' title='bbox 1058 2430 1347 2485; x_wconf 89' lang='lat' dir='ltr'>memoria</span> <span class='ocrx_word' id='word_1_173' title='bbox 1380 2429 1536 2495; x_wconf 87' lang='lat' dir='ltr'>misi,</span> <span class='ocrx_word' id='word_1_174' title='bbox 1583 2434 1636 2484; x_wconf 91' lang='lat' dir='ltr'>et</span> <span class='ocrx_word' id='word_1_175' title='bbox 1682 2445 1815 2486; x_wconf 91' lang='lat' dir='ltr'>eam</span> 
     </span>
    </p>
   </div>
   <div class='ocr_carea' id='block_1_26' title="bbox 154 2519 1815 2591">
    <p class='ocr_par' dir='ltr' id='par_1_26' title="bbox 154 2519 1815 2591">
     <span class='ocr_line' id='line_1_26' title="bbox 154 2519 1815 2591; baseline 0.001 -18"><span class='ocrx_word' id='word_1_176' title='bbox 154 2519 505 2589; x_wconf 88' lang='lat' dir='ltr'>diligentius</span> <span class='ocrx_word' id='word_1_177' title='bbox 543 2526 873 2591; x_wconf 89' lang='lat' dir='ltr'>pertracta:</span> <span class='ocrx_word' id='word_1_178' title='bbox 908 2536 1049 2575; x_wconf 90' lang='lat' dir='ltr'>nam</span> <span class='ocrx_word' id='word_1_179' title='bbox 1084 2520 1281 2574; x_wconf 91' lang='lat' dir='ltr'>minus</span> <span class='ocrx_word' id='word_1_180' title='bbox 1310 2519 1482 2590; x_wconf 86' lang='lat' dir='ltr'>plene</span> <span class='ocrx_word' id='word_1_181' title='bbox 1509 2536 1542 2574; x_wconf 92' lang='lat' dir='ltr'>a</span> <span class='ocrx_word' id='word_1_182' title='bbox 1573 2524 1626 2574; x_wconf 91' lang='lat' dir='ltr'>te</span> <span class='ocrx_word' id='word_1_183' title='bbox 1656 2519 1815 2575; x_wconf 90' lang='lat' dir='ltr'>intel-</span> 
     </span>
    </p>
   </div>
   <div class='ocr_carea' id='block_1_27' title="bbox 154 2608 1813 2681">
    <p class='ocr_par' dir='ltr' id='par_1_27' title="bbox 154 2608 1813 2681">
     <span class='ocr_line' id='line_1_27' title="bbox 154 2608 1813 2681; baseline 0 -18"><span class='ocrx_word' id='word_1_184' title='bbox 154 2608 330 2677; x_wconf 89' lang='lat' dir='ltr'>lecta,</span> <span class='ocrx_word' id='word_1_185' title='bbox 358 2610 645 2680; x_wconf 89' lang='lat' dir='ltr'>rescripto</span> <span class='ocrx_word' id='word_1_186' title='bbox 674 2615 774 2664; x_wconf 91' lang='lat' dir='ltr'>tuo</span> <span class='ocrx_word' id='word_1_187' title='bbox 804 2609 945 2663; x_wconf 91' lang='lat' dir='ltr'>mihi</span> <span class='ocrx_word' id='word_1_188' title='bbox 976 2608 1433 2680; x_wconf 85' lang='lat' dir='ltr'>apparuit.Huic</span> <span class='ocrx_word' id='word_1_189' title='bbox 1458 2624 1598 2677; x_wconf 91' lang='lat' dir='ltr'>ergo</span> <span class='ocrx_word' id='word_1_190' title='bbox 1628 2625 1813 2681; x_wconf 92' lang='lat' dir='ltr'>quam</span> 
     </span>
    </p>
   </div>
   <div class='ocr_carea' id='block_1_28' title="bbox 153 2696 1813 2770">
    <p class='ocr_par' dir='ltr' id='par_1_28' title="bbox 153 2696 1813 2770">
     <span class='ocr_line' id='line_1_28' title="bbox 153 2696 1813 2770; baseline -0.001 -17"><span class='ocrx_word' id='word_1_191' title='bbox 153 2714 321 2754; x_wconf 88' lang='lat' dir='ltr'>nunc</span> <span class='ocrx_word' id='word_1_192' title='bbox 352 2698 523 2770; x_wconf 85' lang='lat' dir='ltr'>legis,</span> <span class='ocrx_word' id='word_1_193' title='bbox 555 2715 691 2753; x_wconf 92' lang='lat' dir='ltr'>cum</span> <span class='ocrx_word' id='word_1_194' title='bbox 713 2698 1059 2769; x_wconf 83' lang='lat' dir='ltr'>adjunxeris</span> <span class='ocrx_word' id='word_1_195' title='bbox 1083 2698 1156 2752; x_wconf 92' lang='lat' dir='ltr'>de</span> <span class='ocrx_word' id='word_1_196' title='bbox 1189 2696 1459 2769; x_wconf 88' lang='lat' dir='ltr'>illaquod</span> <span class='ocrx_word' id='word_1_197' title='bbox 1480 2697 1705 2753; x_wconf 88' lang='lat' dir='ltr'>dictum</span> <span class='ocrx_word' id='word_1_198' title='bbox 1740 2697 1813 2752; x_wconf 93' lang='lat' dir='ltr'>ibi</span> 
     </span>
    </p>
   </div>
   <div class='ocr_carea' id='block_1_29' title="bbox 152 2786 1811 2859">
    <p class='ocr_par' dir='ltr' id='par_1_29' title="bbox 152 2786 1811 2859">
     <span class='ocr_line' id='line_1_29' title="bbox 152 2786 1811 2859; baseline -0.001 -16"><span class='ocrx_word' id='word_1_199' title='bbox 152 2795 262 2854; x_wconf 87' lang='lat' dir='ltr'>est,</span> <span class='ocrx_word' id='word_1_200' title='bbox 298 2789 374 2843; x_wconf 92' lang='lat' dir='ltr'>de</span> <span class='ocrx_word' id='word_1_201' title='bbox 403 2788 658 2843; x_wconf 87' lang='lat' dir='ltr'>naturali</span> <span class='ocrx_word' id='word_1_202' title='bbox 685 2788 952 2859; x_wconf 89' lang='lat' dir='ltr'>quadam</span> <span class='ocrx_word' id='word_1_203' title='bbox 976 2786 1253 2843; x_wconf 86' lang='lat' dir='ltr'>facultate</span> <span class='ocrx_word' id='word_1_204' title='bbox 1282 2787 1463 2842; x_wconf 91' lang='lat' dir='ltr'>animi</span> <span class='ocrx_word' id='word_1_205' title='bbox 1488 2788 1811 2843; x_wconf 89' lang='lat' dir='ltr'>minuentis</span> 
     </span>
    </p>
   </div>
   <div class='ocr_carea' id='block_1_30' title="bbox 150 2875 1810 2949">
    <p class='ocr_par' dir='ltr' id='par_1_30' title="bbox 150 2875 1810 2949">
     <span class='ocr_line' id='line_1_30' title="bbox 150 2875 1810 2949; baseline -0.001 -16"><span class='ocrx_word' id='word_1_206' title='bbox 150 2884 207 2933; x_wconf 94' lang='lat' dir='ltr'>et</span> <span class='ocrx_word' id='word_1_207' title='bbox 250 2879 528 2947; x_wconf 85' lang='lat' dir='ltr'>augentis</span> <span class='ocrx_word' id='word_1_208' title='bbox 570 2877 928 2946; x_wconf 87' lang='lat' dir='ltr'>cogitatione</span> <span class='ocrx_word' id='word_1_209' title='bbox 963 2876 1303 2949; x_wconf 90' lang='lat' dir='ltr'>quodlibet;</span> <span class='ocrx_word' id='word_1_210' title='bbox 1352 2875 1601 2932; x_wconf 87' lang='lat' dir='ltr'>fortasse</span> <span class='ocrx_word' id='word_1_211' title='bbox 1631 2878 1810 2933; x_wconf 89' lang='lat' dir='ltr'>etiam</span> 
     </span>
    </p>
   </div>
   <div class='ocr_carea' id='block_1_31' title="bbox 153 2966 1812 3039">
    <p class='ocr_par' dir='ltr' id='par_1_31' title="bbox 153 2966 1812 3039">
     <span class='ocr_line' id='line_1_31' title="bbox 153 2966 1812 3039; baseline -0.001 -16"><span class='ocrx_word' id='word_1_212' title='bbox 153 2969 367 3023; x_wconf 75' lang='lat' dir='ltr'>formae</span> <span class='ocrx_word' id='word_1_213' title='bbox 399 2983 741 3039; x_wconf 88' lang='lat' dir='ltr'>corporum,</span> <span class='ocrx_word' id='word_1_214' title='bbox 774 2983 927 3039; x_wconf 89' lang='lat' dir='ltr'>quas</span> <span class='ocrx_word' id='word_1_215' title='bbox 951 2982 1265 3039; x_wconf 90' lang='lat' dir='ltr'>nunquam</span> <span class='ocrx_word' id='word_1_216' title='bbox 1293 2966 1574 3033; x_wconf 88' lang='lat' dir='ltr'>vidimus,</span> <span class='ocrx_word' id='word_1_217' title='bbox 1602 2967 1695 3022; x_wconf 87' lang='lat' dir='ltr'>vel</span> <span class='ocrx_word' id='word_1_218' title='bbox 1717 2983 1812 3023; x_wconf 89' lang='lat' dir='ltr'>co-</span> 
     </span>
    </p>
   </div>
   <div class='ocr_carea' id='block_1_32' title="bbox 150 3055 1661 3129">
    <p class='ocr_par' dir='ltr' id='par_1_32' title="bbox 150 3055 1661 3129">
     <span class='ocr_line' id='line_1_32' title="bbox 150 3055 1661 3129; baseline -0.001 -18"><span class='ocrx_word' id='word_1_219' title='bbox 150 3057 399 3128; x_wconf 88' lang='lat' dir='ltr'>gitando</span> <span class='ocrx_word' id='word_1_220' title='bbox 431 3058 595 3129; x_wconf 90' lang='lat' dir='ltr'>apud</span> <span class='ocrx_word' id='word_1_221' title='bbox 628 3073 737 3112; x_wconf 91' lang='lat' dir='ltr'>nos</span> <span class='ocrx_word' id='word_1_222' title='bbox 769 3058 856 3111; x_wconf 89' lang='lat' dir='ltr'>vel</span> <span class='ocrx_word' id='word_1_223' title='bbox 888 3056 1248 3112; x_wconf 89' lang='lat' dir='ltr'>somniando</span> <span class='ocrx_word' id='word_1_224' title='bbox 1275 3055 1661 3125; x_wconf 66' lang='lat' dir='ltr'>ﬁgurentur‘.</span> 
     </span>
    </p>
   </div>
   <div class='ocr_carea' id='block_1_33' title="bbox 713 3190 1253 3262">
    <p class='ocr_par' dir='ltr' id='par_1_33' title="bbox 713 3190 1253 3262">
     <span class='ocr_line' id='line_1_33' title="bbox 713 3190 1253 3262; baseline -0.002 -16"><span class='ocrx_word' id='word_1_225' title='bbox 713 3191 1046 3248; x_wconf 82' lang='lat' dir='ltr'>EPISTOLA</span> <span class='ocrx_word' id='word_1_226' title='bbox 1076 3193 1115 3246; x_wconf 89' lang='lat' dir='ltr'>x</span> <span class='ocrx_word' id='word_1_227' title='bbox 1149 3190 1253 3262; x_wconf 89' lang='lat' dir='ltr'>(a).</span> 
     </span>
    </p>
   </div>
   <div class='ocr_carea' id='block_1_34' title="bbox 152 3314 1803 3376">
    <p class='ocr_par' dir='ltr' id='par_1_34' title="bbox 152 3314 1803 3376">
     <span class='ocr_line' id='line_1_34' title="bbox 152 3314 1803 3376; baseline -0.004 0"><span class='ocrx_word' id='word_1_228' title='bbox 152 3320 234 3376; x_wconf 87' lang='lat' dir='ltr'>De</span> <span class='ocrx_word' id='word_1_229' title='bbox 264 3319 542 3375; x_wconf 83' lang='lat' dir='ltr'>convictu</span> <span class='ocrx_word' id='word_1_230' title='bbox 574 3333 704 3373; x_wconf 85' lang='lat' dir='ltr'>cum</span> <span class='ocrx_word' id='word_1_231' title='bbox 736 3316 1017 3373; x_wconf 74' lang='lat' dir='ltr'>Nebridio</span> <span class='ocrx_word' id='word_1_232' title='bbox 1043 3321 1096 3371; x_wconf 92' lang='lat' dir='ltr'>et</span> <span class='ocrx_word' id='word_1_233' title='bbox 1127 3316 1443 3371; x_wconf 77' lang='lat' dir='ltr'>secessione</span> <span class='ocrx_word' id='word_1_234' title='bbox 1475 3328 1510 3370; x_wconf 82' lang='grc' dir='ltr'><em>α</em></span> <span class='ocrx_word' id='word_1_235' title='bbox 1550 3314 1803 3370; x_wconf 82' lang='lat' dir='ltr'>munda-</span> 
     </span>
    </p>
   </div>
   <div class='ocr_carea' id='block_1_35' title="bbox 590 3405 1378 3463">
    <p class='ocr_par' dir='ltr' id='par_1_35' title="bbox 590 3405 1378 3463">
     <span class='ocr_line' id='line_1_35' title="bbox 590 3405 1378 3463; baseline -0.008 0"><span class='ocrx_word' id='word_1_236' title='bbox 590 3422 809 3463; x_wconf 82' lang='lat' dir='ltr'>narum</span> <span class='ocrx_word' id='word_1_237' title='bbox 849 3420 1049 3461; x_wconf 82' lang='lat' dir='ltr'>rerum</span> <span class='ocrx_word' id='word_1_238' title='bbox 1091 3405 1378 3459; x_wconf 79' lang='lat' dir='ltr'>tumultu.</span> 
     </span>
    </p>
   </div>
   <div class='ocr_carea' id='block_1_36' title="bbox 606 3536 1301 3577">
    <p class='ocr_par' dir='ltr' id='par_1_36' title="bbox 606 3536 1301 3577">
     <span class='ocr_line' id='line_1_36' title="bbox 606 3536 1301 3577; baseline -0.006 -1"><span class='ocrx_word' id='word_1_239' title='bbox 606 3539 610 3543; x_wconf 84' lang='grc'><em>’</em></span> <span class='ocrx_word' id='word_1_240' title='bbox 650 3536 903 3577; x_wconf 73' lang='lat' dir='ltr'>NEBRIDIO</span> <span class='ocrx_word' id='word_1_241' title='bbox 952 3536 1301 3575; x_wconf 77' lang='lat' dir='ltr'>AUGUSTINUS.</span> 
     </span>
    </p>
   </div>
   <div class='ocr_carea' id='block_1_37' title="bbox 226 3633 1806 3711">
    <p class='ocr_par' dir='ltr' id='par_1_37' title="bbox 226 3633 1806 3711">
     <span class='ocr_line' id='line_1_37' title="bbox 226 3633 1806 3711; baseline -0.003 -17"><span class='ocrx_word' id='word_1_242' title='bbox 226 3643 275 3695; x_wconf 88' lang='grc'>1.</span> <span class='ocrx_word' id='word_1_243' title='bbox 311 3640 632 3711; x_wconf 82' lang='lat' dir='ltr'>Nunquam</span> <span class='ocrx_word' id='word_1_244' title='bbox 666 3655 837 3711; x_wconf 70' lang='lat' dir='ltr'>teque</span> <span class='ocrx_word' id='word_1_245' title='bbox 856 3637 1188 3709; x_wconf 89' lang='lat' dir='ltr'>quidquam</span> <span class='ocrx_word' id='word_1_246' title='bbox 1216 3641 1449 3690; x_wconf 88' lang='lat' dir='ltr'>tuarum</span> <span class='ocrx_word' id='word_1_247' title='bbox 1472 3633 1806 3706; x_wconf 89' lang='lat' dir='ltr'>inquisitio-</span> 
     </span>
    </p>
   </div>
   <div class='ocr_carea' id='block_1_38' title="bbox 152 3722 1803 3798">
    <p class='ocr_par' dir='ltr' id='par_1_38' title="bbox 152 3722 1803 3798">
     <span class='ocr_line' id='line_1_38' title="bbox 152 3722 1803 3798; baseline -0.006 -11"><span class='ocrx_word' id='word_1_248' title='bbox 152 3748 299 3787; x_wconf 87' lang='lat' dir='ltr'>num</span> <span class='ocrx_word' id='word_1_249' title='bbox 326 3746 421 3785; x_wconf 88' lang='lat' dir='ltr'>me</span> <span class='ocrx_word' id='word_1_250' title='bbox 445 3730 504 3784; x_wconf 91' lang='lat' dir='ltr'>in</span> <span class='ocrx_word' id='word_1_251' title='bbox 523 3728 847 3798; x_wconf 90' lang='lat' dir='ltr'>cogitando</span> <span class='ocrx_word' id='word_1_252' title='bbox 867 3727 1434 3789; x_wconf 67' lang='lat' dir='ltr'>tenuitaastuautem,</span> <span class='ocrx_word' id='word_1_253' title='bbox 1459 3729 1636 3795; x_wconf 90' lang='lat' dir='ltr'>atque</span> <span class='ocrx_word' id='word_1_254' title='bbox 1659 3722 1803 3778; x_wconf 92' lang='lat' dir='ltr'>illud</span> 
     </span>
    </p>
   </div>
   <div class='ocr_carea' id='block_1_39' title="bbox 151 3813 1803 3893">
    <p class='ocr_par' dir='ltr' id='par_1_39' title="bbox 151 3813 1803 3893">
     <span class='ocr_line' id='line_1_39' title="bbox 151 3813 1803 3893; baseline -0.005 -18"><span class='ocrx_word' id='word_1_255' title='bbox 151 3821 314 3893; x_wconf 89' lang='lat' dir='ltr'>quod</span> <span class='ocrx_word' id='word_1_256' title='bbox 347 3817 771 3875; x_wconf 86' lang='lat' dir='ltr'>recentissimis</span> <span class='ocrx_word' id='word_1_257' title='bbox 802 3816 1004 3871; x_wconf 89' lang='lat' dir='ltr'>litteris</span> <span class='ocrx_word' id='word_1_258' title='bbox 1038 3814 1303 3883; x_wconf 87' lang='lat' dir='ltr'>tuislegi,</span> <span class='ocrx_word' id='word_1_259' title='bbox 1340 3814 1438 3868; x_wconf 85' lang='lat' dir='ltr'>ubi</span> <span class='ocrx_word' id='word_1_260' title='bbox 1474 3830 1579 3868; x_wconf 93' lang='lat' dir='ltr'>nos</span> <span class='ocrx_word' id='word_1_261' title='bbox 1605 3813 1803 3882; x_wconf 85' lang='lat' dir='ltr'>arguis</span> 
     </span>
    </p>
   </div>
   <div class='ocr_carea' id='block_1_40' title="bbox 150 3900 1805 3981">
    <p class='ocr_par' dir='ltr' id='par_1_40' title="bbox 150 3900 1805 3981">
     <span class='ocr_line' id='line_1_40' title="bbox 150 3900 1805 3981; baseline -0.005 -17"><span class='ocrx_word' id='word_1_262' title='bbox 150 3909 311 3981; x_wconf 93' lang='lat' dir='ltr'>quod</span> <span class='ocrx_word' id='word_1_263' title='bbox 344 3907 654 3963; x_wconf 90' lang='lat' dir='ltr'>consulere</span> <span class='ocrx_word' id='word_1_264' title='bbox 688 3905 1066 3975; x_wconf 90' lang='lat' dir='ltr'>negligamus</span> <span class='ocrx_word' id='word_1_265' title='bbox 1090 3909 1149 3958; x_wconf 90' lang='lat' dir='ltr'>ut</span> <span class='ocrx_word' id='word_1_266' title='bbox 1179 3919 1295 3958; x_wconf 93' lang='lat' dir='ltr'>una</span> <span class='ocrx_word' id='word_1_267' title='bbox 1327 3902 1496 3957; x_wconf 91' lang='lat' dir='ltr'>nobis</span> <span class='ocrx_word' id='word_1_268' title='bbox 1520 3903 1712 3956; x_wconf 87' lang='lat' dir='ltr'>vivere</span> <span class='ocrx_word' id='word_1_269' title='bbox 1738 3900 1805 3954; x_wconf 90' lang='lat' dir='ltr'>li-</span> 
     </span>
    </p>
   </div>
   <div class='ocr_carea' id='block_1_41' title="bbox 147 3990 1804 4067">
    <p class='ocr_par' dir='ltr' id='par_1_41' title="bbox 147 3990 1804 4067">
     <span class='ocr_line' id='line_1_41' title="bbox 147 3990 1804 4067; baseline -0.007 -12"><span class='ocrx_word' id='word_1_270' title='bbox 147 4004 298 4055; x_wconf 88' lang='lat' dir='ltr'>ceat.</span> <span class='ocrx_word' id='word_1_271' title='bbox 333 4000 613 4067; x_wconf 81' lang='lat' dir='ltr'>Magnum</span> <span class='ocrx_word' id='word_1_272' title='bbox 635 3995 881 4060; x_wconf 91' lang='lat' dir='ltr'>crimen,</span> <span class='ocrx_word' id='word_1_273' title='bbox 908 3999 982 4059; x_wconf 89' lang='lat' dir='ltr'>et,</span> <span class='ocrx_word' id='word_1_274' title='bbox 1013 3994 1123 4047; x_wconf 89' lang='lat' dir='ltr'>nisi</span> <span class='ocrx_word' id='word_1_275' title='bbox 1144 3991 1362 4048; x_wconf 84' lang='lat' dir='ltr'>falsum</span> <span class='ocrx_word' id='word_1_276' title='bbox 1382 3996 1551 4055; x_wconf 89' lang='lat' dir='ltr'>esset,</span> <span class='ocrx_word' id='word_1_277' title='bbox 1578 3990 1804 4061; x_wconf 86' lang='lat' dir='ltr'>pericu-</span> 
     </span>
    </p>
   </div>
   <div class='ocr_carea' id='block_1_42' title="bbox 149 4082 1804 4155">
    <p class='ocr_par' dir='ltr' id='par_1_42' title="bbox 149 4082 1804 4155">
     <span class='ocr_line' id='line_1_42' title="bbox 149 4082 1804 4155; baseline -0.005 -11"><span class='ocrx_word' id='word_1_278' title='bbox 149 4086 669 4144; x_wconf 88' lang='lat' dir='ltr'>losissimum.Sed</span> <span class='ocrx_word' id='word_1_279' title='bbox 696 4101 833 4141; x_wconf 93' lang='lat' dir='ltr'>cum</span> <span class='ocrx_word' id='word_1_280' title='bbox 868 4082 1193 4155; x_wconf 87' lang='lat' dir='ltr'>probabilis</span> <span class='ocrx_word' id='word_1_281' title='bbox 1226 4082 1374 4137; x_wconf 90' lang='lat' dir='ltr'>ratio</span> <span class='ocrx_word' id='word_1_282' title='bbox 1391 4082 1804 4136; x_wconf 90' lang='lat' dir='ltr'>demonstrare</span> 
     </span>
    </p>
   </div>
   <div class='ocr_carea' id='block_1_43' title="bbox 148 4168 1803 4244">
    <p class='ocr_par' dir='ltr' id='par_1_43' title="bbox 148 4168 1803 4244">
     <span class='ocr_line' id='line_1_43' title="bbox 148 4168 1803 4244; baseline -0.005 -12"><span class='ocrx_word' id='word_1_283' title='bbox 148 4178 444 4242; x_wconf 88' lang='lat' dir='ltr'>videatur,</span> <span class='ocrx_word' id='word_1_284' title='bbox 489 4176 581 4231; x_wconf 90' lang='lat' dir='ltr'>hic</span> <span class='ocrx_word' id='word_1_285' title='bbox 639 4192 748 4230; x_wconf 90' lang='lat' dir='ltr'>nos</span> <span class='ocrx_word' id='word_1_286' title='bbox 807 4174 1003 4244; x_wconf 90' lang='lat' dir='ltr'>potius</span> <span class='ocrx_word' id='word_1_287' title='bbox 1064 4188 1249 4243; x_wconf 90' lang='lat' dir='ltr'>quam</span> <span class='ocrx_word' id='word_1_288' title='bbox 1292 4168 1654 4239; x_wconf 84' lang='lat' dir='ltr'>Carthagini,</span> <span class='ocrx_word' id='word_1_289' title='bbox 1715 4169 1803 4224; x_wconf 92' lang='lat' dir='ltr'>vel</span> 
     </span>
    </p>
   </div>
   <div class='ocr_carea' id='block_1_44' title="bbox 147 4259 1801 4334">
    <p class='ocr_par' dir='ltr' id='par_1_44' title="bbox 147 4259 1801 4334">
     <span class='ocr_line' id='line_1_44' title="bbox 147 4259 1801 4334; baseline -0.007 -12"><span class='ocrx_word' id='word_1_290' title='bbox 147 4268 329 4322; x_wconf 87' lang='lat' dir='ltr'>etiam</span> <span class='ocrx_word' id='word_1_291' title='bbox 362 4266 503 4329; x_wconf 91' lang='lat' dir='ltr'>ruri,</span> <span class='ocrx_word' id='word_1_292' title='bbox 536 4281 606 4319; x_wconf 85' lang='lat' dir='ltr'>ex</span> <span class='ocrx_word' id='word_1_293' title='bbox 636 4264 929 4319; x_wconf 90' lang='lat' dir='ltr'>sententia</span> <span class='ocrx_word' id='word_1_294' title='bbox 968 4277 1143 4334; x_wconf 91' lang='lat' dir='ltr'>posse</span> <span class='ocrx_word' id='word_1_295' title='bbox 1173 4261 1406 4329; x_wconf 87' lang='lat' dir='ltr'>degere,</span> <span class='ocrx_word' id='word_1_296' title='bbox 1435 4259 1578 4331; x_wconf 90' lang='lat' dir='ltr'>quid</span> <span class='ocrx_word' id='word_1_297' title='bbox 1609 4266 1801 4313; x_wconf 89' lang='lat' dir='ltr'>tecum</span> 
     </span>
    </p>
   </div>
   <div class='ocr_carea' id='block_1_45' title="bbox 144 4349 1804 4427">
    <p class='ocr_par' dir='ltr' id='par_1_45' title="bbox 144 4349 1804 4427">
     <span class='ocr_line' id='line_1_45' title="bbox 144 4349 1804 4427; baseline -0.007 -15"><span class='ocrx_word' id='word_1_298' title='bbox 144 4372 351 4427; x_wconf 89' lang='lat' dir='ltr'>agam,</span> <span class='ocrx_word' id='word_1_299' title='bbox 391 4355 468 4409; x_wconf 89' lang='lat' dir='ltr'>mi</span> <span class='ocrx_word' id='word_1_300' title='bbox 494 4354 757 4416; x_wconf 87' lang='lat' dir='ltr'>Nebridi,</span> <span class='ocrx_word' id='word_1_301' title='bbox 792 4368 1037 4425; x_wconf 90' lang='lat' dir='ltr'>prorsus</span> <span class='ocrx_word' id='word_1_302' title='bbox 1064 4351 1323 4405; x_wconf 91' lang='lat' dir='ltr'>incertus</span> <span class='ocrx_word' id='word_1_303' title='bbox 1344 4366 1500 4405; x_wconf 91' lang='lat' dir='ltr'>sum.</span> <span class='ocrx_word' id='word_1_304' title='bbox 1528 4349 1804 4404; x_wconf 85' lang='lat' dir='ltr'>Mittatur-</span> 
     </span>
    </p>
   </div>
   <div class='ocr_carea' id='block_1_46' title="bbox 144 4437 1801 4501">
    <p class='ocr_par' dir='ltr' id='par_1_46' title="bbox 144 4437 1801 4501">
     <span class='ocr_line' id='line_1_46' title="bbox 144 4437 1801 4501; baseline -0.006 0"><span class='ocrx_word' id='word_1_305' title='bbox 144 4462 219 4501; x_wconf 91' lang='lat' dir='ltr'>ne</span> <span class='ocrx_word' id='word_1_306' title='bbox 248 4446 328 4501; x_wconf 89' lang='lat' dir='ltr'>ad</span> <span class='ocrx_word' id='word_1_307' title='bbox 362 4450 414 4499; x_wconf 91' lang='lat' dir='ltr'>te</span> <span class='ocrx_word' id='word_1_308' title='bbox 444 4442 1078 4499; x_wconf 88' lang='lat' dir='ltr'>accommodissimum</span> <span class='ocrx_word' id='word_1_309' title='bbox 1114 4440 1215 4495; x_wconf 90' lang='lat' dir='ltr'>tibi</span> <span class='ocrx_word' id='word_1_310' title='bbox 1244 4437 1628 4494; x_wconf 82' lang='lat' dir='ltr'>vehiculum?</span> <span class='ocrx_word' id='word_1_311' title='bbox 1660 4452 1801 4492; x_wconf 91' lang='lat' dir='ltr'>nam</span> 
     </span>
    </p>
   </div>
   <div class='ocr_carea' id='block_1_47' title="bbox 146 4526 1801 4601">
    <p class='ocr_par' dir='ltr' id='par_1_47' title="bbox 146 4526 1801 4601">
     <span class='ocr_line' id='line_1_47' title="bbox 146 4526 1801 4601; baseline -0.005 -11"><span class='ocrx_word' id='word_1_312' title='bbox 146 4535 434 4590; x_wconf 86' lang='lat' dir='ltr'>basterna</span> <span class='ocrx_word' id='word_1_313' title='bbox 482 4538 501 4568; x_wconf 83' lang='grc'>²</span> <span class='ocrx_word' id='word_1_314' title='bbox 541 4532 780 4589; x_wconf 86' lang='lat' dir='ltr'>innoxie</span> <span class='ocrx_word' id='word_1_315' title='bbox 811 4538 864 4585; x_wconf 90' lang='lat' dir='ltr'>te</span> <span class='ocrx_word' id='word_1_316' title='bbox 901 4530 1036 4585; x_wconf 85' lang='lat' dir='ltr'>vehi</span> <span class='ocrx_word' id='word_1_317' title='bbox 1067 4544 1239 4601; x_wconf 91' lang='lat' dir='ltr'>posse</span> <span class='ocrx_word' id='word_1_318' title='bbox 1294 4531 1495 4583; x_wconf 91' lang='lat' dir='ltr'>noster</span> <span class='ocrx_word' id='word_1_319' title='bbox 1529 4526 1801 4581; x_wconf 89' lang='lat' dir='ltr'>Lucinia-</span> 
     </span>
    </p>
   </div>
   <div class='ocr_carea' id='block_1_48' title="bbox 146 4616 1803 4689">
    <p class='ocr_par' dir='ltr' id='par_1_48' title="bbox 146 4616 1803 4689">
     <span class='ocr_line' id='line_1_48' title="bbox 146 4616 1803 4689; baseline -0.005 -10"><span class='ocrx_word' id='word_1_320' title='bbox 146 4640 266 4679; x_wconf 89' lang='lat' dir='ltr'>nus</span> <span class='ocrx_word' id='word_1_321' title='bbox 296 4628 507 4679; x_wconf 87' lang='lat' dir='ltr'>auctor</span> <span class='ocrx_word' id='word_1_322' title='bbox 552 4627 661 4678; x_wconf 90' lang='lat' dir='ltr'>est.</span> <span class='ocrx_word' id='word_1_323' title='bbox 690 4622 761 4677; x_wconf 82' lang='lat' dir='ltr'>At</span> <span class='ocrx_word' id='word_1_324' title='bbox 814 4625 1067 4675; x_wconf 89' lang='lat' dir='ltr'>matrem</span> <span class='ocrx_word' id='word_1_325' title='bbox 1098 4618 1315 4689; x_wconf 92' lang='lat' dir='ltr'>cogito,</span> <span class='ocrx_word' id='word_1_326' title='bbox 1345 4630 1403 4673; x_wconf 87' lang='lat' dir='ltr'>ut</span> <span class='ocrx_word' id='word_1_327' title='bbox 1429 4632 1564 4688; x_wconf 68' lang='lat' dir='ltr'>quae</span> <span class='ocrx_word' id='word_1_328' title='bbox 1591 4616 1803 4671; x_wconf 89' lang='lat' dir='ltr'>absen-</span> 
     </span>
    </p>
   </div>
   <div class='ocr_carea' id='block_1_49' title="bbox 148 4707 1802 4774">
    <p class='ocr_par' dir='ltr' id='par_1_49' title="bbox 148 4707 1802 4774">
     <span class='ocr_line' id='line_1_49' title="bbox 148 4707 1802 4774; baseline -0.005 -5"><span class='ocrx_word' id='word_1_329' title='bbox 148 4715 295 4769; x_wconf 92' lang='lat' dir='ltr'>tiam</span> <span class='ocrx_word' id='word_1_330' title='bbox 330 4714 465 4767; x_wconf 90' lang='lat' dir='ltr'>sani</span> <span class='ocrx_word' id='word_1_331' title='bbox 494 4728 613 4767; x_wconf 91' lang='lat' dir='ltr'>non</span> <span class='ocrx_word' id='word_1_332' title='bbox 646 4710 892 4774; x_wconf 87' lang='lat' dir='ltr'>ferebat,</span> <span class='ocrx_word' id='word_1_333' title='bbox 924 4707 1199 4764; x_wconf 91' lang='lat' dir='ltr'>imbecilli</span> <span class='ocrx_word' id='word_1_334' title='bbox 1228 4707 1413 4763; x_wconf 88' lang='lat' dir='ltr'>multo</span> <span class='ocrx_word' id='word_1_335' title='bbox 1447 4707 1643 4762; x_wconf 90' lang='lat' dir='ltr'>minus</span> <span class='ocrx_word' id='word_1_336' title='bbox 1674 4721 1802 4761; x_wconf 91' lang='lat' dir='ltr'>esse</span> 
     </span>
    </p>
   </div>
   <div class='ocr_carea' id='block_1_50' title="bbox 212 4903 1805 4975">
    <p class='ocr_par' dir='ltr' id='par_1_50' title="bbox 212 4903 1805 4975">
     <span class='ocr_line' id='line_1_50' title="bbox 212 4903 1805 4975; baseline -0.004 -18"><span class='ocrx_word' id='word_1_337' title='bbox 212 4912 223 4941; x_wconf 81' lang='grc' dir='ltr'>ί</span> <span class='ocrx_word' id='word_1_338' title='bbox 251 4908 601 4975; x_wconf 30' lang='grc' dir='ltr'>ῌὶοιΕρὶδιοιθ,</span> <span class='ocrx_word' id='word_1_339' title='bbox 623 4908 943 4975; x_wconf 66' lang='lat' dir='ltr'>terminatur</span> <span class='ocrx_word' id='word_1_340' title='bbox 970 4904 1113 4968; x_wconf 86' lang='lat' dir='ltr'>apud</span> <span class='ocrx_word' id='word_1_341' title='bbox 1135 4903 1270 4975; x_wconf 79' lang='lat' dir='ltr'>_Lov.</span> <span class='ocrx_word' id='word_1_342' title='bbox 1295 4907 1347 4975; x_wconf 80' lang='lat' dir='ltr'>et</span> <span class='ocrx_word' id='word_1_343' title='bbox 1377 4903 1714 4975; x_wconf 64' lang='lat' dir='ltr'>V&#39;eteresMss.</span> <span class='ocrx_word' id='word_1_344' title='bbox 1731 4904 1805 4975; x_wconf 49' lang='lat' dir='ltr'>At</span> 
     </span>
    </p>
   </div>
   <div class='ocr_carea' id='block_1_51' title="bbox 147 4966 1800 5043">
    <p class='ocr_par' dir='ltr' id='par_1_51' title="bbox 147 4966 1800 5043">
     <span class='ocr_line' id='line_1_51' title="bbox 147 4966 1800 5043; baseline 0 0"><span class='ocrx_word' id='word_1_345' title='bbox 147 4972 294 5043; x_wconf 55' lang='lat' dir='ltr'>erud</span> <span class='ocrx_word' id='word_1_346' title='bbox 333 4966 456 5043; x_wconf 70' lang='grc' dir='ltr'>βειδ-</span> <span class='ocrx_word' id='word_1_347' title='bbox 487 4974 599 5043; x_wconf 66' lang='grc' dir='ltr'>Αηξε</span> <span class='ocrx_word' id='word_1_348' title='bbox 634 4976 685 5018; x_wconf 73' lang='grc' dir='ltr'>ει</span> <span class='ocrx_word' id='word_1_349' title='bbox 718 4969 887 5043; x_wconf 56' lang='grc' dir='ltr'>Επεῆά</span> <span class='ocrx_word' id='word_1_350' title='bbox 906 4966 1090 5040; x_wconf 52' lang='lat' dir='ltr'>vacem</span> <span class='ocrx_word' id='word_1_351' title='bbox 1121 4967 1424 5043; x_wconf 59' lang='grc' dir='ltr'>Ιίῼμνεπξπένι</span> <span class='ocrx_word' id='word_1_352' title='bbox 1459 4966 1800 5043; x_wconf 55' lang='grc' dir='ltr'>Ερίῆφιδμι</span> 
     </span>
    </p>
   </div>
   <div class='ocr_carea' id='block_1_52' title="bbox 145 5032 1805 5092">
    <p class='ocr_par' dir='ltr' id='par_1_52' title="bbox 145 5032 1805 5092">
     <span class='ocr_line' id='line_1_52' title="bbox 145 5032 1805 5092; baseline -0.002 -11"><span class='ocrx_word' id='word_1_353' title='bbox 145 5032 389 5083; x_wconf 80' lang='lat' dir='ltr'>detracto</span> <span class='ocrx_word' id='word_1_354' title='bbox 420 5033 654 5087; x_wconf 83' lang='lat' dir='ltr'>exordio,</span> <span class='ocrx_word' id='word_1_355' title='bbox 688 5032 1046 5080; x_wconf 78' lang='lat' dir='ltr'>recentissimis</span> <span class='ocrx_word' id='word_1_356' title='bbox 1092 5032 1437 5092; x_wconf 86' lang='lat' dir='ltr'>subjungitur</span> <span class='ocrx_word' id='word_1_357' title='bbox 1464 5032 1805 5077; x_wconf 87' lang='lat' dir='ltr'>continenter</span> 
     </span>
    </p>
   </div>
   <div class='ocr_carea' id='block_1_53' title="bbox 145 5095 1148 5149">
    <p class='ocr_par' dir='ltr' id='par_1_53' title="bbox 145 5095 1148 5149">
     <span class='ocr_line' id='line_1_53' title="bbox 145 5095 1148 5149; baseline -0.007 -2"><span class='ocrx_word' id='word_1_358' title='bbox 145 5102 213 5147; x_wconf 85' lang='lat' dir='ltr'>ab</span> <span class='ocrx_word' id='word_1_359' title='bbox 240 5097 389 5145; x_wconf 88' lang='lat' dir='ltr'>hisce</span> <span class='ocrx_word' id='word_1_360' title='bbox 410 5096 601 5149; x_wconf 87' lang='lat' dir='ltr'>verbis,</span> <span class='ocrx_word' id='word_1_361' title='bbox 638 5095 837 5143; x_wconf 76' lang='lat' dir='ltr'>tametsi</span> <span class='ocrx_word' id='word_1_362' title='bbox 860 5099 1016 5149; x_wconf 84' lang='lat' dir='ltr'>actus,</span> <span class='ocrx_word' id='word_1_363' title='bbox 1048 5096 1148 5141; x_wconf 87' lang='lat' dir='ltr'>etc.</span> 
     </span>
    </p>
   </div>
   <div class='ocr_carea' id='block_1_54' title="bbox 209 5153 1799 5215">
    <p class='ocr_par' dir='ltr' id='par_1_54' title="bbox 209 5153 1799 5215">
     <span class='ocr_line' id='line_1_54' title="bbox 209 5153 1799 5215; baseline -0.004 -7"><span class='ocrx_word' id='word_1_364' title='bbox 209 5160 300 5208; x_wconf 69' lang='grc' dir='ltr'>*ιη</span> <span class='ocrx_word' id='word_1_365' title='bbox 344 5158 498 5215; x_wconf 88' lang='lat' dir='ltr'>Edd.,</span> <span class='ocrx_word' id='word_1_366' title='bbox 536 5159 799 5205; x_wconf 81' lang='lat' dir='ltr'>bastarua.</span> <span class='ocrx_word' id='word_1_367' title='bbox 846 5159 909 5204; x_wconf 85' lang='lat' dir='ltr'>At</span> <span class='ocrx_word' id='word_1_368' title='bbox 946 5157 998 5203; x_wconf 91' lang='lat' dir='ltr'>in</span> <span class='ocrx_word' id='word_1_369' title='bbox 1050 5154 1317 5203; x_wconf 85' lang='lat' dir='ltr'>veteribus</span> <span class='ocrx_word' id='word_1_370' title='bbox 1352 5153 1500 5202; x_wconf 88' lang='lat' dir='ltr'>libris</span> <span class='ocrx_word' id='word_1_371' title='bbox 1535 5153 1799 5212; x_wconf 84' lang='lat' dir='ltr'>scribitur,</span> 
     </span>
    </p>
   </div>
   <div class='ocr_carea' id='block_1_55' title="bbox 149 5216 1802 5282">
    <p class='ocr_par' dir='ltr' id='par_1_55' title="bbox 149 5216 1802 5282">
     <span class='ocr_line' id='line_1_55' title="bbox 149 5216 1802 5282; baseline -0.004 -13"><span class='ocrx_word' id='word_1_372' title='bbox 149 5221 413 5273; x_wconf 68' lang='lat' dir='ltr'>basterna.</span> <span class='ocrx_word' id='word_1_373' title='bbox 446 5221 569 5279; x_wconf 66' lang='lat' dir='ltr'>Qum</span> <span class='ocrx_word' id='word_1_374' title='bbox 606 5234 705 5269; x_wconf 87' lang='lat' dir='ltr'>vox</span> <span class='ocrx_word' id='word_1_375' title='bbox 732 5218 875 5282; x_wconf 86' lang='lat' dir='ltr'>apud</span> <span class='ocrx_word' id='word_1_376' title='bbox 919 5218 1181 5282; x_wconf 84' lang='lat' dir='ltr'>lsidorum</span> <span class='ocrx_word' id='word_1_377' title='bbox 1208 5218 1262 5282; x_wconf 82' lang='lat' dir='ltr'>in</span> <span class='ocrx_word' id='word_1_378' title='bbox 1294 5216 1462 5266; x_wconf 89' lang='lat' dir='ltr'>Gloss.</span> <span class='ocrx_word' id='word_1_379' title='bbox 1501 5217 1802 5279; x_wconf 81' lang='lat' dir='ltr'>exponitur,</span> 
     </span>
    </p>
   </div>
   <div class='ocr_carea' id='block_1_56' title="bbox 148 5280 1805 5343">
    <p class='ocr_par' dir='ltr' id='par_1_56' title="bbox 148 5280 1805 5343">
     <span class='ocr_line' id='line_1_56' title="bbox 148 5280 1805 5343; baseline -0.004 -10"><span class='ocrx_word' id='word_1_380' title='bbox 148 5289 275 5333; x_wconf 82' lang='lat' dir='ltr'>tecta</span> <span class='ocrx_word' id='word_1_381' title='bbox 302 5284 562 5331; x_wconf 77' lang='lat' dir='ltr'>manualis</span> <span class='ocrx_word' id='word_1_382' title='bbox 598 5297 613 5333; x_wconf 91' lang='lat'><em>:</em></span> <span class='ocrx_word' id='word_1_383' title='bbox 643 5280 788 5331; x_wconf 80' lang='lat' dir='ltr'>unde</span> <span class='ocrx_word' id='word_1_384' title='bbox 823 5280 1145 5343; x_wconf 83' lang='lat' dir='ltr'>quibusdam</span> <span class='ocrx_word' id='word_1_385' title='bbox 1177 5280 1389 5327; x_wconf 84' lang='lat' dir='ltr'>videtur</span> <span class='ocrx_word' id='word_1_386' title='bbox 1408 5292 1523 5343; x_wconf 85' lang='lat' dir='ltr'>esse</span> <span class='ocrx_word' id='word_1_387' title='bbox 1572 5282 1805 5343; x_wconf 78' lang='lat' dir='ltr'>gestato-</span> 
     </span>
    </p>
   </div>
   <div class='ocr_carea' id='block_1_57' title="bbox 148 5341 1805 5407">
    <p class='ocr_par' dir='ltr' id='par_1_57' title="bbox 148 5341 1805 5407">
     <span class='ocr_line' id='line_1_57' title="bbox 148 5341 1805 5407; baseline -0.002 -12"><span class='ocrx_word' id='word_1_388' title='bbox 148 5349 223 5395; x_wconf 87' lang='lat' dir='ltr'>ria</span> <span class='ocrx_word' id='word_1_389' title='bbox 259 5347 409 5401; x_wconf 85' lang='lat' dir='ltr'>sella,</span> <span class='ocrx_word' id='word_1_390' title='bbox 440 5350 535 5395; x_wconf 88' lang='lat' dir='ltr'>aut</span> <span class='ocrx_word' id='word_1_391' title='bbox 563 5346 766 5401; x_wconf 85' lang='lat' dir='ltr'>lectica,</span> <span class='ocrx_word' id='word_1_392' title='bbox 790 5341 908 5407; x_wconf 66' lang='lat' dir='ltr'>qua:</span> <span class='ocrx_word' id='word_1_393' title='bbox 937 5343 1259 5407; x_wconf 83' lang='lat' dir='ltr'>famulorum</span> <span class='ocrx_word' id='word_1_394' title='bbox 1292 5342 1539 5407; x_wconf 84' lang='lat' dir='ltr'>manibus</span> <span class='ocrx_word' id='word_1_395' title='bbox 1558 5341 1805 5407; x_wconf 73' lang='lat' dir='ltr'>portaba-</span> 
     </span>
    </p>
   </div>
   <div class='ocr_carea' id='block_1_58' title="bbox 148 5404 1800 5473">
    <p class='ocr_par' dir='ltr' id='par_1_58' title="bbox 148 5404 1800 5473">
     <span class='ocr_line' id='line_1_58' title="bbox 148 5404 1800 5473; baseline -0.004 -16"><span class='ocrx_word' id='word_1_396' title='bbox 148 5410 396 5473; x_wconf 79' lang='lat' dir='ltr'>turzaliis</span> <span class='ocrx_word' id='word_1_397' title='bbox 426 5404 1195 5473; x_wconf 10' lang='lat' dir='ltr'>porro,lectica’gjumentorum</span> <span class='ocrx_word' id='word_1_398' title='bbox 1228 5405 1387 5473; x_wconf 72' lang='lat' dir='ltr'>dorso</span> <span class='ocrx_word' id='word_1_399' title='bbox 1414 5404 1800 5473; x_wconf 70' lang='lat' dir='ltr'>imponisolita,</span> 
     </span>
    </p>
   </div>
   <div class='ocr_carea' id='block_1_59' title="bbox 147 5467 1803 5528">
    <p class='ocr_par' dir='ltr' id='par_1_59' title="bbox 147 5467 1803 5528">
     <span class='ocr_line' id='line_1_59' title="bbox 147 5467 1803 5528; baseline -0.004 -7"><span class='ocrx_word' id='word_1_400' title='bbox 147 5487 209 5521; x_wconf 83' lang='lat' dir='ltr'>ex</span> <span class='ocrx_word' id='word_1_401' title='bbox 240 5467 439 5522; x_wconf 58' lang='lat' dir='ltr'>eodem&#39;</span> <span class='ocrx_word' id='word_1_402' title='bbox 484 5472 685 5519; x_wconf 83' lang='lat' dir='ltr'>Isidoro</span> <span class='ocrx_word' id='word_1_403' title='bbox 721 5472 774 5517; x_wconf 91' lang='lat' dir='ltr'>in</span> <span class='ocrx_word' id='word_1_404' title='bbox 806 5467 947 5521; x_wconf 75' lang='lat' dir='ltr'>Orig.</span> <span class='ocrx_word' id='word_1_405' title='bbox 986 5468 1080 5516; x_wconf 91' lang='lat' dir='ltr'>lib.</span> <span class='ocrx_word' id='word_1_406' title='bbox 1120 5469 1197 5523; x_wconf 81' lang='lat'>20,</span> <span class='ocrx_word' id='word_1_407' title='bbox 1229 5482 1273 5515; x_wconf 94' lang='lat' dir='ltr'>c.</span> <span class='ocrx_word' id='word_1_408' title='bbox 1307 5469 1393 5519; x_wconf 74' lang='lat'>12;</span> <span class='ocrx_word' id='word_1_409' title='bbox 1420 5467 1641 5528; x_wconf 89' lang='lat' dir='ltr'>hujusce</span> <span class='ocrx_word' id='word_1_410' title='bbox 1660 5467 1803 5514; x_wconf 89' lang='lat' dir='ltr'>modi</span> 
     </span>
    </p>
   </div>
   <div class='ocr_carea' id='block_1_60' title="bbox 147 5529 1796 5595">
    <p class='ocr_par' dir='ltr' id='par_1_60' title="bbox 147 5529 1796 5595">
     <span class='ocr_line' id='line_1_60' title="bbox 147 5529 1796 5595; baseline -0.003 -13"><span class='ocrx_word' id='word_1_411' title='bbox 147 5535 363 5584; x_wconf 83' lang='lat' dir='ltr'>eratilla</span> <span class='ocrx_word' id='word_1_412' title='bbox 376 5535 441 5583; x_wconf 90' lang='lat' dir='ltr'>de</span> <span class='ocrx_word' id='word_1_413' title='bbox 468 5547 575 5595; x_wconf 89' lang='lat' dir='ltr'>qua</span> <span class='ocrx_word' id='word_1_414' title='bbox 589 5531 1081 5595; x_wconf 86' lang='lat' dir='ltr'>GregoriusTuron.</span> <span class='ocrx_word' id='word_1_415' title='bbox 1101 5530 1155 5578; x_wconf 90' lang='lat' dir='ltr'>in</span> <span class='ocrx_word' id='word_1_416' title='bbox 1178 5529 1796 5595; x_wconf 64' lang='lat' dir='ltr'>Franc.Rist.lib.§,n.26.</span> 
     </span>
    </p>
   </div>
   <div class='ocr_carea' id='block_1_61' title="bbox 209 5549 1805 5659">
    <p class='ocr_par' dir='ltr' id='par_1_61' title="bbox 209 5549 1805 5659">
     <span class='ocr_line' id='line_1_61' title="bbox 209 5549 1796 5595; baseline -0.004 -11"><span class='ocrx_word' id='word_1_417' title='bbox 209 5549 441 5584; x_wconf 83' lang='lat' dir='ltr'>auuaae</span> <span class='ocrx_word' id='word_1_418' title='bbox 509 5549 575 5583; x_wconf 88' lang='lat' dir='ltr'>ua</span> <span class='ocrx_word' id='word_1_419' title='bbox 589 5549 875 5595; x_wconf 82' lang='lat' dir='ltr'>uregorius</span> <span class='ocrx_word' id='word_1_420' title='bbox 896 5549 1081 5580; x_wconf 80' lang='lat' dir='ltr'>luron.</span> <span class='ocrx_word' id='word_1_421' title='bbox 1101 5549 1155 5578; x_wconf 86' lang='lat' dir='ltr'>lu</span> <span class='ocrx_word' id='word_1_422' title='bbox 1179 5549 1796 5585; x_wconf 71' lang='lat' dir='ltr'>rranc.nmt.uo.o,u.zo.</span> 
     </span>
     <span class='ocr_line' id='line_1_62' title="bbox 209 5549 1805 5659; baseline -0.005 -11"><span class='ocrx_word' id='word_1_423' title='bbox 209 5602 281 5659; x_wconf 74' lang='lat' dir='ltr'>ta)</span> <span class='ocrx_word' id='word_1_424' title='bbox 308 5549 601 5646; x_wconf 51' lang='lat' dir='ltr'>Aliasqlﬁ:</span> <span class='ocrx_word' id='word_1_425' title='bbox 652 5609 771 5658; x_wconf 69' lang='lat' dir='ltr'>quas</span> <span class='ocrx_word' id='word_1_426' title='bbox 806 5598 992 5644; x_wconf 86' lang='lat' dir='ltr'>autem</span> <span class='ocrx_word' id='word_1_427' title='bbox 1024 5596 1081 5642; x_wconf 80' lang='grc'>10</span> <span class='ocrx_word' id='word_1_428' title='bbox 1133 5598 1260 5649; x_wconf 84' lang='lat' dir='ltr'>erat,</span> <span class='ocrx_word' id='word_1_429' title='bbox 1292 5606 1437 5642; x_wconf 91' lang='lat' dir='ltr'>nunc</span> <span class='ocrx_word' id='word_1_430' title='bbox 1472 5594 1547 5641; x_wconf 86' lang='grc'>71.</span> <span class='ocrx_word' id='word_1_431' title='bbox 1601 5592 1805 5655; x_wconf 86' lang='lat' dir='ltr'>Scripta</span> 
     </span>
    </p>
   </div>
   <div class='ocr_carea' id='block_1_62' title="bbox 146 5660 716 5722">
    <p class='ocr_par' dir='ltr' id='par_1_62' title="bbox 146 5660 716 5722">
     <span class='ocr_line' id='line_1_63' title="bbox 146 5660 716 5722; baseline -0.005 -13"><span class='ocrx_word' id='word_1_432' title='bbox 146 5662 283 5711; x_wconf 82' lang='lat' dir='ltr'>circa</span> <span class='ocrx_word' id='word_1_433' title='bbox 306 5660 452 5710; x_wconf 90' lang='lat' dir='ltr'>idem</span> <span class='ocrx_word' id='word_1_434' title='bbox 485 5664 716 5722; x_wconf 84' lang='lat' dir='ltr'>tempus.</span> 
     </span>
    </p>
   </div>
   <div class='ocr_carea' id='block_1_63' title="bbox 432 5750 953 5811">
    <p class='ocr_par' dir='ltr' id='par_1_63' title="bbox 432 5750 953 5811">
     <span class='ocr_line' id='line_1_64' title="bbox 432 5750 953 5811; baseline -0.01 -1"><span class='ocrx_word' id='word_1_435' title='bbox 432 5754 653 5810; x_wconf 61' lang='lat' dir='ltr'>Parnm.</span> <span class='ocrx_word' id='word_1_436' title='bbox 666 5797 678 5811; x_wconf 97' lang='lat'>.</span> <span class='ocrx_word' id='word_1_437' title='bbox 708 5750 953 5808; x_wconf 83' lang='lat' dir='ltr'>XXXIII.</span> 
     </span>
    </p>
   </div>
   <div class='ocr_carea' id='block_1_64' title="bbox 1945 374 3597 454">
    <p class='ocr_par' dir='ltr' id='par_1_64' title="bbox 1945 374 3597 454">
     <span class='ocr_line' id='line_1_65' title="bbox 1945 374 3597 454; baseline 0.002 -24"><span class='ocrx_word' id='word_1_438' title='bbox 1945 374 2223 431; x_wconf 90' lang='lat' dir='ltr'>laturam.</span> <span class='ocrx_word' id='word_1_439' title='bbox 2260 376 2583 431; x_wconf 86' lang='lat' dir='ltr'>Veniamne</span> <span class='ocrx_word' id='word_1_440' title='bbox 2640 376 2771 447; x_wconf 91' lang='lat' dir='ltr'>ipse</span> <span class='ocrx_word' id='word_1_441' title='bbox 2796 376 2875 432; x_wconf 89' lang='lat' dir='ltr'>ad</span> <span class='ocrx_word' id='word_1_442' title='bbox 2926 394 3032 432; x_wconf 92' lang='lat' dir='ltr'>vos</span> <span class='ocrx_word' id='word_1_443' title='bbox 3054 380 3081 433; x_wconf 69' lang='grc' dir='ltr'><strong><em>γ</em></strong></span> <span class='ocrx_word' id='word_1_444' title='bbox 3112 381 3181 435; x_wconf 90' lang='lat' dir='ltr'>At</span> <span class='ocrx_word' id='word_1_445' title='bbox 3209 380 3305 435; x_wconf 89' lang='lat' dir='ltr'>hic</span> <span class='ocrx_word' id='word_1_446' title='bbox 3334 385 3597 454; x_wconf 74' lang='lat' dir='ltr'>suntqui</span> 
     </span>
    </p>
   </div>
   <div class='ocr_carea' id='block_1_65' title="bbox 1945 465 3597 538">
    <p class='ocr_par' dir='ltr' id='par_1_65' title="bbox 1945 465 3597 538">
     <span class='ocr_line' id='line_1_66' title="bbox 1945 465 3597 538; baseline 0.004 -19"><span class='ocrx_word' id='word_1_447' title='bbox 1945 480 2053 519; x_wconf 92' lang='lat' dir='ltr'>nec</span> <span class='ocrx_word' id='word_1_448' title='bbox 2087 465 2283 519; x_wconf 91' lang='lat' dir='ltr'>venire</span> <span class='ocrx_word' id='word_1_449' title='bbox 2318 481 2555 520; x_wconf 91' lang='lat' dir='ltr'>mecum</span> <span class='ocrx_word' id='word_1_450' title='bbox 2582 470 2827 536; x_wconf 88' lang='lat' dir='ltr'>queant,</span> <span class='ocrx_word' id='word_1_451' title='bbox 2861 471 2917 521; x_wconf 92' lang='lat' dir='ltr'>et</span> <span class='ocrx_word' id='word_1_452' title='bbox 2945 483 3097 538; x_wconf 92' lang='lat' dir='ltr'>quos</span> <span class='ocrx_word' id='word_1_453' title='bbox 3128 468 3399 525; x_wconf 90' lang='lat' dir='ltr'>deserere</span> <span class='ocrx_word' id='word_1_454' title='bbox 3430 470 3597 527; x_wconf 88' lang='lat' dir='ltr'>nefas</span> 
     </span>
    </p>
   </div>
   <div class='ocr_carea' id='block_1_66' title="bbox 1944 555 3598 626">
    <p class='ocr_par' dir='ltr' id='par_1_66' title="bbox 1944 555 3598 626">
     <span class='ocr_line' id='line_1_67' title="bbox 1944 555 3598 626; baseline 0.005 -19"><span class='ocrx_word' id='word_1_455' title='bbox 1944 559 2171 624; x_wconf 89' lang='lat' dir='ltr'>putem.</span> <span class='ocrx_word' id='word_1_456' title='bbox 2205 555 2287 608; x_wconf 90' lang='lat' dir='ltr'>Tu</span> <span class='ocrx_word' id='word_1_457' title='bbox 2319 556 2478 609; x_wconf 88' lang='lat' dir='ltr'>enim</span> <span class='ocrx_word' id='word_1_458' title='bbox 2510 559 2676 625; x_wconf 91' lang='lat' dir='ltr'>potes</span> <span class='ocrx_word' id='word_1_459' title='bbox 2703 560 2756 610; x_wconf 91' lang='lat' dir='ltr'>et</span> <span class='ocrx_word' id='word_1_460' title='bbox 2782 556 2944 626; x_wconf 92' lang='lat' dir='ltr'>apud</span> <span class='ocrx_word' id='word_1_461' title='bbox 2969 559 3134 611; x_wconf 92' lang='lat' dir='ltr'>tuam</span> <span class='ocrx_word' id='word_1_462' title='bbox 3168 562 3430 613; x_wconf 86' lang='lat' dir='ltr'>mentem</span> <span class='ocrx_word' id='word_1_463' title='bbox 3462 576 3598 615; x_wconf 88' lang='lat' dir='ltr'>sua-</span> 
     </span>
    </p>
   </div>
   <div class='ocr_carea' id='block_1_67' title="bbox 1944 642 3594 718">
    <p class='ocr_par' dir='ltr' id='par_1_67' title="bbox 1944 642 3594 718">
     <span class='ocr_line' id='line_1_68' title="bbox 1944 642 3594 718; baseline 0.004 -23"><span class='ocrx_word' id='word_1_464' title='bbox 1944 643 2087 697; x_wconf 89' lang='lat' dir='ltr'>viter</span> <span class='ocrx_word' id='word_1_465' title='bbox 2116 642 2415 711; x_wconf 87' lang='lat' dir='ltr'>habitare;</span> <span class='ocrx_word' id='word_1_466' title='bbox 2450 644 2488 698; x_wconf 89' lang='lat' dir='ltr'>ii</span> <span class='ocrx_word' id='word_1_467' title='bbox 2534 659 2670 697; x_wconf 89' lang='lat' dir='ltr'>vero</span> <span class='ocrx_word' id='word_1_468' title='bbox 2710 649 2771 697; x_wconf 91' lang='lat' dir='ltr'>ut</span> <span class='ocrx_word' id='word_1_469' title='bbox 2810 644 2969 699; x_wconf 93' lang='lat' dir='ltr'>idem</span> <span class='ocrx_word' id='word_1_470' title='bbox 3004 646 3256 715; x_wconf 92' lang='lat' dir='ltr'>possint,</span> <span class='ocrx_word' id='word_1_471' title='bbox 3287 648 3594 718; x_wconf 85' lang='lat' dir='ltr'>satagitur.</span> 
     </span>
    </p>
   </div>
   <div class='ocr_carea' id='block_1_68' title="bbox 1947 732 3597 802">
    <p class='ocr_par' dir='ltr' id='par_1_68' title="bbox 1947 732 3597 802">
     <span class='ocr_line' id='line_1_69' title="bbox 1947 732 3597 802; baseline 0.005 -17"><span class='ocrx_word' id='word_1_472' title='bbox 1947 734 2165 786; x_wconf 90' lang='lat' dir='ltr'>Eamne</span> <span class='ocrx_word' id='word_1_473' title='bbox 2192 732 2401 787; x_wconf 86' lang='lat' dir='ltr'>crebro</span> <span class='ocrx_word' id='word_1_474' title='bbox 2424 732 2835 797; x_wconf 82' lang='lat' dir='ltr'>etredeam,et</span> <span class='ocrx_word' id='word_1_475' title='bbox 2857 738 3247 802; x_wconf 85' lang='lat' dir='ltr'>nunctecum,</span> <span class='ocrx_word' id='word_1_476' title='bbox 3276 752 3438 792; x_wconf 91' lang='lat' dir='ltr'>nunc</span> <span class='ocrx_word' id='word_1_477' title='bbox 3459 753 3597 793; x_wconf 90' lang='lat' dir='ltr'>cum</span> 
     </span>
    </p>
   </div>
   <div class='ocr_carea' id='block_1_69' title="bbox 1944 820 3597 895">
    <p class='ocr_par' dir='ltr' id='par_1_69' title="bbox 1944 820 3597 895">
     <span class='ocr_line' id='line_1_70' title="bbox 1944 820 3597 895; baseline 0.005 -21"><span class='ocrx_word' id='word_1_478' title='bbox 1944 820 2087 891; x_wconf 91' lang='lat' dir='ltr'>ipsis</span> <span class='ocrx_word' id='word_1_479' title='bbox 2106 822 2258 877; x_wconf 84' lang='lat' dir='ltr'>sim?</span> <span class='ocrx_word' id='word_1_480' title='bbox 2285 822 2484 877; x_wconf 87' lang='lat' dir='ltr'>Athoc</span> <span class='ocrx_word' id='word_1_481' title='bbox 2516 838 2709 895; x_wconf 92' lang='lat' dir='ltr'>neque</span> <span class='ocrx_word' id='word_1_482' title='bbox 2733 823 2929 889; x_wconf 89' lang='lat' dir='ltr'>simul,</span> <span class='ocrx_word' id='word_1_483' title='bbox 2956 826 3181 895; x_wconf 73' lang='lat' dir='ltr'>neque1</span> <span class='ocrx_word' id='word_1_484' title='bbox 3214 840 3285 880; x_wconf 89' lang='lat' dir='ltr'>ex</span> <span class='ocrx_word' id='word_1_485' title='bbox 3306 829 3597 885; x_wconf 88' lang='lat' dir='ltr'>sententia</span> 
     </span>
    </p>
   </div>
   <div class='ocr_carea' id='block_1_70' title="bbox 1941 909 3595 978">
    <p class='ocr_par' dir='ltr' id='par_1_70' title="bbox 1941 909 3595 978">
     <span class='ocr_line' id='line_1_71' title="bbox 1941 909 3595 978; baseline 0.005 -15"><span class='ocrx_word' id='word_1_486' title='bbox 1941 909 2134 965; x_wconf 86' lang='lat' dir='ltr'>vivere</span> <span class='ocrx_word' id='word_1_487' title='bbox 2148 917 2251 967; x_wconf 90' lang='lat' dir='ltr'>est.</span> <span class='ocrx_word' id='word_1_488' title='bbox 2270 914 2394 966; x_wconf 88' lang='lat' dir='ltr'>Non</span> <span class='ocrx_word' id='word_1_489' title='bbox 2409 911 2565 966; x_wconf 87' lang='lat' dir='ltr'>enim</span> <span class='ocrx_word' id='word_1_490' title='bbox 2584 913 2777 967; x_wconf 89' lang='lat' dir='ltr'>brevis</span> <span class='ocrx_word' id='word_1_491' title='bbox 2790 918 2876 968; x_wconf 91' lang='lat' dir='ltr'>est</span> <span class='ocrx_word' id='word_1_492' title='bbox 2894 913 3121 978; x_wconf 88' lang='lat' dir='ltr'>via,sed</span> <span class='ocrx_word' id='word_1_493' title='bbox 3149 919 3311 971; x_wconf 91' lang='lat' dir='ltr'>tanta</span> <span class='ocrx_word' id='word_1_494' title='bbox 3323 916 3595 974; x_wconf 74' lang='lat' dir='ltr'>omnino.</span> 
     </span>
    </p>
   </div>
   <div class='ocr_carea' id='block_1_71' title="bbox 1940 999 3597 1075">
    <p class='ocr_par' dir='ltr' id='par_1_71' title="bbox 1940 999 3597 1075">
     <span class='ocr_line' id='line_1_72' title="bbox 1940 999 3597 1075; baseline 0.005 -22"><span class='ocrx_word' id='word_1_495' title='bbox 1940 999 2111 1069; x_wconf 90' lang='lat' dir='ltr'>cujus</span> <span class='ocrx_word' id='word_1_496' title='bbox 2141 1002 2497 1072; x_wconf 63' lang='lat' dir='ltr'>peragendae</span> <span class='ocrx_word' id='word_1_497' title='bbox 2512 1002 2818 1070; x_wconf 91' lang='lat' dir='ltr'>negotium</span> <span class='ocrx_word' id='word_1_498' title='bbox 2835 1018 2993 1073; x_wconf 60' lang='lat' dir='ltr'>saepe</span> <span class='ocrx_word' id='word_1_499' title='bbox 3022 1004 3345 1075; x_wconf 88' lang='lat' dir='ltr'>suscipere,</span> <span class='ocrx_word' id='word_1_500' title='bbox 3368 1020 3491 1060; x_wconf 91' lang='lat' dir='ltr'>non</span> <span class='ocrx_word' id='word_1_501' title='bbox 3523 1006 3597 1061; x_wconf 91' lang='lat' dir='ltr'>sit</span> 
     </span>
    </p>
   </div>
   <div class='ocr_carea' id='block_1_72' title="bbox 1939 1089 3595 1160">
    <p class='ocr_par' dir='ltr' id='par_1_72' title="bbox 1939 1089 3595 1160">
     <span class='ocr_line' id='line_1_73' title="bbox 1939 1089 3595 1160; baseline 0.005 -19"><span class='ocrx_word' id='word_1_502' title='bbox 1939 1089 2014 1142; x_wconf 89' lang='lat' dir='ltr'>ad</span> <span class='ocrx_word' id='word_1_503' title='bbox 2034 1093 2304 1160; x_wconf 90' lang='lat' dir='ltr'>optatum</span> <span class='ocrx_word' id='word_1_504' title='bbox 2326 1092 2512 1146; x_wconf 90' lang='lat' dir='ltr'>otium</span> <span class='ocrx_word' id='word_1_505' title='bbox 2529 1091 3018 1160; x_wconf 84' lang='lat' dir='ltr'>pervenisse.lluc</span> <span class='ocrx_word' id='word_1_506' title='bbox 3033 1092 3262 1149; x_wconf 89' lang='lat' dir='ltr'>accedit</span> <span class='ocrx_word' id='word_1_507' title='bbox 3282 1093 3595 1150; x_wconf 85' lang='lat' dir='ltr'>inﬁrmitas</span> 
     </span>
    </p>
   </div>
   <div class='ocr_carea' id='block_1_73' title="bbox 1938 1180 3597 1256">
    <p class='ocr_par' dir='ltr' id='par_1_73' title="bbox 1938 1180 3597 1256">
     <span class='ocr_line' id='line_1_74' title="bbox 1938 1180 3597 1256; baseline 0.005 -24"><span class='ocrx_word' id='word_1_508' title='bbox 1938 1180 2224 1250; x_wconf 88' lang='lat' dir='ltr'>corporis,</span> <span class='ocrx_word' id='word_1_509' title='bbox 2258 1196 2379 1251; x_wconf 92' lang='lat' dir='ltr'>qua</span> <span class='ocrx_word' id='word_1_510' title='bbox 2409 1195 2520 1249; x_wconf 88' lang='lat' dir='ltr'>ego</span> <span class='ocrx_word' id='word_1_511' title='bbox 2541 1196 2804 1253; x_wconf 88' lang='lat' dir='ltr'>quoque,</span> <span class='ocrx_word' id='word_1_512' title='bbox 2830 1182 3076 1243; x_wconf 88' lang='lat' dir='ltr'>utnosti,</span> <span class='ocrx_word' id='word_1_513' title='bbox 3096 1197 3217 1238; x_wconf 91' lang='lat' dir='ltr'>non</span> <span class='ocrx_word' id='word_1_514' title='bbox 3248 1182 3416 1240; x_wconf 90' lang='lat' dir='ltr'>valeo</span> <span class='ocrx_word' id='word_1_515' title='bbox 3430 1185 3597 1256; x_wconf 91' lang='lat' dir='ltr'>quod</span> 
     </span>
    </p>
   </div>
   <div class='ocr_carea' id='block_1_74' title="bbox 1939 1267 3593 1345">
    <p class='ocr_par' dir='ltr' id='par_1_74' title="bbox 1939 1267 3593 1345">
     <span class='ocr_line' id='line_1_75' title="bbox 1939 1267 3593 1345; baseline 0.006 -25"><span class='ocrx_word' id='word_1_516' title='bbox 1939 1267 2093 1333; x_wconf 89' lang='lat' dir='ltr'>volo,</span> <span class='ocrx_word' id='word_1_517' title='bbox 2141 1268 2251 1322; x_wconf 92' lang='lat' dir='ltr'>nisi</span> <span class='ocrx_word' id='word_1_518' title='bbox 2278 1270 2525 1325; x_wconf 91' lang='lat' dir='ltr'>omnino</span> <span class='ocrx_word' id='word_1_519' title='bbox 2565 1270 2837 1325; x_wconf 87' lang='lat' dir='ltr'>desinam</span> <span class='ocrx_word' id='word_1_520' title='bbox 2882 1272 3214 1344; x_wconf 88' lang='lat' dir='ltr'>quidquam</span> <span class='ocrx_word' id='word_1_521' title='bbox 3256 1272 3391 1345; x_wconf 86' lang='lat' dir='ltr'>plus</span> <span class='ocrx_word' id='word_1_522' title='bbox 3444 1274 3593 1330; x_wconf 89' lang='lat' dir='ltr'>velle</span> 
     </span>
    </p>
   </div>
   <div class='ocr_carea' id='block_1_75' title="bbox 1935 1357 2342 1427">
    <p class='ocr_par' dir='ltr' id='par_1_75' title="bbox 1935 1357 2342 1427">
     <span class='ocr_line' id='line_1_76' title="bbox 1935 1357 2342 1427; baseline 0.012 -19"><span class='ocrx_word' id='word_1_523' title='bbox 1935 1372 2121 1427; x_wconf 88' lang='lat' dir='ltr'>quam</span> <span class='ocrx_word' id='word_1_524' title='bbox 2152 1357 2342 1413; x_wconf 91' lang='lat' dir='ltr'>valeo.</span> 
     </span>
    </p>
   </div>
   <div class='ocr_carea' id='block_1_76' title="bbox 2003 1446 3590 1520">
    <p class='ocr_par' dir='ltr' id='par_1_76' title="bbox 2003 1446 3590 1520">
     <span class='ocr_line' id='line_1_77' title="bbox 2003 1446 3590 1520; baseline 0.005 -20"><span class='ocrx_word' id='word_1_525' title='bbox 2003 1450 2053 1500; x_wconf 85' lang='lat'>2.</span> <span class='ocrx_word' id='word_1_526' title='bbox 2073 1446 2471 1502; x_wconf 88' lang='lat' dir='ltr'>Profectiones</span> <span class='ocrx_word' id='word_1_527' title='bbox 2494 1462 2636 1517; x_wconf 85' lang='lat' dir='ltr'>ergo</span> <span class='ocrx_word' id='word_1_528' title='bbox 2650 1462 2802 1519; x_wconf 89' lang='lat' dir='ltr'>quas</span> <span class='ocrx_word' id='word_1_529' title='bbox 2814 1448 3051 1520; x_wconf 90' lang='lat' dir='ltr'>quietas</span> <span class='ocrx_word' id='word_1_530' title='bbox 3070 1454 3126 1505; x_wconf 92' lang='lat' dir='ltr'>et</span> <span class='ocrx_word' id='word_1_531' title='bbox 3150 1449 3353 1508; x_wconf 85' lang='lat' dir='ltr'>faciles</span> <span class='ocrx_word' id='word_1_532' title='bbox 3367 1451 3590 1508; x_wconf 90' lang='lat' dir='ltr'>habere</span> 
     </span>
    </p>
   </div>
   <div class='ocr_carea' id='block_1_77' title="bbox 1932 1538 3588 1606">
    <p class='ocr_par' dir='ltr' id='par_1_77' title="bbox 1932 1538 3588 1606">
     <span class='ocr_line' id='line_1_78' title="bbox 1932 1538 3588 1606; baseline 0.004 -17"><span class='ocrx_word' id='word_1_533' title='bbox 1932 1549 2332 1606; x_wconf 90' lang='lat' dir='ltr'>nequeas,per</span> <span class='ocrx_word' id='word_1_534' title='bbox 2361 1541 2547 1592; x_wconf 89' lang='lat' dir='ltr'>totam</span> <span class='ocrx_word' id='word_1_535' title='bbox 2567 1538 2827 1606; x_wconf 91' lang='lat' dir='ltr'>cogitare</span> <span class='ocrx_word' id='word_1_536' title='bbox 2856 1538 3191 1604; x_wconf 90' lang='lat' dir='ltr'>vitam,non</span> <span class='ocrx_word' id='word_1_537' title='bbox 3213 1544 3302 1595; x_wconf 90' lang='lat' dir='ltr'>est</span> <span class='ocrx_word' id='word_1_538' title='bbox 3324 1541 3588 1596; x_wconf 90' lang='lat' dir='ltr'>hominis</span> 
     </span>
    </p>
   </div>
   <div class='ocr_carea' id='block_1_78' title="bbox 1932 1623 3589 1698">
    <p class='ocr_par' dir='ltr' id='par_1_78' title="bbox 1932 1623 3589 1698">
     <span class='ocr_line' id='line_1_79' title="bbox 1932 1623 3589 1698; baseline 0.004 -20"><span class='ocrx_word' id='word_1_539' title='bbox 1932 1623 2006 1678; x_wconf 92' lang='lat' dir='ltr'>de</span> <span class='ocrx_word' id='word_1_540' title='bbox 2034 1623 2131 1678; x_wconf 90' lang='lat' dir='ltr'>illa</span> <span class='ocrx_word' id='word_1_541' title='bbox 2161 1640 2278 1679; x_wconf 90' lang='lat' dir='ltr'>una</span> <span class='ocrx_word' id='word_1_542' title='bbox 2303 1624 2673 1697; x_wconf 65' lang='lat' dir='ltr'>ultima,quaa</span> <span class='ocrx_word' id='word_1_543' title='bbox 2694 1642 2855 1682; x_wconf 91' lang='lat' dir='ltr'>mors</span> <span class='ocrx_word' id='word_1_544' title='bbox 2878 1630 3589 1698; x_wconf 88' lang='lat' dir='ltr'>vocatur,cogitantis;de</span> 
     </span>
    </p>
   </div>
   <div class='ocr_carea' id='block_1_79' title="bbox 1931 1713 3590 1787">
    <p class='ocr_par' dir='ltr' id='par_1_79' title="bbox 1931 1713 3590 1787">
     <span class='ocr_line' id='line_1_80' title="bbox 1931 1713 3590 1787; baseline 0.005 -21"><span class='ocrx_word' id='word_1_545' title='bbox 1931 1729 2051 1784; x_wconf 91' lang='lat' dir='ltr'>qua</span> <span class='ocrx_word' id='word_1_546' title='bbox 2081 1713 2173 1768; x_wconf 90' lang='lat' dir='ltr'>vel</span> <span class='ocrx_word' id='word_1_547' title='bbox 2200 1716 2325 1769; x_wconf 91' lang='lat' dir='ltr'>sola</span> <span class='ocrx_word' id='word_1_548' title='bbox 2356 1714 2630 1784; x_wconf 85' lang='lat' dir='ltr'>intelligis</span> <span class='ocrx_word' id='word_1_549' title='bbox 2656 1732 2793 1770; x_wconf 90' lang='lat' dir='ltr'>vere</span> <span class='ocrx_word' id='word_1_550' title='bbox 2820 1732 2950 1771; x_wconf 92' lang='lat' dir='ltr'>esse</span> <span class='ocrx_word' id='word_1_551' title='bbox 2982 1718 3392 1787; x_wconf 88' lang='lat' dir='ltr'>cogitandum.</span> <span class='ocrx_word' id='word_1_552' title='bbox 3420 1718 3590 1775; x_wconf 88' lang='lat' dir='ltr'>Dedit</span> 
     </span>
    </p>
   </div>
   <div class='ocr_carea' id='block_1_80' title="bbox 1929 1803 3588 1877">
    <p class='ocr_par' dir='ltr' id='par_1_80' title="bbox 1929 1803 3588 1877">
     <span class='ocr_line' id='line_1_81' title="bbox 1929 1803 3588 1877; baseline 0.005 -22"><span class='ocrx_word' id='word_1_553' title='bbox 1929 1803 2174 1873; x_wconf 89' lang='lat' dir='ltr'>quidem</span> <span class='ocrx_word' id='word_1_554' title='bbox 2192 1806 2342 1857; x_wconf 88' lang='lat' dir='ltr'>Deus</span> <span class='ocrx_word' id='word_1_555' title='bbox 2366 1804 2572 1874; x_wconf 90' lang='lat' dir='ltr'>paucis</span> <span class='ocrx_word' id='word_1_556' title='bbox 2587 1805 2975 1876; x_wconf 88' lang='lat' dir='ltr'>quibusdam,</span> <span class='ocrx_word' id='word_1_557' title='bbox 2990 1822 3143 1877; x_wconf 92' lang='lat' dir='ltr'>quos</span> <span class='ocrx_word' id='word_1_558' title='bbox 3157 1807 3588 1876; x_wconf 84' lang='lat' dir='ltr'>gubernatores</span> 
     </span>
    </p>
   </div>
   <div class='ocr_carea' id='block_1_81' title="bbox 1929 1891 3590 1970">
    <p class='ocr_par' dir='ltr' id='par_1_81' title="bbox 1929 1891 3590 1970">
     <span class='ocr_line' id='line_1_82' title="bbox 1929 1891 3590 1970; baseline 0.005 -25"><span class='ocrx_word' id='word_1_559' title='bbox 1929 1891 2314 1947; x_wconf 87' lang='lat' dir='ltr'>ecclesiarum</span> <span class='ocrx_word' id='word_1_560' title='bbox 2331 1908 2458 1948; x_wconf 88' lang='lat' dir='ltr'>esse</span> <span class='ocrx_word' id='word_1_561' title='bbox 2476 1893 2677 1958; x_wconf 90' lang='lat' dir='ltr'>voluit,</span> <span class='ocrx_word' id='word_1_562' title='bbox 2710 1901 2838 1950; x_wconf 92' lang='lat' dir='ltr'>utet</span> <span class='ocrx_word' id='word_1_563' title='bbox 2854 1896 3014 1951; x_wconf 91' lang='lat' dir='ltr'>illam</span> <span class='ocrx_word' id='word_1_564' title='bbox 3028 1912 3151 1951; x_wconf 90' lang='lat' dir='ltr'>non</span> <span class='ocrx_word' id='word_1_565' title='bbox 3170 1897 3364 1953; x_wconf 90' lang='lat' dir='ltr'>solum</span> <span class='ocrx_word' id='word_1_566' title='bbox 3382 1914 3590 1970; x_wconf 86' lang='lat' dir='ltr'>exspe-</span> 
     </span>
    </p>
   </div>
   <div class='ocr_carea' id='block_1_82' title="bbox 1929 1980 3589 2053">
    <p class='ocr_par' dir='ltr' id='par_1_82' title="bbox 1929 1980 3589 2053">
     <span class='ocr_line' id='line_1_83' title="bbox 1929 1980 3589 2053; baseline 0.005 -18"><span class='ocrx_word' id='word_1_567' title='bbox 1929 1984 2151 2036; x_wconf 90' lang='lat' dir='ltr'>ctarent</span> <span class='ocrx_word' id='word_1_568' title='bbox 2186 1981 2423 2047; x_wconf 86' lang='lat' dir='ltr'>fortiter,</span> <span class='ocrx_word' id='word_1_569' title='bbox 2457 1983 2559 2037; x_wconf 89' lang='lat' dir='ltr'>sed</span> <span class='ocrx_word' id='word_1_570' title='bbox 2593 1980 2864 2039; x_wconf 80' lang='lat' dir='ltr'>alacriter</span> <span class='ocrx_word' id='word_1_571' title='bbox 2893 1984 3069 2040; x_wconf 91' lang='lat' dir='ltr'>etiam</span> <span class='ocrx_word' id='word_1_572' title='bbox 3097 1985 3589 2053; x_wconf 89' lang='lat' dir='ltr'>desiderarent,et</span> 
     </span>
    </p>
   </div>
   <div class='ocr_carea' id='block_1_83' title="bbox 1926 2070 3587 2145">
    <p class='ocr_par' dir='ltr' id='par_1_83' title="bbox 1926 2070 3587 2145">
     <span class='ocr_line' id='line_1_84' title="bbox 1926 2070 3587 2145; baseline 0.006 -22"><span class='ocrx_word' id='word_1_573' title='bbox 1926 2084 2132 2124; x_wconf 90' lang='lat' dir='ltr'>earum</span> <span class='ocrx_word' id='word_1_574' title='bbox 2147 2070 2567 2126; x_wconf 87' lang='lat' dir='ltr'>obeundarum</span> <span class='ocrx_word' id='word_1_575' title='bbox 2592 2071 2829 2128; x_wconf 90' lang='lat' dir='ltr'>labores</span> <span class='ocrx_word' id='word_1_576' title='bbox 2846 2074 2973 2129; x_wconf 91' lang='lat' dir='ltr'>sine</span> <span class='ocrx_word' id='word_1_577' title='bbox 3000 2074 3120 2129; x_wconf 89' lang='lat' dir='ltr'>ullo</span> <span class='ocrx_word' id='word_1_578' title='bbox 3146 2091 3370 2145; x_wconf 86' lang='lat' dir='ltr'>angore</span> <span class='ocrx_word' id='word_1_579' title='bbox 3402 2078 3587 2133; x_wconf 82' lang='lat' dir='ltr'>susci-</span> 
     </span>
    </p>
   </div>
   <div class='ocr_carea' id='block_1_84' title="bbox 1926 2160 3587 2233">
    <p class='ocr_par' dir='ltr' id='par_1_84' title="bbox 1926 2160 3587 2233">
     <span class='ocr_line' id='line_1_85' title="bbox 1926 2160 3587 2233; baseline 0.005 -20"><span class='ocrx_word' id='word_1_580' title='bbox 1926 2164 2129 2230; x_wconf 90' lang='lat' dir='ltr'>perent</span> <span class='ocrx_word' id='word_1_581' title='bbox 2146 2176 2157 2213; x_wconf 94' lang='lat'><strong>:</strong></span> <span class='ocrx_word' id='word_1_582' title='bbox 2176 2160 2278 2214; x_wconf 92' lang='lat' dir='ltr'>sed</span> <span class='ocrx_word' id='word_1_583' title='bbox 2295 2175 2489 2232; x_wconf 88' lang='lat' dir='ltr'>neque</span> <span class='ocrx_word' id='word_1_584' title='bbox 2515 2160 2584 2215; x_wconf 90' lang='lat' dir='ltr'>iis</span> <span class='ocrx_word' id='word_1_585' title='bbox 2599 2162 2701 2233; x_wconf 89' lang='lat' dir='ltr'>qui</span> <span class='ocrx_word' id='word_1_586' title='bbox 2717 2163 2793 2217; x_wconf 94' lang='lat' dir='ltr'>ad</span> <span class='ocrx_word' id='word_1_587' title='bbox 2823 2162 3178 2233; x_wconf 91' lang='lat' dir='ltr'>hujusmodi</span> <span class='ocrx_word' id='word_1_588' title='bbox 3209 2164 3587 2221; x_wconf 84' lang='lat' dir='ltr'>administra-</span> 
     </span>
    </p>
   </div>
   <div class='ocr_carea' id='block_1_85' title="bbox 1926 2249 3583 2326">
    <p class='ocr_par' dir='ltr' id='par_1_85' title="bbox 1926 2249 3583 2326">
     <span class='ocr_line' id='line_1_86' title="bbox 1926 2249 3583 2326; baseline 0.004 -23"><span class='ocrx_word' id='word_1_589' title='bbox 1926 2249 2114 2303; x_wconf 89' lang='lat' dir='ltr'>tiones</span> <span class='ocrx_word' id='word_1_590' title='bbox 2148 2249 2486 2319; x_wconf 83' lang='lat' dir='ltr'>temporalis</span> <span class='ocrx_word' id='word_1_591' title='bbox 2516 2250 2760 2305; x_wconf 92' lang='lat' dir='ltr'>honoris</span> <span class='ocrx_word' id='word_1_592' title='bbox 2791 2267 2994 2307; x_wconf 90' lang='lat' dir='ltr'>amore</span> <span class='ocrx_word' id='word_1_593' title='bbox 3023 2257 3353 2323; x_wconf 89' lang='lat' dir='ltr'>raptantur,</span> <span class='ocrx_word' id='word_1_594' title='bbox 3388 2269 3583 2326; x_wconf 88' lang='lat' dir='ltr'>neque</span> 
     </span>
    </p>
   </div>
   <div class='ocr_carea' id='block_1_86' title="bbox 1922 2338 3580 2409">
    <p class='ocr_par' dir='ltr' id='par_1_86' title="bbox 1922 2338 3580 2409">
     <span class='ocr_line' id='line_1_87' title="bbox 1922 2338 3580 2409; baseline 0.005 -18"><span class='ocrx_word' id='word_1_595' title='bbox 1922 2353 2160 2392; x_wconf 90' lang='lat' dir='ltr'>rursum</span> <span class='ocrx_word' id='word_1_596' title='bbox 2186 2338 2273 2399; x_wconf 92' lang='lat' dir='ltr'>iis,</span> <span class='ocrx_word' id='word_1_597' title='bbox 2298 2338 2396 2409; x_wconf 92' lang='lat' dir='ltr'>qui</span> <span class='ocrx_word' id='word_1_598' title='bbox 2418 2354 2556 2393; x_wconf 90' lang='lat' dir='ltr'>cum</span> <span class='ocrx_word' id='word_1_599' title='bbox 2576 2338 2695 2393; x_wconf 91' lang='lat' dir='ltr'>sint</span> <span class='ocrx_word' id='word_1_600' title='bbox 2723 2339 2959 2409; x_wconf 90' lang='lat' dir='ltr'>privati,</span> <span class='ocrx_word' id='word_1_601' title='bbox 2993 2341 3363 2409; x_wconf 90' lang='lat' dir='ltr'>negotiosam</span> <span class='ocrx_word' id='word_1_602' title='bbox 3395 2343 3580 2399; x_wconf 91' lang='lat' dir='ltr'>vitam</span> 
     </span>
    </p>
   </div>
   <div class='ocr_carea' id='block_1_87' title="bbox 1923 2426 3583 2498">
    <p class='ocr_par' dir='ltr' id='par_1_87' title="bbox 1923 2426 3583 2498">
     <span class='ocr_line' id='line_1_88' title="bbox 1923 2426 3583 2498; baseline 0.004 -16"><span class='ocrx_word' id='word_1_603' title='bbox 1923 2431 2231 2498; x_wconf 90' lang='lat' dir='ltr'>appetunt,</span> <span class='ocrx_word' id='word_1_604' title='bbox 2266 2426 2376 2482; x_wconf 92' lang='lat' dir='ltr'>hoc</span> <span class='ocrx_word' id='word_1_605' title='bbox 2393 2432 2622 2483; x_wconf 88' lang='lat' dir='ltr'>tantum</span> <span class='ocrx_word' id='word_1_606' title='bbox 2638 2428 2866 2483; x_wconf 88' lang='lat' dir='ltr'>bonum</span> <span class='ocrx_word' id='word_1_607' title='bbox 2882 2430 3128 2485; x_wconf 90' lang='lat' dir='ltr'>concedi</span> <span class='ocrx_word' id='word_1_608' title='bbox 3142 2430 3486 2498; x_wconf 91' lang='lat' dir='ltr'>arbitror,ut</span> <span class='ocrx_word' id='word_1_609' title='bbox 3498 2433 3583 2488; x_wconf 90' lang='lat' dir='ltr'>in-</span> 
     </span>
    </p>
   </div>
   <div class='ocr_carea' id='block_1_88' title="bbox 1923 2518 3583 2593">
    <p class='ocr_par' dir='ltr' id='par_1_88' title="bbox 1923 2518 3583 2593">
     <span class='ocr_line' id='line_1_89' title="bbox 1923 2518 3583 2593; baseline 0.004 -22"><span class='ocrx_word' id='word_1_610' title='bbox 1923 2521 2009 2571; x_wconf 92' lang='lat' dir='ltr'>ter</span> <span class='ocrx_word' id='word_1_611' title='bbox 2036 2518 2313 2588; x_wconf 90' lang='lat' dir='ltr'>strepitus</span> <span class='ocrx_word' id='word_1_612' title='bbox 2342 2518 2765 2590; x_wconf 88' lang='lat' dir='ltr'>inquietosque</span> <span class='ocrx_word' id='word_1_613' title='bbox 2799 2524 3123 2575; x_wconf 90' lang='lat' dir='ltr'>conventus</span> <span class='ocrx_word' id='word_1_614' title='bbox 3152 2526 3330 2593; x_wconf 91' lang='lat' dir='ltr'>atque</span> <span class='ocrx_word' id='word_1_615' title='bbox 3355 2522 3583 2579; x_wconf 89' lang='lat' dir='ltr'>discur-</span> 
     </span>
    </p>
   </div>
   <div class='ocr_carea' id='block_1_89' title="bbox 1922 2606 3581 2683">
    <p class='ocr_par' dir='ltr' id='par_1_89' title="bbox 1922 2606 3581 2683">
     <span class='ocr_line' id='line_1_90' title="bbox 1922 2606 3581 2683; baseline 0.007 -25"><span class='ocrx_word' id='word_1_616' title='bbox 1922 2621 2045 2674; x_wconf 81' lang='lat' dir='ltr'>sus,</span> <span class='ocrx_word' id='word_1_617' title='bbox 2063 2622 2201 2661; x_wconf 93' lang='lat' dir='ltr'>cum</span> <span class='ocrx_word' id='word_1_618' title='bbox 2218 2612 2402 2661; x_wconf 91' lang='lat' dir='ltr'>morte</span> <span class='ocrx_word' id='word_1_619' title='bbox 2418 2606 2906 2675; x_wconf 85' lang='lat' dir='ltr'>familiaritatem,</span> <span class='ocrx_word' id='word_1_620' title='bbox 2924 2625 3110 2680; x_wconf 90' lang='lat' dir='ltr'>quam</span> <span class='ocrx_word' id='word_1_621' title='bbox 3124 2610 3475 2683; x_wconf 64' lang='lat' dir='ltr'>quaerimus,</span> <span class='ocrx_word' id='word_1_622' title='bbox 3497 2612 3581 2669; x_wconf 85' lang='lat' dir='ltr'>fa-</span> 
     </span>
    </p>
   </div>
   <div class='ocr_carea' id='block_1_90' title="bbox 1922 2694 3577 2769">
    <p class='ocr_par' dir='ltr' id='par_1_90' title="bbox 1922 2694 3577 2769">
     <span class='ocr_line' id='line_1_91' title="bbox 1922 2694 3577 2769; baseline 0.005 -21"><span class='ocrx_word' id='word_1_623' title='bbox 1922 2694 2108 2760; x_wconf 89' lang='lat' dir='ltr'>ciant;</span> <span class='ocrx_word' id='word_1_624' title='bbox 2138 2694 2402 2750; x_wconf 82' lang='lat' dir='ltr'>deificari</span> <span class='ocrx_word' id='word_1_625' title='bbox 2434 2696 2592 2750; x_wconf 90' lang='lat' dir='ltr'>enim</span> <span class='ocrx_word' id='word_1_626' title='bbox 2624 2697 2887 2769; x_wconf 90' lang='lat' dir='ltr'>utrisque</span> <span class='ocrx_word' id='word_1_627' title='bbox 2910 2698 2969 2753; x_wconf 91' lang='lat' dir='ltr'>in</span> <span class='ocrx_word' id='word_1_628' title='bbox 2997 2700 3117 2754; x_wconf 92' lang='lat' dir='ltr'>otio</span> <span class='ocrx_word' id='word_1_629' title='bbox 3140 2699 3374 2756; x_wconf 88' lang='lat' dir='ltr'>licebat.</span> <span class='ocrx_word' id='word_1_630' title='bbox 3403 2702 3577 2757; x_wconf 90' lang='lat' dir='ltr'>Autsi</span> 
     </span>
    </p>
   </div>
   <div class='ocr_carea' id='block_1_91' title="bbox 1919 2782 3577 2857">
    <p class='ocr_par' dir='ltr' id='par_1_91' title="bbox 1919 2782 3577 2857">
     <span class='ocr_line' id='line_1_92' title="bbox 1919 2782 3577 2857; baseline 0.005 -20"><span class='ocrx_word' id='word_1_631' title='bbox 1919 2782 2033 2838; x_wconf 93' lang='lat' dir='ltr'>hoc</span> <span class='ocrx_word' id='word_1_632' title='bbox 2049 2783 2258 2839; x_wconf 86' lang='lat' dir='ltr'>falsum</span> <span class='ocrx_word' id='word_1_633' title='bbox 2274 2789 2501 2855; x_wconf 90' lang='lat' dir='ltr'>est,ego</span> <span class='ocrx_word' id='word_1_634' title='bbox 2526 2802 2659 2840; x_wconf 89' lang='lat' dir='ltr'>sum</span> <span class='ocrx_word' id='word_1_635' title='bbox 2689 2786 3065 2857; x_wconf 90' lang='lat' dir='ltr'>omnium,ne</span> <span class='ocrx_word' id='word_1_636' title='bbox 3083 2788 3279 2844; x_wconf 89' lang='lat' dir='ltr'>dicam</span> <span class='ocrx_word' id='word_1_637' title='bbox 3306 2789 3577 2846; x_wconf 89' lang='lat' dir='ltr'>stultissi-</span> 
     </span>
    </p>
   </div>
   <div class='ocr_carea' id='block_1_92' title="bbox 1921 2874 3574 2950">
    <p class='ocr_par' dir='ltr' id='par_1_92' title="bbox 1921 2874 3574 2950">
     <span class='ocr_line' id='line_1_93' title="bbox 1921 2874 3574 2950; baseline 0.005 -23"><span class='ocrx_word' id='word_1_638' title='bbox 1921 2888 2075 2938; x_wconf 92' lang='lat' dir='ltr'>mus,</span> <span class='ocrx_word' id='word_1_639' title='bbox 2097 2878 2250 2927; x_wconf 91' lang='lat' dir='ltr'>certe</span> <span class='ocrx_word' id='word_1_640' title='bbox 2266 2874 2704 2944; x_wconf 89' lang='lat' dir='ltr'>ignavissimus,</span> <span class='ocrx_word' id='word_1_641' title='bbox 2732 2876 2824 2930; x_wconf 92' lang='lat' dir='ltr'>cui</span> <span class='ocrx_word' id='word_1_642' title='bbox 2844 2876 2957 2929; x_wconf 92' lang='lat' dir='ltr'>nisi</span> <span class='ocrx_word' id='word_1_643' title='bbox 2974 2878 3574 2950; x_wconf 82' lang='lat' dir='ltr'>proveniatquaedam</span> 
     </span>
    </p>
   </div>
   <div class='ocr_carea' id='block_1_93' title="bbox 1916 2962 3574 3041">
    <p class='ocr_par' dir='ltr' id='par_1_93' title="bbox 1916 2962 3574 3041">
     <span class='ocr_line' id='line_1_94' title="bbox 1916 2962 3574 3041; baseline 0.006 -26"><span class='ocrx_word' id='word_1_644' title='bbox 1916 2977 2125 3017; x_wconf 88' lang='lat' dir='ltr'>secura</span> <span class='ocrx_word' id='word_1_645' title='bbox 2138 2969 2327 3017; x_wconf 90' lang='lat' dir='ltr'>cessat</span> <span class='ocrx_word' id='word_1_646' title='bbox 2340 2962 2720 3027; x_wconf 90' lang='lat' dir='ltr'>io,sincerum</span> <span class='ocrx_word' id='word_1_647' title='bbox 2738 2964 2882 3019; x_wconf 89' lang='lat' dir='ltr'>illud</span> <span class='ocrx_word' id='word_1_648' title='bbox 2898 2965 3125 3021; x_wconf 92' lang='lat' dir='ltr'>bonum</span> <span class='ocrx_word' id='word_1_649' title='bbox 3141 2972 3381 3035; x_wconf 90' lang='lat' dir='ltr'>gustare</span> <span class='ocrx_word' id='word_1_650' title='bbox 3395 2974 3574 3041; x_wconf 90' lang='lat' dir='ltr'>atque</span> 
     </span>
    </p>
   </div>
   <div class='ocr_carea' id='block_1_94' title="bbox 1917 3055 3573 3121">
    <p class='ocr_par' dir='ltr' id='par_1_94' title="bbox 1917 3055 3573 3121">
     <span class='ocr_line' id='line_1_95' title="bbox 1917 3055 3573 3121; baseline 0.005 -16"><span class='ocrx_word' id='word_1_651' title='bbox 1917 3066 2120 3106; x_wconf 88' lang='lat' dir='ltr'>amare</span> <span class='ocrx_word' id='word_1_652' title='bbox 2136 3067 2253 3106; x_wconf 91' lang='lat' dir='ltr'>non</span> <span class='ocrx_word' id='word_1_653' title='bbox 2273 3066 2543 3121; x_wconf 91' lang='lat' dir='ltr'>possum.</span> <span class='ocrx_word' id='word_1_654' title='bbox 2574 3055 2785 3120; x_wconf 82' lang='lat' dir='ltr'>Magna</span> <span class='ocrx_word' id='word_1_655' title='bbox 2806 3055 3187 3111; x_wconf 89' lang='lat' dir='ltr'>secessionea</span> <span class='ocrx_word' id='word_1_656' title='bbox 3220 3058 3473 3112; x_wconf 89' lang='lat' dir='ltr'>tumultu</span> <span class='ocrx_word' id='word_1_657' title='bbox 3488 3074 3573 3114; x_wconf 88' lang='lat' dir='ltr'>re-</span> 
     </span>
    </p>
   </div>
   <div class='ocr_carea' id='block_1_95' title="bbox 1916 3137 3568 3213">
    <p class='ocr_par' dir='ltr' id='par_1_95' title="bbox 1916 3137 3568 3213">
     <span class='ocr_line' id='line_1_96' title="bbox 1916 3137 3568 3213; baseline 0.005 -21"><span class='ocrx_word' id='word_1_658' title='bbox 1916 3154 2047 3193; x_wconf 88' lang='lat' dir='ltr'>rum</span> <span class='ocrx_word' id='word_1_659' title='bbox 2063 3137 2416 3205; x_wconf 90' lang='lat' dir='ltr'>labentium,</span> <span class='ocrx_word' id='word_1_660' title='bbox 2435 3140 2788 3205; x_wconf 87' lang='lat' dir='ltr'>mihicrede,</span> <span class='ocrx_word' id='word_1_661' title='bbox 2821 3157 2974 3213; x_wconf 90' lang='lat' dir='ltr'>opus</span> <span class='ocrx_word' id='word_1_662' title='bbox 2988 3148 3098 3212; x_wconf 88' lang='lat' dir='ltr'>est,</span> <span class='ocrx_word' id='word_1_663' title='bbox 3125 3150 3316 3200; x_wconf 92' lang='lat' dir='ltr'>utnon</span> <span class='ocrx_word' id='word_1_664' title='bbox 3332 3146 3568 3212; x_wconf 90' lang='lat' dir='ltr'>duritia,</span> 
     </span>
    </p>
   </div>
   <div class='ocr_carea' id='block_1_96' title="bbox 1914 3227 3569 3303">
    <p class='ocr_par' dir='ltr' id='par_1_96' title="bbox 1914 3227 3569 3303">
     <span class='ocr_line' id='line_1_97' title="bbox 1914 3227 3569 3303; baseline 0.005 -22"><span class='ocrx_word' id='word_1_665' title='bbox 1914 3243 2035 3281; x_wconf 93' lang='lat' dir='ltr'>non</span> <span class='ocrx_word' id='word_1_666' title='bbox 2060 3227 2336 3293; x_wconf 87' lang='lat' dir='ltr'>audacia,</span> <span class='ocrx_word' id='word_1_667' title='bbox 2370 3244 2491 3283; x_wconf 91' lang='lat' dir='ltr'>non</span> <span class='ocrx_word' id='word_1_668' title='bbox 2523 3228 2847 3300; x_wconf 91' lang='lat' dir='ltr'>cupiditate</span> <span class='ocrx_word' id='word_1_669' title='bbox 2876 3231 3073 3286; x_wconf 89' lang='lat' dir='ltr'>inanis</span> <span class='ocrx_word' id='word_1_670' title='bbox 3106 3232 3455 3303; x_wconf 63' lang='lat' dir='ltr'>gloriae,non</span> <span class='ocrx_word' id='word_1_671' title='bbox 3471 3251 3569 3290; x_wconf 84' lang='lat' dir='ltr'>su-</span> 
     </span>
    </p>
   </div>
   <div class='ocr_carea' id='block_1_97' title="bbox 1912 3317 3567 3387">
    <p class='ocr_par' dir='ltr' id='par_1_97' title="bbox 1912 3317 3567 3387">
     <span class='ocr_line' id='line_1_98' title="bbox 1912 3317 3567 3387; baseline 0.007 -18"><span class='ocrx_word' id='word_1_672' title='bbox 1912 3317 2255 3387; x_wconf 91' lang='lat' dir='ltr'>perstitiosa</span> <span class='ocrx_word' id='word_1_673' title='bbox 2283 3317 2624 3373; x_wconf 90' lang='lat' dir='ltr'>credulitate</span> <span class='ocrx_word' id='word_1_674' title='bbox 2658 3318 2764 3373; x_wconf 84' lang='lat' dir='ltr'>ﬁat</span> <span class='ocrx_word' id='word_1_675' title='bbox 2791 3320 2849 3374; x_wconf 92' lang='lat' dir='ltr'>in</span> <span class='ocrx_word' id='word_1_676' title='bbox 2867 3320 3130 3386; x_wconf 89' lang='lat' dir='ltr'>homine,</span> <span class='ocrx_word' id='word_1_677' title='bbox 3164 3322 3309 3378; x_wconf 91' lang='lat' dir='ltr'>nihil</span> <span class='ocrx_word' id='word_1_678' title='bbox 3342 3324 3567 3380; x_wconf 89' lang='lat' dir='ltr'>timere.</span> 
     </span>
    </p>
   </div>
   <div class='ocr_carea' id='block_1_98' title="bbox 1912 3405 3572 3483">
    <p class='ocr_par' dir='ltr' id='par_1_98' title="bbox 1912 3405 3572 3483">
     <span class='ocr_line' id='line_1_99' title="bbox 1912 3405 3572 3483; baseline 0.007 -24"><span class='ocrx_word' id='word_1_679' title='bbox 1912 3405 2223 3461; x_wconf 83' lang='lat' dir='ltr'>Hincenim</span> <span class='ocrx_word' id='word_1_680' title='bbox 2238 3406 2449 3462; x_wconf 85' lang='lat' dir='ltr'>ﬁtillud</span> <span class='ocrx_word' id='word_1_681' title='bbox 2464 3407 2641 3462; x_wconf 90' lang='lat' dir='ltr'>etiam</span> <span class='ocrx_word' id='word_1_682' title='bbox 2658 3408 2915 3464; x_wconf 89' lang='lat' dir='ltr'>solidum</span> <span class='ocrx_word' id='word_1_683' title='bbox 2930 3412 3287 3483; x_wconf 90' lang='lat' dir='ltr'>gaudium,n</span> <span class='ocrx_word' id='word_1_684' title='bbox 3298 3413 3428 3469; x_wconf 88' lang='lat' dir='ltr'>ullis</span> <span class='ocrx_word' id='word_1_685' title='bbox 3442 3430 3572 3470; x_wconf 89' lang='lat' dir='ltr'>om-</span> 
     </span>
    </p>
   </div>
   <div class='ocr_carea' id='block_1_99' title="bbox 1913 3494 3365 3568">
    <p class='ocr_par' dir='ltr' id='par_1_99' title="bbox 1913 3494 3365 3568">
     <span class='ocr_line' id='line_1_100' title="bbox 1913 3494 3365 3568; baseline 0.005 -19"><span class='ocrx_word' id='word_1_686' title='bbox 1913 3495 2055 3550; x_wconf 90' lang='lat' dir='ltr'>nino</span> <span class='ocrx_word' id='word_1_687' title='bbox 2084 3494 2299 3550; x_wconf 82' lang='lat' dir='ltr'>laetitiis</span> <span class='ocrx_word' id='word_1_688' title='bbox 2329 3496 2447 3551; x_wconf 90' lang='lat' dir='ltr'>ulla</span> <span class='ocrx_word' id='word_1_689' title='bbox 2477 3512 2547 3551; x_wconf 85' lang='lat' dir='ltr'>ex</span> <span class='ocrx_word' id='word_1_690' title='bbox 2590 3498 2881 3568; x_wconf 90' lang='lat' dir='ltr'>particula</span> <span class='ocrx_word' id='word_1_691' title='bbox 2911 3500 3365 3558; x_wconf 90' lang='lat' dir='ltr'>conferendum.</span> 
     </span>
    </p>
   </div>
   <div class='ocr_carea' id='block_1_100' title="bbox 1982 3584 3569 3650">
    <p class='ocr_par' dir='ltr' id='par_1_100' title="bbox 1982 3584 3569 3650">
     <span class='ocr_line' id='line_1_101' title="bbox 1982 3584 3569 3650; baseline 0.009 -14"><span class='ocrx_word' id='word_1_692' title='bbox 1982 3588 2038 3637; x_wconf 88' lang='lat'>3.</span> <span class='ocrx_word' id='word_1_693' title='bbox 2066 3584 2235 3648; x_wconf 88' lang='lat' dir='ltr'>Quod</span> <span class='ocrx_word' id='word_1_694' title='bbox 2256 3585 2301 3638; x_wconf 92' lang='lat' dir='ltr'>si</span> <span class='ocrx_word' id='word_1_695' title='bbox 2324 3585 2383 3639; x_wconf 91' lang='lat' dir='ltr'>in</span> <span class='ocrx_word' id='word_1_696' title='bbox 2403 3590 2680 3641; x_wconf 89' lang='lat' dir='ltr'>naturam</span> <span class='ocrx_word' id='word_1_697' title='bbox 2699 3586 3029 3644; x_wconf 89' lang='lat' dir='ltr'>humanam</span> <span class='ocrx_word' id='word_1_698' title='bbox 3061 3591 3193 3646; x_wconf 91' lang='lat' dir='ltr'>talis</span> <span class='ocrx_word' id='word_1_699' title='bbox 3207 3592 3325 3647; x_wconf 88' lang='lat' dir='ltr'>vita</span> <span class='ocrx_word' id='word_1_700' title='bbox 3338 3608 3458 3649; x_wconf 92' lang='lat' dir='ltr'>non</span> <span class='ocrx_word' id='word_1_701' title='bbox 3472 3608 3569 3650; x_wconf 88' lang='lat' dir='ltr'>ca-</span> 
     </span>
    </p>
   </div>
   <div class='ocr_carea' id='block_1_101' title="bbox 1911 3672 3568 3744">
    <p class='ocr_par' dir='ltr' id='par_1_101' title="bbox 1911 3672 3568 3744">
     <span class='ocr_line' id='line_1_102' title="bbox 1911 3672 3568 3744; baseline 0.007 -17"><span class='ocrx_word' id='word_1_702' title='bbox 1911 3672 2018 3737; x_wconf 91' lang='lat' dir='ltr'>dit,</span> <span class='ocrx_word' id='word_1_703' title='bbox 2047 3689 2152 3727; x_wconf 94' lang='lat' dir='ltr'>cur</span> <span class='ocrx_word' id='word_1_704' title='bbox 2170 3674 2531 3744; x_wconf 76' lang='lat' dir='ltr'>aliquando&#39;</span> <span class='ocrx_word' id='word_1_705' title='bbox 2553 3676 2747 3731; x_wconf 92' lang='lat' dir='ltr'>evenit</span> <span class='ocrx_word' id='word_1_706' title='bbox 2778 3676 2890 3731; x_wconf 92' lang='lat' dir='ltr'>ista</span> <span class='ocrx_word' id='word_1_707' title='bbox 2922 3680 3247 3736; x_wconf 82' lang='lat' dir='ltr'>securitas?</span> <span class='ocrx_word' id='word_1_708' title='bbox 3284 3686 3568 3738; x_wconf 87' lang='lat' dir='ltr'>curtanto</span> 
     </span>
    </p>
   </div>
   <div class='ocr_carea' id='block_1_102' title="bbox 1912 3761 3569 3841">
    <p class='ocr_par' dir='ltr' id='par_1_102' title="bbox 1912 3761 3569 3841">
     <span class='ocr_line' id='line_1_103' title="bbox 1912 3761 3569 3841; baseline 0.006 -24"><span class='ocrx_word' id='word_1_709' title='bbox 1912 3761 2634 3834; x_wconf 85' lang='lat' dir='ltr'>evenitcrebrius,quanto</span> <span class='ocrx_word' id='word_1_710' title='bbox 2658 3764 2915 3837; x_wconf 88' lang='lat' dir='ltr'>quisque</span> <span class='ocrx_word' id='word_1_711' title='bbox 2939 3766 2999 3821; x_wconf 93' lang='lat' dir='ltr'>in</span> <span class='ocrx_word' id='word_1_712' title='bbox 3020 3768 3233 3823; x_wconf 90' lang='lat' dir='ltr'>mentis</span> <span class='ocrx_word' id='word_1_713' title='bbox 3255 3771 3569 3841; x_wconf 87' lang='lat' dir='ltr'>penetrali-</span> 
     </span>
    </p>
   </div>
   <div class='ocr_carea' id='block_1_103' title="bbox 1912 3850 3566 3931">
    <p class='ocr_par' dir='ltr' id='par_1_103' title="bbox 1912 3850 3566 3931">
     <span class='ocr_line' id='line_1_104' title="bbox 1912 3850 3566 3931; baseline 0.007 -27"><span class='ocrx_word' id='word_1_714' title='bbox 1912 3850 2026 3904; x_wconf 92' lang='lat' dir='ltr'>bus</span> <span class='ocrx_word' id='word_1_715' title='bbox 2053 3850 2264 3906; x_wconf 90' lang='lat' dir='ltr'>adorat</span> <span class='ocrx_word' id='word_1_716' title='bbox 2298 3851 2527 3908; x_wconf 79' lang='lat' dir='ltr'>Deum?</span> <span class='ocrx_word' id='word_1_717' title='bbox 2558 3852 2735 3907; x_wconf 91' lang='lat' dir='ltr'>curin</span> <span class='ocrx_word' id='word_1_718' title='bbox 2764 3858 2902 3909; x_wconf 87' lang='lat' dir='ltr'>actu</span> <span class='ocrx_word' id='word_1_719' title='bbox 2932 3854 3113 3910; x_wconf 91' lang='lat' dir='ltr'>etiam</span> <span class='ocrx_word' id='word_1_720' title='bbox 3152 3856 3422 3915; x_wconf 91' lang='lat' dir='ltr'>humano</span> <span class='ocrx_word' id='word_1_721' title='bbox 3444 3860 3566 3931; x_wconf 93' lang='lat' dir='ltr'>ple-</span> 
     </span>
    </p>
   </div>
   <div class='ocr_carea' id='block_1_104' title="bbox 1912 3940 3564 4020">
    <p class='ocr_par' dir='ltr' id='par_1_104' title="bbox 1912 3940 3564 4020">
     <span class='ocr_line' id='line_1_105' title="bbox 1912 3940 3564 4020; baseline 0.006 -26"><span class='ocrx_word' id='word_1_722' title='bbox 1912 3955 2165 4011; x_wconf 88' lang='lat' dir='ltr'>rumque</span> <span class='ocrx_word' id='word_1_723' title='bbox 2197 3940 2311 3994; x_wconf 91' lang='lat' dir='ltr'>ista</span> <span class='ocrx_word' id='word_1_724' title='bbox 2338 3940 2734 4011; x_wconf 88' lang='lat' dir='ltr'>tranquillitas</span> <span class='ocrx_word' id='word_1_725' title='bbox 2758 3948 2976 4009; x_wconf 89' lang='lat' dir='ltr'>manet,</span> <span class='ocrx_word' id='word_1_726' title='bbox 3009 3944 3053 3998; x_wconf 92' lang='lat' dir='ltr'>si</span> <span class='ocrx_word' id='word_1_727' title='bbox 3078 3961 3149 3999; x_wconf 88' lang='lat' dir='ltr'>ex</span> <span class='ocrx_word' id='word_1_728' title='bbox 3170 3945 3267 4001; x_wconf 91' lang='lat' dir='ltr'>illo</span> <span class='ocrx_word' id='word_1_729' title='bbox 3292 3947 3564 4020; x_wconf 87' lang='lat' dir='ltr'>adytoad</span> 
     </span>
    </p>
   </div>
   <div class='ocr_carea' id='block_1_105' title="bbox 1911 4028 3565 4101">
    <p class='ocr_par' dir='ltr' id='par_1_105' title="bbox 1911 4028 3565 4101">
     <span class='ocr_line' id='line_1_106' title="bbox 1911 4028 3565 4101; baseline 0.005 -17"><span class='ocrx_word' id='word_1_730' title='bbox 1911 4028 2213 4097; x_wconf 88' lang='lat' dir='ltr'>agendum</span> <span class='ocrx_word' id='word_1_731' title='bbox 2230 4028 2483 4101; x_wconf 90' lang='lat' dir='ltr'>quisque</span> <span class='ocrx_word' id='word_1_732' title='bbox 2499 4029 3248 4100; x_wconf 79' lang='lat' dir='ltr'>procedat?curinterdum</span> <span class='ocrx_word' id='word_1_733' title='bbox 3263 4041 3466 4092; x_wconf 90' lang='lat' dir='ltr'>etcum</span> <span class='ocrx_word' id='word_1_734' title='bbox 3482 4037 3565 4093; x_wconf 91' lang='lat' dir='ltr'>lo-</span> 
     </span>
    </p>
   </div>
   <div class='ocr_carea' id='block_1_106' title="bbox 1910 4118 3563 4191">
    <p class='ocr_par' dir='ltr' id='par_1_106' title="bbox 1910 4118 3563 4191">
     <span class='ocr_line' id='line_1_107' title="bbox 1910 4118 3563 4191; baseline 0.007 -20"><span class='ocrx_word' id='word_1_735' title='bbox 1910 4118 2172 4188; x_wconf 91' lang='lat' dir='ltr'>quimur,</span> <span class='ocrx_word' id='word_1_736' title='bbox 2207 4123 2456 4173; x_wconf 90' lang='lat' dir='ltr'>mortem</span> <span class='ocrx_word' id='word_1_737' title='bbox 2474 4119 3028 4191; x_wconf 91' lang='lat' dir='ltr'>nonformidamus,</span> <span class='ocrx_word' id='word_1_738' title='bbox 3057 4138 3196 4179; x_wconf 91' lang='lat' dir='ltr'>cum</span> <span class='ocrx_word' id='word_1_739' title='bbox 3227 4129 3563 4182; x_wconf 89' lang='lat' dir='ltr'>autemnon</span> 
     </span>
    </p>
   </div>
   <div class='ocr_carea' id='block_1_107' title="bbox 1910 4206 3563 4279">
    <p class='ocr_par' dir='ltr' id='par_1_107' title="bbox 1910 4206 3563 4279">
     <span class='ocr_line' id='line_1_108' title="bbox 1910 4206 3563 4279; baseline 0.007 -19"><span class='ocrx_word' id='word_1_740' title='bbox 1910 4206 2232 4279; x_wconf 88' lang='lat' dir='ltr'>loquimur,</span> <span class='ocrx_word' id='word_1_741' title='bbox 2263 4208 2438 4263; x_wconf 91' lang='lat' dir='ltr'>etiam</span> <span class='ocrx_word' id='word_1_742' title='bbox 2456 4208 2774 4279; x_wconf 84' lang='lat' dir='ltr'>cupimus?</span> <span class='ocrx_word' id='word_1_743' title='bbox 2794 4210 3087 4276; x_wconf 85' lang='lat' dir='ltr'>Tibidico,</span> <span class='ocrx_word' id='word_1_744' title='bbox 3118 4227 3238 4268; x_wconf 91' lang='lat' dir='ltr'>non</span> <span class='ocrx_word' id='word_1_745' title='bbox 3268 4215 3427 4270; x_wconf 91' lang='lat' dir='ltr'>enim</span> <span class='ocrx_word' id='word_1_746' title='bbox 3451 4216 3563 4271; x_wconf 92' lang='lat' dir='ltr'>hoc</span> 
     </span>
    </p>
   </div>
   <div class='ocr_carea' id='block_1_108' title="bbox 1910 4296 3562 4372">
    <p class='ocr_par' dir='ltr' id='par_1_108' title="bbox 1910 4296 3562 4372">
     <span class='ocr_line' id='line_1_109' title="bbox 1910 4296 3562 4372; baseline 0.006 -21"><span class='ocrx_word' id='word_1_747' title='bbox 1910 4296 2443 4363; x_wconf 89' lang='lat' dir='ltr'>cuilibetdicerem,</span> <span class='ocrx_word' id='word_1_748' title='bbox 2463 4297 2586 4363; x_wconf 90' lang='lat' dir='ltr'>tibi,</span> <span class='ocrx_word' id='word_1_749' title='bbox 2608 4297 2876 4369; x_wconf 90' lang='lat' dir='ltr'>inquam,</span> <span class='ocrx_word' id='word_1_750' title='bbox 2913 4299 3067 4365; x_wconf 90' lang='lat' dir='ltr'>dico,</span> <span class='ocrx_word' id='word_1_751' title='bbox 3098 4303 3562 4372; x_wconf 89' lang='lat' dir='ltr'>cujusitineraiu</span> 
     </span>
    </p>
   </div>
   <div class='ocr_carea' id='block_1_109' title="bbox 1910 4386 3562 4466">
    <p class='ocr_par' dir='ltr' id='par_1_109' title="bbox 1910 4386 3562 4466">
     <span class='ocr_line' id='line_1_110' title="bbox 1910 4386 3562 4466; baseline 0.006 -26"><span class='ocrx_word' id='word_1_752' title='bbox 1910 4386 2332 4457; x_wconf 89' lang='lat' dir='ltr'>supernabene</span> <span class='ocrx_word' id='word_1_753' title='bbox 2348 4387 2818 4455; x_wconf 91' lang='lat' dir='ltr'>novi,tunc,cum</span> <span class='ocrx_word' id='word_1_754' title='bbox 2832 4395 3105 4460; x_wconf 86' lang='lat' dir='ltr'>expertus</span> <span class='ocrx_word' id='word_1_755' title='bbox 3120 4408 3272 4462; x_wconf 65' lang='lat' dir='ltr'>saepe</span> <span class='ocrx_word' id='word_1_756' title='bbox 3286 4394 3365 4447; x_wconf 91' lang='lat' dir='ltr'>sis</span> <span class='ocrx_word' id='word_1_757' title='bbox 3378 4410 3562 4466; x_wconf 89' lang='lat' dir='ltr'>quam</span> 
     </span>
    </p>
   </div>
   <div class='ocr_carea' id='block_1_110' title="bbox 1909 4475 3565 4549">
    <p class='ocr_par' dir='ltr' id='par_1_110' title="bbox 1909 4475 3565 4549">
     <span class='ocr_line' id='line_1_111' title="bbox 1909 4475 3565 4549; baseline 0.007 -20"><span class='ocrx_word' id='word_1_758' title='bbox 1909 4476 2082 4529; x_wconf 91' lang='lat' dir='ltr'>dulce</span> <span class='ocrx_word' id='word_1_759' title='bbox 2096 4475 2420 4541; x_wconf 91' lang='lat' dir='ltr'>vivat,cum</span> <span class='ocrx_word' id='word_1_760' title='bbox 2436 4476 2627 4532; x_wconf 89' lang='lat' dir='ltr'>amori</span> <span class='ocrx_word' id='word_1_761' title='bbox 2642 4493 2925 4549; x_wconf 90' lang='lat' dir='ltr'>corporeo</span> <span class='ocrx_word' id='word_1_762' title='bbox 2940 4479 3176 4534; x_wconf 88' lang='lat' dir='ltr'>animus</span> <span class='ocrx_word' id='word_1_763' title='bbox 3190 4482 3565 4548; x_wconf 89' lang='lat' dir='ltr'>moritur,ne-</span> 
     </span>
    </p>
   </div>
   <div class='ocr_carea' id='block_1_111' title="bbox 1910 4564 3561 4643">
    <p class='ocr_par' dir='ltr' id='par_1_111' title="bbox 1910 4564 3561 4643">
     <span class='ocr_line' id='line_1_112' title="bbox 1910 4564 3561 4643; baseline 0.006 -24"><span class='ocrx_word' id='word_1_764' title='bbox 1910 4564 2080 4634; x_wconf 90' lang='lat' dir='ltr'>gabis</span> <span class='ocrx_word' id='word_1_765' title='bbox 2096 4565 2336 4620; x_wconf 91' lang='lat' dir='ltr'>tandem</span> <span class='ocrx_word' id='word_1_766' title='bbox 2352 4570 2535 4621; x_wconf 92' lang='lat' dir='ltr'>totam</span> <span class='ocrx_word' id='word_1_767' title='bbox 2548 4565 2808 4621; x_wconf 90' lang='lat' dir='ltr'>hominis</span> <span class='ocrx_word' id='word_1_768' title='bbox 2826 4569 2998 4623; x_wconf 90' lang='lat' dir='ltr'>vitam</span> <span class='ocrx_word' id='word_1_769' title='bbox 3014 4584 3192 4639; x_wconf 90' lang='lat' dir='ltr'>posse</span> <span class='ocrx_word' id='word_1_770' title='bbox 3206 4571 3561 4643; x_wconf 89' lang='lat' dir='ltr'>intrepidam</span> 
     </span>
    </p>
   </div>
   <div class='ocr_carea' id='block_1_112' title="bbox 1910 4653 3565 4726">
    <p class='ocr_par' dir='ltr' id='par_1_112' title="bbox 1910 4653 3565 4726">
     <span class='ocr_line' id='line_1_113' title="bbox 1910 4653 3565 4726; baseline 0.006 -18"><span class='ocrx_word' id='word_1_771' title='bbox 1910 4653 2055 4717; x_wconf 86' lang='lat' dir='ltr'>ﬁeri,</span> <span class='ocrx_word' id='word_1_772' title='bbox 2086 4660 2148 4709; x_wconf 92' lang='lat' dir='ltr'>ut</span> <span class='ocrx_word' id='word_1_773' title='bbox 2176 4654 2281 4709; x_wconf 91' lang='lat' dir='ltr'>rite</span> <span class='ocrx_word' id='word_1_774' title='bbox 2312 4655 2549 4726; x_wconf 90' lang='lat' dir='ltr'>sapiens</span> <span class='ocrx_word' id='word_1_775' title='bbox 2575 4655 2917 4710; x_wconf 89' lang='lat' dir='ltr'>nominetur</span> <span class='ocrx_word' id='word_1_776' title='bbox 2946 4655 2974 4709; x_wconf 81' lang='lat'><strong>?</strong></span> <span class='ocrx_word' id='word_1_777' title='bbox 3003 4658 3276 4714; x_wconf 90' lang='lat' dir='ltr'>authanc</span> <span class='ocrx_word' id='word_1_778' title='bbox 3307 4660 3565 4719; x_wconf 81' lang='lat' dir='ltr'>affectio-</span> 
     </span>
    </p>
   </div>
   <div class='ocr_carea' id='block_1_113' title="bbox 1909 4743 3647 4821">
    <p class='ocr_par' dir='ltr' id='par_1_113' title="bbox 1909 4743 3647 4821">
     <span class='ocr_line' id='line_1_114' title="bbox 1909 4743 3647 4821; baseline 0.006 -24"><span class='ocrx_word' id='word_1_779' title='bbox 1909 4758 2069 4809; x_wconf 93' lang='lat' dir='ltr'>nem,</span> <span class='ocrx_word' id='word_1_780' title='bbox 2104 4759 2226 4814; x_wconf 89' lang='lat' dir='ltr'>qua</span> <span class='ocrx_word' id='word_1_781' title='bbox 2253 4744 2400 4798; x_wconf 90' lang='lat' dir='ltr'>ratio</span> <span class='ocrx_word' id='word_1_782' title='bbox 2427 4743 2651 4808; x_wconf 89' lang='lat' dir='ltr'>nititur,</span> <span class='ocrx_word' id='word_1_783' title='bbox 2682 4744 2787 4799; x_wconf 91' lang='lat' dir='ltr'>tibi</span> <span class='ocrx_word' id='word_1_784' title='bbox 2817 4746 3105 4802; x_wconf 85' lang='lat' dir='ltr'>accidisse</span> <span class='ocrx_word' id='word_1_785' title='bbox 3136 4764 3427 4821; x_wconf 89' lang='lat' dir='ltr'>unquam,</span> <span class='ocrx_word' id='word_1_786' title='bbox 3450 4752 3563 4807; x_wconf 92' lang='lat' dir='ltr'>nisi</span> <span class='ocrx_word' id='word_1_787' title='bbox 3642 4756 3647 4759; x_wconf 51' lang='lat'>‘</span> 
     </span>
    </p>
   </div>
   <div class='ocr_carea' id='block_1_114' title="bbox 1911 4832 3562 4906">
    <p class='ocr_par' dir='ltr' id='par_1_114' title="bbox 1911 4832 3562 4906">
     <span class='ocr_line' id='line_1_115' title="bbox 1911 4832 3562 4906; baseline 0.005 -19"><span class='ocrx_word' id='word_1_788' title='bbox 1911 4832 2792 4904; x_wconf 69' lang='lat' dir='ltr'>cuminintimistuisangeris’,</span> <span class='ocrx_word' id='word_1_789' title='bbox 2825 4850 3082 4892; x_wconf 83' lang='lat' dir='ltr'>asserere</span> <span class='ocrx_word' id='word_1_790' title='bbox 3106 4839 3398 4895; x_wconf 82' lang='lat' dir='ltr'>audebis?</span> <span class='ocrx_word' id='word_1_791' title='bbox 3420 4842 3562 4906; x_wconf 79' lang='lat' dir='ltr'>Quae</span> 
     </span>
    </p>
   </div>
   <div class='ocr_carea' id='block_1_115' title="bbox 1910 4922 3563 5000">
    <p class='ocr_par' dir='ltr' id='par_1_115' title="bbox 1910 4922 3563 5000">
     <span class='ocr_line' id='line_1_116' title="bbox 1910 4922 3563 5000; baseline 0.005 -23"><span class='ocrx_word' id='word_1_792' title='bbox 1910 4938 2045 4977; x_wconf 92' lang='lat' dir='ltr'>cum</span> <span class='ocrx_word' id='word_1_793' title='bbox 2061 4922 2140 4977; x_wconf 92' lang='lat' dir='ltr'>ita</span> <span class='ocrx_word' id='word_1_794' title='bbox 2154 4922 2515 4990; x_wconf 90' lang='lat' dir='ltr'>sint,restare</span> <span class='ocrx_word' id='word_1_795' title='bbox 2532 4938 2719 4977; x_wconf 91' lang='lat' dir='ltr'>unum</span> <span class='ocrx_word' id='word_1_796' title='bbox 2734 4923 3063 4993; x_wconf 89' lang='lat' dir='ltr'>vides,uttu</span> <span class='ocrx_word' id='word_1_797' title='bbox 3075 4942 3317 5000; x_wconf 88' lang='lat' dir='ltr'>quoque</span> <span class='ocrx_word' id='word_1_798' title='bbox 3330 4930 3387 4984; x_wconf 92' lang='lat' dir='ltr'>in</span> <span class='ocrx_word' id='word_1_799' title='bbox 3404 4945 3563 4985; x_wconf 85' lang='lat' dir='ltr'>com-</span> 
     </span>
    </p>
   </div>
   <div class='ocr_carea' id='block_1_116' title="bbox 1912 5010 3561 5082">
    <p class='ocr_par' dir='ltr' id='par_1_116' title="bbox 1912 5010 3561 5082">
     <span class='ocr_line' id='line_1_117' title="bbox 1912 5010 3561 5082; baseline 0.005 -17"><span class='ocrx_word' id='word_1_800' title='bbox 1912 5028 2091 5066; x_wconf 89' lang='lat' dir='ltr'>mune</span> <span class='ocrx_word' id='word_1_801' title='bbox 2105 5010 2405 5076; x_wconf 88' lang='lat' dir='ltr'>consulas,</span> <span class='ocrx_word' id='word_1_802' title='bbox 2424 5027 2546 5082; x_wconf 93' lang='lat' dir='ltr'>quo</span> <span class='ocrx_word' id='word_1_803' title='bbox 2562 5012 2833 5067; x_wconf 90' lang='lat' dir='ltr'>vivamus</span> <span class='ocrx_word' id='word_1_804' title='bbox 2852 5014 3047 5069; x_wconf 92' lang='lat' dir='ltr'>simul.</span> <span class='ocrx_word' id='word_1_805' title='bbox 3070 5016 3221 5081; x_wconf 86' lang='lat' dir='ltr'>Quid</span> <span class='ocrx_word' id='word_1_806' title='bbox 3249 5018 3407 5073; x_wconf 91' lang='lat' dir='ltr'>enim</span> <span class='ocrx_word' id='word_1_807' title='bbox 3423 5035 3561 5074; x_wconf 91' lang='lat' dir='ltr'>cum</span> 
     </span>
    </p>
   </div>
   <div class='ocr_carea' id='block_1_117' title="bbox 1910 5101 3565 5173">
    <p class='ocr_par' dir='ltr' id='par_1_117' title="bbox 1910 5101 3565 5173">
     <span class='ocr_line' id='line_1_118' title="bbox 1910 5101 3565 5173; baseline 0.004 -16"><span class='ocrx_word' id='word_1_808' title='bbox 1910 5108 2097 5157; x_wconf 90' lang='lat' dir='ltr'>matre</span> <span class='ocrx_word' id='word_1_809' title='bbox 2112 5101 2413 5170; x_wconf 86' lang='lat' dir='ltr'>agendum</span> <span class='ocrx_word' id='word_1_810' title='bbox 2431 5102 2525 5166; x_wconf 89' lang='lat' dir='ltr'>sit,</span> <span class='ocrx_word' id='word_1_811' title='bbox 2558 5117 2740 5173; x_wconf 91' lang='lat' dir='ltr'>quam</span> <span class='ocrx_word' id='word_1_812' title='bbox 2759 5108 2912 5157; x_wconf 90' lang='lat' dir='ltr'>certe</span> <span class='ocrx_word' id='word_1_813' title='bbox 2931 5102 3317 5161; x_wconf 91' lang='lat' dir='ltr'>fraterVictor</span> <span class='ocrx_word' id='word_1_814' title='bbox 3328 5122 3448 5162; x_wconf 92' lang='lat' dir='ltr'>non</span> <span class='ocrx_word' id='word_1_815' title='bbox 3464 5108 3565 5164; x_wconf 89' lang='lat' dir='ltr'>de-</span> 
     </span>
    </p>
   </div>
   <div class='ocr_carea' id='block_1_118' title="bbox 1911 5189 3559 5263">
    <p class='ocr_par' dir='ltr' id='par_1_118' title="bbox 1911 5189 3559 5263">
     <span class='ocr_line' id='line_1_119' title="bbox 1911 5189 3559 5263; baseline 0.005 -18"><span class='ocrx_word' id='word_1_816' title='bbox 1911 5191 2065 5255; x_wconf 89' lang='lat' dir='ltr'>serit,</span> <span class='ocrx_word' id='word_1_817' title='bbox 2100 5196 2159 5245; x_wconf 91' lang='lat' dir='ltr'>tu</span> <span class='ocrx_word' id='word_1_818' title='bbox 2174 5189 2360 5245; x_wconf 90' lang='lat' dir='ltr'>multo</span> <span class='ocrx_word' id='word_1_819' title='bbox 2376 5189 2585 5244; x_wconf 88' lang='lat' dir='ltr'>melius</span> <span class='ocrx_word' id='word_1_820' title='bbox 2599 5190 2776 5246; x_wconf 91' lang='lat' dir='ltr'>calles</span> <span class='ocrx_word' id='word_1_821' title='bbox 2790 5208 2975 5263; x_wconf 90' lang='lat' dir='ltr'>quam</span> <span class='ocrx_word' id='word_1_822' title='bbox 3004 5194 3267 5261; x_wconf 89' lang='lat' dir='ltr'>ego.Alia</span> <span class='ocrx_word' id='word_1_823' title='bbox 3282 5196 3559 5263; x_wconf 90' lang='lat' dir='ltr'>scribere,</span> 
     </span>
    </p>
   </div>
   <div class='ocr_carea' id='block_1_119' title="bbox 1911 5278 3310 5348">
    <p class='ocr_par' dir='ltr' id='par_1_119' title="bbox 1911 5278 3310 5348">
     <span class='ocr_line' id='line_1_120' title="bbox 1911 5278 3310 5348; baseline 0.002 -14"><span class='ocrx_word' id='word_1_824' title='bbox 1911 5295 1985 5334; x_wconf 88' lang='lat' dir='ltr'>ne</span> <span class='ocrx_word' id='word_1_825' title='bbox 2017 5284 2069 5333; x_wconf 91' lang='lat' dir='ltr'>te</span> <span class='ocrx_word' id='word_1_826' title='bbox 2100 5279 2176 5333; x_wconf 89' lang='lat' dir='ltr'>ab</span> <span class='ocrx_word' id='word_1_827' title='bbox 2208 5278 2321 5333; x_wconf 89' lang='lat' dir='ltr'>ista</span> <span class='ocrx_word' id='word_1_828' title='bbox 2354 5279 2709 5348; x_wconf 91' lang='lat' dir='ltr'>cogitatione</span> <span class='ocrx_word' id='word_1_829' title='bbox 2742 5286 3091 5347; x_wconf 89' lang='lat' dir='ltr'>averterem,</span> <span class='ocrx_word' id='word_1_830' title='bbox 3125 5282 3310 5339; x_wconf 90' lang='lat' dir='ltr'>nolui.</span> 
     </span>
    </p>
   </div>
   <div class='ocr_carea' id='block_1_120' title="bbox 1972 5403 3102 5471">
    <p class='ocr_par' dir='ltr' id='par_1_120' title="bbox 1972 5403 3102 5471">
     <span class='ocr_line' id='line_1_121' title="bbox 1972 5403 3102 5471; baseline 0.006 -21"><span class='ocrx_word' id='word_1_831' title='bbox 1972 5406 1989 5471; x_wconf 60' lang='grc' dir='ltr'><strong>ξ</strong></span> <span class='ocrx_word' id='word_1_832' title='bbox 2020 5403 2079 5471; x_wconf 72' lang='lat' dir='ltr'>ln</span> <span class='ocrx_word' id='word_1_833' title='bbox 2112 5404 2233 5471; x_wconf 80' lang='lat' dir='ltr'>Mss.</span> <span class='ocrx_word' id='word_1_834' title='bbox 2269 5403 2532 5471; x_wconf 78' lang='lat' dir='ltr'>omittitur</span> <span class='ocrx_word' id='word_1_835' title='bbox 2562 5405 2888 5471; x_wconf 79' lang='lat' dir='ltr'>conjunctio,</span> <span class='ocrx_word' id='word_1_836' title='bbox 2915 5422 3102 5471; x_wconf 12' lang='lat' dir='ltr'>ineque.</span> 
     </span>
    </p>
   </div>
   <div class='ocr_carea' id='block_1_121' title="bbox 1974 5466 3560 5529">
    <p class='ocr_par' dir='ltr' id='par_1_121' title="bbox 1974 5466 3560 5529">
     <span class='ocr_line' id='line_1_122' title="bbox 1974 5466 3560 5529; baseline 0.008 -16"><span class='ocrx_word' id='word_1_837' title='bbox 1974 5468 1990 5495; x_wconf 71' lang='grc'>⁸</span> <span class='ocrx_word' id='word_1_838' title='bbox 2020 5467 2076 5514; x_wconf 92' lang='lat' dir='ltr'>In</span> <span class='ocrx_word' id='word_1_839' title='bbox 2095 5467 2243 5528; x_wconf 88' lang='lat' dir='ltr'>prius</span> <span class='ocrx_word' id='word_1_840' title='bbox 2272 5466 2399 5514; x_wconf 68' lang='lat' dir='ltr'>Iﬂdd.</span> <span class='ocrx_word' id='word_1_841' title='bbox 2427 5468 2508 5514; x_wconf 73' lang='lat' dir='ltr'>cui</span> <span class='ocrx_word' id='word_1_842' title='bbox 2527 5466 3221 5528; x_wconf 71' lang='lat' dir='ltr'>aliquando.b‘ubstituimus</span> <span class='ocrx_word' id='word_1_843' title='bbox 3243 5488 3417 5529; x_wconf 82' lang='lat' dir='ltr'>cur,ex</span> <span class='ocrx_word' id='word_1_844' title='bbox 3436 5476 3560 5526; x_wconf 88' lang='lat' dir='ltr'>Mss.</span> 
     </span>
    </p>
   </div>
   <div class='ocr_carea' id='block_1_122' title="bbox 1972 5529 3564 5595">
    <p class='ocr_par' dir='ltr' id='par_1_122' title="bbox 1972 5529 3564 5595">
     <span class='ocr_line' id='line_1_123' title="bbox 1972 5529 3564 5595; baseline 0.008 -20"><span class='ocrx_word' id='word_1_845' title='bbox 1972 5530 1989 5559; x_wconf 79' lang='grc'>⁸</span> <span class='ocrx_word' id='word_1_846' title='bbox 2018 5529 2094 5577; x_wconf 83' lang='lat' dir='ltr'>[ta</span> <span class='ocrx_word' id='word_1_847' title='bbox 2130 5529 2254 5595; x_wconf 59' lang='grc' dir='ltr'>μον.</span> <span class='ocrx_word' id='word_1_848' title='bbox 2294 5532 2356 5595; x_wconf 66' lang='lat' dir='ltr'>At</span> <span class='ocrx_word' id='word_1_849' title='bbox 2383 5529 2486 5595; x_wconf 65' lang='lat' dir='ltr'>Er.,</span> <span class='ocrx_word' id='word_1_850' title='bbox 2514 5544 2623 5576; x_wconf 81' lang='lat' dir='ltr'>cum</span> <span class='ocrx_word' id='word_1_851' title='bbox 2656 5530 2853 5595; x_wconf 73' lang='lat' dir='ltr'>intimis</span> <span class='ocrx_word' id='word_1_852' title='bbox 2879 5536 3159 5595; x_wconf 81' lang='lat' dir='ltr'>angereris.</span> <span class='ocrx_word' id='word_1_853' title='bbox 3197 5536 3323 5585; x_wconf 89' lang='lat' dir='ltr'>Bad.</span> <span class='ocrx_word' id='word_1_854' title='bbox 3354 5540 3471 5587; x_wconf 83' lang='lat' dir='ltr'>Am.</span> <span class='ocrx_word' id='word_1_855' title='bbox 3511 5543 3564 5588; x_wconf 89' lang='lat' dir='ltr'>et</span> 
     </span>
    </p>
   </div>
   <div class='ocr_carea' id='block_1_123' title="bbox 1910 5591 3563 5659">
    <p class='ocr_par' dir='ltr' id='par_1_123' title="bbox 1910 5591 3563 5659">
     <span class='ocr_line' id='line_1_124' title="bbox 1910 5591 3563 5659; baseline 0.007 -21"><span class='ocrx_word' id='word_1_856' title='bbox 1910 5591 2645 5659; x_wconf 18' lang='lat' dir='ltr'>Gemmeticensisco‘d.,_cu_m</span> <span class='ocrx_word' id='word_1_857' title='bbox 2672 5594 2869 5659; x_wconf 75' lang='lat' dir='ltr'>intimis</span> <span class='ocrx_word' id='word_1_858' title='bbox 2913 5591 3012 5659; x_wconf 67' lang='lat' dir='ltr'>talis</span> <span class='ocrx_word' id='word_1_859' title='bbox 3033 5598 3220 5659; x_wconf 76' lang='lat' dir='ltr'>egeris.</span> <span class='ocrx_word' id='word_1_860' title='bbox 3251 5599 3307 5647; x_wconf 89' lang='lat' dir='ltr'>In</span> <span class='ocrx_word' id='word_1_861' title='bbox 3359 5603 3563 5650; x_wconf 64' lang='lat' dir='ltr'>caeteris</span> 
     </span>
    </p>
   </div>
   <div class='ocr_carea' id='block_1_124' title="bbox 1910 5652 3463 5725">
    <p class='ocr_par' dir='ltr' id='par_1_124' title="bbox 1910 5652 3463 5725">
     <span class='ocr_line' id='line_1_125' title="bbox 1910 5652 3463 5725; baseline 0.006 -22"><span class='ocrx_word' id='word_1_862' title='bbox 1910 5653 2020 5703; x_wconf 83' lang='lat' dir='ltr'>fere</span> <span class='ocrx_word' id='word_1_863' title='bbox 2043 5652 2162 5703; x_wconf 79' lang='lat' dir='ltr'>Mss.</span> <span class='ocrx_word' id='word_1_864' title='bbox 2196 5668 2306 5703; x_wconf 85' lang='lat' dir='ltr'>cum</span> <span class='ocrx_word' id='word_1_865' title='bbox 2338 5654 2394 5702; x_wconf 74' lang='lat' dir='ltr'>in</span> <span class='ocrx_word' id='word_1_866' title='bbox 2423 5655 2624 5704; x_wconf 73' lang='lat' dir='ltr'>intimis</span> <span class='ocrx_word' id='word_1_867' title='bbox 2653 5656 2753 5707; x_wconf 77' lang='lat' dir='ltr'>tuis</span> <span class='ocrx_word' id='word_1_868' title='bbox 2782 5658 2966 5720; x_wconf 72' lang='lat' dir='ltr'>egeris,</span> <span class='ocrx_word' id='word_1_869' title='bbox 2989 5652 3123 5708; x_wconf 71' lang='lat' dir='ltr'>forte</span> <span class='ocrx_word' id='word_1_870' title='bbox 3144 5675 3241 5724; x_wconf 88' lang='lat' dir='ltr'>pro</span> <span class='ocrx_word' id='word_1_871' title='bbox 3276 5676 3463 5725; x_wconf 78' lang='lat' dir='ltr'>ageres.</span> 
     </span>
    </p>
   </div>
   <div class='ocr_carea' id='block_1_125' title="bbox 3023 5757 3280 5829">
    <p class='ocr_par' dir='ltr' id='par_1_125' title="bbox 3023 5757 3280 5829">
     <span class='ocr_line' id='line_1_126' title="bbox 3023 5757 3280 5829; baseline 0.012 -16"><span class='ocrx_word' id='word_1_872' title='bbox 3023 5757 3044 5829; x_wconf 89' lang='lat'>(</span> <span class='ocrx_word' id='word_1_873' title='bbox 3059 5758 3222 5815; x_wconf 80' lang='lat' dir='ltr'>Trois</span> <span class='ocrx_word' id='word_1_874' title='bbox 3234 5762 3280 5829; x_wconf 77' lang='grc'>.,)</span> 
     </span>
    </p>
   </div>
  </div>
