4108 6172
101 263 149 314 ῖῖ
1346 259 1851 315 EPISTOLARUM
1894 258 2183 315 CLASSIS
2223 260 2266 313 Ι.
3442 271 3514 324 78

100 386 258 453 gnitio
288 401 398 455 per
425 385 664 449 Filium,
696 391 751 440 et
776 385 1058 456 quaedam
1092 386 1332 455 interior
1361 392 1416 440 et
1444 384 1758 440 ineffabilis

100 474 341 530 suavitas
358 480 542 546 atque
558 474 907 540 dulcedo,in
926 474 1036 529 ista
1052 474 1389 544 cognitione
1408 490 1757 545 permanen-

96 566 141 619 di
167 564 730 635 contemnendique
753 564 957 619 omnia
980 564 1444 635 mortalia,quod
1459 565 1686 618 donum
1703 566 1759 619 et

98 669 295 708 munus
320 655 575 725 proprie
617 652 859 725 Spiritui
882 660 1088 709 sancto
1120 653 1413 709 tribuitur.
1447 656 1596 724 Ergo
1619 669 1756 707 cum

94 750 327 813 agantur
340 743 565 799 omnia
585 759 827 797 summa
841 741 1267 798 communione
1281 742 1757 813 etinseparabili-

94 837 207 895 tate,
236 838 453 887 tamen
488 832 771 886 distincte
799 831 1271 886 demonstranda
1310 836 1479 886 erant
1514 836 1757 903 propter

94 921 557 976 imbecillitatem
581 920 979 992 nostram,qui
993 921 1068 975 ab
1086 921 1307 975 unitate
1333 921 1391 975 in
1407 921 1753 975 varietatem

86 1011 220 1081 lapsi
244 1014 695 1068 sumnsﬁemo
723 1010 882 1065 enim
904 1025 1273 1080 quemquam
1297 1010 1462 1079 erigit
1488 1009 1563 1063 ad
1604 1008 1661 1063 id
1694 1010 1752 1075 in

88 1115 193 1171 quo
216 1100 350 1170 ipse
367 1098 611 1163 est,nisi
634 1097 1010 1169 aliquantum
1034 1097 1107 1152 ad
1127 1098 1274 1161 id,in
1298 1114 1417 1169 quo
1434 1103 1517 1152 est
1536 1096 1754 1162 ille,de-

90 1189 348 1243 seendat.
386 1188 591 1243 Habes
617 1186 955 1259 epistolam,
985 1202 1102 1241 non
1118 1192 1429 1257 quietuam
1446 1201 1651 1240 curam
1680 1186 1753 1241 de

87 1280 181 1333 hac
210 1294 269 1332 re
298 1277 558 1341 finierit,
580 1276 680 1331 sed
711 1292 844 1347 qua:
871 1276 1263 1345 cogitationes
1297 1281 1428 1330 tuas
1451 1280 1609 1330 certo
1645 1276 1755 1329 for-

88 1374 229 1422 tasse
256 1366 480 1438 aliquo
508 1364 906 1419 fundamento
929 1363 1322 1430 inchoaverit;
1350 1369 1408 1419 ut
1431 1368 1643 1418 caetera
1668 1363 1753 1417 in-

91 1455 247 1525 genio
275 1454 457 1527 quod
493 1453 641 1508 mihi
689 1452 1071 1507 notissimum
1104 1458 1211 1517 est,
1269 1452 1669 1524 persequaris,
1699 1456 1755 1506 et

90 1546 286 1617 pietate
319 1545 421 1599 cui
492 1545 753 1599 maxime
794 1540 1076 1597 standum
1131 1546 1236 1606 est,
1270 1542 1677 1613 consequaris.

626 1632 960 1688 EPISTOLA
1006 1631 1088 1685 x11
1123 1630 1228 1701 (a).

151 1723 556 1791 Qua'stionem
591 1721 652 1775 in
680 1720 984 1789 superiore
1024 1719 1272 1788 epistola
1300 1719 1679 1787 perstrictum

453 1812 671 1867 iterum
704 1810 1084 1864 tractandam
1117 1808 1380 1876 suscipit.

596 1914 849 1954 NEBRIDIO
897 1913 1253 1953 AUGUSTINUS.

152 1999 199 2047 1.
226 1992 433 2047 Plures
462 1990 751 2062 epistolas
774 1994 826 2043 te
843 1988 1052 2044 scribis
1081 1987 1310 2042 misisse
1328 2002 1511 2059 quam
1528 1987 1753 2058 accepi-

90 2099 210 2137 mus
254 2100 267 2147 ;
304 2080 418 2136 sed
444 2095 643 2151 neque
689 2077 791 2133 tibi
834 2093 1080 2149 possum
1114 2092 1234 2131 non
1267 2075 1525 2139 credere,
1561 2090 1753 2146 neque

92 2172 223 2226 mihi
239 2179 321 2226 tu.
342 2170 467 2225 Etsi
481 2168 643 2223 enim
668 2166 1056 2223 rescribendo
1072 2181 1179 2237 par
1192 2182 1317 2219 esse
1333 2180 1453 2219 non
1467 2165 1655 2225 valeo;
1677 2170 1755 2219 ta-

90 2277 203 2316 men
218 2276 342 2316 non
357 2260 600 2314 minore
614 2274 647 2311 a
662 2273 747 2311 me
759 2255 1062 2325 diligentia
1075 2260 1383 2310 servantur
1396 2253 1601 2308 litterae
1615 2257 1751 2318 tute,

86 2368 260 2424 quam
280 2350 749 2420 frequentantur
779 2345 886 2401 abs
917 2350 987 2400 te.
1018 2343 1366 2399 Prolixiores
1389 2348 1589 2399 autem
1623 2358 1757 2397 nos-

88 2450 219 2505 tras,
235 2455 359 2493 non
390 2443 449 2493 te
472 2435 737 2508 amplius
760 2451 946 2507 quam
968 2434 1460 2504 binasjaccepisse
1479 2432 1756 2487 convenit

89 2533 230 2585 inter
260 2544 374 2583 nos
410 2544 425 2591 ;
463 2541 587 2581 non
616 2524 780 2579 enim
812 2524 1085 2579 misimus
1132 2522 1350 2577 tertias.
1390 2522 1543 2576 Sane
1597 2537 1755 2577 reco-

90 2620 259 2689 gnitis
291 2614 756 2686 exemplaribus
780 2612 1173 2668 animadverti
1204 2612 1470 2683 quinque
1490 2611 1607 2665 fere
1643 2611 1757 2665 tuis

89 2706 507 2777 rogationibus
566 2720 697 2759 esse
724 2718 1080 2774 responsum
1118 2717 1131 2768 ;
1175 2700 1288 2755 nisi
1314 2700 1478 2772 quod
1522 2716 1641 2754 una
1672 2698 1754 2753 ibi

90 2798 333 2870 queestio
366 2795 558 2867 quasi
603 2797 978 2849 transeunter
1020 2791 1348 2863 perstricta,
1399 2804 1755 2861 quanquam

92 2905 200 2943 non
231 2895 459 2943 temere
491 2883 736 2953 ingenio
768 2887 869 2936 tuo
898 2880 1227 2936 commissa
1259 2879 1352 2945 sit,
1396 2895 1516 2934 non
1556 2886 1754 2934 tamen

94 2978 331 3033 fortasse
366 2972 659 3030 satisfecit
680 2969 939 3027 avaritiae
968 2974 1111 3041 ture;
1152 2986 1336 3041 quam
1368 2968 1630 3024 refrenes
1656 2968 1758 3023 ali-

95 3066 452 3138 quantulum
472 3080 629 3136 opus
648 3066 757 3129 est,
785 3065 842 3116 et
872 3059 1161 3115 nonnulla
1190 3058 1548 3129 compendia
1578 3058 1757 3114 liben-

96 3162 171 3212 ter
196 3158 373 3212 feras.
414 3156 503 3209 Ita
537 3152 712 3223 plane
753 3154 817 3205 ut
847 3150 894 3204 si
942 3151 1275 3220 quidquam
1309 3147 1523 3203 fraudo
1553 3148 1758 3203 intelli-

96 3248 374 3315 gentiam,
410 3242 565 3297 dum
601 3256 735 3294 smn
767 3254 985 3310 parcus
1030 3238 1087 3293 in
1136 3237 1345 3303 verbis,
1375 3236 1517 3291 nihil
1547 3252 1756 3308 parcas

96 3336 226 3390 mihi
264 3356 276 3396 ;
312 3332 427 3388 sed
493 3336 553 3385 tu
577 3330 734 3399 jure,
766 3343 889 3400 quo
922 3327 1067 3382 mihi
1098 3327 1390 3382 valentius
1438 3326 1758 3382 essetforte

94 3424 330 3495 aliquid,
359 3422 412 3475 si
441 3419 790 3491 quidquam
823 3423 1025 3489 posset
1046 3433 1176 3470 esse
1204 3416 1546 3486 jucundius,
1566 3420 1758 3471 totum

91 3512 549 3584 quoddebetur,
574 3507 893 3575 efﬂagites.
921 3508 1078 3560 Hanc
1107 3505 1286 3573 igitur
1311 3504 1623 3574 epistolam
1655 3522 1759 3559 nu-

92 3602 347 3657 merabis
366 3601 427 3655 in
441 3605 529 3653 ter
543 3597 805 3652 minores
819 3594 1097 3666 epistolas
1117 3610 1491 3665 meas,quam
1508 3594 1759 3659 tibi,non

89 3693 192 3746 sibi
226 3690 373 3745 nihil
406 3688 560 3744 mihi
588 3687 662 3740 de
691 3700 907 3740 acervo
938 3684 1225 3739 minuere.
1270 3686 1394 3738 Non
1423 3684 1578 3738 enim
1611 3686 1668 3737 et
1700 3688 1758 3738 tu

92 3782 265 3837 mittis
282 3781 583 3841 minores,
598 3792 736 3847 quae
752 3789 870 3829 non
887 3774 1165 3828 eumdem
1189 3789 1460 3827 acervum
1476 3777 1756 3842 augeant.

90 3872 275 3936 Quare
304 3866 464 3924 illud
489 3864 659 3937 quod
691 3864 766 3917 de
801 3862 943 3918 Filio
978 3862 1072 3917 Dei
1096 3862 1334 3934 quaeris,
1372 3878 1476 3916 cur
1511 3862 1636 3932 ipse
1660 3876 1759 3932 po.

87 3962 200 4014 tius
231 3959 483 4014 dicatur
513 3954 814 4008 hominem
832 3951 1182 4022 suscepisse,
1207 3967 1389 4023 quam
1423 3952 1604 4018 Pater,
1623 3966 1760 4004 cum

89 4049 552 4117 simuluterque
586 4044 680 4107 sit,
702 4042 1016 4111 dignoscas
1032 4040 1305 4095 facillime
1320 4040 1367 4094 si
1402 4040 1761 4095 sermocina-

90 4140 325 4193 tionum
344 4140 694 4191 nostrarum
708 4131 953 4201 quibus,
973 4130 1529 4201 utpotuimus(nam
1553 4128 1761 4185 ineffa-

94 4228 207 4282 bile
220 4224 535 4298 quiddam
550 4220 831 4293 est),quid
848 4220 920 4273 sit
936 4219 1035 4273 Dei
1052 4218 1223 4274 Filius
1236 4234 1357 4290 quo
1376 4218 1507 4288 conj
1522 4218 1677 4272 uncti
1691 4219 1736 4272 si
1750 4248 1763 4258 ο

90 4333 238 4379 mus,
256 4310 623 4370 recorderis.
640 4309 809 4373 Quod
826 4308 991 4363 uthic
1008 4307 1167 4361 brevi
1180 4312 1260 4361 ter
1274 4307 1559 4375 attingam
1572 4306 1762 4371 ,disci-

89 4404 250 4476 plina
292 4404 437 4475 ipsa
466 4405 523 4454 et
554 4398 748 4453 forma
768 4398 887 4461 Dei,
912 4412 1214 4468 perquam
1238 4395 1395 4451 facta
1410 4396 1762 4450 suntoinnia

91 4510 219 4565 quae
254 4492 423 4547 facta
459 4492 623 4552 sunt,
668 4486 845 4541 Filius
878 4490 1277 4556 nuncupatur.
1316 4484 1619 4556 Quidquid
1662 4501 1763 4539 au-

94 4587 205 4637 tem
237 4597 352 4653 per
380 4581 732 4648 susceptum
762 4574 926 4629 illum
942 4574 1247 4629 hominem
1281 4579 1519 4642 gestum
1549 4578 1655 4639 est,
1686 4575 1762 4628 ad

94 4670 497 4726 eruditionem
516 4664 1113 4734 informationemque
1128 4669 1392 4718 nostram
1409 4668 1641 4735 gestum
1657 4667 1761 4718 est.

154 4761 344 4817 (Vacat
381 4757 445 4805 67
482 4756 749 4804 linearum
793 4753 1025 4817 spatium
1054 4753 1107 4800 in
1160 4752 1258 4805 Ms.
1298 4752 1481 4801 codice
1508 4752 1764 4801 Vaticano

94 4822 233 4871 unde
259 4819 513 4885 Epistola
540 4820 693 4866 eruta
724 4819 844 4877 est.)

604 4897 939 4952 EPISTOLA
964 4895 1079 4949 χιιι
1112 4895 1258 4966 '(b).

97 4993 497 5059 Quaestionem
526 4987 601 5042 de
624 4986 840 5041 anima?
864 4985 1119 5056 quodam
1144 4999 1408 5059 corpore,
1432 4984 1511 5040 ad
1532 5000 1590 5041 se
1611 4984 1767 5041 nihil

434 5059 858 5129 pertinentem,
906 5063 1076 5126 rogat
1119 5056 1442 5112 dimittant.

615 5160 869 5200 NEBRIDIO
897 5159 1233 5201 AUGUSTINUS
1249 5189 1259 5200 .

174 5247 218 5295 1.
247 5239 476 5297 Usitata
503 5234 1767 5304 tibiscriberenonlibet,novanonlicet.Al-

158 5386 187 5415 θ
215 5380 659 5447 Recognovimus
683 5378 1009 5447 hanc_in_bl.
1044 5378 1128 5427 cb.
1162 5392 1255 5442 gg,
1292 5393 1380 5441 gv.
1412 5392 1465 5427 n.
1494 5392 1534 5425 r.
1568 5379 1653 5427 sb.
1684 5392 1765 5427 vc.

102 5447 319 5495 duobus
348 5441 391 5494 t7
412 5443 632 5493 duobus
664 5457 712 5489 ν.
750 5445 802 5490 et
831 5441 882 5489 in
909 5441 1035 5490 [ιον.

162 5514 234 5565 ta)
272 5511 422 5558 Aliae
445 5508 541 5556 269
572 5522 583 5554 :
623 5519 745 5567 quae
795 5507 975 5553 autem
1007 5505 1065 5553 12
1115 5507 1244 5560 erat,
1288 5517 1433 5553 nunc
1456 5504 1535 5553 67.
1564 5504 1771 5567 Scripta

105 5574 243 5622 circa
265 5573 408 5621 idem
436 5576 673 5633 tempus.

168 5638 237 5695 te)
273 5635 417 5685 Alias
451 5628 594 5682 218':
638 5643 763 5695 qua:
795 5633 973 5695 autem
1008 5630 1068 5678 13
1107 5633 1241 5693 erat,
1270 5642 1412 5679 nunc
1443 5631 1519 5679 68.
1568 5628 1772 5693 Scripta

108 5710 191 5749 an.
224 5693 357 5749 forte
380 5698 491 5754 389,
523 5693 669 5745 certe
695 5695 823 5741 ante
854 5693 962 5741 391.

1875 389 2063 439 terum
2086 385 2244 438 enim
2266 384 2434 441 video
2456 386 2555 441 tibi
2581 403 2704 443 non
2736 391 3071 461 convenire,
3106 392 3357 449 alterum
3390 411 3512 451 non

1870 473 2013 527 mihi
2033 489 2262 528 vacare.
2297 478 2441 530 Nam
2459 491 2529 530 ex
2545 492 2665 547 quo
2680 477 2925 533 abiiabs
2948 484 3019 546 te,
3038 481 3202 537 nulla
3236 484 3376 538 mihi
3403 501 3515 556 op-

1869 562 2219 632 portunitas,
2237 563 2465 618 nullum
2482 566 2666 620 otium
2683 568 2889 622 datum
2904 572 3069 624 estea
3082 586 3216 641 quae
3238 572 3385 627 inter
3398 590 3510 629 nos

1867 666 2130 721 qtimrere
2145 651 2427 718 solemus,
2451 654 2717 722 agitandi
2735 661 2911 727 atque
2927 660 3216 715 versandi.
3229 662 3515 733 Suntqui-

1866 740 2003 795 dem
2022 741 2306 797 hiemales
2322 743 2705 813 nimislongee
2720 749 3061 810 noctes,nec
3075 765 3109 802 a
3123 765 3217 805 me
3231 754 3367 805 totae
3378 750 3512 807 dor-

1866 830 2133 885 miuntur
2168 846 2179 894 ;
2224 831 2329 886 sed
2385 848 2447 885 se
2486 833 2772 901 objiciunt
2805 835 2995 905 magis
3028 837 3344 905 cogitanda
3374 855 3511 894 cum

1865 919 2048 974 otium
2078 923 2185 983 est,
2223 935 2357 991 quae
2381 920 2764 977 difﬁrmando
2796 924 2811 957 ¹
2845 929 2981 978 sunt
3011 925 3129 979 otio
3156 928 3508 984 necessaria.

1867 1008 2017 1073 Quid
2042 1024 2181 1077 ergo
2197 1009 2408 1064 faciam
2425 1008 2452 1063 ?
2467 1016 2748 1065 mutusne
2766 1012 2928 1083 apud
2948 1016 3108 1078 te,an
3125 1014 3340 1070 tacitus
3358 1018 3472 1071 sim
3488 1015 3516 1069 ?

1863 1098 2146 1152 Neutrum
2168 1098 2271 1163 vis,
2292 1105 2569 1154 neutrum
2587 1100 2741 1155 volo.
2761 1103 2954 1166 Quare
2968 1118 3098 1171 age,
3116 1109 3292 1177 atque
3315 1106 3515 1177 accipe

1862 1187 2027 1257 quod
2044 1187 2115 1241 de
2133 1203 2223 1241 me
2240 1188 2530 1243 excudere
2547 1189 2741 1260 potuit
2767 1191 3040 1246 ultimum
3074 1193 3283 1258 noctis,
3303 1211 3515 1266 quam-

1862 1274 1963 1329 diu
1997 1277 2453 1348 exsequebatur,
2492 1294 2612 1349 quo
2644 1279 2771 1333 haec
2801 1280 3054 1349 epistola
3083 1282 3300 1353 scripta
3331 1289 3439 1339 est.

1934 1364 2245 1420 ‘2.Necesse
2266 1369 2350 1420 est
2367 1371 2416 1421 te
2438 1367 2780 1422 meminisse
2800 1369 2963 1440 quod
2992 1371 3201 1426 crebro
3228 1370 3379 1427 inter
3405 1389 3515 1429 nos

1863 1455 2440 1524 sermonejactatum
2469 1461 2573 1521 est,
2600 1471 2832 1528 nosque
2858 1458 3101 1527 jactavit
3139 1460 3509 1527 anhelantes,

1862 1548 2039 1614 atque
2071 1548 2413 1609 aestuantes,
2448 1544 2521 1599 de
2569 1545 2787 1600 animus
2821 1546 3039 1602 scilicet
3072 1548 3201 1603 vel’l
3226 1558 3513 1621 perpetuo

1861 1632 2128 1703 quodam
2144 1634 2509 1704 corpore,vel
2525 1635 2700 1706 quasi
2716 1637 3150 1708 corpore,quod
3164 1652 3199 1692 a
3213 1638 3515 1694 nonnullis

1863 1721 2039 1776 etiam
2064 1722 2178 1776 dici
2199 1722 2537 1777 vehiculum
2566 1724 2912 1779 recordaris.
2948 1727 3138 1790 Quam
3179 1742 3301 1781 rem
3336 1733 3512 1796 certe,

1862 1810 2305 1881 siquidemloco
2320 1818 2610 1877 movetur,
2630 1828 2749 1867 non
2769 1829 2900 1868 esse
2924 1814 3372 1883 intelligibilem,
3400 1816 3516 1873 cla-

1862 1916 1994 1954 rum
2011 1900 2425 1973 est.Quidquid
2441 1918 2513 1956 au
2526 1908 2628 1956 tem
2644 1902 3006 1973 intelligibile
3018 1920 3137 1959 non
3153 1905 3513 1977 est,intelligi

1862 2005 1982 2044 non
2015 1994 2226 2060 potest.
2260 1991 2871 2062 Atquodintellectum
2901 1992 3068 2062 fugit,
3098 1994 3370 2051 sisaltem
3387 2011 3516 2051 sen-

1862 2095 1995 2132 sum
2012 2094 2127 2133 non
2150 2078 2685 2149 refugit,zestimare
2702 2080 2839 2135 inde
2853 2080 3081 2153 aliquid
3093 2083 3515 2139 verisimiliter8

1863 2183 1984 2223 non
2020 2183 2454 2240 usquequaque
2481 2169 2830 2239 denegatur.
2862 2171 3032 2234 Quod
3056 2187 3191 2226 vero
3208 2188 3404 2244 neque
3430 2174 3516 2228 in-

1864 2255 2044 2323 telligi
2078 2272 2272 2327 neque
2304 2258 2506 2311 sentiri
2540 2262 2752 2327 potest,
2786 2258 3165 2315 temerariam
3199 2261 3379 2315 nimis
3432 2266 3516 2317 at-

1863 2361 1979 2417 que
2005 2346 2381 2414 nugatoriam
2418 2345 2603 2415 gignit
2642 2346 2983 2417 opinionem
3014 2363 3026 2412 ;
3059 2353 3115 2403 et
3142 2348 3257 2404 hoc
3287 2349 3360 2404 de
3390 2366 3513 2421 quo

1863 2434 2098 2503 agimus
2134 2433 2241 2488 tale
2269 2440 2374 2499 est,
2409 2435 2455 2488 si
2490 2438 2690 2490 tamen
2716 2440 2820 2489 est.
2855 2436 2965 2490 Cur
3005 2452 3167 2505 ergo,
3200 2454 3408 2509 quaeso
3436 2445 3509 2506 te,

1864 2540 1981 2578 non
2023 2523 2195 2578 nobis
2235 2524 2310 2578 ad
2340 2524 2495 2578 hanc
2530 2524 3032 2596 quaestiunculam
3083 2524 3404 2582 indicimus
3430 2528 3515 2584 fe-

1863 2612 2001 2677 rias,
2044 2617 2099 2667 et
2123 2627 2231 2667 nos
2266 2616 2417 2667 totos
2452 2614 2782 2685 imprecato
2832 2614 2947 2668 Deo
3002 2614 3061 2669 in
3092 2632 3393 2672 summam
3427 2633 3514 2673 se-

1862 2701 2175 2757 renitatem
2206 2707 2433 2757 naturze
2467 2719 2720 2757 summa;
2752 2703 3005 2758 viventis
3030 2703 3353 2759 attollimus
3381 2705 3409 2759 ?

1936 2794 1988 2845 3.
2023 2790 2121 2847 Hic
2152 2789 2397 2846 forsitan
2417 2791 2601 2857 dicas,
2635 2807 2987 2863 quanquam
3020 2808 3273 2865 corpora
3294 2795 3515 2868 percipi

1863 2886 2185 2952 nequeant,
2205 2881 2390 2937 multa
2406 2896 2513 2935 nos
2531 2886 2725 2936 tamen
2744 2880 2819 2936 ad
2834 2897 3052 2953 corpus
3068 2884 3421 2953 pertinentia
3434 2885 3519 2941 in-

1862 2969 2242 3038 telligibiliter
2271 2986 2451 3040 posse
2482 2970 2801 3041 percipere,
2839 2976 2901 3026 ut
2941 2972 3213 3043 estquod
3241 2974 3515 3029 novimus

1866 3075 1995 3114 esse
2010 3059 2396 3128 corpus.Quis
2410 3060 2566 3113 enim
2585 3064 2778 3127 neget,
2806 3061 3056 3130 autquis
3073 3060 3185 3115 hoc
3200 3062 3515 3118 verisimile

1865 3148 2063 3220 potius
2078 3163 2258 3217 quam
2273 3163 2478 3201 verum
2493 3162 2620 3201 esse
2632 3146 2913 3202 fateatur?
2926 3147 3007 3202 Ita
3021 3164 3157 3203 cum
3172 3148 3374 3219 ipsum
3388 3166 3513 3205 cor-

1866 3253 1978 3308 pus
1994 3235 2303 3290 verisimile
2320 3236 2411 3304 sit,
2437 3252 2563 3290 esse
2579 3240 2781 3291 tamen
2796 3237 2849 3289 in
2868 3241 3083 3292 natura
3098 3236 3208 3292 tale
3222 3238 3516 3309 quiddam

1865 3325 2240 3381 verissimum
2259 3330 2345 3379 est
2379 3342 2390 3379 :
2426 3341 2565 3395 ergo
2592 3325 3118 3396 corpussensibile,
3152 3341 3285 3381 esse
3314 3334 3515 3383 autem

1867 3414 2798 3487 corpusintelligibilejudicatur;
2818 3432 2937 3470 non
2966 3416 3121 3471 enim
3140 3418 3518 3487 possetaliter

1867 3505 2109 3575 percipi.
2131 3508 2211 3558 lta
2240 3506 2437 3558 nescio
2455 3504 2599 3575 quid
2617 3503 2862 3568 illud,de
2885 3520 3005 3576 quo
3023 3505 3371 3577 quaerimus,
3392 3523 3516 3562 cor~

1868 3610 2002 3665 pus,
2036 3609 2158 3664 quo
2177 3592 2583 3658 innitianima,
2610 3593 2755 3647 utde
2775 3594 2904 3648 loco
2926 3593 3515 3667 adlocumtrauseat,

1868 3687 2127 3754 putatur,
2152 3697 2505 3754 quanquam
2528 3681 2763 3736 etiamsi
2798 3698 2921 3736 non
2963 3682 3242 3737 sensibus
3273 3686 3512 3751 nostris,

1870 3777 2069 3827 tamen
2102 3770 2467 3843 quibusdam
2487 3770 2662 3838 longe
2682 3770 3081 3839 vegetioribus
3116 3772 3394 3828 sensibile
3423 3773 3515 3842 sit,

1869 3866 2067 3915 utrum
2099 3865 2295 3914 tamen
2329 3860 2422 3923 sit,
2457 3858 2897 3927 intelligibiliter
2926 3860 3201 3931 cognosci
3227 3865 3444 3931 potest.

1940 3952 2118 4003 4.1100
2133 3949 2181 4002 si
2197 3947 2379 4014 dices,
2400 3946 2668 4003 veniatin
2686 3953 2942 4003 mentem
2959 3948 3101 4002 illud
3115 3950 3277 4021 quod
3306 3948 3519 4004 intelli-

1869 4055 2000 4110 gere
2017 4036 2661 4109 appellamus,duobus
2678 4036 2874 4092 modis
2888 4036 2945 4091 in
2963 4036 3136 4092 nobis
3148 4037 3273 4092 ﬁeri
3292 4054 3304 4093 :
3321 4044 3419 4094 aut
3434 4039 3517 4110 ip-

1871 4144 1937 4183 sa
1951 4144 2055 4199 per
2069 4144 2129 4182 se
2146 4132 2339 4182 mente
2356 4130 2532 4197 atque
2557 4127 2783 4182 ratione
2801 4126 3247 4192 intrinsecus,ut
3278 4144 3413 4184 cum
3432 4128 3518 4183 in-

1872 4217 2191 4287 telligimus
2208 4232 2333 4271 esse
2350 4217 2543 4287 ipsum
2560 4216 3045 4283 intellectum;aut
3060 4216 3472 4272 admonitione
3487 4234 3521 4274 a

1871 4306 2233 4371 sensibus,ut
2249 4305 2304 4359 id
2319 4304 2612 4377 quodjam
2628 4304 2848 4360 dictum
2865 4311 2970 4373 est,
2987 4321 3123 4359 cum
3139 4304 3523 4374 intelligimus

1871 4412 2002 4451 esse
2025 4412 2265 4466 corpus.
2290 4395 2352 4448 In
2381 4394 2600 4467 quibus
2625 4394 2864 4448 duobus
2894 4396 3210 4463 generibus
3230 4395 3377 4450 illud
3408 4395 3526 4467 pri-

1871 4502 2038 4540 mum
2055 4500 2159 4556 per
2176 4483 2383 4550 nos,id
2414 4482 2613 4548 est,de
2642 4500 2710 4538 eo
2751 4483 2913 4554 quod
2936 4484 3097 4555 apud
3117 4500 3227 4538 nos
3245 4487 3522 4539 estDeum

1872 4573 2237 4629 consulendo
2254 4591 2271 4644 3
2288 4572 2401 4627 hoc
2433 4576 2633 4627 autem
2653 4571 2981 4626 secundum
2998 4572 3070 4627 de
3084 4588 3153 4628 eo
3167 4572 3331 4644 quod
3348 4588 3383 4627 a
3397 4588 3522 4628 cor-

1872 4680 2015 4735 pore
2030 4678 2325 4733 sensuque
2340 4660 2665 4728 nuntiatur,
2700 4661 3086 4716 nihilominus
3102 4664 3287 4717 Deum
3319 4678 3529 4718 consu-

1871 4752 2049 4808 lendo
2064 4750 2367 4823 intelligim
2380 4767 2466 4804 us.
2490 4752 2625 4815 Quae
2640 4751 2685 4805 si
2711 4754 2840 4807 rata
2855 4756 3198 4816 sunt,nemo
3212 4751 3279 4807 de
3294 4751 3392 4807 illo
3407 4769 3531 4808 cor-

1874 4858 2016 4914 pore
2058 4846 2254 4895 utrum
2303 4841 2374 4894 sit
2409 4840 2729 4911 intelligere
2762 4845 2977 4911 potest,
3010 4840 3126 4896 nisi
3176 4840 3271 4896 cui
3311 4858 3528 4896 sensus

1874 4932 2210 5003 quidquam
2233 4931 2304 4985 de
2329 4930 2426 4985 illo
2455 4930 2755 4985 nuntiarit.
2784 4934 2843 4984 tn
2864 4946 2987 5002 quo
3006 4932 3405 4987 animantium
3426 4948 3530 4986 nu-

1876 5036 2040 5075 mero
2075 5020 2123 5074 si
2151 5019 2305 5073 ullus
2324 5023 2430 5084 est,
2465 5035 2573 5074 nos
2604 5020 2889 5091 quoniam
2933 5035 3056 5075 non
3087 5036 3221 5075 esse
3248 5017 3529 5090 perspici-

1875 5126 2032 5173 mus,
2059 5108 2203 5163 illud
2233 5109 2410 5163 etiam
2447 5107 2773 5180 perfectum
2804 5114 2971 5180 puto,
3009 5108 3171 5180 quod
3208 5122 3391 5177 supra
3439 5106 3527 5162 di-

1876 5214 2006 5253 cere
2028 5214 2348 5269 cmperam,
2384 5212 2505 5252 non
2529 5198 2605 5252 ad
2649 5213 2756 5253 nos
2800 5198 2974 5253 istam
3004 5197 3297 5266 pertinere
3335 5211 3529 5268 quass-

1876 5288 2118 5344 tionem.
2156 5290 2288 5343 Haec
2328 5287 2504 5343 etiam
2537 5292 2716 5359 atque
2747 5286 2926 5342 etiam
2959 5285 3180 5353 cogites
3226 5284 3427 5352 velim,
3474 5290 3530 5341 et

1940 5504 1955 5535 ι
1994 5501 2141 5558 Lov.,
2175 5500 2477 5563 deﬁniendo,
2510 5514 2607 5563 pro
2640 5512 2746 5563 quo
2780 5497 3141 5563 Ms_s_.gomnesg
3173 5513 3203 5549 a
3243 5499 3398 5551 nobis
3427 5501 3533 5550 ins-

1880 5564 2018 5628 pecli
2033 5568 2093 5628 et
2115 5560 2253 5612 unus
2276 5560 2565 5628 Vaticanus
2598 5560 2812 5628 habent,
2840 5560 3198 5622 dimi-mando.

1940 5631 1959 5661 ²
1994 5626 2077 5675 Sic
2111 5627 2233 5675 Mss.
2271 5627 2337 5674 At
2366 5626 2511 5683 Lov.,
2538 5625 2673 5672 velut
2706 5628 2969 5685 perpetuo.

1938 5690 1959 5719 ³
1987 5690 2139 5750 Lov.,
2174 5688 2471 5738 verisimile.
2505 5686 2623 5735 Mss.
2656 5700 2834 5750 porro,
2861 5687 3231 5739 uerisimiliter.
