4108 6172
138 271 188 327 si
1392 271 1903 329 EPlSTOLARUM
1941 269 2227 327 CLASSlS
2265 272 2305 327 ι.
3483 285 3553 342 32

134 415 263 454 neas
292 414 456 471 quas
482 400 709 464 habeo,
761 399 1059 455 avunculo
1091 403 1193 455 tuo
1224 416 1361 455 cum
1398 400 1605 458 litteris
1632 399 1786 454 misi.

132 492 199 544 Tu
237 490 400 543 enim
435 489 586 544 huic
617 489 911 561 pellicula:
938 489 1170 545 tacilius
1203 489 1657 562 ignosces,quia
1682 488 1790 544 dif-

128 578 252 633 ferri
274 593 402 632 non
421 578 811 651 potuitquod
838 579 887 633 ei
912 578 1138 649 scripsi,
1168 585 1225 635 et
1258 579 1359 633 tibi
1389 594 1509 633 non
1540 576 1789 634 scribere

124 668 293 721 etiam
344 666 810 738 ineptissimum
851 668 1208 723 existimavi.
1265 668 1376 723 Sed
1420 667 1687 735 tabellas,
1742 667 1789 722 si

124 774 249 829 quae
275 756 360 812 ibi
392 764 627 812 nostrae
650 762 805 823 sunt,
838 764 1080 829 propter
1108 757 1454 829 hujusmodi
1478 758 1787 812 necessita-

123 852 218 909 tes,
253 845 467 901 mittas
504 851 667 917 peto.
704 846 919 918 Scripsi
949 846 1239 918 quiddam
1275 847 1348 901 de
1388 846 1678 901 catholica
1706 862 1791 900 re-

118 935 356 1003 ligione,
382 942 697 1007 quantum
729 936 1013 991 Dominus
1038 935 1181 991 dare
1202 936 1483 1004 dignatus
1503 934 1791 1007 est,quod

121 1024 218 1078 tibi
258 1024 408 1079 volo
452 1030 595 1079 ante
623 1024 949 1080 adventum
984 1040 1182 1080 meum
1215 1025 1465 1093 mittere,
1506 1026 1552 1079 si
1584 1025 1792 1080 charta

117 1114 358 1168 interim
383 1129 515 1169 non
542 1114 725 1170 desit.
764 1114 1068 1169 Tolerabis
1097 1113 1257 1169 enim
1302 1115 1790 1186 qualemcunque

117 1204 488 1274 scripturam
519 1220 587 1258 ex
635 1202 877 1258 officina
929 1204 1225 1275 majorum
1256 1205 1297 1256 ί.
1333 1204 1411 1258 De
1460 1202 1787 1267 codicibus,

118 1296 321 1363 praeter
353 1290 553 1347 libros
605 1292 678 1346 de
725 1290 987 1358 Oratore,
1010 1298 1198 1347 totum
1235 1292 1381 1347 mihi
1407 1291 1640 1347 excidit.
1675 1293 1784 1348 Sed

118 1382 257 1435 nihil
291 1382 575 1453 amplius
607 1381 931 1437 rescribere
960 1383 1145 1453 potui,
1180 1397 1364 1453 quam
1411 1386 1473 1436 ut
1528 1381 1651 1452 ipse
1693 1397 1788 1436 su-

120 1486 305 1525 meres
341 1470 760 1542 quosliberet,
791 1475 845 1525 et
877 1486 1034 1525 nunc
1073 1471 1134 1525 in
1167 1470 1374 1525 eadem
1405 1485 1622 1525 maneo
1654 1485 1786 1523 sen-

120 1562 312 1615 tentia.
346 1560 592 1615 Absens
618 1560 777 1614 enim
806 1560 948 1632 quid
966 1560 1093 1631 plus
1127 1560 1338 1614 faciam
1371 1576 1490 1614 non
1524 1559 1783 1614 invenio.

180 1648 676 1705 2.6ratissimum
695 1649 838 1703 mihi
853 1650 1129 1721 est,quod
1149 1649 1205 1703 in
1224 1648 1421 1704 ultima
1434 1648 1686 1720 epistola
1702 1665 1786 1703 me

121 1739 489 1810 participem
506 1738 820 1793 domestici
841 1738 1130 1808 tuigaudii
1150 1737 1338 1793 facere
1366 1738 1615 1793 veluisti.
1651 1738 1779 1803 Sed,

264 1847 429 1909 Meno
469 1846 600 1894 salis
627 1846 826 1909 placidi
859 1845 1065 1895 vultum
1096 1846 1399 1909 ﬂuctusque
1430 1846 1639 1908 quietos

265 1908 537 1971 lgnorare
564 1908 728 1970 jubes
762 1909 788 1957 ‘t

1128 1988 1294 2051 (Virg.
1344 1987 1627 2049 VzEneid.)

113 2094 478 2151 quanquam
509 2094 545 2133 n
559 2094 621 2133 ec
635 2077 979 2149 mejubeas,
997 2094 1102 2133 nec
1116 2078 1241 2149 ipse
1255 2078 1511 2147 ignores.
1529 2078 1720 2142 Quare
1735 2076 1779 2131 si

113 2168 184 2222 ad
202 2170 424 2223 melius
471 2168 866 2238 cogitandum
898 2168 1065 2239 quies
1099 2167 1295 2239 aliqua
1322 2167 1460 2221 data
1482 2172 1588 2231 est,
1621 2172 1781 2221 utere

112 2257 306 2312 divino
326 2256 960 2313 beneﬁcio.Necenim
983 2256 1484 2320 debemusnobis,
1509 2272 1644 2309 cum
1664 2255 1780 2310 ista

110 2346 740 2417 proveniunt,sedillis
765 2362 865 2416 per
878 2361 1029 2417 quos
1044 2346 1426 2417 proveniunt,
1449 2344 1730 2415 gratulari
1762 2362 1774 2400 :

109 2436 405 2507 quoniam
426 2437 618 2507 justa,
636 2440 689 2490 et
706 2435 997 2500 ofﬁciosa,
1018 2440 1072 2489 et
1097 2450 1205 2505 pro
1228 2450 1337 2489 suo
1362 2449 1577 2506 genere
1599 2450 1776 2505 paca-

108 2527 213 2580 tior
238 2533 426 2597 atque
445 2524 822 2597 tranquillior
842 2540 1036 2579 rerum
1054 2524 1471 2595 temporalium
1488 2524 1772 2580 adminis-

108 2616 285 2669 tratio
316 2614 814 2686 recipiendorum
847 2619 1205 2669 aeternorum
1246 2616 1520 2669 meritum
1564 2614 1769 2684 gignit,

108 2704 154 2758 si
178 2720 303 2760 non
326 2708 537 2759 teneat
569 2721 706 2758 cum
734 2709 979 2767 tenetur,
1014 2720 1123 2759 nec
1162 2704 1425 2775 implicet
1454 2720 1589 2757 cum
1620 2702 1774 2758 mul-

107 2792 433 2863 tiplicatur,
474 2792 525 2848 si
564 2808 684 2847 non
717 2808 853 2847 cum
899 2797 1150 2863 pacatur
1183 2797 1203 2827 ³
1247 2791 1533 2848 involvat.
1582 2792 1773 2863 Ipsius

108 2882 261 2937 enim
294 2882 585 2937 Veritatis
615 2897 718 2936 ore
743 2880 971 2936 dictum
1008 2888 1095 2936 est
1123 2899 1136 2936 :
1169 2881 1233 2936 Si
1257 2883 1318 2936 in
1347 2883 1545 2937 alieno
1567 2881 1772 2950 ﬁdeles

109 2987 219 3026 non
241 2971 663 3042 fuistis,quod
687 2977 946 3026 vestrum
979 2977 1061 3026 est
1079 2972 1211 3042 quis
1237 2971 1404 3027 dabit
1422 2971 1584 3025 vobis
1602 2970 1769 3041 (Luc.

109 3076 219 3123 xvi,
271 3065 356 3129 l2)
389 3062 419 3116 ?
456 3060 696 3114 Laxatis
734 3074 877 3129 ergo
921 3060 1079 3114 curis
1122 3059 1501 3115 mutabilium
1547 3076 1769 3124 rerum,

109 3148 261 3205 bona
275 3148 529 3203 stabilia
544 3155 601 3203 et
617 3153 776 3205 certa
797 3164 1164 3220 quaeramus,
1193 3148 1646 3220 supervolemus
1663 3154 1772 3203 ter-

106 3241 253 3294 renis
277 3238 507 3311 opibus
545 3238 786 3293 nostris.
819 3241 964 3294 Nam
1009 3244 1063 3294 et
1094 3239 1153 3293 in
1183 3237 1375 3293 mellis
1415 3239 1611 3309 c0pia,
1648 3254 1768 3294 non

108 3326 317 3384 frustra
332 3343 578 3401 pennas
590 3327 1023 3398 habetapicula
1040 3344 1053 3394 ;
1069 3328 1406 3383 necatenim
1425 3328 1765 3383 haerentem.

620 3434 953 3490 EPISTOLA
997 3435 1109 3489 xvr
1142 3435 1245 3506 (a).

105 3525 403 3581 Maximus
445 3523 885 3595 grammaticus
946 3523 1356 3580 Madaurensis
1407 3524 1762 3595 Augustino,

164 3630 471 3670 excusans
496 3630 533 3669 a
562 3614 827 3683 Paganis
860 3629 1043 3669 unum
1068 3615 1246 3669 Deum
1282 3614 1469 3669 variis
1509 3613 1767 3668 nomini-

166 3705 273 3759 bus
300 3704 445 3767 cnli,
462 3702 796 3771 indignans
810 3709 1070 3757 mortuos
1085 3702 1345 3758 homines
1364 3703 1637 3757 Gentium
1652 3702 1767 3757 diis

160 3791 754 3861 praferriﬁrridens
782 3791 1298 3862 Punicaquazdam
1318 3792 1560 3847 nomina
1575 3808 1597 3857 ,·
1612 3806 1767 3860 pers-

167 3884 468 3952 tringens,
506 3880 848 3949 opinamur,
888 3880 1281 3947 Christianos,
1324 3882 1485 3952 quod
1527 3896 1765 3937 venera-

165 3979 387 4027 rentur
434 3971 721 4037 sepulcra
778 3974 1136 4041 martyrum,
1202 3986 1273 4026 ac
1338 3976 1552 4025 notans
1610 3970 1768 4041 quod

159 4062 472 4129 profanos
516 4059 600 4115 ad
622 4074 733 4116 sua
763 4073 939 4115 sacra
967 4075 1085 4115 non
1117 4060 1515 4117 admitterent.

319 4174 533 4212 ΠΔΧΙΗΙ
574 4173 955 4213 MADAURENSIS
996 4161 1016 4192 ³
1056 4175 1127 4213 ΑΙ)
1168 4175 1535 4215 AUGUSTINUM.

171 4267 429 4321 LAvens
442 4265 652 4319 crebro
668 4264 781 4319 tuis
792 4264 1068 4332 affatibus
1085 4265 1467 4333 laetiﬁcarijn
1480 4266 1763 4323 instinctu

100 4354 753 4424 tuisermonis,quome
778 4355 962 4421 paulo
985 4360 1123 4410 ante
1148 4356 1761 4426 jucundissimesalva

97 4443 402 4498 charitate
430 4443 712 4510 pulsasti,
739 4444 920 4512 paria
940 4443 1249 4500 redhibere
1286 4460 1405 4499 non
1440 4446 1654 4508 destiti,
1688 4461 1761 4503 ne

94 4532 400 4588 silentium
415 4546 611 4586 meum
622 4532 1048 4601 plenitudinem
1063 4535 1422 4602 appellares.
1437 4535 1556 4590 Sed
1566 4551 1758 4605 quaeso

96 4630 150 4674 ut
164 4624 215 4676 si
227 4622 361 4677 hac
373 4622 555 4692 quasi
564 4622 776 4678 seniles
788 4627 955 4677 artus
971 4638 1089 4678 esse
1099 4623 1360 4687 duxeris,
1371 4624 1755 4694 benignarum

96 4711 332 4765 aurium
348 4710 732 4780 indulgentia
741 4712 1140 4781 prosequaris.
1169 4712 1485 4782 Olympum
1501 4720 1753 4770 montem

94 4798 338 4855 deorum
376 4814 504 4855 esse
534 4799 1090 4865 hobitaculum,sub
1122 4801 1352 4857 incerta
1381 4802 1498 4869 ﬁde
1530 4803 1753 4860 Gracia

94 4887 433 4955 fabulatur.
460 4888 541 4943 At
573 4903 705 4944 vero
732 4895 950 4944 nostra:
980 4889 1140 4944 urbis
1163 4892 1366 4957 forum
1395 4892 1749 4949 salutarium

151 5016 166 5044 ι
197 5012 323 5082 b_is_s_.
352 5016 565 5082 septem
594 5012 812 5082 habent,
846 5027 906 5062 ea:
926 5012 1137 5082 ofﬁcina
1164 5014 1419 5077 Maiorini
1432 5018 1748 5082 _;_antiquio-

94 5089 173 5123 res
206 5074 317 5123 Edd
345 5074 432 5140 ad
456 5077 871 5140 margincmpea:
902 5074 1119 5140 ofﬁcina
1149 5074 1394 5125 meorum.
1432 5079 1571 5127 Num
1616 5074 1751 5130 forte

96 5139 375 5204 sietestus
402 5138 876 5202 interpungendus
907 5138 983 5189 est
1016 5139 1042 5187 ‘i
1066 5139 1148 5187 Ex
1181 5140 1387 5202 ofﬁcina
1404 5143 1660 5204 majorum
1692 5144 1751 5192 de

92 5200 360 5256 codicibus,
383 5204 487 5250 etc.

150 5266 168 5295 ι
196 5264 317 5328 Mss.
352 5278 521 5328 prape
536 5276 762 5328 omnes,
794 5268 1032 5328 putatur.
1051 5264 1204 5328 Forte
1240 5279 1334 5328 pro
1363 5270 1622 5327 portatur.

120 5327 167 5391 _’
193 5326 251 5391 in
292 5325 423 5391 Mss.
457 5325 635 5376 tribus
687 5325 953 5375 Maximus
992 5325 1377 5377 Madaurensis—
1414 5328 1749 5380 Grammatici

95 5388 239 5437 titulo
274 5389 532 5443 donatur.

155 5456 181 5518 ‘_
197 5452 310 5518 llaec
338 5454 510 5518 Epist.
525 5455 577 5502 et
605 5451 755 5518 XVll
773 5450 841 5500 ad
862 5451 1151 5518 Maximum
1175 5453 1448 5518 recensita:
1466 5458 1593 5518 sunt
1611 5457 1679 5505 ad
1696 5469 1744 5505 a.

99 5526 139 5557 α.
170 5513 239 5583 bl.
281 5513 485 5579 bnfbg.
521 5530 569 5564 c.
594 5528 672 5564 cc.
713 5513 767 5560 Π.
798 5527 958 5623 g.gv.
987 5514 1025 5576 j.
1060 5529 1113 5563 n.
1146 5530 1187 5563 r.
1216 5530 1262 5565 s.
1303 5516 1387 5565 sb.
1426 5521 1460 5565 t.
1496 5517 1631 5566 duos
1663 5533 1743 5567 vc.

102 5588 313 5623 immane.
344 5595 393 5623 ν-
423 5584 479 5623 et
515 5578 584 5623 ad
621 5578 748 5623 Am-
791 5578 859 5623 Ba
903 5614 913 5623 .
951 5577 1033 5623 Er.
1071 5577 1197 5623 Lov.

102 5577 313 5641 quinque
344 5595 393 5627 ν.
423 5577 479 5628 et
515 5578 585 5628 ad
621 5578 748 5628 Am.
791 5577 913 5624 Bad.
951 5577 1033 5626 Er.
1071 5577 1197 5627 Lov.

154 5642 209 5695 ta:
247 5644 389 5693 Alias
430 5644 714 5708 £3_;_quae
751 5642 933 5688 autem
973 5642 1030 5687 16
1060 5644 1192 5699 erat,
1238 5654 1383 5691 nunc
1427 5643 1502 5690 74.
1540 5642 1747 5708 Scripta

100 5698 205 5755 forte
220 5709 356 5759 circa
385 5721 478 5758 an.
498 5698 617 5754 390:

1898 398 2209 455 numinum
2220 399 2563 470 frequentia
2576 418 2901 471 possessum
2918 423 3022 464 nos
3040 410 3336 467 cernimus
3348 419 3400 467 et
3409 426 3548 480 pro-

1901 487 2028 543 bam
2039 503 2124 542 us.
2136 488 2421 559 Equidem
2438 506 2617 546 unum
2633 507 2752 550 esse
2762 496 2949 551 Deum
2965 513 3278 563 summum,
3293 501 3548 557 sineini-

1902 577 2135 641 tio,sine
2143 578 2313 644 prole
2324 585 2691 643 naturw,ceu
2704 589 2931 651 patrem
2947 602 3225 657 magnum
3238 594 3417 660 atque
3428 605 3552 647 ma-

1899 666 2476 737 gniﬁcum,quistam
2491 669 2748 735 demens,
2777 679 2896 728 tam
2916 683 3107 731 mente
3135 684 3345 747 captus
3376 685 3548 749 neget

1900 768 2019 809 esse
2030 754 2414 810 certissimum
2432 754 2532 811 ?H
2531 774 2565 812 u
2560 760 2662 827 jus
2677 774 2780 814 nos
2797 760 3045 818 virtutes
3054 779 3163 831 per
3174 766 3547 823 mundanum

1899 857 2046 911 opus
2058 843 2322 913 diffusas,
2352 845 2554 900 multis
2572 862 2711 902 voca
2721 848 2873 904 bulis
2886 850 3248 919 invocamus,
3262 855 3543 923 quoniam

1898 947 2109 988 nomen
2149 936 2274 1002 ejus
2305 935 2507 990 cuncti
2528 937 2840 1005 proprium
2875 939 3145 997 videlicet
3176 944 3544 1012 ignoramus.

1897 1020 2051 1077 Nam
2090 1022 2248 1078 Deus
2278 1023 2543 1079 omnibus
2575 1027 2949 1097 religionibus
2998 1045 3305 1087 commune
3337 1047 3546 1088 nomen

1898 1115 1996 1165 est.
2039 1110 2131 1166 Ita
2158 1113 2227 1179 ﬁt
2274 1118 2336 1166 ut
2391 1113 2532 1168 dum
2574 1116 2700 1184 ejus
2739 1118 2914 1186 quasi
2964 1119 3236 1189 quaedam
3285 1120 3547 1177 membra

1900 1199 2179 1267 carptim,
2214 1200 2397 1257 variis
2423 1204 2956 1271 supplicationibus
2986 1209 3423 1279 prosequimur,
3461 1214 3544 1266 to-

1899 1293 2023 1342 tum
2059 1290 2250 1345 colere
2275 1292 2547 1359 profecto
2588 1293 2919 1349 videamur.

1968 1379 2018 1430 2.
2034 1376 2150 1432 Sed
2158 1377 2340 1446 impat
2348 1380 2558 1435 ientem
2574 1395 2664 1436 me
2675 1396 2795 1436 esse
2818 1385 2976 1439 tanti
3008 1384 3249 1449 erroris,
3263 1384 3538 1441 dissimu-

1898 1466 2027 1521 lare
2050 1481 2169 1521 non
2181 1481 2438 1533 possum.
2471 1467 2609 1534 Quis
2641 1471 2794 1525 enim
2822 1470 3133 1538 feratJovi
3151 1473 3419 1542 fulmina
3462 1474 3545 1529 vi-

1898 1555 2101 1610 branti
2113 1557 2396 1625 praeferri
2410 1558 2766 1628 Mygdonem
2789 1562 3099 1628 1,‘Junoni,
3114 1563 3419 1628 Minervae,
3446 1564 3546 1619 Ve-

1894 1644 2044 1710 neri,
2079 1644 2371 1715 Vestaeque
2389 1646 2743 1717 Sanaem,et
2766 1651 3015 1715 cunctis,
3045 1651 3420 1721 prohnefast
3433 1651 3546 1707 diis

1893 1733 2326 1789 immortalibus
2356 1736 2858 1807 archimartyrem
2884 1740 3540 1810 Namphanionem?in-

1893 1825 2384 1894 terquosLucitas
2412 1825 2584 1881 etiam
2600 1826 2767 1882 haud
2791 1828 3019 1885 minore
3033 1831 3194 1885 cultu
3219 1831 3544 1899 suspicitur

1892 1916 1933 1976 ³,
1956 1912 2254 1984 atquealii
2266 1915 2644 1970 interminato
2677 1932 2921 1973 numero
2938 1918 3068 1985 (diis
3094 1919 3546 1993 hominibusque

1890 2002 2093 2057 odiosa
2118 2003 2380 2074 nomina)
2413 2004 2517 2075 qui
2528 2006 2879 2062 conscientia
2912 2010 2931 2041 ³
2964 2009 3363 2078 nefandorum
3394 2008 3541 2079 faci-

1887 2106 2121 2155 norum,
2153 2094 2336 2161 specie
2349 2092 2623 2162 gloriam
2651 2097 2875 2158 mortis,
2908 2097 3126 2153 scelera
3176 2112 3286 2153 sua
3316 2098 3544 2155 sceleri-

1890 2180 1995 2235 bus
2045 2181 2441 2245 cumulantes,
2498 2182 2747 2252 dignum
2787 2185 3044 2240 moribus
3081 2185 3378 2258 factisque
3422 2188 3541 2243 suis

1886 2270 2110 2324 exitum
2135 2270 2429 2325 maculati
2451 2278 2824 2338 repererunt.
2848 2273 3079 2328 Horum
3110 2274 3302 2339 busta,
3336 2276 3388 2329 si
3426 2290 3540 2332 me-

1884 2364 2120 2414 moratu
2134 2359 2379 2428 dignum
2403 2367 2504 2424 est,
2531 2361 2753 2415 relictis
2776 2362 3027 2431 templis,
3042 2363 3325 2432 neglectis
3348 2366 3537 2434 majo-

1883 2462 2017 2502 rum
2055 2463 2298 2503 suorum
2329 2449 2623 2514 manibus,
2655 2450 2825 2505 stulti
2876 2450 3288 2522 frequentant,
3338 2450 3424 2508 ita
3476 2460 3539 2508 ut

1878 2539 2243 2607 prasagium
2285 2540 2437 2593 vatis
2487 2538 2654 2593 illius
2684 2538 2929 2608 indigne
2952 2540 3197 2607 ferentis
3233 2541 3538 2599 emineat:

2040 2626 2207 2688 Inque
2229 2626 2395 2674 Deum
2431 2626 2644 2690 templis
2660 2626 2861 2689 juravit
2892 2627 3062 2678 Roma
3086 2642 3179 2692 per
3205 2629 3441 2680 umbras.

3007 2708 3307 2771 (Lucanum)

1885 2784 1997 2841 Sed
2047 2785 2191 2841 mihi
2242 2786 2357 2841 hac
2399 2790 2746 2858 tempestate
2808 2789 3253 2859 propemodum
3303 2789 3536 2847 videtur

1881 2873 2103 2930 bellum
2135 2876 2439 2931 Actiacum
2473 2878 2493 2910 ‘
2533 2892 2736 2931 rursus
2762 2882 3055 2942 exortum,
3104 2893 3225 2950 quo
3257 2878 3537 2951 Egyptia

1882 2969 2155 3019 monstra
2177 2965 2234 3019 in
2250 2967 2658 3021 Romanorum
2679 2965 2826 3021 deos
2853 2967 3115 3022 audeant
3131 2966 3245 3024 tela
3272 2967 3533 3035 vibrare,

1881 3051 2128 3106 minime
2154 3051 2457 3108 duratura.

1951 3143 2002 3195 3.
2036 3140 2151 3196 Sed
2179 3140 2334 3196 illud
2348 3157 2563 3212 quaeso,
2598 3141 2690 3197 vir
2718 3142 3165 3210 sapientissime,
3190 3144 3280 3198 uti
3308 3150 3532 3201 remoto

1874 3229 2181 3297 facundiae
2207 3230 2409 3285 robore
2438 3238 2615 3301 atque
2638 3231 3039 3302 exploso,qua
3070 3232 3293 3287 cunctis
3323 3234 3529 3289 clarus

1878 3333 1953 3382 es,
1994 3319 2216 3374 omissis
2246 3320 2421 3375 etiam
2462 3320 2673 3391 quibus
2692 3334 2967 3391 pugnare
2989 3319 3207 3376 solebas
3238 3320 3526 3392 Chrysip-

1876 3408 2002 3475 peis
2055 3408 2442 3478 argumentis,
2482 3409 2802 3477 postposita
2828 3409 3145 3478 paululum
3188 3409 3529 3479 dialectica,

1879 3512 2007 3569 quae
2032 3512 2349 3553 nervorum
2390 3513 2627 3554 suorum
2665 3498 2988 3554 luctamine
3025 3498 3183 3554 nihil
3224 3501 3373 3554 certi
3402 3498 3527 3555 cui-

1876 3602 2053 3657 quam
2087 3587 2421 3657 relinquere
2449 3587 2682 3649 nititur,
2710 3590 2839 3655 ipsa
2870 3602 2933 3644 re
2950 3587 3260 3655 approbes,
3294 3588 3424 3660 quis
3453 3590 3529 3644 sit

1875 3675 1978 3731 iste
2010 3677 2162 3731 Deus
2194 3692 2359 3746 quem
2388 3676 2569 3739 vobis,
2611 3675 2959 3740 Christiani,
2994 3678 3167 3748 quasi
3209 3677 3524 3746 proprium

1877 3764 2210 3831 vindicatis,
2239 3771 2292 3820 et
2322 3764 2383 3818 in
2412 3764 2551 3819 locis
2581 3764 2798 3820 abditis
2829 3768 3171 3833 prxsentem
3200 3780 3296 3820 vos
3328 3765 3529 3822 videre

1876 3853 2233 3921 componitis.
2248 3854 2370 3908 Nos
2392 3854 2601 3909 etenim
2616 3855 2751 3910 deos
2773 3859 2999 3908 nostros
3027 3859 3144 3908 tres
3154 3853 3356 3918 palam
3387 3860 3530 3911 ante

1876 3942 2075 3997 oculos
2095 3947 2273 4011 atque
2301 3957 2474 3997 aures
2488 3942 2745 3997 omnium
2761 3940 3104 3996 mortalium
3116 3941 3230 4008 piis
3255 3941 3527 4009 precibus

1875 4031 2274 4095 adoramus,et
2286 4046 2395 4099 per
2414 4045 2618 4087 suaves
2633 4030 2851 4086 hostias
2863 4029 3150 4099 propitios
3165 4030 3327 4086 nobis
3340 4030 3527 4099 efﬁci-

1875 4136 2021 4189 mus,
2040 4127 2093 4177 et
2115 4136 2149 4176 a
2178 4122 2406 4178 cunctis
2425 4120 2547 4177 haec
2560 4120 2720 4176 cerni
2731 4126 2785 4175 et
2807 4119 3060 4189 probari
3089 4118 3520 4175 contendimus.

1943 4215 1996 4267 4.
2039 4212 2157 4269 Sed
2186 4211 2435 4267 ulterius
2475 4210 2614 4267 huic
2651 4208 2966 4265 certamini
2985 4224 3075 4264 me
3099 4222 3278 4265 senex
3304 4208 3524 4264 invali-

1871 4300 1979 4355 dus
2008 4302 2315 4371 subtraho,
2350 4307 2402 4356 et
2436 4300 2495 4354 in
2535 4298 2885 4355 sententiam
2915 4297 3239 4353 Mantuani
3266 4296 3520 4354 rhetoris

1873 4389 2124 4446 libenter
2151 4405 2331 4461 pergo
2365 4406 2381 4444 :

2426 4458 2609 4507 Trahit
2650 4470 2748 4507 sua
2780 4470 3049 4520 quemque
3083 4456 3355 4520 voluptas.

2646 4538 2815 4601 (Virg.
2844 4538 2902 4586 in
2932 4538 3057 4586 Bue.
3101 4537 3216 4587 Ecl.
3246 4538 3318 4599 2.)

1867 4624 2007 4679 Post
2038 4623 2155 4678 haec
2180 4637 2298 4677 non
2326 4620 2551 4686 dubito,
2568 4619 2660 4675 vir
2678 4619 2912 4686 eximie,
2940 4618 3043 4690 qui
3053 4632 3229 4675 antea
3251 4617 3517 4675 sectade—

1866 4711 2054 4777 viasti,
2072 4710 2227 4766 hanc
2254 4710 2561 4778 epistolam
2600 4707 2934 4778 aliquorum
2969 4708 3135 4777 furto
3160 4707 3512 4773 detractam,

1861 4799 2119 4870 ﬂammis
2132 4800 2225 4855 vel
2239 4797 2490 4871 quolibet
2501 4804 2676 4866 pacto
2688 4796 3216 4866 perituram.0uod
3226 4799 3278 4852 si
3288 4796 3514 4853 accide-

1863 4890 2084 4949 rit.erit
2096 4889 2369 4944 damnum
2384 4888 3511 4956 chartulaemonnostrisermonis,cujus

1862 4979 2169 5047 exemplar
2186 4993 2361 5045 penes
2391 4991 2577 5031 omnes
2600 4976 2903 5045 religiosos
2918 4981 3198 5046 perpetuo
3224 4974 3506 5030 retinebo.

1860 5066 1957 5121 Dii
1967 5072 2022 5121 te
2032 5073 2274 5134 servent,
2280 5080 2384 5136 per
2394 5080 2532 5136 quos
2544 5071 2595 5120 et
2610 5080 2800 5120 eorum
2814 5070 2993 5135 atque
3004 5070 3348 5119 cunctorum
3362 5075 3505 5115 mor-

1922 5210 1937 5242 ¹
1972 5208 2096 5257 Mss.
2130 5207 2414 5258 duodecim
2442 5206 2737 5269 Migginem,
2771 5220 2832 5257 ac
2850 5205 3160 5269 paulopost
3181 5201 3378 5269 habent
3399 5200 3505 5269 ple-

1860 5271 2031 5333 rique,
2070 5271 2328 5333 Sanamen
2358 5284 2453 5333 pro
2479 5263 2703 5319 Santiem
2741 5263 3216 5333 :_no'nnulli_'e_tiam
3246 5263 3505 5333 Nampha-

1858 5327 2075 5388 monem,
2109 5347 2205 5396 pro
2253 5327 2720 5396 Namphanionem.
2768 5330 2929 5396 Porro
2968 5327 3506 5396 celebratur_martyr

1858 5388 2188 5456 Namphanio
2220 5396 2273 5443 in
2301 5388 2645 5457 Martyrolog.
2679 5395 2829 5443 Rom.
2857 5391 2925 5440 ad
2957 5391 3097 5439 diem
3128 5388 3311 5452 ijulii.

1918 5459 1935 5487 ²
1961 5457 2081 5521 Mss.
2108 5458 2363 5521 quinque,
2396 5456 2685 5521 suscipitur.

1916 5520 2077 5568 3Mss.
2124 5514 2347 5583 plures:
2386 5514 2547 5581 Atque
2590 5518 2698 5583 alia
2748 5516 3083 5583 interminato
3110 5528 3355 5583 numero,
3401 5514 3501 5583 diis

1854 5578 2241 5645 hominibusque
2256 5584 2433 5645 odiosa
2454 5578 2804 5645 numin_a,quce
2820 5579 3018 5627 conscia
3028 5578 3497 5645 nefandorumietc.

1918 5648 1932 5676 ι
1961 5645 2083 5693 Mss.
2117 5638 2236 5694 octo
2270 5660 2281 5693 :
2312 5644 2505 5691 Bellum
2533 5638 2838 5690 Actiaticum
2870 5655 3051 5689 rursus
3078 5638 3326 5689 exortum.
3363 5638 3497 5698 Qua-

1856 5709 1979 5757 tuor
2012 5707 2149 5763 Vat.,
2180 5706 2475 5756 Asiaticum.
2515 5704 2613 5755 Alii
2647 5704 2807 5765 Cdd.,
2844 5703 3122 5755 Actiacum.
