  <div class='ocr_page' id='page_1' title='image "/cluster/home/n/w/nwhite01/storage/ocr_20150623/33/hvd.32044096580568/047.png"; bbox 0 0 4164 6182; ppageno 0'>
   <div class='ocr_carea' id='block_1_1' title="bbox 546 230 3960 335">
    <p class='ocr_par' dir='ltr' id='par_1_1' title="bbox 546 230 3960 335">
     <span class='ocr_line' id='line_1_1' title="bbox 546 230 3960 335; baseline -0.015 0"><span class='ocrx_word' id='word_1_1' title='bbox 546 280 615 335; x_wconf 87' lang='lat'><em>83</em></span> <span class='ocrx_word' id='word_1_2' title='bbox 1823 260 1881 314; x_wconf 89' lang='lat' dir='ltr'><em>S.</em></span> <span class='ocrx_word' id='word_1_3' title='bbox 1923 246 2305 311; x_wconf 83' lang='lat' dir='ltr'><em>AUGUSTINI</em></span> <span class='ocrx_word' id='word_1_4' title='bbox 2348 250 2671 306; x_wconf 81' lang='lat' dir='ltr'><em>EPISCOPI</em></span> <span class='ocrx_word' id='word_1_5' title='bbox 3885 230 3960 288; x_wconf 77' lang='grc'><em>84</em></span> 
     </span>
    </p>
   </div>
   <div class='ocr_carea' id='block_1_2' title="bbox 546 384 2199 464">
    <p class='ocr_par' dir='ltr' id='par_1_2' title="bbox 546 384 2199 464">
     <span class='ocr_line' id='line_1_2' title="bbox 546 384 2199 464; baseline -0.02 -2"><span class='ocrx_word' id='word_1_6' title='bbox 546 406 757 463; x_wconf 83' lang='lat' dir='ltr'><em>talium</em></span> <span class='ocrx_word' id='word_1_7' title='bbox 781 412 1135 459; x_wconf 83' lang='lat' dir='ltr'><em>communem</em></span> <span class='ocrx_word' id='word_1_8' title='bbox 1170 390 1696 464; x_wconf 80' lang='lat' dir='ltr'><em>patrem,universi</em></span> <span class='ocrx_word' id='word_1_9' title='bbox 1723 384 2021 444; x_wconf 66' lang='lat' dir='ltr'><em>mortales,</em></span> <span class='ocrx_word' id='word_1_10' title='bbox 2058 393 2199 450; x_wconf 84' lang='lat' dir='ltr'><em>quos</em></span> 
     </span>
    </p>
   </div>
   <div class='ocr_carea' id='block_1_3' title="bbox 547 468 2193 551">
    <p class='ocr_par' dir='ltr' id='par_1_3' title="bbox 547 468 2193 551">
     <span class='ocr_line' id='line_1_3' title="bbox 547 468 2193 551; baseline -0.015 -3"><span class='ocrx_word' id='word_1_11' title='bbox 547 502 704 551; x_wconf 84' lang='lat' dir='ltr'><em>terra</em></span> <span class='ocrx_word' id='word_1_12' title='bbox 772 489 1043 551; x_wconf 80' lang='lat' dir='ltr'><em>sustinet,</em></span> <span class='ocrx_word' id='word_1_13' title='bbox 1103 486 1268 540; x_wconf 80' lang='lat' dir='ltr'><em>mille</em></span> <span class='ocrx_word' id='word_1_14' title='bbox 1325 483 1513 539; x_wconf 86' lang='lat' dir='ltr'><em>modis</em></span> <span class='ocrx_word' id='word_1_15' title='bbox 1568 475 1846 535; x_wconf 78' lang='lat' dir='ltr'><em>concordi</em></span> <span class='ocrx_word' id='word_1_16' title='bbox 1897 468 2193 527; x_wconf 81' lang='lat' dir='ltr'><em>discordia</em></span> 
     </span>
    </p>
   </div>
   <div class='ocr_carea' id='block_1_4' title="bbox 549 576 1295 641">
    <p class='ocr_par' dir='ltr' id='par_1_4' title="bbox 549 576 1295 641">
     <span class='ocr_line' id='line_1_4' title="bbox 549 576 1295 641; baseline -0.017 0"><span class='ocrx_word' id='word_1_17' title='bbox 549 596 821 641; x_wconf 85' lang='lat' dir='ltr'><em>veneram</em></span> <span class='ocrx_word' id='word_1_18' title='bbox 833 594 905 632; x_wconf 87' lang='lat' dir='ltr'><em>ur</em></span> <span class='ocrx_word' id='word_1_19' title='bbox 934 586 985 633; x_wconf 80' lang='lat' dir='ltr'><em>et</em></span> <span class='ocrx_word' id='word_1_20' title='bbox 1024 576 1295 631; x_wconf 79' lang='lat' dir='ltr'><em>colimus.</em></span> 
     </span>
    </p>
   </div>
   <div class='ocr_carea' id='block_1_5' title="bbox 1044 659 1699 731">
    <p class='ocr_par' dir='ltr' id='par_1_5' title="bbox 1044 659 1699 731">
     <span class='ocr_line' id='line_1_5' title="bbox 1044 659 1699 731; baseline -0.011 -12"><span class='ocrx_word' id='word_1_21' title='bbox 1044 663 1379 719; x_wconf 81' lang='lat' dir='ltr'><em>EPISTOLA</em></span> <span class='ocrx_word' id='word_1_22' title='bbox 1422 663 1554 714; x_wconf 84' lang='lat' dir='ltr'><em>xvu</em></span> <span class='ocrx_word' id='word_1_23' title='bbox 1596 659 1699 731; x_wconf 90' lang='lat' dir='ltr'><em>(a).</em></span> 
     </span>
    </p>
   </div>
   <div class='ocr_carea' id='block_1_6' title="bbox 549 738 2203 831">
    <p class='ocr_par' dir='ltr' id='par_1_6' title="bbox 549 738 2203 831">
     <span class='ocr_line' id='line_1_6' title="bbox 549 738 2203 831; baseline -0.015 -15"><span class='ocrx_word' id='word_1_24' title='bbox 549 759 921 831; x_wconf 75' lang='lat' dir='ltr'><em>Augustinus</em></span> <span class='ocrx_word' id='word_1_25' title='bbox 977 754 1237 810; x_wconf 76' lang='lat' dir='ltr'><em>Maximo</em></span> <span class='ocrx_word' id='word_1_26' title='bbox 1292 750 1689 823; x_wconf 79' lang='lat' dir='ltr'><em>grammatico</em></span> <span class='ocrx_word' id='word_1_27' title='bbox 1750 742 2057 812; x_wconf 78' lang='lat' dir='ltr'><em>respondet</em></span> <span class='ocrx_word' id='word_1_28' title='bbox 2122 738 2203 794; x_wconf 88' lang='lat' dir='ltr'><em>ad</em></span> 
     </span>
    </p>
   </div>
   <div class='ocr_carea' id='block_1_7' title="bbox 625 829 2201 916">
    <p class='ocr_par' dir='ltr' id='par_1_7' title="bbox 625 829 2201 916">
     <span class='ocr_line' id='line_1_7' title="bbox 625 829 2201 916; baseline -0.016 -11"><span class='ocrx_word' id='word_1_29' title='bbox 625 829 958 916; x_wconf 77' lang='lat' dir='ltr'><em>superiora,</em></span> <span class='ocrx_word' id='word_1_30' title='bbox 990 844 1091 900; x_wconf 89' lang='lat' dir='ltr'><em>sed</em></span> <span class='ocrx_word' id='word_1_31' title='bbox 1144 842 1227 898; x_wconf 86' lang='lat' dir='ltr'><em>sic</em></span> <span class='ocrx_word' id='word_1_32' title='bbox 1271 848 1333 896; x_wconf 84' lang='lat' dir='ltr'><em>ut</em></span> <span class='ocrx_word' id='word_1_33' title='bbox 1386 838 1653 896; x_wconf 77' lang='lat' dir='ltr'><em>ostendat</em></span> <span class='ocrx_word' id='word_1_34' title='bbox 1684 835 1936 905; x_wconf 83' lang='lat' dir='ltr'><em>indigna</em></span> <span class='ocrx_word' id='word_1_35' title='bbox 1990 829 2201 901; x_wconf 83' lang='lat' dir='ltr'><em>quibus</em></span> 
     </span>
    </p>
   </div>
   <div class='ocr_carea' id='block_1_8' title="bbox 624 929 1819 1007">
    <p class='ocr_par' dir='ltr' id='par_1_8' title="bbox 624 929 1819 1007">
     <span class='ocr_line' id='line_1_8' title="bbox 624 929 1819 1007; baseline -0.013 -13"><span class='ocrx_word' id='word_1_36' title='bbox 624 936 1078 1007; x_wconf 77' lang='lat' dir='ltr'><em>respondeatur,</em></span> <span class='ocrx_word' id='word_1_37' title='bbox 1111 933 1295 1002; x_wconf 85' lang='lat' dir='ltr'><em>digna</em></span> <span class='ocrx_word' id='word_1_38' title='bbox 1326 945 1456 1001; x_wconf 55' lang='lat' dir='ltr'><em>qua</em></span> <span class='ocrx_word' id='word_1_39' title='bbox 1486 929 1819 983; x_wconf 82' lang='lat' dir='ltr'><em>rideantur.</em></span> 
     </span>
    </p>
   </div>
   <div class='ocr_carea' id='block_1_9' title="bbox 948 1017 1811 1079">
    <p class='ocr_par' dir='ltr' id='par_1_9' title="bbox 948 1017 1811 1079">
     <span class='ocr_line' id='line_1_9' title="bbox 948 1017 1811 1079; baseline -0.014 0"><span class='ocrx_word' id='word_1_40' title='bbox 948 1040 1019 1079; x_wconf 79' lang='lat' dir='ltr'><em>AD</em></span> <span class='ocrx_word' id='word_1_41' title='bbox 1059 1037 1309 1078; x_wconf 79' lang='lat' dir='ltr'><em>MAXlMUM</em></span> <span class='ocrx_word' id='word_1_42' title='bbox 1350 1032 1742 1075; x_wconf 75' lang='lat' dir='ltr'><em>MADAURENSEM</em></span> <span class='ocrx_word' id='word_1_43' title='bbox 1770 1017 1811 1067; x_wconf 87' lang='grc'><em>¹.</em></span> 
     </span>
    </p>
   </div>
   <div class='ocr_carea' id='block_1_10' title="bbox 634 1097 2205 1182">
    <p class='ocr_par' dir='ltr' id='par_1_10' title="bbox 634 1097 2205 1182">
     <span class='ocr_line' id='line_1_10' title="bbox 634 1097 2205 1182; baseline -0.013 -11"><span class='ocrx_word' id='word_1_44' title='bbox 634 1121 681 1171; x_wconf 76' lang='grc'><em>1.</em></span> <span class='ocrx_word' id='word_1_45' title='bbox 714 1114 1022 1171; x_wconf 80' lang='lat' dir='ltr'><em>Seriumne</em></span> <span class='ocrx_word' id='word_1_46' title='bbox 1050 1112 1164 1182; x_wconf 89' lang='lat' dir='ltr'><em>aliq</em></span> <span class='ocrx_word' id='word_1_47' title='bbox 1178 1110 1275 1165; x_wconf 93' lang='lat' dir='ltr'><em>uid</em></span> <span class='ocrx_word' id='word_1_48' title='bbox 1292 1110 1442 1164; x_wconf 88' lang='lat' dir='ltr'><em>inter</em></span> <span class='ocrx_word' id='word_1_49' title='bbox 1456 1124 1565 1161; x_wconf 90' lang='lat' dir='ltr'><em>nos</em></span> <span class='ocrx_word' id='word_1_50' title='bbox 1578 1106 1817 1175; x_wconf 83' lang='lat' dir='ltr'><em>agimus</em></span> <span class='ocrx_word' id='word_1_51' title='bbox 1833 1099 2110 1171; x_wconf 88' lang='lat' dir='ltr'><em>anjocari</em></span> <span class='ocrx_word' id='word_1_52' title='bbox 2132 1097 2205 1152; x_wconf 88' lang='lat' dir='ltr'><em>li-</em></span> 
     </span>
    </p>
   </div>
   <div class='ocr_carea' id='block_1_11' title="bbox 558 1196 2208 1271">
    <p class='ocr_par' dir='ltr' id='par_1_11' title="bbox 558 1196 2208 1271">
     <span class='ocr_line' id='line_1_11' title="bbox 558 1196 2208 1271; baseline -0.013 -8"><span class='ocrx_word' id='word_1_53' title='bbox 558 1206 697 1263; x_wconf 82' lang='lat' dir='ltr'><em>bet?</em></span> <span class='ocrx_word' id='word_1_54' title='bbox 720 1208 864 1260; x_wconf 82' lang='lat' dir='ltr'><em>Nam</em></span> <span class='ocrx_word' id='word_1_55' title='bbox 890 1202 1043 1258; x_wconf 84' lang='lat' dir='ltr'><em>sicut</em></span> <span class='ocrx_word' id='word_1_56' title='bbox 1074 1208 1175 1256; x_wconf 90' lang='lat' dir='ltr'><em>tua</em></span> <span class='ocrx_word' id='word_1_57' title='bbox 1196 1198 1444 1271; x_wconf 88' lang='lat' dir='ltr'><em>epistola</em></span> <span class='ocrx_word' id='word_1_58' title='bbox 1474 1196 1755 1268; x_wconf 81' lang='lat' dir='ltr'><em>loquitur,</em></span> <span class='ocrx_word' id='word_1_59' title='bbox 1790 1199 1989 1247; x_wconf 90' lang='lat' dir='ltr'><em>utrum</em></span> <span class='ocrx_word' id='word_1_60' title='bbox 2012 1204 2208 1245; x_wconf 65' lang='lat' dir='ltr'><em>causae</em></span> 
     </span>
    </p>
   </div>
   <div class='ocr_carea' id='block_1_12' title="bbox 559 1277 2209 1367">
    <p class='ocr_par' dir='ltr' id='par_1_12' title="bbox 559 1277 2209 1367">
     <span class='ocr_line' id='line_1_12' title="bbox 559 1277 2209 1367; baseline -0.011 -17"><span class='ocrx_word' id='word_1_61' title='bbox 559 1295 748 1367; x_wconf 87' lang='lat' dir='ltr'><em>ipsius</em></span> <span class='ocrx_word' id='word_1_62' title='bbox 768 1293 1130 1355; x_wconf 83' lang='lat' dir='ltr'><em>inﬁrmitate,</em></span> <span class='ocrx_word' id='word_1_63' title='bbox 1162 1305 1237 1345; x_wconf 92' lang='lat' dir='ltr'><em>an</em></span> <span class='ocrx_word' id='word_1_64' title='bbox 1270 1304 1507 1343; x_wconf 88' lang='lat' dir='ltr'><em>morum</em></span> <span class='ocrx_word' id='word_1_65' title='bbox 1533 1292 1767 1341; x_wconf 88' lang='lat' dir='ltr'><em>tuorum</em></span> <span class='ocrx_word' id='word_1_66' title='bbox 1784 1280 2058 1337; x_wconf 82' lang='lat' dir='ltr'><em>comitate</em></span> <span class='ocrx_word' id='word_1_67' title='bbox 2073 1277 2209 1333; x_wconf 85' lang='lat' dir='ltr'><em>sifa-</em></span> 
     </span>
    </p>
   </div>
   <div class='ocr_carea' id='block_1_13' title="bbox 560 1372 2207 1450">
    <p class='ocr_par' dir='ltr' id='par_1_13' title="bbox 560 1372 2207 1450">
     <span class='ocr_line' id='line_1_13' title="bbox 560 1372 2207 1450; baseline -0.013 -9"><span class='ocrx_word' id='word_1_68' title='bbox 560 1387 815 1450; x_wconf 89' lang='lat' dir='ltr'><em>ctum,ut</em></span> <span class='ocrx_word' id='word_1_69' title='bbox 828 1380 1036 1438; x_wconf 90' lang='lat' dir='ltr'><em>malles</em></span> <span class='ocrx_word' id='word_1_70' title='bbox 1051 1396 1177 1435; x_wconf 90' lang='lat' dir='ltr'><em>esse</em></span> <span class='ocrx_word' id='word_1_71' title='bbox 1193 1378 1433 1434; x_wconf 87' lang='lat' dir='ltr'><em>facetior</em></span> <span class='ocrx_word' id='word_1_72' title='bbox 1444 1393 1627 1449; x_wconf 87' lang='lat' dir='ltr'><em>quam</em></span> <span class='ocrx_word' id='word_1_73' title='bbox 1644 1372 2207 1446; x_wconf 86' lang='lat' dir='ltr'><em>paratior,incertum</em></span> 
     </span>
    </p>
   </div>
   <div class='ocr_carea' id='block_1_14' title="bbox 561 1460 2213 1540">
    <p class='ocr_par' dir='ltr' id='par_1_14' title="bbox 561 1460 2213 1540">
     <span class='ocr_line' id='line_1_14' title="bbox 561 1460 2213 1540; baseline -0.011 -10"><span class='ocrx_word' id='word_1_74' title='bbox 561 1472 986 1530; x_wconf 89' lang='lat' dir='ltr'><em>habeo.Primo</em></span> <span class='ocrx_word' id='word_1_75' title='bbox 1004 1470 1163 1525; x_wconf 91' lang='lat' dir='ltr'><em>enim</em></span> <span class='ocrx_word' id='word_1_76' title='bbox 1178 1469 1418 1540; x_wconf 87' lang='lat' dir='ltr'><em>Olympi</em></span> <span class='ocrx_word' id='word_1_77' title='bbox 1436 1465 1655 1521; x_wconf 90' lang='lat' dir='ltr'><em>montis</em></span> <span class='ocrx_word' id='word_1_78' title='bbox 1671 1462 1846 1518; x_wconf 87' lang='lat' dir='ltr'><em>etfori</em></span> <span class='ocrx_word' id='word_1_79' title='bbox 1860 1460 2039 1516; x_wconf 79' lang='lat' dir='ltr'><em>vestri</em></span> <span class='ocrx_word' id='word_1_80' title='bbox 2053 1474 2213 1514; x_wconf 86' lang='lat' dir='ltr'><em>com-</em></span> 
     </span>
    </p>
   </div>
   <div class='ocr_carea' id='block_1_15' title="bbox 562 1549 2213 1635">
    <p class='ocr_par' dir='ltr' id='par_1_15' title="bbox 562 1549 2213 1635">
     <span class='ocr_line' id='line_1_15' title="bbox 562 1549 2213 1635; baseline -0.012 -17"><span class='ocrx_word' id='word_1_81' title='bbox 562 1562 790 1635; x_wconf 79' lang='lat' dir='ltr'><em>paratio</em></span> <span class='ocrx_word' id='word_1_82' title='bbox 804 1561 959 1616; x_wconf 89' lang='lat' dir='ltr'><em>facta</em></span> <span class='ocrx_word' id='word_1_83' title='bbox 972 1564 1089 1613; x_wconf 87' lang='lat' dir='ltr'><em>est:</em></span> <span class='ocrx_word' id='word_1_84' title='bbox 1123 1574 1258 1629; x_wconf 66' lang='lat' dir='ltr'><em>quas</em></span> <span class='ocrx_word' id='word_1_85' title='bbox 1281 1556 1619 1625; x_wconf 85' lang='lat' dir='ltr'><em>nescioquo</em></span> <span class='ocrx_word' id='word_1_86' title='bbox 1639 1549 2123 1624; x_wconf 89' lang='lat' dir='ltr'><em>pertinuerit,nisi</em></span> <span class='ocrx_word' id='word_1_87' title='bbox 2154 1551 2213 1601; x_wconf 92' lang='lat' dir='ltr'><em>ut</em></span> 
     </span>
    </p>
   </div>
   <div class='ocr_carea' id='block_1_16' title="bbox 564 1642 2213 1708">
    <p class='ocr_par' dir='ltr' id='par_1_16' title="bbox 564 1642 2213 1708">
     <span class='ocr_line' id='line_1_16' title="bbox 564 1642 2213 1708; baseline -0.01 -1"><span class='ocrx_word' id='word_1_88' title='bbox 564 1668 661 1707; x_wconf 90' lang='lat' dir='ltr'><em>me</em></span> <span class='ocrx_word' id='word_1_89' title='bbox 676 1647 1216 1706; x_wconf 80' lang='lat' dir='ltr'><em>commonefaceret</em></span> <span class='ocrx_word' id='word_1_90' title='bbox 1242 1645 1412 1701; x_wconf 88' lang='lat' dir='ltr'><em>inillo</em></span> <span class='ocrx_word' id='word_1_91' title='bbox 1436 1648 1635 1699; x_wconf 90' lang='lat' dir='ltr'><em>monte</em></span> <span class='ocrx_word' id='word_1_92' title='bbox 1654 1646 1859 1697; x_wconf 84' lang='lat' dir='ltr'><em>Jovem</em></span> <span class='ocrx_word' id='word_1_93' title='bbox 1888 1642 2084 1694; x_wconf 87' lang='lat' dir='ltr'><em>castra</em></span> <span class='ocrx_word' id='word_1_94' title='bbox 2112 1652 2213 1708; x_wconf 89' lang='lat' dir='ltr'><em>po-</em></span> 
     </span>
    </p>
   </div>
   <div class='ocr_carea' id='block_1_17' title="bbox 567 1726 2215 1807">
    <p class='ocr_par' dir='ltr' id='par_1_17' title="bbox 567 1726 2215 1807">
     <span class='ocr_line' id='line_1_17' title="bbox 567 1726 2215 1807; baseline -0.01 -12"><span class='ocrx_word' id='word_1_95' title='bbox 567 1740 786 1805; x_wconf 87' lang='lat' dir='ltr'><em>suisse,</em></span> <span class='ocrx_word' id='word_1_96' title='bbox 805 1755 941 1794; x_wconf 92' lang='lat' dir='ltr'><em>cum</em></span> <span class='ocrx_word' id='word_1_97' title='bbox 955 1738 1028 1793; x_wconf 92' lang='lat' dir='ltr'><em>ad</em></span> <span class='ocrx_word' id='word_1_98' title='bbox 1040 1752 1241 1792; x_wconf 90' lang='lat' dir='ltr'><em>versus</em></span> <span class='ocrx_word' id='word_1_99' title='bbox 1258 1739 1486 1807; x_wconf 86' lang='lat' dir='ltr'><em>patrem</em></span> <span class='ocrx_word' id='word_1_100' title='bbox 1518 1733 1675 1789; x_wconf 89' lang='lat' dir='ltr'><em>bella</em></span> <span class='ocrx_word' id='word_1_101' title='bbox 1689 1734 1934 1802; x_wconf 79' lang='lat' dir='ltr'><em>gereret,</em></span> <span class='ocrx_word' id='word_1_102' title='bbox 1952 1732 2097 1782; x_wconf 90' lang='lat' dir='ltr'><em>utea</em></span> <span class='ocrx_word' id='word_1_103' title='bbox 2109 1726 2215 1780; x_wconf 88' lang='lat' dir='ltr'><em>do-</em></span> 
     </span>
    </p>
   </div>
   <div class='ocr_carea' id='block_1_18' title="bbox 569 1816 2211 1899">
    <p class='ocr_par' dir='ltr' id='par_1_18' title="bbox 569 1816 2211 1899">
     <span class='ocr_line' id='line_1_18' title="bbox 569 1816 2211 1899; baseline -0.01 -14"><span class='ocrx_word' id='word_1_104' title='bbox 569 1828 941 1893; x_wconf 90' lang='lat' dir='ltr'><em>cethistoria,</em></span> <span class='ocrx_word' id='word_1_105' title='bbox 975 1842 1158 1899; x_wconf 92' lang='lat' dir='ltr'><em>quam</em></span> <span class='ocrx_word' id='word_1_106' title='bbox 1187 1824 1362 1880; x_wconf 82' lang='lat' dir='ltr'><em>vestri</em></span> <span class='ocrx_word' id='word_1_107' title='bbox 1378 1824 1554 1879; x_wconf 90' lang='lat' dir='ltr'><em>etiam</em></span> <span class='ocrx_word' id='word_1_108' title='bbox 1572 1837 1807 1877; x_wconf 85' lang='lat' dir='ltr'><em>sacram</em></span> <span class='ocrx_word' id='word_1_109' title='bbox 1823 1822 2037 1875; x_wconf 88' lang='lat' dir='ltr'><em>vocant</em></span> <span class='ocrx_word' id='word_1_110' title='bbox 2056 1834 2068 1883; x_wconf 92' lang='lat'><strong>;</strong></span> <span class='ocrx_word' id='word_1_111' title='bbox 2086 1816 2211 1871; x_wconf 88' lang='lat' dir='ltr'><em>etin</em></span> 
     </span>
    </p>
   </div>
   <div class='ocr_carea' id='block_1_19' title="bbox 568 1907 2218 1974">
    <p class='ocr_par' dir='ltr' id='par_1_19' title="bbox 568 1907 2218 1974">
     <span class='ocr_line' id='line_1_19' title="bbox 568 1907 2218 1974; baseline -0.01 0"><span class='ocrx_word' id='word_1_112' title='bbox 568 1919 682 1974; x_wconf 91' lang='lat' dir='ltr'><em>isto</em></span> <span class='ocrx_word' id='word_1_113' title='bbox 695 1917 817 1974; x_wconf 88' lang='lat' dir='ltr'><em>toro</em></span> <span class='ocrx_word' id='word_1_114' title='bbox 839 1916 1184 1972; x_wconf 87' lang='lat' dir='ltr'><em>recordarer</em></span> <span class='ocrx_word' id='word_1_115' title='bbox 1197 1915 1396 1970; x_wconf 89' lang='lat' dir='ltr'><em>essein</em></span> <span class='ocrx_word' id='word_1_116' title='bbox 1423 1912 1659 1969; x_wconf 91' lang='lat' dir='ltr'><em>duobus</em></span> <span class='ocrx_word' id='word_1_117' title='bbox 1681 1907 2015 1965; x_wconf 87' lang='lat' dir='ltr'><em>simulacris</em></span> <span class='ocrx_word' id='word_1_118' title='bbox 2031 1920 2218 1961; x_wconf 89' lang='lat' dir='ltr'><em>unum</em></span> 
     </span>
    </p>
   </div>
   <div class='ocr_carea' id='block_1_20' title="bbox 569 1997 2222 2071">
    <p class='ocr_par' dir='ltr' id='par_1_20' title="bbox 569 1997 2222 2071">
     <span class='ocr_line' id='line_1_20' title="bbox 569 1997 2222 2071; baseline -0.009 -8"><span class='ocrx_word' id='word_1_119' title='bbox 569 2011 808 2064; x_wconf 82' lang='lat' dir='ltr'><em>Martem</em></span> <span class='ocrx_word' id='word_1_120' title='bbox 824 2005 1076 2069; x_wconf 91' lang='lat' dir='ltr'><em>nudum,</em></span> <span class='ocrx_word' id='word_1_121' title='bbox 1100 2004 1350 2059; x_wconf 91' lang='lat' dir='ltr'><em>alterum</em></span> <span class='ocrx_word' id='word_1_122' title='bbox 1373 2006 1693 2065; x_wconf 88' lang='lat' dir='ltr'><em>armatum,</em></span> <span class='ocrx_word' id='word_1_123' title='bbox 1728 2014 1985 2071; x_wconf 91' lang='lat' dir='ltr'><em>quorum</em></span> <span class='ocrx_word' id='word_1_124' title='bbox 2001 1997 2222 2052; x_wconf 70' lang='lat' dir='ltr'><em>daemo-</em></span> 
     </span>
    </p>
   </div>
   <div class='ocr_carea' id='block_1_21' title="bbox 569 2085 2218 2162">
    <p class='ocr_par' dir='ltr' id='par_1_21' title="bbox 569 2085 2218 2162">
     <span class='ocr_line' id='line_1_21' title="bbox 569 2085 2218 2162; baseline -0.009 -10"><span class='ocrx_word' id='word_1_125' title='bbox 569 2098 738 2152; x_wconf 90' lang='lat' dir='ltr'><em>nium</em></span> <span class='ocrx_word' id='word_1_126' title='bbox 765 2095 1211 2151; x_wconf 89' lang='lat' dir='ltr'><em>infestissimum</em></span> <span class='ocrx_word' id='word_1_127' title='bbox 1243 2093 1493 2157; x_wconf 87' lang='lat' dir='ltr'><em>civibus,</em></span> <span class='ocrx_word' id='word_1_128' title='bbox 1511 2091 1797 2162; x_wconf 87' lang='lat' dir='ltr'><em>porrectis</em></span> <span class='ocrx_word' id='word_1_129' title='bbox 1814 2088 2003 2144; x_wconf 84' lang='lat' dir='ltr'><em>tribus</em></span> <span class='ocrx_word' id='word_1_130' title='bbox 2019 2085 2218 2155; x_wconf 82' lang='lat' dir='ltr'><em>digitis</em></span> 
     </span>
    </p>
   </div>
   <div class='ocr_carea' id='block_1_22' title="bbox 572 2177 2221 2249">
    <p class='ocr_par' dir='ltr' id='par_1_22' title="bbox 572 2177 2221 2249">
     <span class='ocr_line' id='line_1_22' title="bbox 572 2177 2221 2249; baseline -0.008 -7"><span class='ocrx_word' id='word_1_131' title='bbox 572 2192 779 2242; x_wconf 89' lang='lat' dir='ltr'><em>contra</em></span> <span class='ocrx_word' id='word_1_132' title='bbox 809 2184 1099 2239; x_wconf 89' lang='lat' dir='ltr'><em>collocata</em></span> <span class='ocrx_word' id='word_1_133' title='bbox 1128 2186 1322 2238; x_wconf 87' lang='lat' dir='ltr'><em>statua</em></span> <span class='ocrx_word' id='word_1_134' title='bbox 1354 2181 1622 2235; x_wconf 89' lang='lat' dir='ltr'><em>humana</em></span> <span class='ocrx_word' id='word_1_135' title='bbox 1655 2178 2092 2249; x_wconf 87' lang='lat' dir='ltr'><em>comprimeret.</em></span> <span class='ocrx_word' id='word_1_136' title='bbox 2119 2177 2221 2229; x_wconf 87' lang='lat' dir='ltr'><em>Er-</em></span> 
     </span>
    </p>
   </div>
   <div class='ocr_carea' id='block_1_23' title="bbox 572 2262 2221 2346">
    <p class='ocr_par' dir='ltr' id='par_1_23' title="bbox 572 2262 2221 2346">
     <span class='ocr_line' id='line_1_23' title="bbox 572 2262 2221 2346; baseline -0.007 -16"><span class='ocrx_word' id='word_1_137' title='bbox 572 2291 728 2345; x_wconf 88' lang='lat' dir='ltr'><em>gone</em></span> <span class='ocrx_word' id='word_1_138' title='bbox 754 2289 1025 2346; x_wconf 88' lang='lat' dir='ltr'><em>unquam</em></span> <span class='ocrx_word' id='word_1_139' title='bbox 1051 2288 1161 2343; x_wconf 87' lang='lat' dir='ltr'><em>ego</em></span> <span class='ocrx_word' id='word_1_140' title='bbox 1197 2270 1573 2337; x_wconf 88' lang='lat' dir='ltr'><em>crediderim,</em></span> <span class='ocrx_word' id='word_1_141' title='bbox 1606 2268 1906 2322; x_wconf 87' lang='lat' dir='ltr'><em>mentione</em></span> <span class='ocrx_word' id='word_1_142' title='bbox 1930 2265 2083 2320; x_wconf 88' lang='lat' dir='ltr'><em>illius</em></span> <span class='ocrx_word' id='word_1_143' title='bbox 2113 2262 2221 2319; x_wconf 87' lang='lat' dir='ltr'><em>fori</em></span> 
     </span>
    </p>
   </div>
   <div class='ocr_carea' id='block_1_24' title="bbox 570 2356 2223 2435">
    <p class='ocr_par' dir='ltr' id='par_1_24' title="bbox 570 2356 2223 2435">
     <span class='ocr_line' id='line_1_24' title="bbox 570 2356 2223 2435; baseline -0.006 -17"><span class='ocrx_word' id='word_1_144' title='bbox 570 2364 747 2435; x_wconf 84' lang='lat' dir='ltr'><em>facta,</em></span> <span class='ocrx_word' id='word_1_145' title='bbox 765 2360 1307 2418; x_wconf 89' lang='lat' dir='ltr'><em>numinumtalium</em></span> <span class='ocrx_word' id='word_1_146' title='bbox 1325 2359 1676 2413; x_wconf 88' lang='lat' dir='ltr'><em>memoriam</em></span> <span class='ocrx_word' id='word_1_147' title='bbox 1705 2356 1849 2411; x_wconf 91' lang='lat' dir='ltr'><em>mihi</em></span> <span class='ocrx_word' id='word_1_148' title='bbox 1873 2362 1925 2411; x_wconf 92' lang='lat' dir='ltr'><em>te</em></span> <span class='ocrx_word' id='word_1_149' title='bbox 1940 2368 2223 2409; x_wconf 86' lang='lat' dir='ltr'><em>renovare</em></span> 
     </span>
    </p>
   </div>
   <div class='ocr_carea' id='block_1_25' title="bbox 572 2444 2222 2521">
    <p class='ocr_par' dir='ltr' id='par_1_25' title="bbox 572 2444 2222 2521">
     <span class='ocr_line' id='line_1_25' title="bbox 572 2444 2222 2521; baseline -0.007 -13"><span class='ocrx_word' id='word_1_150' title='bbox 572 2450 1165 2521; x_wconf 83' lang='lat' dir='ltr'><em>voluisse,nisijocari</em></span> <span class='ocrx_word' id='word_1_151' title='bbox 1184 2449 1378 2520; x_wconf 88' lang='lat' dir='ltr'><em>potius</em></span> <span class='ocrx_word' id='word_1_152' title='bbox 1404 2464 1589 2518; x_wconf 91' lang='lat' dir='ltr'><em>quam</em></span> <span class='ocrx_word' id='word_1_153' title='bbox 1611 2448 1762 2501; x_wconf 86' lang='lat' dir='ltr'><em>serio</em></span> <span class='ocrx_word' id='word_1_154' title='bbox 1778 2461 1953 2516; x_wconf 88' lang='lat' dir='ltr'><em>agere</em></span> <span class='ocrx_word' id='word_1_155' title='bbox 1986 2444 2222 2498; x_wconf 83' lang='lat' dir='ltr'><em>maluis-</em></span> 
     </span>
    </p>
   </div>
   <div class='ocr_carea' id='block_1_26' title="bbox 577 2533 2223 2610">
    <p class='ocr_par' dir='ltr' id='par_1_26' title="bbox 577 2533 2223 2610">
     <span class='ocr_line' id='line_1_26' title="bbox 577 2533 2223 2610; baseline -0.006 -15"><span class='ocrx_word' id='word_1_156' title='bbox 577 2541 701 2596; x_wconf 89' lang='lat' dir='ltr'><em>ses!</em></span> <span class='ocrx_word' id='word_1_157' title='bbox 726 2541 834 2597; x_wconf 88' lang='lat' dir='ltr'><em>Sed</em></span> <span class='ocrx_word' id='word_1_158' title='bbox 848 2539 988 2595; x_wconf 92' lang='lat' dir='ltr'><em>illud</em></span> <span class='ocrx_word' id='word_1_159' title='bbox 1003 2539 1179 2610; x_wconf 87' lang='lat' dir='ltr'><em>plane</em></span> <span class='ocrx_word' id='word_1_160' title='bbox 1192 2554 1313 2609; x_wconf 91' lang='lat' dir='ltr'><em>quo</em></span> <span class='ocrx_word' id='word_1_161' title='bbox 1327 2536 1473 2592; x_wconf 85' lang='lat' dir='ltr'><em>tales</em></span> <span class='ocrx_word' id='word_1_162' title='bbox 1489 2537 1633 2591; x_wconf 91' lang='lat' dir='ltr'><em>deos</em></span> <span class='ocrx_word' id='word_1_163' title='bbox 1647 2536 1821 2607; x_wconf 68' lang='lat' dir='ltr'><em>quaed</em></span> <span class='ocrx_word' id='word_1_164' title='bbox 1832 2552 1918 2590; x_wconf 88' lang='lat' dir='ltr'><em>am</em></span> <span class='ocrx_word' id='word_1_165' title='bbox 1933 2534 2029 2589; x_wconf 89' lang='lat' dir='ltr'><em>Dei</em></span> <span class='ocrx_word' id='word_1_166' title='bbox 2048 2533 2223 2587; x_wconf 89' lang='lat' dir='ltr'><em>unius</em></span> 
     </span>
    </p>
   </div>
   <div class='ocr_carea' id='block_1_27' title="bbox 579 2621 2222 2699">
    <p class='ocr_par' dir='ltr' id='par_1_27' title="bbox 579 2621 2222 2699">
     <span class='ocr_line' id='line_1_27' title="bbox 579 2621 2222 2699; baseline -0.007 -13"><span class='ocrx_word' id='word_1_167' title='bbox 579 2630 783 2699; x_wconf 88' lang='lat' dir='ltr'><em>magni</em></span> <span class='ocrx_word' id='word_1_168' title='bbox 803 2629 1074 2684; x_wconf 88' lang='lat' dir='ltr'><em>membra</em></span> <span class='ocrx_word' id='word_1_169' title='bbox 1088 2643 1214 2682; x_wconf 88' lang='lat' dir='ltr'><em>esse</em></span> <span class='ocrx_word' id='word_1_170' title='bbox 1228 2626 1440 2690; x_wconf 85' lang='lat' dir='ltr'><em>dixisti,</em></span> <span class='ocrx_word' id='word_1_171' title='bbox 1457 2621 2222 2694; x_wconf 77' lang='lat' dir='ltr'><em>admoneo,quiadiguaris,</em></span> 
     </span>
    </p>
   </div>
   <div class='ocr_carea' id='block_1_28' title="bbox 574 2710 2225 2790">
    <p class='ocr_par' dir='ltr' id='par_1_28' title="bbox 574 2710 2225 2790">
     <span class='ocr_line' id='line_1_28' title="bbox 574 2710 2225 2790; baseline -0.007 -14"><span class='ocrx_word' id='word_1_172' title='bbox 574 2726 638 2776; x_wconf 90' lang='lat' dir='ltr'><em>ut</em></span> <span class='ocrx_word' id='word_1_173' title='bbox 651 2719 727 2775; x_wconf 92' lang='lat' dir='ltr'><em>ab</em></span> <span class='ocrx_word' id='word_1_174' title='bbox 741 2720 841 2790; x_wconf 89' lang='lat' dir='ltr'><em>huj</em></span> <span class='ocrx_word' id='word_1_175' title='bbox 855 2717 1089 2773; x_wconf 92' lang='lat' dir='ltr'><em>usmodi</em></span> <span class='ocrx_word' id='word_1_176' title='bbox 1105 2716 1406 2784; x_wconf 87' lang='lat' dir='ltr'><em>sacrilegis</em></span> <span class='ocrx_word' id='word_1_177' title='bbox 1420 2714 1643 2770; x_wconf 86' lang='lat' dir='ltr'><em>facetiis</em></span> <span class='ocrx_word' id='word_1_178' title='bbox 1658 2719 1710 2769; x_wconf 90' lang='lat' dir='ltr'><em>te</em></span> <span class='ocrx_word' id='word_1_179' title='bbox 1727 2728 2086 2783; x_wconf 87' lang='lat' dir='ltr'><em>magnopere</em></span> <span class='ocrx_word' id='word_1_180' title='bbox 2101 2710 2225 2766; x_wconf 88' lang='lat' dir='ltr'><em>abs-</em></span> 
     </span>
    </p>
   </div>
   <div class='ocr_carea' id='block_1_29' title="bbox 574 2801 2229 2879">
    <p class='ocr_par' dir='ltr' id='par_1_29' title="bbox 574 2801 2229 2879">
     <span class='ocr_line' id='line_1_29' title="bbox 574 2801 2229 2879; baseline -0.007 -14"><span class='ocrx_word' id='word_1_181' title='bbox 574 2810 787 2871; x_wconf 80' lang='lat' dir='ltr'><em>tineas.</em></span> <span class='ocrx_word' id='word_1_182' title='bbox 815 2806 1122 2879; x_wconf 89' lang='lat' dir='ltr'><em>Siquidem</em></span> <span class='ocrx_word' id='word_1_183' title='bbox 1140 2806 1302 2860; x_wconf 92' lang='lat' dir='ltr'><em>illum</em></span> <span class='ocrx_word' id='word_1_184' title='bbox 1323 2805 1507 2858; x_wconf 91' lang='lat' dir='ltr'><em>Deum</em></span> <span class='ocrx_word' id='word_1_185' title='bbox 1524 2803 1669 2858; x_wconf 91' lang='lat' dir='ltr'><em>dicis</em></span> <span class='ocrx_word' id='word_1_186' title='bbox 1689 2819 1899 2867; x_wconf 89' lang='lat' dir='ltr'><em>unum,</em></span> <span class='ocrx_word' id='word_1_187' title='bbox 1930 2801 2002 2856; x_wconf 91' lang='lat' dir='ltr'><em>de</em></span> <span class='ocrx_word' id='word_1_188' title='bbox 2016 2803 2229 2872; x_wconf 88' lang='lat' dir='ltr'><em>quo,ut</em></span> 
     </span>
    </p>
   </div>
   <div class='ocr_carea' id='block_1_30' title="bbox 575 2890 2222 2965">
    <p class='ocr_par' dir='ltr' id='par_1_30' title="bbox 575 2890 2222 2965">
     <span class='ocr_line' id='line_1_30' title="bbox 575 2890 2222 2965; baseline -0.007 -11"><span class='ocrx_word' id='word_1_189' title='bbox 575 2899 802 2954; x_wconf 90' lang='lat' dir='ltr'><em>dictum</em></span> <span class='ocrx_word' id='word_1_190' title='bbox 815 2902 945 2953; x_wconf 90' lang='lat' dir='ltr'><em>esta</em></span> <span class='ocrx_word' id='word_1_191' title='bbox 960 2893 1447 2960; x_wconf 89' lang='lat' dir='ltr'><em>veteribus,docti</em></span> <span class='ocrx_word' id='word_1_192' title='bbox 1475 2892 1814 2965; x_wconf 86' lang='lat' dir='ltr'><em>indoctique</em></span> <span class='ocrx_word' id='word_1_193' title='bbox 1828 2890 2222 2955; x_wconf 90' lang='lat' dir='ltr'><em>consentiunt,</em></span> 
     </span>
    </p>
   </div>
   <div class='ocr_carea' id='block_1_31' title="bbox 575 2978 2228 3059">
    <p class='ocr_par' dir='ltr' id='par_1_31' title="bbox 575 2978 2228 3059">
     <span class='ocr_line' id='line_1_31' title="bbox 575 2978 2228 3059; baseline -0.005 -16"><span class='ocrx_word' id='word_1_194' title='bbox 575 2988 835 3059; x_wconf 88' lang='lat' dir='ltr'><em>hujusne</em></span> <span class='ocrx_word' id='word_1_195' title='bbox 864 2990 925 3041; x_wconf 91' lang='lat' dir='ltr'><em>tu</em></span> <span class='ocrx_word' id='word_1_196' title='bbox 952 2984 1224 3041; x_wconf 89' lang='lat' dir='ltr'><em>membra</em></span> <span class='ocrx_word' id='word_1_197' title='bbox 1253 2983 1398 3039; x_wconf 90' lang='lat' dir='ltr'><em>dicis</em></span> <span class='ocrx_word' id='word_1_198' title='bbox 1418 2999 1570 3051; x_wconf 89' lang='lat' dir='ltr'><em>esse,</em></span> <span class='ocrx_word' id='word_1_199' title='bbox 1599 2997 1858 3054; x_wconf 90' lang='lat' dir='ltr'><em>quorum</em></span> <span class='ocrx_word' id='word_1_200' title='bbox 1889 2978 2228 3035; x_wconf 89' lang='lat' dir='ltr'><em>immanita-</em></span> 
     </span>
    </p>
   </div>
   <div class='ocr_carea' id='block_1_32' title="bbox 576 3068 2226 3143">
    <p class='ocr_par' dir='ltr' id='par_1_32' title="bbox 576 3068 2226 3143">
     <span class='ocr_line' id='line_1_32' title="bbox 576 3068 2226 3143; baseline -0.007 -11"><span class='ocrx_word' id='word_1_201' title='bbox 576 3082 717 3142; x_wconf 88' lang='lat' dir='ltr'><em>tem,</em></span> <span class='ocrx_word' id='word_1_202' title='bbox 751 3074 863 3138; x_wconf 83' lang='lat' dir='ltr'><em>vel.</em></span> <span class='ocrx_word' id='word_1_203' title='bbox 888 3074 935 3129; x_wconf 91' lang='lat' dir='ltr'><em>si</em></span> <span class='ocrx_word' id='word_1_204' title='bbox 966 3075 1079 3129; x_wconf 91' lang='lat' dir='ltr'><em>hoc</em></span> <span class='ocrx_word' id='word_1_205' title='bbox 1102 3074 1314 3137; x_wconf 89' lang='lat' dir='ltr'><em>mavis,</em></span> <span class='ocrx_word' id='word_1_206' title='bbox 1350 3071 1698 3143; x_wconf 89' lang='lat' dir='ltr'><em>potentiam,</em></span> <span class='ocrx_word' id='word_1_207' title='bbox 1729 3068 2226 3125; x_wconf 89' lang='lat' dir='ltr'><em>mortuihominis</em></span> 
     </span>
    </p>
   </div>
   <div class='ocr_carea' id='block_1_33' title="bbox 576 3156 2229 3235">
    <p class='ocr_par' dir='ltr' id='par_1_33' title="bbox 576 3156 2229 3235">
     <span class='ocr_line' id='line_1_33' title="bbox 576 3156 2229 3235; baseline -0.007 -14"><span class='ocrx_word' id='word_1_208' title='bbox 576 3166 780 3235; x_wconf 83' lang='lat' dir='ltr'><em>imago</em></span> <span class='ocrx_word' id='word_1_209' title='bbox 794 3163 1154 3235; x_wconf 86' lang='lat' dir='ltr'><em>compescit?</em></span> <span class='ocrx_word' id='word_1_210' title='bbox 1181 3162 1351 3217; x_wconf 88' lang='lat' dir='ltr'><em>Plura</em></span> <span class='ocrx_word' id='word_1_211' title='bbox 1371 3161 1510 3216; x_wconf 88' lang='lat' dir='ltr'><em>hinc</em></span> <span class='ocrx_word' id='word_1_212' title='bbox 1531 3176 1771 3232; x_wconf 90' lang='lat' dir='ltr'><em>possem</em></span> <span class='ocrx_word' id='word_1_213' title='bbox 1797 3159 1991 3213; x_wconf 89' lang='lat' dir='ltr'><em>dicere</em></span> <span class='ocrx_word' id='word_1_214' title='bbox 2028 3179 2038 3222; x_wconf 88' lang='lat'><strong>;</strong></span> <span class='ocrx_word' id='word_1_215' title='bbox 2066 3156 2229 3211; x_wconf 86' lang='lat' dir='ltr'><em>vides</em></span> 
     </span>
    </p>
   </div>
   <div class='ocr_carea' id='block_1_34' title="bbox 579 3248 2230 3325">
    <p class='ocr_par' dir='ltr' id='par_1_34' title="bbox 579 3248 2230 3325">
     <span class='ocr_line' id='line_1_34' title="bbox 579 3248 2230 3325; baseline -0.007 -14"><span class='ocrx_word' id='word_1_216' title='bbox 579 3256 737 3311; x_wconf 91' lang='lat' dir='ltr'><em>enim</em></span> <span class='ocrx_word' id='word_1_217' title='bbox 765 3270 872 3325; x_wconf 90' lang='lat' dir='ltr'><em>pro</em></span> <span class='ocrx_word' id='word_1_218' title='bbox 890 3258 991 3308; x_wconf 89' lang='lat' dir='ltr'><em>tua</em></span> <span class='ocrx_word' id='word_1_219' title='bbox 1018 3251 1354 3324; x_wconf 85' lang='lat' dir='ltr'><em>prudentia,</em></span> <span class='ocrx_word' id='word_1_220' title='bbox 1374 3267 1557 3322; x_wconf 86' lang='lat' dir='ltr'><em>quam</em></span> <span class='ocrx_word' id='word_1_221' title='bbox 1584 3250 1752 3305; x_wconf 91' lang='lat' dir='ltr'><em>locus</em></span> <span class='ocrx_word' id='word_1_222' title='bbox 1773 3250 1885 3304; x_wconf 87' lang='lat' dir='ltr'><em>late</em></span> <span class='ocrx_word' id='word_1_223' title='bbox 1905 3248 2010 3301; x_wconf 92' lang='lat' dir='ltr'><em>iste</em></span> <span class='ocrx_word' id='word_1_224' title='bbox 2032 3249 2230 3318; x_wconf 86' lang='lat' dir='ltr'><em>pateat</em></span> 
     </span>
    </p>
   </div>
   <div class='ocr_carea' id='block_1_35' title="bbox 579 3336 2229 3416">
    <p class='ocr_par' dir='ltr' id='par_1_35' title="bbox 579 3336 2229 3416">
     <span class='ocr_line' id='line_1_35' title="bbox 579 3336 2229 3416; baseline -0.007 -15"><span class='ocrx_word' id='word_1_225' title='bbox 579 3342 1049 3416; x_wconf 87' lang='lat' dir='ltr'><em>reprehensioni.</em></span> <span class='ocrx_word' id='word_1_226' title='bbox 1097 3340 1205 3397; x_wconf 86' lang='lat' dir='ltr'><em>Sed</em></span> <span class='ocrx_word' id='word_1_227' title='bbox 1255 3356 1349 3395; x_wconf 89' lang='lat' dir='ltr'><em>me</em></span> <span class='ocrx_word' id='word_1_228' title='bbox 1376 3340 1499 3411; x_wconf 86' lang='lat' dir='ltr'><em>ipse</em></span> <span class='ocrx_word' id='word_1_229' title='bbox 1540 3339 1812 3405; x_wconf 88' lang='lat' dir='ltr'><em>cohibeo,</em></span> <span class='ocrx_word' id='word_1_230' title='bbox 1848 3354 1919 3393; x_wconf 91' lang='lat' dir='ltr'><em>ne</em></span> <span class='ocrx_word' id='word_1_231' title='bbox 1951 3353 1987 3392; x_wconf 90' lang='lat' dir='ltr'><em>a</em></span> <span class='ocrx_word' id='word_1_232' title='bbox 2020 3342 2070 3392; x_wconf 93' lang='lat' dir='ltr'><em>te</em></span> <span class='ocrx_word' id='word_1_233' title='bbox 2097 3336 2229 3391; x_wconf 90' lang='lat' dir='ltr'><em>rhe-</em></span> 
     </span>
    </p>
   </div>
   <div class='ocr_carea' id='block_1_36' title="bbox 583 3428 2023 3504">
    <p class='ocr_par' dir='ltr' id='par_1_36' title="bbox 583 3428 2023 3504">
     <span class='ocr_line' id='line_1_36' title="bbox 583 3428 2023 3504; baseline -0.006 -16"><span class='ocrx_word' id='word_1_234' title='bbox 583 3434 762 3489; x_wconf 89' lang='lat' dir='ltr'><em>torice</em></span> <span class='ocrx_word' id='word_1_235' title='bbox 794 3432 984 3504; x_wconf 90' lang='lat' dir='ltr'><em>potius</em></span> <span class='ocrx_word' id='word_1_236' title='bbox 1006 3446 1192 3503; x_wconf 89' lang='lat' dir='ltr'><em>quam</em></span> <span class='ocrx_word' id='word_1_237' title='bbox 1225 3429 1479 3484; x_wconf 88' lang='lat' dir='ltr'><em>veridice</em></span> <span class='ocrx_word' id='word_1_238' title='bbox 1511 3443 1688 3497; x_wconf 88' lang='lat' dir='ltr'><em>agere</em></span> <span class='ocrx_word' id='word_1_239' title='bbox 1710 3428 2023 3482; x_wconf 83' lang='lat' dir='ltr'><em>existimer.</em></span> 
     </span>
    </p>
   </div>
   <div class='ocr_carea' id='block_1_37' title="bbox 654 3516 2229 3592">
    <p class='ocr_par' dir='ltr' id='par_1_37' title="bbox 654 3516 2229 3592">
     <span class='ocr_line' id='line_1_37' title="bbox 654 3516 2229 3592; baseline -0.006 -15"><span class='ocrx_word' id='word_1_240' title='bbox 654 3526 704 3577; x_wconf 89' lang='lat'><em>2.</em></span> <span class='ocrx_word' id='word_1_241' title='bbox 728 3524 873 3577; x_wconf 87' lang='lat' dir='ltr'><em>Nam</em></span> <span class='ocrx_word' id='word_1_242' title='bbox 887 3520 1051 3592; x_wconf 93' lang='lat' dir='ltr'><em>quod</em></span> <span class='ocrx_word' id='word_1_243' title='bbox 1069 3519 1315 3575; x_wconf 91' lang='lat' dir='ltr'><em>nomina</em></span> <span class='ocrx_word' id='word_1_244' title='bbox 1327 3516 1605 3589; x_wconf 72' lang='lat' dir='ltr'><em>quaedam</em></span> <span class='ocrx_word' id='word_1_245' title='bbox 1621 3518 1843 3571; x_wconf 89' lang='lat' dir='ltr'><em>Punica</em></span> <span class='ocrx_word' id='word_1_246' title='bbox 1858 3521 2229 3571; x_wconf 88' lang='lat' dir='ltr'><em>mortuorum</em></span> 
     </span>
    </p>
   </div>
   <div class='ocr_carea' id='block_1_38' title="bbox 586 3604 2235 3682">
    <p class='ocr_par' dir='ltr' id='par_1_38' title="bbox 586 3604 2235 3682">
     <span class='ocr_line' id='line_1_38' title="bbox 586 3604 2235 3682; baseline -0.005 -16"><span class='ocrx_word' id='word_1_247' title='bbox 586 3610 897 3680; x_wconf 88' lang='lat' dir='ltr'><em>collegisti,</em></span> <span class='ocrx_word' id='word_1_248' title='bbox 921 3608 1213 3682; x_wconf 90' lang='lat' dir='ltr'><em>quibusin</em></span> <span class='ocrx_word' id='word_1_249' title='bbox 1228 3613 1499 3663; x_wconf 88' lang='lat' dir='ltr'><em>nostram</em></span> <span class='ocrx_word' id='word_1_250' title='bbox 1524 3606 1873 3676; x_wconf 87' lang='lat' dir='ltr'><em>religionem</em></span> <span class='ocrx_word' id='word_1_251' title='bbox 1887 3604 2143 3666; x_wconf 88' lang='lat' dir='ltr'><em>festivas,</em></span> <span class='ocrx_word' id='word_1_252' title='bbox 2173 3607 2235 3658; x_wconf 90' lang='lat' dir='ltr'><em>ut</em></span> 
     </span>
    </p>
   </div>
   <div class='ocr_carea' id='block_1_39' title="bbox 588 3694 2237 3768">
    <p class='ocr_par' dir='ltr' id='par_1_39' title="bbox 588 3694 2237 3768">
     <span class='ocr_line' id='line_1_39' title="bbox 588 3694 2237 3768; baseline -0.005 -12"><span class='ocrx_word' id='word_1_253' title='bbox 588 3700 691 3757; x_wconf 89' lang='lat' dir='ltr'><em>tibi</em></span> <span class='ocrx_word' id='word_1_254' title='bbox 706 3700 894 3755; x_wconf 92' lang='lat' dir='ltr'><em>visum</em></span> <span class='ocrx_word' id='word_1_255' title='bbox 909 3704 1016 3763; x_wconf 90' lang='lat' dir='ltr'><em>est,</em></span> <span class='ocrx_word' id='word_1_256' title='bbox 1035 3696 1743 3768; x_wconf 89' lang='lat' dir='ltr'><em>contumeliasjacieudas</em></span> <span class='ocrx_word' id='word_1_257' title='bbox 1759 3701 2017 3767; x_wconf 88' lang='lat' dir='ltr'><em>putares,</em></span> <span class='ocrx_word' id='word_1_258' title='bbox 2035 3694 2237 3749; x_wconf 91' lang='lat' dir='ltr'><em>nescio</em></span> 
     </span>
    </p>
   </div>
   <div class='ocr_carea' id='block_1_40' title="bbox 587 3783 2237 3858">
    <p class='ocr_par' dir='ltr' id='par_1_40' title="bbox 587 3783 2237 3858">
     <span class='ocr_line' id='line_1_40' title="bbox 587 3783 2237 3858; baseline -0.006 -12"><span class='ocrx_word' id='word_1_259' title='bbox 587 3795 778 3846; x_wconf 89' lang='lat' dir='ltr'><em>utrum</em></span> <span class='ocrx_word' id='word_1_260' title='bbox 790 3788 1051 3845; x_wconf 85' lang='lat' dir='ltr'><em>refellere</em></span> <span class='ocrx_word' id='word_1_261' title='bbox 1065 3788 1342 3854; x_wconf 90' lang='lat' dir='ltr'><em>debeam,</em></span> <span class='ocrx_word' id='word_1_262' title='bbox 1360 3803 1433 3842; x_wconf 89' lang='lat' dir='ltr'><em>an</em></span> <span class='ocrx_word' id='word_1_263' title='bbox 1451 3787 1680 3842; x_wconf 90' lang='lat' dir='ltr'><em>silentio</em></span> <span class='ocrx_word' id='word_1_264' title='bbox 1695 3784 2071 3858; x_wconf 80' lang='lat' dir='ltr'><em>praeterire.Si</em></span> <span class='ocrx_word' id='word_1_265' title='bbox 2086 3783 2237 3838; x_wconf 87' lang='lat' dir='ltr'><em>enim</em></span> 
     </span>
    </p>
   </div>
   <div class='ocr_carea' id='block_1_41' title="bbox 588 3874 2236 3946">
    <p class='ocr_par' dir='ltr' id='par_1_41' title="bbox 588 3874 2236 3946">
     <span class='ocr_line' id='line_1_41' title="bbox 588 3874 2236 3946; baseline -0.006 -10"><span class='ocrx_word' id='word_1_266' title='bbox 588 3879 819 3937; x_wconf 69' lang='lat' dir='ltr'><em>resistas</em></span> <span class='ocrx_word' id='word_1_267' title='bbox 834 3879 1238 3934; x_wconf 89' lang='lat' dir='ltr'><em>videnturtam</em></span> <span class='ocrx_word' id='word_1_268' title='bbox 1258 3877 1414 3932; x_wconf 89' lang='lat' dir='ltr'><em>leves</em></span> <span class='ocrx_word' id='word_1_269' title='bbox 1435 3883 1547 3931; x_wconf 69' lang='lat' dir='ltr'><em>tua:</em></span> <span class='ocrx_word' id='word_1_270' title='bbox 1570 3874 1846 3946; x_wconf 79' lang='lat' dir='ltr'><em>gravitati</em></span> <span class='ocrx_word' id='word_1_271' title='bbox 1868 3890 2046 3946; x_wconf 86' lang='lat' dir='ltr'><em>quam</em></span> <span class='ocrx_word' id='word_1_272' title='bbox 2080 3876 2236 3938; x_wconf 91' lang='lat' dir='ltr'><em>sunt,</em></span> 
     </span>
    </p>
   </div>
   <div class='ocr_carea' id='block_1_42' title="bbox 582 3963 2241 4043">
    <p class='ocr_par' dir='ltr' id='par_1_42' title="bbox 582 3963 2241 4043">
     <span class='ocr_line' id='line_1_42' title="bbox 582 3963 2241 4043; baseline -0.005 -17"><span class='ocrx_word' id='word_1_273' title='bbox 582 3969 773 4043; x_wconf 90' lang='lat' dir='ltr'><em>jocari</em></span> <span class='ocrx_word' id='word_1_274' title='bbox 788 3968 933 4023; x_wconf 90' lang='lat' dir='ltr'><em>mihi</em></span> <span class='ocrx_word' id='word_1_275' title='bbox 950 3984 1067 4023; x_wconf 92' lang='lat' dir='ltr'><em>non</em></span> <span class='ocrx_word' id='word_1_276' title='bbox 1085 3967 1325 4021; x_wconf 89' lang='lat' dir='ltr'><em>multum</em></span> <span class='ocrx_word' id='word_1_277' title='bbox 1341 3967 1601 4021; x_wconf 88' lang='lat' dir='ltr'><em>vocat.Si</em></span> <span class='ocrx_word' id='word_1_278' title='bbox 1616 3970 1807 4021; x_wconf 89' lang='lat' dir='ltr'><em>autem</em></span> <span class='ocrx_word' id='word_1_279' title='bbox 1823 3980 2032 4033; x_wconf 83' lang='lat' dir='ltr'><em>graves</em></span> <span class='ocrx_word' id='word_1_280' title='bbox 2049 3963 2150 4018; x_wconf 89' lang='lat' dir='ltr'><em>tibi</em></span> <span class='ocrx_word' id='word_1_281' title='bbox 2164 3963 2241 4017; x_wconf 89' lang='lat' dir='ltr'><em>vi-</em></span> 
     </span>
    </p>
   </div>
   <div class='ocr_carea' id='block_1_43' title="bbox 590 4055 2241 4127">
    <p class='ocr_par' dir='ltr' id='par_1_43' title="bbox 590 4055 2241 4127">
     <span class='ocr_line' id='line_1_43' title="bbox 590 4055 2241 4127; baseline -0.005 -13"><span class='ocrx_word' id='word_1_282' title='bbox 590 4059 1017 4123; x_wconf 88' lang='lat' dir='ltr'><em>dentur,miror</em></span> <span class='ocrx_word' id='word_1_283' title='bbox 1030 4057 1192 4127; x_wconf 87' lang='lat' dir='ltr'><em>quod</em></span> <span class='ocrx_word' id='word_1_284' title='bbox 1211 4055 1520 4113; x_wconf 89' lang='lat' dir='ltr'><em>nominum</em></span> <span class='ocrx_word' id='word_1_285' title='bbox 1536 4055 1897 4109; x_wconf 87' lang='lat' dir='ltr'><em>absurditate</em></span> <span class='ocrx_word' id='word_1_286' title='bbox 1913 4057 2241 4116; x_wconf 88' lang='lat' dir='ltr'><em>commoto,</em></span> 
     </span>
    </p>
   </div>
   <div class='ocr_carea' id='block_1_44' title="bbox 590 4141 2243 4202">
    <p class='ocr_par' dir='ltr' id='par_1_44' title="bbox 590 4141 2243 4202">
     <span class='ocr_line' id='line_1_44' title="bbox 590 4141 2243 4202; baseline -0.005 0"><span class='ocrx_word' id='word_1_287' title='bbox 590 4148 651 4202; x_wconf 90' lang='lat' dir='ltr'><em>in</em></span> <span class='ocrx_word' id='word_1_288' title='bbox 666 4150 927 4201; x_wconf 87' lang='lat' dir='ltr'><em>mentem</em></span> <span class='ocrx_word' id='word_1_289' title='bbox 943 4161 1061 4200; x_wconf 91' lang='lat' dir='ltr'><em>non</em></span> <span class='ocrx_word' id='word_1_290' title='bbox 1076 4145 1385 4200; x_wconf 88' lang='lat' dir='ltr'><em>veneritha</em></span> <span class='ocrx_word' id='word_1_291' title='bbox 1396 4144 1531 4198; x_wconf 88' lang='lat' dir='ltr'><em>bere</em></span> <span class='ocrx_word' id='word_1_292' title='bbox 1546 4150 1678 4198; x_wconf 90' lang='lat' dir='ltr'><em>tuos</em></span> <span class='ocrx_word' id='word_1_293' title='bbox 1691 4150 1746 4197; x_wconf 92' lang='lat' dir='ltr'><em>et</em></span> <span class='ocrx_word' id='word_1_294' title='bbox 1759 4142 1815 4197; x_wconf 92' lang='lat' dir='ltr'><em>in</em></span> <span class='ocrx_word' id='word_1_295' title='bbox 1834 4141 2243 4197; x_wconf 89' lang='lat' dir='ltr'><em>sacerdotibus</em></span> 
     </span>
    </p>
   </div>
   <div class='ocr_carea' id='block_1_45' title="bbox 592 4232 2243 4302">
    <p class='ocr_par' dir='ltr' id='par_1_45' title="bbox 592 4232 2243 4302">
     <span class='ocr_line' id='line_1_45' title="bbox 592 4232 2243 4302; baseline -0.004 -11"><span class='ocrx_word' id='word_1_296' title='bbox 592 4234 1004 4302; x_wconf 75' lang='lat' dir='ltr'><em>Eucaddires&#39;,</em></span> <span class='ocrx_word' id='word_1_297' title='bbox 1021 4239 1076 4288; x_wconf 92' lang='lat' dir='ltr'><em>et</em></span> <span class='ocrx_word' id='word_1_298' title='bbox 1094 4235 1152 4289; x_wconf 91' lang='lat' dir='ltr'><em>in</em></span> <span class='ocrx_word' id='word_1_299' title='bbox 1182 4233 1532 4288; x_wconf 88' lang='lat' dir='ltr'><em>numinibus</em></span> <span class='ocrx_word' id='word_1_300' title='bbox 1547 4232 1897 4287; x_wconf 82' lang='lat' dir='ltr'><em>Abaddires.</em></span> <span class='ocrx_word' id='word_1_301' title='bbox 1919 4234 2043 4287; x_wconf 87' lang='lat' dir='ltr'><em>Non</em></span> <span class='ocrx_word' id='word_1_302' title='bbox 2065 4233 2085 4264; x_wconf 85' lang='grc'>³</span> <span class='ocrx_word' id='word_1_303' title='bbox 2100 4235 2243 4301; x_wconf 92' lang='lat' dir='ltr'><em>puto</em></span> 
     </span>
    </p>
   </div>
   <div class='ocr_carea' id='block_1_46' title="bbox 593 4318 2245 4396">
    <p class='ocr_par' dir='ltr' id='par_1_46' title="bbox 593 4318 2245 4396">
     <span class='ocr_line' id='line_1_46' title="bbox 593 4318 2245 4396; baseline -0.004 -15"><span class='ocrx_word' id='word_1_304' title='bbox 593 4324 1102 4396; x_wconf 88' lang='lat' dir='ltr'><em>egoistatibicum</em></span> <span class='ocrx_word' id='word_1_305' title='bbox 1136 4321 1496 4377; x_wconf 90' lang='lat' dir='ltr'><em>scriberesin</em></span> <span class='ocrx_word' id='word_1_306' title='bbox 1522 4323 1724 4377; x_wconf 87' lang='lat' dir='ltr'><em>animo</em></span> <span class='ocrx_word' id='word_1_307' title='bbox 1748 4336 1866 4375; x_wconf 92' lang='lat' dir='ltr'><em>non</em></span> <span class='ocrx_word' id='word_1_308' title='bbox 1900 4321 2104 4384; x_wconf 86' lang='lat' dir='ltr'><em>fuisse,</em></span> <span class='ocrx_word' id='word_1_309' title='bbox 2141 4318 2245 4374; x_wconf 89' lang='lat' dir='ltr'><em>sed</em></span> 
     </span>
    </p>
   </div>
   <div class='ocr_carea' id='block_1_47' title="bbox 594 4409 2247 4483">
    <p class='ocr_par' dir='ltr' id='par_1_47' title="bbox 594 4409 2247 4483">
     <span class='ocr_line' id='line_1_47' title="bbox 594 4409 2247 4483; baseline -0.005 -12"><span class='ocrx_word' id='word_1_310' title='bbox 594 4430 760 4471; x_wconf 91' lang='lat' dir='ltr'><em>more</em></span> <span class='ocrx_word' id='word_1_311' title='bbox 779 4413 1171 4469; x_wconf 88' lang='lat' dir='ltr'><em>humanitatis</em></span> <span class='ocrx_word' id='word_1_312' title='bbox 1186 4411 1473 4483; x_wconf 89' lang='lat' dir='ltr'><em>etleporis</em></span> <span class='ocrx_word' id='word_1_313' title='bbox 1488 4412 1592 4480; x_wconf 91' lang='lat' dir='ltr'><em>tui,</em></span> <span class='ocrx_word' id='word_1_314' title='bbox 1607 4409 2123 4466; x_wconf 81' lang='lat' dir='ltr'><em>commonefacere</em></span> <span class='ocrx_word' id='word_1_315' title='bbox 2138 4424 2247 4463; x_wconf 91' lang='lat' dir='ltr'><em>nos</em></span> 
     </span>
    </p>
   </div>
   <div class='ocr_carea' id='block_1_48' title="bbox 594 4502 2251 4572">
    <p class='ocr_par' dir='ltr' id='par_1_48' title="bbox 594 4502 2251 4572">
     <span class='ocr_line' id='line_1_48' title="bbox 594 4502 2251 4572; baseline -0.005 -13"><span class='ocrx_word' id='word_1_316' title='bbox 594 4504 831 4559; x_wconf 86' lang='lat' dir='ltr'><em>voluisti</em></span> <span class='ocrx_word' id='word_1_317' title='bbox 844 4504 920 4559; x_wconf 91' lang='lat' dir='ltr'><em>ad</em></span> <span class='ocrx_word' id='word_1_318' title='bbox 934 4502 1327 4558; x_wconf 81' lang='lat' dir='ltr'><em>relaxandum</em></span> <span class='ocrx_word' id='word_1_319' title='bbox 1341 4502 1867 4572; x_wconf 89' lang='lat' dir='ltr'><em>animum,quanta</em></span> <span class='ocrx_word' id='word_1_320' title='bbox 1884 4502 1939 4554; x_wconf 92' lang='lat' dir='ltr'><em>in</em></span> <span class='ocrx_word' id='word_1_321' title='bbox 1954 4503 2251 4554; x_wconf 84' lang='lat' dir='ltr'><em>vestrasu-</em></span> 
     </span>
    </p>
   </div>
   <div class='ocr_carea' id='block_1_49' title="bbox 595 4588 2249 4663">
    <p class='ocr_par' dir='ltr' id='par_1_49' title="bbox 595 4588 2249 4663">
     <span class='ocr_line' id='line_1_49' title="bbox 595 4588 2249 4663; baseline -0.005 -15"><span class='ocrx_word' id='word_1_322' title='bbox 595 4593 937 4663; x_wconf 90' lang='lat' dir='ltr'><em>perstitione</em></span> <span class='ocrx_word' id='word_1_323' title='bbox 950 4591 1201 4647; x_wconf 90' lang='lat' dir='ltr'><em>ridenda</em></span> <span class='ocrx_word' id='word_1_324' title='bbox 1232 4590 1371 4645; x_wconf 87' lang='lat' dir='ltr'><em>sint.</em></span> <span class='ocrx_word' id='word_1_325' title='bbox 1389 4593 1589 4662; x_wconf 85' lang='lat' dir='ltr'><em>Neque</em></span> <span class='ocrx_word' id='word_1_326' title='bbox 1614 4590 1775 4644; x_wconf 91' lang='lat' dir='ltr'><em>enim</em></span> <span class='ocrx_word' id='word_1_327' title='bbox 1792 4605 1979 4659; x_wconf 91' lang='lat' dir='ltr'><em>usque</em></span> <span class='ocrx_word' id='word_1_328' title='bbox 1993 4588 2145 4643; x_wconf 90' lang='lat' dir='ltr'><em>adeo</em></span> <span class='ocrx_word' id='word_1_329' title='bbox 2173 4592 2249 4644; x_wconf 90' lang='lat' dir='ltr'><em>te-</em></span> 
     </span>
    </p>
   </div>
   <div class='ocr_carea' id='block_1_50' title="bbox 595 4677 2251 4754">
    <p class='ocr_par' dir='ltr' id='par_1_50' title="bbox 595 4677 2251 4754">
     <span class='ocr_line' id='line_1_50' title="bbox 595 4677 2251 4754; baseline -0.004 -17"><span class='ocrx_word' id='word_1_330' title='bbox 595 4683 783 4754; x_wconf 87' lang='lat' dir='ltr'><em>ipsum</em></span> <span class='ocrx_word' id='word_1_331' title='bbox 798 4681 1662 4753; x_wconf 88' lang='lat' dir='ltr'><em>obliviscipotuisses,uthomo</em></span> <span class='ocrx_word' id='word_1_332' title='bbox 1676 4678 1811 4736; x_wconf 77' lang='lat' dir='ltr'><em>Afer</em></span> <span class='ocrx_word' id='word_1_333' title='bbox 1825 4678 2089 4733; x_wconf 89' lang='lat' dir='ltr'><em>scribens</em></span> <span class='ocrx_word' id='word_1_334' title='bbox 2102 4677 2251 4732; x_wconf 89' lang='lat' dir='ltr'><em>Afris</em></span> 
     </span>
    </p>
   </div>
   <div class='ocr_carea' id='block_1_51' title="bbox 598 4767 2252 4841">
    <p class='ocr_par' dir='ltr' id='par_1_51' title="bbox 598 4767 2252 4841">
     <span class='ocr_line' id='line_1_51' title="bbox 598 4767 2252 4841; baseline -0.002 -15"><span class='ocrx_word' id='word_1_335' title='bbox 598 4786 735 4826; x_wconf 91' lang='lat' dir='ltr'><em>cum</em></span> <span class='ocrx_word' id='word_1_336' title='bbox 750 4771 938 4825; x_wconf 86' lang='lat' dir='ltr'><em>simus</em></span> <span class='ocrx_word' id='word_1_337' title='bbox 952 4773 1185 4841; x_wconf 88' lang='lat' dir='ltr'><em>utrique</em></span> <span class='ocrx_word' id='word_1_338' title='bbox 1198 4770 1257 4825; x_wconf 90' lang='lat' dir='ltr'><em>in</em></span> <span class='ocrx_word' id='word_1_339' title='bbox 1284 4768 1473 4823; x_wconf 83' lang='lat' dir='ltr'><em>Africa</em></span> <span class='ocrx_word' id='word_1_340' title='bbox 1486 4768 1801 4833; x_wconf 89' lang='lat' dir='ltr'><em>constituti,</em></span> <span class='ocrx_word' id='word_1_341' title='bbox 1829 4768 2047 4822; x_wconf 88' lang='lat' dir='ltr'><em>Punica</em></span> <span class='ocrx_word' id='word_1_342' title='bbox 2062 4767 2252 4823; x_wconf 91' lang='lat' dir='ltr'><em>nomi-</em></span> 
     </span>
    </p>
   </div>
   <div class='ocr_carea' id='block_1_52' title="bbox 601 4856 2253 4930">
    <p class='ocr_par' dir='ltr' id='par_1_52' title="bbox 601 4856 2253 4930">
     <span class='ocr_line' id='line_1_52' title="bbox 601 4856 2253 4930; baseline -0.003 -14"><span class='ocrx_word' id='word_1_343' title='bbox 601 4876 678 4916; x_wconf 88' lang='lat' dir='ltr'><em>na</em></span> <span class='ocrx_word' id='word_1_344' title='bbox 691 4860 1048 4930; x_wconf 86' lang='lat' dir='ltr'><em>exagitanda</em></span> <span class='ocrx_word' id='word_1_345' title='bbox 1060 4860 1609 4914; x_wconf 82' lang='lat' dir='ltr'><em>existimares.Nam</em></span> <span class='ocrx_word' id='word_1_346' title='bbox 1626 4858 1671 4912; x_wconf 89' lang='lat' dir='ltr'><em>si</em></span> <span class='ocrx_word' id='word_1_347' title='bbox 1686 4874 1756 4912; x_wconf 90' lang='lat' dir='ltr'><em>ea</em></span> <span class='ocrx_word' id='word_1_348' title='bbox 1770 4856 2064 4912; x_wconf 90' lang='lat' dir='ltr'><em>vocabula</em></span> <span class='ocrx_word' id='word_1_349' title='bbox 2079 4858 2253 4911; x_wconf 89' lang='lat' dir='ltr'><em>inter-</em></span> 
     </span>
    </p>
   </div>
   <div class='ocr_carea' id='block_1_53' title="bbox 601 4946 2252 5022">
    <p class='ocr_par' dir='ltr' id='par_1_53' title="bbox 601 4946 2252 5022">
     <span class='ocr_line' id='line_1_53' title="bbox 601 4946 2252 5022; baseline -0.003 -16"><span class='ocrx_word' id='word_1_350' title='bbox 601 4956 921 5022; x_wconf 88' lang='lat' dir='ltr'><em>pretemur,</em></span> <span class='ocrx_word' id='word_1_351' title='bbox 953 4949 1330 5019; x_wconf 87' lang='lat' dir='ltr'><em>Namphanio</em></span> <span class='ocrx_word' id='word_1_352' title='bbox 1355 4949 1500 5019; x_wconf 88' lang='lat' dir='ltr'><em>quid</em></span> <span class='ocrx_word' id='word_1_353' title='bbox 1535 4948 1692 5003; x_wconf 88' lang='lat' dir='ltr'><em>aliud</em></span> <span class='ocrx_word' id='word_1_354' title='bbox 1720 4946 2039 5016; x_wconf 86' lang='lat' dir='ltr'><em>signiﬁcat,</em></span> <span class='ocrx_word' id='word_1_355' title='bbox 2065 4963 2252 5019; x_wconf 88' lang='lat' dir='ltr'><em>quam</em></span> 
     </span>
    </p>
   </div>
   <div class='ocr_carea' id='block_1_54' title="bbox 599 5034 2251 5111">
    <p class='ocr_par' dir='ltr' id='par_1_54' title="bbox 599 5034 2251 5111">
     <span class='ocr_line' id='line_1_54' title="bbox 599 5034 2251 5111; baseline -0.005 -14"><span class='ocrx_word' id='word_1_356' title='bbox 599 5040 742 5097; x_wconf 89' lang='lat' dir='ltr'><em>boni</em></span> <span class='ocrx_word' id='word_1_357' title='bbox 758 5040 926 5111; x_wconf 90' lang='lat' dir='ltr'><em>pedis</em></span> <span class='ocrx_word' id='word_1_358' title='bbox 938 5037 1324 5101; x_wconf 90' lang='lat' dir='ltr'><em>hominem,id</em></span> <span class='ocrx_word' id='word_1_359' title='bbox 1340 5042 1427 5092; x_wconf 86' lang='lat' dir='ltr'><em>est</em></span> <span class='ocrx_word' id='word_1_360' title='bbox 1439 5037 1530 5107; x_wconf 92' lang='lat' dir='ltr'><em>cuj</em></span> <span class='ocrx_word' id='word_1_361' title='bbox 1544 5053 1610 5091; x_wconf 92' lang='lat' dir='ltr'><em>us</em></span> <span class='ocrx_word' id='word_1_362' title='bbox 1624 5036 1918 5091; x_wconf 87' lang='lat' dir='ltr'><em>adventus</em></span> <span class='ocrx_word' id='word_1_363' title='bbox 1934 5034 2251 5091; x_wconf 84' lang='lat' dir='ltr'><em>afferatali-</em></span> 
     </span>
    </p>
   </div>
   <div class='ocr_carea' id='block_1_55' title="bbox 602 5124 2254 5204">
    <p class='ocr_par' dir='ltr' id='par_1_55' title="bbox 602 5124 2254 5204">
     <span class='ocr_line' id='line_1_55' title="bbox 602 5124 2254 5204; baseline -0.004 -18"><span class='ocrx_word' id='word_1_364' title='bbox 602 5131 748 5204; x_wconf 89' lang='lat' dir='ltr'><em>quid</em></span> <span class='ocrx_word' id='word_1_365' title='bbox 766 5128 1085 5193; x_wconf 88' lang='lat' dir='ltr'><em>felicitatis;</em></span> <span class='ocrx_word' id='word_1_366' title='bbox 1121 5128 1271 5182; x_wconf 89' lang='lat' dir='ltr'><em>sicut</em></span> <span class='ocrx_word' id='word_1_367' title='bbox 1299 5126 1564 5181; x_wconf 86' lang='lat' dir='ltr'><em>solemus</em></span> <span class='ocrx_word' id='word_1_368' title='bbox 1590 5126 1805 5191; x_wconf 91' lang='lat' dir='ltr'><em>dicere,</em></span> <span class='ocrx_word' id='word_1_369' title='bbox 1826 5124 2089 5179; x_wconf 91' lang='lat' dir='ltr'><em>secundo</em></span> <span class='ocrx_word' id='word_1_370' title='bbox 2106 5124 2254 5196; x_wconf 89' lang='lat' dir='ltr'><em>pede</em></span> 
     </span>
    </p>
   </div>
   <div class='ocr_carea' id='block_1_56' title="bbox 608 5214 2256 5290">
    <p class='ocr_par' dir='ltr' id='par_1_56' title="bbox 608 5214 2256 5290">
     <span class='ocr_line' id='line_1_56' title="bbox 608 5214 2256 5290; baseline -0.004 -15"><span class='ocrx_word' id='word_1_371' title='bbox 608 5216 1398 5290; x_wconf 82' lang='lat' dir='ltr'><em>introisse,cujusintroitum</em></span> <span class='ocrx_word' id='word_1_372' title='bbox 1428 5215 1794 5287; x_wconf 86' lang='lat' dir='ltr'><em>prosperitas</em></span> <span class='ocrx_word' id='word_1_373' title='bbox 1820 5214 2023 5285; x_wconf 88' lang='lat' dir='ltr'><em>aliqua</em></span> <span class='ocrx_word' id='word_1_374' title='bbox 2045 5230 2256 5269; x_wconf 91' lang='lat' dir='ltr'><em>conse-</em></span> 
     </span>
    </p>
   </div>
   <div class='ocr_carea' id='block_1_57' title="bbox 672 5366 2255 5420">
    <p class='ocr_par' dir='ltr' id='par_1_57' title="bbox 672 5366 2255 5420">
     <span class='ocr_line' id='line_1_57' title="bbox 672 5366 2255 5420; baseline -0.002 -2"><span class='ocrx_word' id='word_1_375' title='bbox 672 5374 681 5399; x_wconf 80' lang='grc' dir='ltr'>ι</span> <span class='ocrx_word' id='word_1_376' title='bbox 717 5372 776 5418; x_wconf 90' lang='lat' dir='ltr'><em>In</em></span> <span class='ocrx_word' id='word_1_377' title='bbox 811 5372 933 5420; x_wconf 87' lang='lat' dir='ltr'><em>Mss.</em></span> <span class='ocrx_word' id='word_1_378' title='bbox 978 5371 1149 5420; x_wconf 86' lang='lat' dir='ltr'><em>tribus</em></span> <span class='ocrx_word' id='word_1_379' title='bbox 1194 5370 1457 5419; x_wconf 82' lang='lat' dir='ltr'><em>Maximus</em></span> <span class='ocrx_word' id='word_1_380' title='bbox 1504 5366 1871 5417; x_wconf 86' lang='lat' dir='ltr'><em>Madaurensis</em></span> <span class='ocrx_word' id='word_1_381' title='bbox 1921 5366 2255 5415; x_wconf 79' lang='lat' dir='ltr'><em>Grammatici</em></span> 
     </span>
    </p>
   </div>
   <div class='ocr_carea' id='block_1_58' title="bbox 604 5432 1039 5482">
    <p class='ocr_par' dir='ltr' id='par_1_58' title="bbox 604 5432 1039 5482">
     <span class='ocr_line' id='line_1_58' title="bbox 604 5432 1039 5482; baseline 0.002 -1"><span class='ocrx_word' id='word_1_382' title='bbox 604 5432 760 5482; x_wconf 88' lang='lat' dir='ltr'><em>titulo</em></span> <span class='ocrx_word' id='word_1_383' title='bbox 786 5434 1039 5482; x_wconf 88' lang='lat' dir='ltr'><em>donatur.</em></span> 
     </span>
    </p>
   </div>
   <div class='ocr_carea' id='block_1_59' title="bbox 666 5495 1595 5558">
    <p class='ocr_par' dir='ltr' id='par_1_59' title="bbox 666 5495 1595 5558">
     <span class='ocr_line' id='line_1_59' title="bbox 666 5495 1595 5558; baseline -0.001 -15"><span class='ocrx_word' id='word_1_384' title='bbox 666 5499 685 5529; x_wconf 78' lang='grc'>²</span> <span class='ocrx_word' id='word_1_385' title='bbox 709 5496 765 5543; x_wconf 88' lang='lat' dir='ltr'><em>ln</em></span> <span class='ocrx_word' id='word_1_386' title='bbox 793 5496 1034 5558; x_wconf 88' lang='lat' dir='ltr'><em>pluribus</em></span> <span class='ocrx_word' id='word_1_387' title='bbox 1068 5498 1212 5551; x_wconf 69' lang='lat' dir='ltr'><em>Mss,</em></span> <span class='ocrx_word' id='word_1_388' title='bbox 1246 5495 1595 5543; x_wconf 80' lang='lat' dir='ltr'><em>Eucaddares.</em></span> 
     </span>
    </p>
   </div>
   <div class='ocr_carea' id='block_1_60' title="bbox 668 5553 2160 5618">
    <p class='ocr_par' dir='ltr' id='par_1_60' title="bbox 668 5553 2160 5618">
     <span class='ocr_line' id='line_1_60' title="bbox 668 5553 2160 5618; baseline -0.005 -10"><span class='ocrx_word' id='word_1_389' title='bbox 668 5559 685 5586; x_wconf 80' lang='grc'><strong>³</strong></span> <span class='ocrx_word' id='word_1_390' title='bbox 718 5553 806 5608; x_wconf 60' lang='lat' dir='ltr'><em>ur:</em></span> <span class='ocrx_word' id='word_1_391' title='bbox 837 5558 991 5607; x_wconf 90' lang='lat' dir='ltr'><em>Guill.</em></span> <span class='ocrx_word' id='word_1_392' title='bbox 1034 5559 1160 5606; x_wconf 91' lang='lat' dir='ltr'><em>Ven.</em></span> <span class='ocrx_word' id='word_1_393' title='bbox 1194 5559 1322 5611; x_wconf 81' lang='lat' dir='ltr'><em>Lov.</em></span> <span class='ocrx_word' id='word_1_394' title='bbox 1367 5557 1562 5614; x_wconf 88' lang='lat' dir='ltr'><em>ferunt,</em></span> <span class='ocrx_word' id='word_1_395' title='bbox 1599 5554 1750 5609; x_wconf 83' lang='lat' dir='ltr'><em>Nam,</em></span> <span class='ocrx_word' id='word_1_396' title='bbox 1780 5568 1875 5618; x_wconf 89' lang='lat' dir='ltr'><em>pro</em></span> <span class='ocrx_word' id='word_1_397' title='bbox 1907 5553 2064 5618; x_wconf 54' lang='lat' dir='ltr'><em>Non,</em></span> <span class='ocrx_word' id='word_1_398' title='bbox 2092 5554 2160 5602; x_wconf 88' lang='lat' dir='ltr'><em>M.</em></span> 
     </span>
    </p>
   </div>
   <div class='ocr_carea' id='block_1_61' title="bbox 642 5617 2255 5693">
    <p class='ocr_par' dir='ltr' id='par_1_61' title="bbox 642 5617 2255 5693">
     <span class='ocr_line' id='line_1_61' title="bbox 642 5617 2255 5693; baseline -0.003 -24"><span class='ocrx_word' id='word_1_399' title='bbox 642 5622 743 5693; x_wconf 36' lang='lat' dir='ltr'><em>.(a)</em></span> <span class='ocrx_word' id='word_1_400' title='bbox 779 5621 917 5693; x_wconf 55' lang='lat' dir='ltr'><em>Alias</em></span> <span class='ocrx_word' id='word_1_401' title='bbox 951 5622 1009 5693; x_wconf 55' lang='grc' dir='ltr'>μ</span> <span class='ocrx_word' id='word_1_402' title='bbox 1041 5636 1050 5667; x_wconf 83' lang='lat' dir='ltr'><em>z</em></span> <span class='ocrx_word' id='word_1_403' title='bbox 1090 5635 1209 5683; x_wconf 67' lang='lat' dir='ltr'><em>quin</em></span> <span class='ocrx_word' id='word_1_404' title='bbox 1263 5624 1442 5669; x_wconf 87' lang='lat' dir='ltr'><em>autem</em></span> <span class='ocrx_word' id='word_1_405' title='bbox 1476 5621 1531 5670; x_wconf 84' lang='grc'>17</span> <span class='ocrx_word' id='word_1_406' title='bbox 1578 5624 1708 5681; x_wconf 84' lang='lat' dir='ltr'><em>erat,</em></span> <span class='ocrx_word' id='word_1_407' title='bbox 1741 5632 1882 5666; x_wconf 89' lang='lat' dir='ltr'><em>nunc</em></span> <span class='ocrx_word' id='word_1_408' title='bbox 1934 5620 2012 5667; x_wconf 86' lang='lat'><em>39.</em></span> <span class='ocrx_word' id='word_1_409' title='bbox 2052 5617 2255 5678; x_wconf 84' lang='lat' dir='ltr'><em>Scripta</em></span> 
     </span>
    </p>
   </div>
   <div class='ocr_carea' id='block_1_62' title="bbox 609 5683 1182 5745">
    <p class='ocr_par' dir='ltr' id='par_1_62' title="bbox 609 5683 1182 5745">
     <span class='ocr_line' id='line_1_62' title="bbox 609 5683 1182 5745; baseline -0.005 -12"><span class='ocrx_word' id='word_1_410' title='bbox 609 5684 750 5733; x_wconf 88' lang='lat' dir='ltr'><em>circa</em></span> <span class='ocrx_word' id='word_1_411' title='bbox 780 5683 919 5733; x_wconf 88' lang='lat' dir='ltr'><em>idem</em></span> <span class='ocrx_word' id='word_1_412' title='bbox 948 5687 1182 5745; x_wconf 88' lang='lat' dir='ltr'><em>tempus.</em></span> 
     </span>
    </p>
   </div>
   <div class='ocr_carea' id='block_1_63' title="bbox 2307 354 3964 442">
    <p class='ocr_par' dir='ltr' id='par_1_63' title="bbox 2307 354 3964 442">
     <span class='ocr_line' id='line_1_63' title="bbox 2307 354 3964 442; baseline -0.014 -11"><span class='ocrx_word' id='word_1_413' title='bbox 2307 380 2443 431; x_wconf 86' lang='lat' dir='ltr'><em>cuta</em></span> <span class='ocrx_word' id='word_1_414' title='bbox 2458 376 2530 430; x_wconf 89' lang='lat' dir='ltr'><em>sit</em></span> <span class='ocrx_word' id='word_1_415' title='bbox 2544 377 2570 429; x_wconf 84' lang='lat'><em>‘?</em></span> <span class='ocrx_word' id='word_1_416' title='bbox 2584 376 2721 439; x_wconf 67' lang='lat' dir='ltr'><em>Quae</em></span> <span class='ocrx_word' id='word_1_417' title='bbox 2736 372 2938 442; x_wconf 87' lang='lat' dir='ltr'><em>lingua</em></span> <span class='ocrx_word' id='word_1_418' title='bbox 2954 368 3000 424; x_wconf 90' lang='lat' dir='ltr'><em>si</em></span> <span class='ocrx_word' id='word_1_419' title='bbox 3016 364 3389 437; x_wconf 86' lang='lat' dir='ltr'><em>improbatur</em></span> <span class='ocrx_word' id='word_1_420' title='bbox 3403 361 3509 415; x_wconf 85' lang='lat' dir='ltr'><em>abs</em></span> <span class='ocrx_word' id='word_1_421' title='bbox 3526 364 3761 427; x_wconf 90' lang='lat' dir='ltr'><em>te,nega</em></span> <span class='ocrx_word' id='word_1_422' title='bbox 3774 354 3964 409; x_wconf 87' lang='lat' dir='ltr'><em>Puni-</em></span> 
     </span>
    </p>
   </div>
   <div class='ocr_carea' id='block_1_64' title="bbox 2308 444 3964 531">
    <p class='ocr_par' dir='ltr' id='par_1_64' title="bbox 2308 444 3964 531">
     <span class='ocr_line' id='line_1_64' title="bbox 2308 444 3964 531; baseline -0.015 -10"><span class='ocrx_word' id='word_1_423' title='bbox 2308 466 2393 520; x_wconf 90' lang='lat' dir='ltr'><em>cis</em></span> <span class='ocrx_word' id='word_1_424' title='bbox 2425 464 2612 531; x_wconf 88' lang='lat' dir='ltr'><em>libris,</em></span> <span class='ocrx_word' id='word_1_425' title='bbox 2670 468 2729 516; x_wconf 92' lang='lat' dir='ltr'><em>ut</em></span> <span class='ocrx_word' id='word_1_426' title='bbox 2760 479 2794 517; x_wconf 88' lang='lat' dir='ltr'><em>a</em></span> <span class='ocrx_word' id='word_1_427' title='bbox 2831 460 2973 516; x_wconf 87' lang='lat' dir='ltr'><em>viris</em></span> <span class='ocrx_word' id='word_1_428' title='bbox 3031 452 3385 511; x_wconf 78' lang='lat' dir='ltr'><em>doctissimis</em></span> <span class='ocrx_word' id='word_1_429' title='bbox 3429 448 3714 521; x_wconf 89' lang='lat' dir='ltr'><em>proditur,</em></span> <span class='ocrx_word' id='word_1_430' title='bbox 3769 444 3964 499; x_wconf 85' lang='lat' dir='ltr'><em>multa</em></span> 
     </span>
    </p>
   </div>
   <div class='ocr_carea' id='block_1_65' title="bbox 2310 534 3962 625">
    <p class='ocr_par' dir='ltr' id='par_1_65' title="bbox 2310 534 3962 625">
     <span class='ocr_line' id='line_1_65' title="bbox 2310 534 3962 625; baseline -0.012 -18"><span class='ocrx_word' id='word_1_431' title='bbox 2310 554 2609 625; x_wconf 87' lang='lat' dir='ltr'><em>sapienter</em></span> <span class='ocrx_word' id='word_1_432' title='bbox 2670 567 2797 606; x_wconf 88' lang='lat' dir='ltr'><em>esse</em></span> <span class='ocrx_word' id='word_1_433' title='bbox 2858 547 3145 603; x_wconf 87' lang='lat' dir='ltr'><em>mandata</em></span> <span class='ocrx_word' id='word_1_434' title='bbox 3194 539 3519 597; x_wconf 73' lang='lat' dir='ltr'><em>memoriae.</em></span> <span class='ocrx_word' id='word_1_435' title='bbox 3572 534 3853 591; x_wconf 79' lang='lat' dir='ltr'><em>Poeniteat</em></span> <span class='ocrx_word' id='word_1_436' title='bbox 3904 539 3962 589; x_wconf 92' lang='lat' dir='ltr'><em>te</em></span> 
     </span>
    </p>
   </div>
   <div class='ocr_carea' id='block_1_66' title="bbox 2310 624 3966 705">
    <p class='ocr_par' dir='ltr' id='par_1_66' title="bbox 2310 624 3966 705">
     <span class='ocr_line' id='line_1_66' title="bbox 2310 624 3966 705; baseline -0.013 -8"><span class='ocrx_word' id='word_1_437' title='bbox 2310 624 2462 697; x_wconf 79' lang='lat' dir='ltr'><em>certe</em></span> <span class='ocrx_word' id='word_1_438' title='bbox 2492 642 2573 695; x_wconf 87' lang='lat' dir='ltr'><em>ibi</em></span> <span class='ocrx_word' id='word_1_439' title='bbox 2606 646 2837 703; x_wconf 91' lang='lat' dir='ltr'><em>natum,</em></span> <span class='ocrx_word' id='word_1_440' title='bbox 2866 636 2965 692; x_wconf 86' lang='lat' dir='ltr'><em>ubi</em></span> <span class='ocrx_word' id='word_1_441' title='bbox 3006 634 3185 705; x_wconf 88' lang='lat' dir='ltr'><em>hujus</em></span> <span class='ocrx_word' id='word_1_442' title='bbox 3215 632 3433 698; x_wconf 69' lang='lat' dir='ltr'><em>linguae</em></span> <span class='ocrx_word' id='word_1_443' title='bbox 3462 624 3767 682; x_wconf 85' lang='lat' dir='ltr'><em>cunabula</em></span> <span class='ocrx_word' id='word_1_444' title='bbox 3794 638 3966 678; x_wconf 89' lang='lat' dir='ltr'><em>reca-</em></span> 
     </span>
    </p>
   </div>
   <div class='ocr_carea' id='block_1_67' title="bbox 2310 714 3966 786">
    <p class='ocr_par' dir='ltr' id='par_1_67' title="bbox 2310 714 3966 786">
     <span class='ocr_line' id='line_1_67' title="bbox 2310 714 3966 786; baseline -0.013 1"><span class='ocrx_word' id='word_1_445' title='bbox 2310 731 2449 786; x_wconf 89' lang='lat' dir='ltr'><em>lent.</em></span> <span class='ocrx_word' id='word_1_446' title='bbox 2493 732 2549 785; x_wconf 90' lang='lat' dir='ltr'><em>Si</em></span> <span class='ocrx_word' id='word_1_447' title='bbox 2574 745 2712 784; x_wconf 90' lang='lat' dir='ltr'><em>vero</em></span> <span class='ocrx_word' id='word_1_448' title='bbox 2738 734 2793 783; x_wconf 89' lang='lat' dir='ltr'><em>et</em></span> <span class='ocrx_word' id='word_1_449' title='bbox 2820 743 3003 781; x_wconf 89' lang='lat' dir='ltr'><em>sonus</em></span> <span class='ocrx_word' id='word_1_450' title='bbox 3035 721 3208 779; x_wconf 89' lang='lat' dir='ltr'><em>nobis</em></span> <span class='ocrx_word' id='word_1_451' title='bbox 3235 735 3354 775; x_wconf 91' lang='lat' dir='ltr'><em>non</em></span> <span class='ocrx_word' id='word_1_452' title='bbox 3383 714 3813 773; x_wconf 88' lang='lat' dir='ltr'><em>rationabiliter</em></span> <span class='ocrx_word' id='word_1_453' title='bbox 3842 715 3966 767; x_wconf 88' lang='lat' dir='ltr'><em>dis-</em></span> 
     </span>
    </p>
   </div>
   <div class='ocr_carea' id='block_1_68' title="bbox 2313 801 3964 892">
    <p class='ocr_par' dir='ltr' id='par_1_68' title="bbox 2313 801 3964 892">
     <span class='ocr_line' id='line_1_68' title="bbox 2313 801 3964 892; baseline -0.013 -17"><span class='ocrx_word' id='word_1_454' title='bbox 2313 821 2507 892; x_wconf 89' lang='lat' dir='ltr'><em>plicet,</em></span> <span class='ocrx_word' id='word_1_455' title='bbox 2532 824 2587 874; x_wconf 91' lang='lat' dir='ltr'><em>et</em></span> <span class='ocrx_word' id='word_1_456' title='bbox 2610 834 2704 873; x_wconf 90' lang='lat' dir='ltr'><em>me</em></span> <span class='ocrx_word' id='word_1_457' title='bbox 2744 817 2893 871; x_wconf 90' lang='lat' dir='ltr'><em>bene</em></span> <span class='ocrx_word' id='word_1_458' title='bbox 2917 815 3371 885; x_wconf 86' lang='lat' dir='ltr'><em>interpretatum</em></span> <span class='ocrx_word' id='word_1_459' title='bbox 3404 806 3551 862; x_wconf 92' lang='lat' dir='ltr'><em>illud</em></span> <span class='ocrx_word' id='word_1_460' title='bbox 3591 801 3964 858; x_wconf 83' lang='lat' dir='ltr'><em>vocabulum</em></span> 
     </span>
    </p>
   </div>
   <div class='ocr_carea' id='block_1_69' title="bbox 2312 892 3966 978">
    <p class='ocr_par' dir='ltr' id='par_1_69' title="bbox 2312 892 3966 978">
     <span class='ocr_line' id='line_1_69' title="bbox 2312 892 3966 978; baseline -0.013 -12"><span class='ocrx_word' id='word_1_461' title='bbox 2312 909 2684 978; x_wconf 87' lang='lat' dir='ltr'><em>recognocis,</em></span> <span class='ocrx_word' id='word_1_462' title='bbox 2726 906 2913 961; x_wconf 81' lang='lat' dir='ltr'><em>habes</em></span> <span class='ocrx_word' id='word_1_463' title='bbox 2954 902 3116 975; x_wconf 87' lang='lat' dir='ltr'><em>quod</em></span> <span class='ocrx_word' id='word_1_464' title='bbox 3168 912 3523 954; x_wconf 84' lang='lat' dir='ltr'><em>succenseas</em></span> <span class='ocrx_word' id='word_1_465' title='bbox 3564 892 3806 964; x_wconf 85' lang='lat' dir='ltr'><em>Virgilio</em></span> <span class='ocrx_word' id='word_1_466' title='bbox 3840 897 3966 955; x_wconf 89' lang='lat' dir='ltr'><em>tuo,</em></span> 
     </span>
    </p>
   </div>
   <div class='ocr_carea' id='block_1_70' title="bbox 2314 981 3970 1070">
    <p class='ocr_par' dir='ltr' id='par_1_70' title="bbox 2314 981 3970 1070">
     <span class='ocr_line' id='line_1_70' title="bbox 2314 981 3970 1070; baseline -0.012 -17"><span class='ocrx_word' id='word_1_467' title='bbox 2314 996 2742 1070; x_wconf 86' lang='lat' dir='ltr'><em>quiHerculem</em></span> <span class='ocrx_word' id='word_1_468' title='bbox 2765 998 3030 1049; x_wconf 87' lang='lat' dir='ltr'><em>vestrum</em></span> <span class='ocrx_word' id='word_1_469' title='bbox 3064 991 3140 1045; x_wconf 90' lang='lat' dir='ltr'><em>ad</em></span> <span class='ocrx_word' id='word_1_470' title='bbox 3168 1004 3361 1051; x_wconf 84' lang='lat' dir='ltr'><em>sacra,</em></span> <span class='ocrx_word' id='word_1_471' title='bbox 3393 1001 3527 1056; x_wconf 67' lang='lat' dir='ltr'><em>quae</em></span> <span class='ocrx_word' id='word_1_472' title='bbox 3554 983 3635 1037; x_wconf 91' lang='lat' dir='ltr'><em>illi</em></span> <span class='ocrx_word' id='word_1_473' title='bbox 3669 981 3746 1038; x_wconf 89' lang='lat' dir='ltr'><em>ad</em></span> <span class='ocrx_word' id='word_1_474' title='bbox 3781 984 3970 1035; x_wconf 87' lang='lat' dir='ltr'><em>Evan-</em></span> 
     </span>
    </p>
   </div>
   <div class='ocr_carea' id='block_1_71' title="bbox 2315 1076 3497 1150">
    <p class='ocr_par' dir='ltr' id='par_1_71' title="bbox 2315 1076 3497 1150">
     <span class='ocr_line' id='line_1_71' title="bbox 2315 1076 3497 1150; baseline -0.011 -8"><span class='ocrx_word' id='word_1_475' title='bbox 2315 1088 2424 1143; x_wconf 90' lang='lat' dir='ltr'><em>dro</em></span> <span class='ocrx_word' id='word_1_476' title='bbox 2463 1086 2852 1150; x_wconf 88' lang='lat' dir='ltr'><em>celebrantur,</em></span> <span class='ocrx_word' id='word_1_477' title='bbox 2889 1082 3095 1136; x_wconf 88' lang='lat' dir='ltr'><em>invitat</em></span> <span class='ocrx_word' id='word_1_478' title='bbox 3131 1079 3246 1134; x_wconf 93' lang='lat' dir='ltr'><em>hoc</em></span> <span class='ocrx_word' id='word_1_479' title='bbox 3278 1076 3497 1132; x_wconf 89' lang='lat' dir='ltr'><em>modo:</em></span> 
     </span>
    </p>
   </div>
   <div class='ocr_carea' id='block_1_72' title="bbox 2472 1160 3839 1230">
    <p class='ocr_par' dir='ltr' id='par_1_72' title="bbox 2472 1160 3839 1230">
     <span class='ocr_line' id='line_1_72' title="bbox 2472 1160 3839 1230; baseline -0.013 -5"><span class='ocrx_word' id='word_1_480' title='bbox 2472 1176 2533 1225; x_wconf 91' lang='lat' dir='ltr'><em>Et</em></span> <span class='ocrx_word' id='word_1_481' title='bbox 2568 1189 2668 1223; x_wconf 94' lang='lat' dir='ltr'><em>nos</em></span> <span class='ocrx_word' id='word_1_482' title='bbox 2698 1177 2748 1222; x_wconf 89' lang='lat' dir='ltr'><em>et</em></span> <span class='ocrx_word' id='word_1_483' title='bbox 2778 1177 2869 1222; x_wconf 90' lang='lat' dir='ltr'><em>tua</em></span> <span class='ocrx_word' id='word_1_484' title='bbox 2896 1171 3081 1220; x_wconf 84' lang='lat' dir='ltr'><em>dexter</em></span> <span class='ocrx_word' id='word_1_485' title='bbox 3114 1168 3200 1218; x_wconf 85' lang='lat' dir='ltr'><em>adi</em></span> <span class='ocrx_word' id='word_1_486' title='bbox 3231 1165 3365 1230; x_wconf 84' lang='lat' dir='ltr'><em>pede</em></span> <span class='ocrx_word' id='word_1_487' title='bbox 3396 1160 3839 1230; x_wconf 58' lang='lat' dir='ltr'><em>sacrasecundo.</em></span> 
     </span>
    </p>
   </div>
   <div class='ocr_carea' id='block_1_73' title="bbox 3190 1222 3826 1291">
    <p class='ocr_par' dir='ltr' id='par_1_73' title="bbox 3190 1222 3826 1291">
     <span class='ocr_line' id='line_1_73' title="bbox 3190 1222 3826 1291; baseline -0.02 -11"><span class='ocrx_word' id='word_1_488' title='bbox 3190 1262 3191 1265; x_wconf 61' lang='grc' dir='ltr'><strong>η</strong></span> <span class='ocrx_word' id='word_1_489' title='bbox 3224 1222 3390 1291; x_wconf 75' lang='lat' dir='ltr'><em>(Virg.</em></span> <span class='ocrx_word' id='word_1_490' title='bbox 3415 1225 3615 1274; x_wconf 60' lang='lat' dir='ltr'><em>.‘Eneid.</em></span> <span class='ocrx_word' id='word_1_491' title='bbox 3666 1222 3826 1282; x_wconf 47' lang='grc' dir='ltr'><em>νιιιμ)</em></span> 
     </span>
    </p>
   </div>
   <div class='ocr_carea' id='block_1_74' title="bbox 2320 1300 3969 1389">
    <p class='ocr_par' dir='ltr' id='par_1_74' title="bbox 2320 1300 3969 1389">
     <span class='ocr_line' id='line_1_74' title="bbox 2320 1300 3969 1389; baseline -0.012 -15"><span class='ocrx_word' id='word_1_492' title='bbox 2320 1318 2590 1375; x_wconf 88' lang='lat' dir='ltr'><em>Secundo</em></span> <span class='ocrx_word' id='word_1_493' title='bbox 2622 1316 2773 1389; x_wconf 86' lang='lat' dir='ltr'><em>pede</em></span> <span class='ocrx_word' id='word_1_494' title='bbox 2788 1316 3028 1387; x_wconf 88' lang='lat' dir='ltr'><em>optatut</em></span> <span class='ocrx_word' id='word_1_495' title='bbox 3059 1312 3270 1365; x_wconf 88' lang='lat' dir='ltr'><em>veniat.</em></span> <span class='ocrx_word' id='word_1_496' title='bbox 3307 1312 3425 1376; x_wconf 83' lang='lat' dir='ltr'><em>Ego</em></span> <span class='ocrx_word' id='word_1_497' title='bbox 3450 1305 3645 1361; x_wconf 83' lang='lat' dir='ltr'><em>venire</em></span> <span class='ocrx_word' id='word_1_498' title='bbox 3660 1300 3969 1358; x_wconf 81' lang='lat' dir='ltr'><em>Herculem</em></span> 
     </span>
    </p>
   </div>
   <div class='ocr_carea' id='block_1_75' title="bbox 2320 1390 3976 1479">
    <p class='ocr_par' dir='ltr' id='par_1_75' title="bbox 2320 1390 3976 1479">
     <span class='ocr_line' id='line_1_75' title="bbox 2320 1390 3976 1479; baseline -0.011 -16"><span class='ocrx_word' id='word_1_499' title='bbox 2320 1413 2485 1479; x_wconf 86' lang='lat' dir='ltr'><em>optat</em></span> <span class='ocrx_word' id='word_1_500' title='bbox 2499 1400 3115 1477; x_wconf 85' lang='lat' dir='ltr'><em>Namphanionem,de</em></span> <span class='ocrx_word' id='word_1_501' title='bbox 3129 1415 3249 1470; x_wconf 92' lang='lat' dir='ltr'><em>quo</em></span> <span class='ocrx_word' id='word_1_502' title='bbox 3265 1403 3323 1453; x_wconf 92' lang='lat' dir='ltr'><em>tu</em></span> <span class='ocrx_word' id='word_1_503' title='bbox 3341 1396 3584 1451; x_wconf 89' lang='lat' dir='ltr'><em>multum</em></span> <span class='ocrx_word' id='word_1_504' title='bbox 3601 1392 3773 1448; x_wconf 88' lang='lat' dir='ltr'><em>nobis</em></span> <span class='ocrx_word' id='word_1_505' title='bbox 3788 1390 3976 1446; x_wconf 91' lang='lat' dir='ltr'><em>insul-</em></span> 
     </span>
    </p>
   </div>
   <div class='ocr_carea' id='block_1_76' title="bbox 2322 1480 3975 1565">
    <p class='ocr_par' dir='ltr' id='par_1_76' title="bbox 2322 1480 3975 1565">
     <span class='ocr_line' id='line_1_76' title="bbox 2322 1480 3975 1565; baseline -0.011 -13"><span class='ocrx_word' id='word_1_506' title='bbox 2322 1502 2443 1552; x_wconf 87' lang='lat' dir='ltr'><em>tare</em></span> <span class='ocrx_word' id='word_1_507' title='bbox 2456 1495 2740 1565; x_wconf 87' lang='lat' dir='ltr'><em>dignaris.</em></span> <span class='ocrx_word' id='word_1_508' title='bbox 2764 1496 3185 1547; x_wconf 87' lang='lat' dir='ltr'><em>Verumtamen</em></span> <span class='ocrx_word' id='word_1_509' title='bbox 3213 1488 3258 1542; x_wconf 92' lang='lat' dir='ltr'><em>si</em></span> <span class='ocrx_word' id='word_1_510' title='bbox 3285 1486 3475 1541; x_wconf 91' lang='lat' dir='ltr'><em>ridere</em></span> <span class='ocrx_word' id='word_1_511' title='bbox 3493 1484 3762 1546; x_wconf 88' lang='lat' dir='ltr'><em>delectat,</em></span> <span class='ocrx_word' id='word_1_512' title='bbox 3780 1480 3975 1535; x_wconf 87' lang='lat' dir='ltr'><em>habes</em></span> 
     </span>
    </p>
   </div>
   <div class='ocr_carea' id='block_1_77' title="bbox 2324 1571 3977 1656">
    <p class='ocr_par' dir='ltr' id='par_1_77' title="bbox 2324 1571 3977 1656">
     <span class='ocr_line' id='line_1_77' title="bbox 2324 1571 3977 1656; baseline -0.011 -16"><span class='ocrx_word' id='word_1_513' title='bbox 2324 1585 2487 1656; x_wconf 89' lang='lat' dir='ltr'><em>apud</em></span> <span class='ocrx_word' id='word_1_514' title='bbox 2502 1600 2606 1639; x_wconf 93' lang='lat' dir='ltr'><em>vos</em></span> <span class='ocrx_word' id='word_1_515' title='bbox 2620 1598 2906 1651; x_wconf 88' lang='lat' dir='ltr'><em>magnam</em></span> <span class='ocrx_word' id='word_1_516' title='bbox 2924 1578 3225 1635; x_wconf 87' lang='lat' dir='ltr'><em>materiam</em></span> <span class='ocrx_word' id='word_1_517' title='bbox 3242 1574 3611 1631; x_wconf 87' lang='lat' dir='ltr'><em>facetiarum:</em></span> <span class='ocrx_word' id='word_1_518' title='bbox 3629 1572 3810 1626; x_wconf 89' lang='lat' dir='ltr'><em>deum</em></span> <span class='ocrx_word' id='word_1_519' title='bbox 3828 1571 3977 1625; x_wconf 82' lang='lat' dir='ltr'><em>Ster-</em></span> 
     </span>
    </p>
   </div>
   <div class='ocr_carea' id='block_1_78' title="bbox 2325 1660 3978 1739">
    <p class='ocr_par' dir='ltr' id='par_1_78' title="bbox 2325 1660 3978 1739">
     <span class='ocr_line' id='line_1_78' title="bbox 2325 1660 3978 1739; baseline -0.01 -10"><span class='ocrx_word' id='word_1_520' title='bbox 2325 1674 2761 1739; x_wconf 87' lang='lat' dir='ltr'><em>cutium,deam</em></span> <span class='ocrx_word' id='word_1_521' title='bbox 2795 1670 3156 1733; x_wconf 87' lang='lat' dir='ltr'><em>Cloacinam,</em></span> <span class='ocrx_word' id='word_1_522' title='bbox 3192 1669 3475 1721; x_wconf 88' lang='lat' dir='ltr'><em>Venerem</em></span> <span class='ocrx_word' id='word_1_523' title='bbox 3503 1662 3765 1728; x_wconf 88' lang='lat' dir='ltr'><em>Calvam,</em></span> <span class='ocrx_word' id='word_1_524' title='bbox 3788 1660 3978 1713; x_wconf 90' lang='lat' dir='ltr'><em>deum</em></span> 
     </span>
    </p>
   </div>
   <div class='ocr_carea' id='block_1_79' title="bbox 2324 1752 3981 1823">
    <p class='ocr_par' dir='ltr' id='par_1_79' title="bbox 2324 1752 3981 1823">
     <span class='ocr_line' id='line_1_79' title="bbox 2324 1752 3981 1823; baseline -0.01 -5"><span class='ocrx_word' id='word_1_525' title='bbox 2324 1762 2835 1823; x_wconf 87' lang='lat' dir='ltr'><em>Timorem,deum</em></span> <span class='ocrx_word' id='word_1_526' title='bbox 2856 1758 3165 1820; x_wconf 84' lang='lat' dir='ltr'><em>Pallorem,</em></span> <span class='ocrx_word' id='word_1_527' title='bbox 3196 1754 3372 1809; x_wconf 81' lang='lat' dir='ltr'><em>deam</em></span> <span class='ocrx_word' id='word_1_528' title='bbox 3401 1752 3664 1814; x_wconf 83' lang='lat' dir='ltr'><em>Febrem,</em></span> <span class='ocrx_word' id='word_1_529' title='bbox 3685 1754 3739 1804; x_wconf 90' lang='lat' dir='ltr'><em>et</em></span> <span class='ocrx_word' id='word_1_530' title='bbox 3761 1752 3981 1803; x_wconf 60' lang='lat' dir='ltr'><em>caetera</em></span> 
     </span>
    </p>
   </div>
   <div class='ocr_carea' id='block_1_80' title="bbox 2328 1834 3984 1915">
    <p class='ocr_par' dir='ltr' id='par_1_80' title="bbox 2328 1834 3984 1915">
     <span class='ocr_line' id='line_1_80' title="bbox 2328 1834 3984 1915; baseline -0.011 -9"><span class='ocrx_word' id='word_1_531' title='bbox 2328 1841 3469 1915; x_wconf 78' lang='lat' dir='ltr'><em>innumerabilialiujuscemodi,quibus</em></span> <span class='ocrx_word' id='word_1_532' title='bbox 3493 1840 3729 1894; x_wconf 82' lang='lat' dir='ltr'><em>Romani</em></span> <span class='ocrx_word' id='word_1_533' title='bbox 3746 1834 3984 1906; x_wconf 89' lang='lat' dir='ltr'><em>antiqui</em></span> 
     </span>
    </p>
   </div>
   <div class='ocr_carea' id='block_1_81' title="bbox 2330 1925 3984 2004">
    <p class='ocr_par' dir='ltr' id='par_1_81' title="bbox 2330 1925 3984 2004">
     <span class='ocr_line' id='line_1_81' title="bbox 2330 1925 3984 2004; baseline -0.01 -9"><span class='ocrx_word' id='word_1_534' title='bbox 2330 1939 2783 1995; x_wconf 89' lang='lat' dir='ltr'><em>simulacrorum</em></span> <span class='ocrx_word' id='word_1_535' title='bbox 2803 1936 3056 1992; x_wconf 87' lang='lat' dir='ltr'><em>cultores</em></span> <span class='ocrx_word' id='word_1_536' title='bbox 3080 1933 3303 2004; x_wconf 90' lang='lat' dir='ltr'><em>templa</em></span> <span class='ocrx_word' id='word_1_537' title='bbox 3330 1930 3616 1991; x_wconf 87' lang='lat' dir='ltr'><em>fecerunt,</em></span> <span class='ocrx_word' id='word_1_538' title='bbox 3641 1934 3697 1982; x_wconf 91' lang='lat' dir='ltr'><em>et</em></span> <span class='ocrx_word' id='word_1_539' title='bbox 3723 1925 3984 1981; x_wconf 90' lang='lat' dir='ltr'><em>colenda</em></span> 
     </span>
    </p>
   </div>
   <div class='ocr_carea' id='block_1_82' title="bbox 2329 2014 3983 2099">
    <p class='ocr_par' dir='ltr' id='par_1_82' title="bbox 2329 2014 3983 2099">
     <span class='ocr_line' id='line_1_82' title="bbox 2329 2014 3983 2099; baseline -0.011 -14"><span class='ocrx_word' id='word_1_540' title='bbox 2329 2034 2685 2085; x_wconf 89' lang='lat' dir='ltr'><em>censuerunt</em></span> <span class='ocrx_word' id='word_1_541' title='bbox 2702 2045 2713 2082; x_wconf 88' lang='lat'>:</span> <span class='ocrx_word' id='word_1_542' title='bbox 2732 2043 2867 2099; x_wconf 70' lang='lat' dir='ltr'><em>quae</em></span> <span class='ocrx_word' id='word_1_543' title='bbox 2882 2026 2929 2079; x_wconf 90' lang='lat' dir='ltr'><em>si</em></span> <span class='ocrx_word' id='word_1_544' title='bbox 2945 2023 3522 2093; x_wconf 83' lang='lat' dir='ltr'><em>negligis,Bomanos</em></span> <span class='ocrx_word' id='word_1_545' title='bbox 3535 2017 3681 2072; x_wconf 90' lang='lat' dir='ltr'><em>deos</em></span> <span class='ocrx_word' id='word_1_546' title='bbox 3694 2014 3983 2085; x_wconf 85' lang='lat' dir='ltr'><em>negligis;</em></span> 
     </span>
    </p>
   </div>
   <div class='ocr_carea' id='block_1_83' title="bbox 2332 2104 3988 2190">
    <p class='ocr_par' dir='ltr' id='par_1_83' title="bbox 2332 2104 3988 2190">
     <span class='ocr_line' id='line_1_83' title="bbox 2332 2104 3988 2190; baseline -0.011 -16"><span class='ocrx_word' id='word_1_547' title='bbox 2332 2115 2895 2190; x_wconf 86' lang='lat' dir='ltr'><em>exquointelligeris</em></span> <span class='ocrx_word' id='word_1_548' title='bbox 2929 2128 3049 2169; x_wconf 89' lang='lat' dir='ltr'><em>non</em></span> <span class='ocrx_word' id='word_1_549' title='bbox 3082 2110 3365 2168; x_wconf 83' lang='lat' dir='ltr'><em>Romanis</em></span> <span class='ocrx_word' id='word_1_550' title='bbox 3395 2108 3661 2164; x_wconf 89' lang='lat' dir='ltr'><em>initiatus</em></span> <span class='ocrx_word' id='word_1_551' title='bbox 3696 2104 3901 2171; x_wconf 89' lang='lat' dir='ltr'><em>sacris,</em></span> <span class='ocrx_word' id='word_1_552' title='bbox 3929 2106 3988 2158; x_wconf 87' lang='lat' dir='ltr'><em>et</em></span> 
     </span>
    </p>
   </div>
   <div class='ocr_carea' id='block_1_84' title="bbox 2331 2196 3989 2272">
    <p class='ocr_par' dir='ltr' id='par_1_84' title="bbox 2331 2196 3989 2272">
     <span class='ocr_line' id='line_1_84' title="bbox 2331 2196 3989 2272; baseline -0.011 -8"><span class='ocrx_word' id='word_1_553' title='bbox 2331 2213 2529 2264; x_wconf 69' lang='lat' dir='ltr'><em>tamen</em></span> <span class='ocrx_word' id='word_1_554' title='bbox 2550 2206 2771 2261; x_wconf 89' lang='lat' dir='ltr'><em>Punica</em></span> <span class='ocrx_word' id='word_1_555' title='bbox 2786 2204 3387 2272; x_wconf 46' lang='lat' dir='ltr'><em>nominahtanquam</em></span> <span class='ocrx_word' id='word_1_556' title='bbox 3401 2198 3717 2253; x_wconf 90' lang='lat' dir='ltr'><em>numinum</em></span> <span class='ocrx_word' id='word_1_557' title='bbox 3734 2197 3754 2230; x_wconf 78' lang='grc'>³</span> <span class='ocrx_word' id='word_1_558' title='bbox 3770 2196 3989 2249; x_wconf 83' lang='lat' dir='ltr'><em>Roma-</em></span> 
     </span>
    </p>
   </div>
   <div class='ocr_carea' id='block_1_85' title="bbox 2332 2283 3873 2355">
    <p class='ocr_par' dir='ltr' id='par_1_85' title="bbox 2332 2283 3873 2355">
     <span class='ocr_line' id='line_1_85' title="bbox 2332 2283 3873 2355; baseline -0.012 -2"><span class='ocrx_word' id='word_1_559' title='bbox 2332 2313 2547 2353; x_wconf 91' lang='lat' dir='ltr'><em>norum</em></span> <span class='ocrx_word' id='word_1_560' title='bbox 2568 2295 2858 2350; x_wconf 89' lang='lat' dir='ltr'><em>altaribus</em></span> <span class='ocrx_word' id='word_1_561' title='bbox 2872 2292 3127 2355; x_wconf 87' lang='lat' dir='ltr'><em>deditus,</em></span> <span class='ocrx_word' id='word_1_562' title='bbox 3161 2288 3495 2344; x_wconf 90' lang='lat' dir='ltr'><em>contemnis</em></span> <span class='ocrx_word' id='word_1_563' title='bbox 3511 2302 3579 2339; x_wconf 90' lang='lat' dir='ltr'><em>ac</em></span> <span class='ocrx_word' id='word_1_564' title='bbox 3592 2283 3873 2355; x_wconf 88' lang='lat' dir='ltr'><em>despicis.</em></span> 
     </span>
    </p>
   </div>
   <div class='ocr_carea' id='block_1_86' title="bbox 2404 2372 3990 2450">
    <p class='ocr_par' dir='ltr' id='par_1_86' title="bbox 2404 2372 3990 2450">
     <span class='ocr_line' id='line_1_86' title="bbox 2404 2372 3990 2450; baseline -0.01 -8"><span class='ocrx_word' id='word_1_565' title='bbox 2404 2392 2457 2443; x_wconf 88' lang='lat'><em>3.</em></span> <span class='ocrx_word' id='word_1_566' title='bbox 2476 2385 2584 2442; x_wconf 86' lang='lat' dir='ltr'><em>Sed</em></span> <span class='ocrx_word' id='word_1_567' title='bbox 2603 2385 2745 2439; x_wconf 89' lang='lat' dir='ltr'><em>mihi</em></span> <span class='ocrx_word' id='word_1_568' title='bbox 2762 2382 2976 2438; x_wconf 88' lang='lat' dir='ltr'><em>videris</em></span> <span class='ocrx_word' id='word_1_569' title='bbox 2992 2380 3241 2435; x_wconf 90' lang='lat' dir='ltr'><em>omnino</em></span> <span class='ocrx_word' id='word_1_570' title='bbox 3264 2378 3397 2450; x_wconf 88' lang='lat' dir='ltr'><em>plus</em></span> <span class='ocrx_word' id='word_1_571' title='bbox 3411 2391 3595 2448; x_wconf 91' lang='lat' dir='ltr'><em>quam</em></span> <span class='ocrx_word' id='word_1_572' title='bbox 3612 2389 3719 2428; x_wconf 90' lang='lat' dir='ltr'><em>nos</em></span> <span class='ocrx_word' id='word_1_573' title='bbox 3732 2372 3990 2427; x_wconf 84' lang='lat' dir='ltr'><em>fortasse</em></span> 
     </span>
    </p>
   </div>
   <div class='ocr_carea' id='block_1_87' title="bbox 2334 2464 3990 2543">
    <p class='ocr_par' dir='ltr' id='par_1_87' title="bbox 2334 2464 3990 2543">
     <span class='ocr_line' id='line_1_87' title="bbox 2334 2464 3990 2543; baseline -0.01 -12"><span class='ocrx_word' id='word_1_574' title='bbox 2334 2476 2434 2531; x_wconf 90' lang='lat' dir='ltr'><em>illa</em></span> <span class='ocrx_word' id='word_1_575' title='bbox 2465 2492 2635 2530; x_wconf 88' lang='lat' dir='ltr'><em>sacra</em></span> <span class='ocrx_word' id='word_1_576' title='bbox 2652 2473 2819 2529; x_wconf 91' lang='lat' dir='ltr'><em>nihili</em></span> <span class='ocrx_word' id='word_1_577' title='bbox 2837 2471 3116 2543; x_wconf 89' lang='lat' dir='ltr'><em>pendere,</em></span> <span class='ocrx_word' id='word_1_578' title='bbox 3134 2468 3236 2523; x_wconf 90' lang='lat' dir='ltr'><em>sed</em></span> <span class='ocrx_word' id='word_1_579' title='bbox 3252 2483 3323 2522; x_wconf 85' lang='lat' dir='ltr'><em>ex</em></span> <span class='ocrx_word' id='word_1_580' title='bbox 3351 2468 3433 2521; x_wconf 90' lang='lat' dir='ltr'><em>eis</em></span> <span class='ocrx_word' id='word_1_581' title='bbox 3448 2464 3650 2519; x_wconf 89' lang='lat' dir='ltr'><em>nescio</em></span> <span class='ocrx_word' id='word_1_582' title='bbox 3675 2478 3864 2534; x_wconf 90' lang='lat' dir='ltr'><em>quam</em></span> <span class='ocrx_word' id='word_1_583' title='bbox 3892 2477 3990 2517; x_wconf 85' lang='lat' dir='ltr'><em>ca-</em></span> 
     </span>
    </p>
   </div>
   <div class='ocr_carea' id='block_1_88' title="bbox 2334 2551 3991 2638">
    <p class='ocr_par' dir='ltr' id='par_1_88' title="bbox 2334 2551 3991 2638">
     <span class='ocr_line' id='line_1_88' title="bbox 2334 2551 3991 2638; baseline -0.011 -17"><span class='ocrx_word' id='word_1_584' title='bbox 2334 2571 2499 2638; x_wconf 89' lang='lat' dir='ltr'><em>ptare</em></span> <span class='ocrx_word' id='word_1_585' title='bbox 2513 2564 2590 2619; x_wconf 90' lang='lat' dir='ltr'><em>ad</em></span> <span class='ocrx_word' id='word_1_586' title='bbox 2620 2563 2800 2632; x_wconf 89' lang='lat' dir='ltr'><em>hujus</em></span> <span class='ocrx_word' id='word_1_587' title='bbox 2830 2564 2960 2617; x_wconf 69' lang='lat' dir='ltr'><em>vitae</em></span> <span class='ocrx_word' id='word_1_588' title='bbox 2992 2559 3305 2614; x_wconf 86' lang='lat' dir='ltr'><em>transitum</em></span> <span class='ocrx_word' id='word_1_589' title='bbox 3333 2555 3722 2626; x_wconf 89' lang='lat' dir='ltr'><em>voluptatem:</em></span> <span class='ocrx_word' id='word_1_590' title='bbox 3759 2551 3991 2622; x_wconf 90' lang='lat' dir='ltr'><em>quippe</em></span> 
     </span>
    </p>
   </div>
   <div class='ocr_carea' id='block_1_89' title="bbox 2334 2638 3991 2726">
    <p class='ocr_par' dir='ltr' id='par_1_89' title="bbox 2334 2638 3991 2726">
     <span class='ocr_line' id='line_1_89' title="bbox 2334 2638 3991 2726; baseline -0.009 -19"><span class='ocrx_word' id='word_1_591' title='bbox 2334 2654 2437 2726; x_wconf 89' lang='lat' dir='ltr'><em>qui</em></span> <span class='ocrx_word' id='word_1_592' title='bbox 2467 2652 2646 2707; x_wconf 89' lang='lat' dir='ltr'><em>etiam</em></span> <span class='ocrx_word' id='word_1_593' title='bbox 2677 2666 2797 2705; x_wconf 91' lang='lat' dir='ltr'><em>non</em></span> <span class='ocrx_word' id='word_1_594' title='bbox 2820 2646 3185 2704; x_wconf 86' lang='lat' dir='ltr'><em>dubitaveris</em></span> <span class='ocrx_word' id='word_1_595' title='bbox 3216 2644 3291 2701; x_wconf 87' lang='lat' dir='ltr'><em>ad</em></span> <span class='ocrx_word' id='word_1_596' title='bbox 3315 2648 3613 2701; x_wconf 83' lang='lat' dir='ltr'><em>Maronem</em></span> <span class='ocrx_word' id='word_1_597' title='bbox 3640 2638 3991 2711; x_wconf 82' lang='lat' dir='ltr'><em>confugere,</em></span> 
     </span>
    </p>
   </div>
   <div class='ocr_carea' id='block_1_90' title="bbox 2340 2731 3691 2809">
    <p class='ocr_par' dir='ltr' id='par_1_90' title="bbox 2340 2731 3691 2809">
     <span class='ocr_line' id='line_1_90' title="bbox 2340 2731 3691 2809; baseline -0.01 -11"><span class='ocrx_word' id='word_1_598' title='bbox 2340 2747 2399 2798; x_wconf 93' lang='lat' dir='ltr'><em>ut</em></span> <span class='ocrx_word' id='word_1_599' title='bbox 2440 2741 2673 2807; x_wconf 90' lang='lat' dir='ltr'><em>scribis,</em></span> <span class='ocrx_word' id='word_1_600' title='bbox 2706 2743 2764 2794; x_wconf 91' lang='lat' dir='ltr'><em>et</em></span> <span class='ocrx_word' id='word_1_601' title='bbox 2789 2738 2917 2809; x_wconf 90' lang='lat' dir='ltr'><em>ejus</em></span> <span class='ocrx_word' id='word_1_602' title='bbox 2943 2753 3110 2792; x_wconf 86' lang='lat' dir='ltr'><em>versu</em></span> <span class='ocrx_word' id='word_1_603' title='bbox 3143 2740 3197 2790; x_wconf 89' lang='lat' dir='ltr'><em>te</em></span> <span class='ocrx_word' id='word_1_604' title='bbox 3220 2733 3391 2798; x_wconf 85' lang='lat' dir='ltr'><em>tueri,</em></span> <span class='ocrx_word' id='word_1_605' title='bbox 3420 2747 3535 2804; x_wconf 91' lang='lat' dir='ltr'><em>quo</em></span> <span class='ocrx_word' id='word_1_606' title='bbox 3562 2731 3643 2786; x_wconf 89' lang='lat' dir='ltr'><em>ait</em></span> <span class='ocrx_word' id='word_1_607' title='bbox 3679 2746 3691 2785; x_wconf 90' lang='lat'>:</span> 
     </span>
    </p>
   </div>
   <div class='ocr_carea' id='block_1_91' title="bbox 2708 2822 3610 2935">
    <p class='ocr_par' dir='ltr' id='par_1_91' title="bbox 2708 2822 3610 2935">
     <span class='ocr_line' id='line_1_91' title="bbox 2708 2822 3610 2935; baseline -0.01 -59"><span class='ocrx_word' id='word_1_608' title='bbox 2708 2826 2889 2876; x_wconf 89' lang='lat' dir='ltr'><em>Trahit</em></span> <span class='ocrx_word' id='word_1_609' title='bbox 2911 2840 3007 2875; x_wconf 88' lang='lat' dir='ltr'><em>sua</em></span> <span class='ocrx_word' id='word_1_610' title='bbox 3038 2836 3306 2935; x_wconf 61' lang='lat' dir='ltr'><em>quemque</em></span> <span class='ocrx_word' id='word_1_611' title='bbox 3342 2822 3610 2884; x_wconf 83' lang='lat' dir='ltr'><em>voluptas.</em></span> 
     </span>
     <span class='ocr_line' id='line_1_92' title="bbox 3018 2883 3602 2935; baseline -0.01 0"><span class='ocrx_word' id='word_1_612' title='bbox 3018 2888 3033 2935; x_wconf 87' lang='lat'><strong><em>(</em></strong></span> <span class='ocrx_word' id='word_1_613' title='bbox 3072 2888 3118 2935; x_wconf 88' lang='lat' dir='ltr'><em>d.</em></span> <span class='ocrx_word' id='word_1_614' title='bbox 3155 2888 3210 2934; x_wconf 78' lang='lat' dir='ltr'><em>in</em></span> <span class='ocrx_word' id='word_1_615' title='bbox 3246 2886 3371 2933; x_wconf 88' lang='lat' dir='ltr'><em>Buc.</em></span> <span class='ocrx_word' id='word_1_616' title='bbox 3416 2883 3522 2931; x_wconf 83' lang='lat' dir='ltr'><em>Ecl.</em></span> <span class='ocrx_word' id='word_1_617' title='bbox 3558 2884 3602 2931; x_wconf 89' lang='lat'><em>3.</em></span> 
     </span>
    </p>
   </div>
   <div class='ocr_carea' id='block_1_92' title="bbox 3018 2882 3627 2949">
    <p class='ocr_par' dir='ltr' id='par_1_92' title="bbox 3018 2882 3627 2949">
     <span class='ocr_line' id='line_1_93' title="bbox 3018 2882 3627 2949; baseline -0.011 -13"><span class='ocrx_word' id='word_1_618' title='bbox 3018 2882 3118 2949; x_wconf 85' lang='lat' dir='ltr'><em>(Id.</em></span> <span class='ocrx_word' id='word_1_619' title='bbox 3155 2882 3371 2934; x_wconf 42' lang='lat' dir='ltr'><em>in‘Buc.</em></span> <span class='ocrx_word' id='word_1_620' title='bbox 3416 2882 3522 2931; x_wconf 71' lang='lat' dir='ltr'><em>Ecl.</em></span> <span class='ocrx_word' id='word_1_621' title='bbox 3558 2882 3627 2943; x_wconf 89' lang='lat'><em>3.)</em></span> 
     </span>
    </p>
   </div>
   <div class='ocr_carea' id='block_1_93' title="bbox 2338 2967 3998 3045">
    <p class='ocr_par' dir='ltr' id='par_1_93' title="bbox 2338 2967 3998 3045">
     <span class='ocr_line' id='line_1_94' title="bbox 2338 2967 3998 3045; baseline -0.008 -8"><span class='ocrx_word' id='word_1_622' title='bbox 2338 2985 2482 3038; x_wconf 87' lang='lat' dir='ltr'><em>Nam</em></span> <span class='ocrx_word' id='word_1_623' title='bbox 2500 2982 2545 3036; x_wconf 91' lang='lat' dir='ltr'><em>si</em></span> <span class='ocrx_word' id='word_1_624' title='bbox 2568 2980 2673 3036; x_wconf 90' lang='lat' dir='ltr'><em>tibi</em></span> <span class='ocrx_word' id='word_1_625' title='bbox 2696 2979 3017 3034; x_wconf 87' lang='lat' dir='ltr'><em>auctoritas</em></span> <span class='ocrx_word' id='word_1_626' title='bbox 3052 2977 3306 3032; x_wconf 85' lang='lat' dir='ltr'><em>Maronis</em></span> <span class='ocrx_word' id='word_1_627' title='bbox 3326 2974 3540 3045; x_wconf 89' lang='lat' dir='ltr'><em>placet,</em></span> <span class='ocrx_word' id='word_1_628' title='bbox 3567 2970 3719 3026; x_wconf 89' lang='lat' dir='ltr'><em>sicut</em></span> <span class='ocrx_word' id='word_1_629' title='bbox 3753 2967 3998 3041; x_wconf 88' lang='lat' dir='ltr'><em>placere</em></span> 
     </span>
    </p>
   </div>
   <div class='ocr_carea' id='block_1_94' title="bbox 2338 3061 3604 3141">
    <p class='ocr_par' dir='ltr' id='par_1_94' title="bbox 2338 3061 3604 3141">
     <span class='ocr_line' id='line_1_95' title="bbox 2338 3061 3604 3141; baseline -0.009 -16"><span class='ocrx_word' id='word_1_630' title='bbox 2338 3070 2663 3141; x_wconf 78' lang='lat' dir='ltr'><em>significas,</em></span> <span class='ocrx_word' id='word_1_631' title='bbox 2700 3067 2966 3140; x_wconf 89' lang='lat' dir='ltr'><em>profecto</em></span> <span class='ocrx_word' id='word_1_632' title='bbox 2989 3066 3164 3119; x_wconf 89' lang='lat' dir='ltr'><em>etiam</em></span> <span class='ocrx_word' id='word_1_633' title='bbox 3191 3063 3334 3118; x_wconf 91' lang='lat' dir='ltr'><em>illud</em></span> <span class='ocrx_word' id='word_1_634' title='bbox 3360 3061 3558 3133; x_wconf 88' lang='lat' dir='ltr'><em>placet</em></span> <span class='ocrx_word' id='word_1_635' title='bbox 3593 3076 3604 3114; x_wconf 91' lang='lat'><strong>:</strong></span> 
     </span>
    </p>
   </div>
   <div class='ocr_carea' id='block_1_95' title="bbox 2464 3158 3756 3221">
    <p class='ocr_par' dir='ltr' id='par_1_95' title="bbox 2464 3158 3756 3221">
     <span class='ocr_line' id='line_1_96' title="bbox 2464 3158 3756 3221; baseline -0.009 -5"><span class='ocrx_word' id='word_1_636' title='bbox 2464 3168 2671 3216; x_wconf 86' lang='lat' dir='ltr'><em>Primus</em></span> <span class='ocrx_word' id='word_1_637' title='bbox 2697 3165 2762 3214; x_wconf 88' lang='lat' dir='ltr'><em>ab</em></span> <span class='ocrx_word' id='word_1_638' title='bbox 2793 3165 3022 3215; x_wconf 67' lang='lat' dir='ltr'><em>aethereo</em></span> <span class='ocrx_word' id='word_1_639' title='bbox 3046 3163 3191 3212; x_wconf 87' lang='lat' dir='ltr'><em>venit</em></span> <span class='ocrx_word' id='word_1_640' title='bbox 3215 3162 3480 3209; x_wconf 89' lang='lat' dir='ltr'><em>Saturnus</em></span> <span class='ocrx_word' id='word_1_641' title='bbox 3512 3158 3756 3221; x_wconf 75' lang='lat' dir='ltr'><em>Olympo,</em></span> 
     </span>
    </p>
   </div>
   <div class='ocr_carea' id='block_1_96' title="bbox 2462 3218 3848 3290">
    <p class='ocr_par' dir='ltr' id='par_1_96' title="bbox 2462 3218 3848 3290">
     <span class='ocr_line' id='line_1_97' title="bbox 2462 3218 3848 3290; baseline -0.007 -11"><span class='ocrx_word' id='word_1_642' title='bbox 2462 3232 2623 3279; x_wconf 83' lang='lat' dir='ltr'><em>Arma</em></span> <span class='ocrx_word' id='word_1_643' title='bbox 2644 3229 2791 3278; x_wconf 84' lang='lat' dir='ltr'><em>Jovis</em></span> <span class='ocrx_word' id='word_1_644' title='bbox 2818 3228 3048 3290; x_wconf 87' lang='lat' dir='ltr'><em>fugiens,</em></span> <span class='ocrx_word' id='word_1_645' title='bbox 3069 3230 3121 3274; x_wconf 92' lang='lat' dir='ltr'><em>et</em></span> <span class='ocrx_word' id='word_1_646' title='bbox 3153 3226 3334 3290; x_wconf 80' lang='lat' dir='ltr'><em>regnis</em></span> <span class='ocrx_word' id='word_1_647' title='bbox 3370 3221 3531 3290; x_wconf 65' lang='lat' dir='ltr'><em>exsul</em></span> <span class='ocrx_word' id='word_1_648' title='bbox 3554 3218 3848 3290; x_wconf 61' lang='lat' dir='ltr'><em>ademptis.</em></span> 
     </span>
    </p>
   </div>
   <div class='ocr_carea' id='block_1_97' title="bbox 3208 3281 3745 3342">
    <p class='ocr_par' dir='ltr' id='par_1_97' title="bbox 3208 3281 3745 3342">
     <span class='ocr_line' id='line_1_98' title="bbox 3208 3281 3745 3342; baseline -0.02 -3"><span class='ocrx_word' id='word_1_649' title='bbox 3208 3281 3309 3339; x_wconf 73' lang='lat' dir='ltr'><em>ad.</em></span> <span class='ocrx_word' id='word_1_650' title='bbox 3343 3284 3549 3333; x_wconf 62' lang='lat' dir='ltr'><em>.Enead.</em></span> <span class='ocrx_word' id='word_1_651' title='bbox 3584 3281 3745 3342; x_wconf 85' lang='lat' dir='ltr'><em>VIII.)</em></span> 
     </span>
    </p>
   </div>
   <div class='ocr_carea' id='block_1_98' title="bbox 2341 3361 4003 3443">
    <p class='ocr_par' dir='ltr' id='par_1_98' title="bbox 2341 3361 4003 3443">
     <span class='ocr_line' id='line_1_99' title="bbox 2341 3361 4003 3443; baseline -0.01 -14"><span class='ocrx_word' id='word_1_652' title='bbox 2341 3372 2869 3443; x_wconf 65' lang='lat' dir='ltr'><em>etcastera,quibus</em></span> <span class='ocrx_word' id='word_1_653' title='bbox 2891 3386 3029 3425; x_wconf 90' lang='lat' dir='ltr'><em>cum</em></span> <span class='ocrx_word' id='word_1_654' title='bbox 3057 3373 3237 3440; x_wconf 89' lang='lat' dir='ltr'><em>atque</em></span> <span class='ocrx_word' id='word_1_655' title='bbox 3254 3363 3674 3438; x_wconf 89' lang='lat' dir='ltr'><em>hujuscemodi</em></span> <span class='ocrx_word' id='word_1_656' title='bbox 3693 3361 3839 3416; x_wconf 89' lang='lat' dir='ltr'><em>deos</em></span> <span class='ocrx_word' id='word_1_657' title='bbox 3873 3376 4003 3415; x_wconf 84' lang='lat' dir='ltr'><em>ves-</em></span> 
     </span>
    </p>
   </div>
   <div class='ocr_carea' id='block_1_99' title="bbox 2342 3448 4003 3529">
    <p class='ocr_par' dir='ltr' id='par_1_99' title="bbox 2342 3448 4003 3529">
     <span class='ocr_line' id='line_1_100' title="bbox 2342 3448 4003 3529; baseline -0.007 -12"><span class='ocrx_word' id='word_1_658' title='bbox 2342 3467 2463 3518; x_wconf 91' lang='lat' dir='ltr'><em>tros</em></span> <span class='ocrx_word' id='word_1_659' title='bbox 2493 3462 2618 3517; x_wconf 89' lang='lat' dir='ltr'><em>vult</em></span> <span class='ocrx_word' id='word_1_660' title='bbox 2646 3460 2889 3529; x_wconf 90' lang='lat' dir='ltr'><em>intelligi</em></span> <span class='ocrx_word' id='word_1_661' title='bbox 2921 3458 3197 3515; x_wconf 88' lang='lat' dir='ltr'><em>homines</em></span> <span class='ocrx_word' id='word_1_662' title='bbox 3225 3457 3422 3512; x_wconf 90' lang='lat' dir='ltr'><em>fuisse.</em></span> <span class='ocrx_word' id='word_1_663' title='bbox 3448 3456 3689 3524; x_wconf 89' lang='lat' dir='ltr'><em>Legerat</em></span> <span class='ocrx_word' id='word_1_664' title='bbox 3713 3449 3875 3506; x_wconf 90' lang='lat' dir='ltr'><em>enim</em></span> <span class='ocrx_word' id='word_1_665' title='bbox 3900 3448 4003 3505; x_wconf 91' lang='lat' dir='ltr'><em>ille</em></span> 
     </span>
    </p>
   </div>
   <div class='ocr_carea' id='block_1_100' title="bbox 2349 3540 4000 3607">
    <p class='ocr_par' dir='ltr' id='par_1_100' title="bbox 2349 3540 4000 3607">
     <span class='ocr_line' id='line_1_101' title="bbox 2349 3540 4000 3607; baseline -0.008 0"><span class='ocrx_word' id='word_1_666' title='bbox 2349 3551 2598 3607; x_wconf 87' lang='lat' dir='ltr'><em>multam</em></span> <span class='ocrx_word' id='word_1_667' title='bbox 2631 3552 2652 3585; x_wconf 81' lang='grc'>³</span> <span class='ocrx_word' id='word_1_668' title='bbox 2674 3549 2981 3606; x_wconf 88' lang='lat' dir='ltr'><em>historiam</em></span> <span class='ocrx_word' id='word_1_669' title='bbox 3006 3553 3237 3603; x_wconf 89' lang='lat' dir='ltr'><em>vetusta</em></span> <span class='ocrx_word' id='word_1_670' title='bbox 3260 3544 3609 3601; x_wconf 86' lang='lat' dir='ltr'><em>auctoritate</em></span> <span class='ocrx_word' id='word_1_671' title='bbox 3626 3540 4000 3604; x_wconf 84' lang='lat' dir='ltr'><em>roboratam,</em></span> 
     </span>
    </p>
   </div>
   <div class='ocr_carea' id='block_1_101' title="bbox 2346 3628 4003 3713">
    <p class='ocr_par' dir='ltr' id='par_1_101' title="bbox 2346 3628 4003 3713">
     <span class='ocr_line' id='line_1_102' title="bbox 2346 3628 4003 3713; baseline -0.008 -17"><span class='ocrx_word' id='word_1_672' title='bbox 2346 3658 2532 3713; x_wconf 88' lang='lat' dir='ltr'><em>quam</em></span> <span class='ocrx_word' id='word_1_673' title='bbox 2574 3641 2750 3695; x_wconf 90' lang='lat' dir='ltr'><em>etiam</em></span> <span class='ocrx_word' id='word_1_674' title='bbox 2782 3639 2995 3694; x_wconf 89' lang='lat' dir='ltr'><em>Tullius</em></span> <span class='ocrx_word' id='word_1_675' title='bbox 3026 3637 3266 3707; x_wconf 85' lang='lat' dir='ltr'><em>legerat,</em></span> <span class='ocrx_word' id='word_1_676' title='bbox 3300 3635 3403 3707; x_wconf 92' lang='lat' dir='ltr'><em>qui</em></span> <span class='ocrx_word' id='word_1_677' title='bbox 3447 3633 3560 3688; x_wconf 91' lang='lat' dir='ltr'><em>hoc</em></span> <span class='ocrx_word' id='word_1_678' title='bbox 3584 3630 3743 3686; x_wconf 89' lang='lat' dir='ltr'><em>idem</em></span> <span class='ocrx_word' id='word_1_679' title='bbox 3778 3630 3837 3684; x_wconf 91' lang='lat' dir='ltr'><em>in</em></span> <span class='ocrx_word' id='word_1_680' title='bbox 3871 3628 4003 3683; x_wconf 88' lang='lat' dir='ltr'><em>dia-</em></span> 
     </span>
    </p>
   </div>
   <div class='ocr_carea' id='block_1_102' title="bbox 2346 3724 4008 3802">
    <p class='ocr_par' dir='ltr' id='par_1_102' title="bbox 2346 3724 4008 3802">
     <span class='ocr_line' id='line_1_103' title="bbox 2346 3724 4008 3802; baseline -0.008 -16"><span class='ocrx_word' id='word_1_681' title='bbox 2346 3731 2498 3800; x_wconf 88' lang='lat' dir='ltr'><em>logis</em></span> <span class='ocrx_word' id='word_1_682' title='bbox 2521 3730 2653 3802; x_wconf 92' lang='lat' dir='ltr'><em>plus</em></span> <span class='ocrx_word' id='word_1_683' title='bbox 2688 3745 2871 3801; x_wconf 90' lang='lat' dir='ltr'><em>quam</em></span> <span class='ocrx_word' id='word_1_684' title='bbox 2899 3726 3198 3800; x_wconf 90' lang='lat' dir='ltr'><em>postulare</em></span> <span class='ocrx_word' id='word_1_685' title='bbox 3225 3724 3585 3779; x_wconf 88' lang='lat' dir='ltr'><em>auderemus</em></span> <span class='ocrx_word' id='word_1_686' title='bbox 3630 3732 4008 3775; x_wconf 89' lang='lat' dir='ltr'><em>commemo-</em></span> 
     </span>
    </p>
   </div>
   <div class='ocr_carea' id='block_1_103' title="bbox 2350 3811 4005 3890">
    <p class='ocr_par' dir='ltr' id='par_1_103' title="bbox 2350 3811 4005 3890">
     <span class='ocr_line' id='line_1_104' title="bbox 2350 3811 4005 3890; baseline -0.009 -14"><span class='ocrx_word' id='word_1_687' title='bbox 2350 3826 2460 3885; x_wconf 91' lang='lat' dir='ltr'><em>rat,</em></span> <span class='ocrx_word' id='word_1_688' title='bbox 2490 3825 2543 3875; x_wconf 91' lang='lat' dir='ltr'><em>et</em></span> <span class='ocrx_word' id='word_1_689' title='bbox 2575 3818 2900 3890; x_wconf 89' lang='lat' dir='ltr'><em>perducere</em></span> <span class='ocrx_word' id='word_1_690' title='bbox 2926 3816 2987 3871; x_wconf 92' lang='lat' dir='ltr'><em>in</em></span> <span class='ocrx_word' id='word_1_691' title='bbox 3020 3815 3334 3870; x_wconf 87' lang='lat' dir='ltr'><em>hominum</em></span> <span class='ocrx_word' id='word_1_692' title='bbox 3376 3811 3667 3874; x_wconf 89' lang='lat' dir='ltr'><em>notitiam,</em></span> <span class='ocrx_word' id='word_1_693' title='bbox 3700 3813 4005 3880; x_wconf 90' lang='lat' dir='ltr'><em>quantum</em></span> 
     </span>
    </p>
   </div>
   <div class='ocr_carea' id='block_1_104' title="bbox 2353 3902 3476 3979">
    <p class='ocr_par' dir='ltr' id='par_1_104' title="bbox 2353 3902 3476 3979">
     <span class='ocr_line' id='line_1_105' title="bbox 2353 3902 3476 3979; baseline -0.009 -14"><span class='ocrx_word' id='word_1_694' title='bbox 2353 3910 2449 3965; x_wconf 90' lang='lat' dir='ltr'><em>illa</em></span> <span class='ocrx_word' id='word_1_695' title='bbox 2479 3916 2750 3979; x_wconf 88' lang='lat' dir='ltr'><em>tempora</em></span> <span class='ocrx_word' id='word_1_696' title='bbox 2789 3905 3187 3978; x_wconf 89' lang='lat' dir='ltr'><em>patiebantur,</em></span> <span class='ocrx_word' id='word_1_697' title='bbox 3219 3902 3476 3958; x_wconf 90' lang='lat' dir='ltr'><em>molitur.</em></span> 
     </span>
    </p>
   </div>
   <div class='ocr_carea' id='block_1_105' title="bbox 2422 3990 4011 4062">
    <p class='ocr_par' dir='ltr' id='par_1_105' title="bbox 2422 3990 4011 4062">
     <span class='ocr_line' id='line_1_106' title="bbox 2422 3990 4011 4062; baseline -0.009 -9"><span class='ocrx_word' id='word_1_698' title='bbox 2422 4002 2475 4053; x_wconf 77' lang='grc'><em>4.</em></span> <span class='ocrx_word' id='word_1_699' title='bbox 2511 3997 2677 4062; x_wconf 88' lang='lat' dir='ltr'><em>Quod</em></span> <span class='ocrx_word' id='word_1_700' title='bbox 2698 4001 2895 4051; x_wconf 90' lang='lat' dir='ltr'><em>autem</em></span> <span class='ocrx_word' id='word_1_701' title='bbox 2921 3994 3093 4058; x_wconf 91' lang='lat' dir='ltr'><em>dicis,</em></span> <span class='ocrx_word' id='word_1_702' title='bbox 3113 4008 3182 4047; x_wconf 91' lang='lat' dir='ltr'><em>eo</em></span> <span class='ocrx_word' id='word_1_703' title='bbox 3206 3990 3423 4046; x_wconf 89' lang='lat' dir='ltr'><em>nostris</em></span> <span class='ocrx_word' id='word_1_704' title='bbox 3440 3994 3629 4043; x_wconf 89' lang='lat' dir='ltr'><em>vestra</em></span> <span class='ocrx_word' id='word_1_705' title='bbox 3663 4002 3834 4043; x_wconf 90' lang='lat' dir='ltr'><em>sacra</em></span> <span class='ocrx_word' id='word_1_706' title='bbox 3850 4001 4011 4057; x_wconf 72' lang='lat' dir='ltr'><em>prae-</em></span> 
     </span>
    </p>
   </div>
   <div class='ocr_carea' id='block_1_106' title="bbox 2355 4080 4012 4161">
    <p class='ocr_par' dir='ltr' id='par_1_106' title="bbox 2355 4080 4012 4161">
     <span class='ocr_line' id='line_1_107' title="bbox 2355 4080 4012 4161; baseline -0.008 -19"><span class='ocrx_word' id='word_1_707' title='bbox 2355 4088 2515 4161; x_wconf 89' lang='lat' dir='ltr'><em>poni,</em></span> <span class='ocrx_word' id='word_1_708' title='bbox 2532 4086 2691 4156; x_wconf 81' lang='lat' dir='ltr'><em>quod</em></span> <span class='ocrx_word' id='word_1_709' title='bbox 2708 4101 2811 4139; x_wconf 91' lang='lat' dir='ltr'><em>vos</em></span> <span class='ocrx_word' id='word_1_710' title='bbox 2826 4084 3061 4155; x_wconf 88' lang='lat' dir='ltr'><em>publice</em></span> <span class='ocrx_word' id='word_1_711' title='bbox 3076 4081 3266 4137; x_wconf 89' lang='lat' dir='ltr'><em>colitis</em></span> <span class='ocrx_word' id='word_1_712' title='bbox 3282 4080 3564 4145; x_wconf 90' lang='lat' dir='ltr'><em>deos,nos</em></span> <span class='ocrx_word' id='word_1_713' title='bbox 3582 4082 3781 4132; x_wconf 88' lang='lat' dir='ltr'><em>autem</em></span> <span class='ocrx_word' id='word_1_714' title='bbox 3806 4090 4012 4130; x_wconf 86' lang='lat' dir='ltr'><em>secre-</em></span> 
     </span>
    </p>
   </div>
   <div class='ocr_carea' id='block_1_107' title="bbox 2357 4164 4013 4240">
    <p class='ocr_par' dir='ltr' id='par_1_107' title="bbox 2357 4164 4013 4240">
     <span class='ocr_line' id='line_1_108' title="bbox 2357 4164 4013 4240; baseline -0.007 -9"><span class='ocrx_word' id='word_1_715' title='bbox 2357 4176 2601 4232; x_wconf 89' lang='lat' dir='ltr'><em>tioribus</em></span> <span class='ocrx_word' id='word_1_716' title='bbox 2632 4172 3054 4229; x_wconf 86' lang='lat' dir='ltr'><em>conventiculis</em></span> <span class='ocrx_word' id='word_1_717' title='bbox 3090 4172 3342 4225; x_wconf 89' lang='lat' dir='ltr'><em>utimur:</em></span> <span class='ocrx_word' id='word_1_718' title='bbox 3380 4168 3576 4240; x_wconf 89' lang='lat' dir='ltr'><em>primo</em></span> <span class='ocrx_word' id='word_1_719' title='bbox 3618 4165 3762 4221; x_wconf 89' lang='lat' dir='ltr'><em>illud</em></span> <span class='ocrx_word' id='word_1_720' title='bbox 3806 4164 3917 4220; x_wconf 86' lang='lat' dir='ltr'><em>abs</em></span> <span class='ocrx_word' id='word_1_721' title='bbox 3957 4169 4013 4220; x_wconf 88' lang='lat' dir='ltr'><em>te</em></span> 
     </span>
    </p>
   </div>
   <div class='ocr_carea' id='block_1_108' title="bbox 2356 4256 4015 4338">
    <p class='ocr_par' dir='ltr' id='par_1_108' title="bbox 2356 4256 4015 4338">
     <span class='ocr_line' id='line_1_109' title="bbox 2356 4256 4015 4338; baseline -0.007 -17"><span class='ocrx_word' id='word_1_722' title='bbox 2356 4281 2575 4338; x_wconf 63' lang='lat' dir='ltr'><em>quaero,</em></span> <span class='ocrx_word' id='word_1_723' title='bbox 2605 4263 2913 4335; x_wconf 89' lang='lat' dir='ltr'><em>quomodo</em></span> <span class='ocrx_word' id='word_1_724' title='bbox 2962 4260 3175 4316; x_wconf 90' lang='lat' dir='ltr'><em>oblitus</em></span> <span class='ocrx_word' id='word_1_725' title='bbox 3198 4261 3276 4313; x_wconf 90' lang='lat' dir='ltr'><em>sis</em></span> <span class='ocrx_word' id='word_1_726' title='bbox 3308 4258 3583 4313; x_wconf 88' lang='lat' dir='ltr'><em>Liberum</em></span> <span class='ocrx_word' id='word_1_727' title='bbox 3604 4256 3794 4318; x_wconf 92' lang='lat' dir='ltr'><em>illum,</em></span> <span class='ocrx_word' id='word_1_728' title='bbox 3823 4270 4015 4325; x_wconf 86' lang='lat' dir='ltr'><em>quem</em></span> 
     </span>
    </p>
   </div>
   <div class='ocr_carea' id='block_1_109' title="bbox 2356 4345 4018 4427">
    <p class='ocr_par' dir='ltr' id='par_1_109' title="bbox 2356 4345 4018 4427">
     <span class='ocr_line' id='line_1_110' title="bbox 2356 4345 4018 4427; baseline -0.007 -16"><span class='ocrx_word' id='word_1_729' title='bbox 2356 4370 2687 4427; x_wconf 90' lang='lat' dir='ltr'><em>paucorum</em></span> <span class='ocrx_word' id='word_1_730' title='bbox 2704 4358 3075 4407; x_wconf 82' lang='lat' dir='ltr'><em>sacratorum</em></span> <span class='ocrx_word' id='word_1_731' title='bbox 3089 4350 3274 4405; x_wconf 91' lang='lat' dir='ltr'><em>oculis</em></span> <span class='ocrx_word' id='word_1_732' title='bbox 3318 4345 3810 4402; x_wconf 90' lang='lat' dir='ltr'><em>committendum</em></span> <span class='ocrx_word' id='word_1_733' title='bbox 3836 4348 4018 4415; x_wconf 88' lang='lat' dir='ltr'><em>puta-</em></span> 
     </span>
    </p>
   </div>
   <div class='ocr_carea' id='block_1_110' title="bbox 2360 4435 4019 4512">
    <p class='ocr_par' dir='ltr' id='par_1_110' title="bbox 2360 4435 4019 4512">
     <span class='ocr_line' id='line_1_111' title="bbox 2360 4435 4019 4512; baseline -0.008 -11"><span class='ocrx_word' id='word_1_734' title='bbox 2360 4446 2453 4501; x_wconf 90' lang='lat' dir='ltr'><em>tis.</em></span> <span class='ocrx_word' id='word_1_735' title='bbox 2493 4442 2711 4498; x_wconf 89' lang='lat' dir='ltr'><em>Deinde</em></span> <span class='ocrx_word' id='word_1_736' title='bbox 2741 4447 2799 4496; x_wconf 91' lang='lat' dir='ltr'><em>tu</em></span> <span class='ocrx_word' id='word_1_737' title='bbox 2831 4442 2956 4512; x_wconf 91' lang='lat' dir='ltr'><em>ipse</em></span> <span class='ocrx_word' id='word_1_738' title='bbox 2983 4439 3217 4510; x_wconf 90' lang='lat' dir='ltr'><em>judicas</em></span> <span class='ocrx_word' id='word_1_739' title='bbox 3248 4436 3395 4492; x_wconf 89' lang='lat' dir='ltr'><em>nihil</em></span> <span class='ocrx_word' id='word_1_740' title='bbox 3429 4435 3589 4491; x_wconf 90' lang='lat' dir='ltr'><em>aliud</em></span> <span class='ocrx_word' id='word_1_741' title='bbox 3614 4440 3668 4490; x_wconf 92' lang='lat' dir='ltr'><em>te</em></span> <span class='ocrx_word' id='word_1_742' title='bbox 3702 4448 3878 4503; x_wconf 85' lang='lat' dir='ltr'><em>agere</em></span> <span class='ocrx_word' id='word_1_743' title='bbox 3911 4448 4019 4489; x_wconf 83' lang='lat' dir='ltr'><em>vo-</em></span> 
     </span>
    </p>
   </div>
   <div class='ocr_carea' id='block_1_111' title="bbox 2359 4520 4020 4601">
    <p class='ocr_par' dir='ltr' id='par_1_111' title="bbox 2359 4520 4020 4601">
     <span class='ocr_line' id='line_1_112' title="bbox 2359 4520 4020 4601; baseline -0.008 -13"><span class='ocrx_word' id='word_1_744' title='bbox 2359 4533 2704 4596; x_wconf 89' lang='lat' dir='ltr'><em>luisse,cum</em></span> <span class='ocrx_word' id='word_1_745' title='bbox 2722 4530 3025 4601; x_wconf 89' lang='lat' dir='ltr'><em>publicam</em></span> <span class='ocrx_word' id='word_1_746' title='bbox 3065 4543 3369 4583; x_wconf 89' lang='lat' dir='ltr'><em>sacrorum</em></span> <span class='ocrx_word' id='word_1_747' title='bbox 3401 4530 3735 4580; x_wconf 88' lang='lat' dir='ltr'><em>vestrorum</em></span> <span class='ocrx_word' id='word_1_748' title='bbox 3750 4520 4020 4577; x_wconf 87' lang='lat' dir='ltr'><em>celebra-</em></span> 
     </span>
    </p>
   </div>
   <div class='ocr_carea' id='block_1_112' title="bbox 2360 4612 4020 4682">
    <p class='ocr_par' dir='ltr' id='par_1_112' title="bbox 2360 4612 4020 4682">
     <span class='ocr_line' id='line_1_113' title="bbox 2360 4612 4020 4682; baseline -0.006 -6"><span class='ocrx_word' id='word_1_749' title='bbox 2360 4622 2577 4677; x_wconf 90' lang='lat' dir='ltr'><em>tionem</em></span> <span class='ocrx_word' id='word_1_750' title='bbox 2596 4634 3122 4682; x_wconf 89' lang='lat' dir='ltr'><em>commemorares,</em></span> <span class='ocrx_word' id='word_1_751' title='bbox 3149 4616 3266 4670; x_wconf 91' lang='lat' dir='ltr'><em>nisi</em></span> <span class='ocrx_word' id='word_1_752' title='bbox 3293 4621 3352 4670; x_wconf 90' lang='lat' dir='ltr'><em>ut</em></span> <span class='ocrx_word' id='word_1_753' title='bbox 3378 4613 3555 4669; x_wconf 87' lang='lat' dir='ltr'><em>nobis</em></span> <span class='ocrx_word' id='word_1_754' title='bbox 3577 4612 3934 4667; x_wconf 89' lang='lat' dir='ltr'><em>decuriones</em></span> <span class='ocrx_word' id='word_1_755' title='bbox 3960 4615 4020 4666; x_wconf 88' lang='lat' dir='ltr'><em>et</em></span> 
     </span>
    </p>
   </div>
   <div class='ocr_carea' id='block_1_113' title="bbox 2361 4700 4019 4783">
    <p class='ocr_par' dir='ltr' id='par_1_113' title="bbox 2361 4700 4019 4783">
     <span class='ocr_line' id='line_1_114' title="bbox 2361 4700 4019 4783; baseline -0.007 -18"><span class='ocrx_word' id='word_1_756' title='bbox 2361 4712 2632 4783; x_wconf 86' lang='lat' dir='ltr'><em>primates</em></span> <span class='ocrx_word' id='word_1_757' title='bbox 2646 4710 2894 4763; x_wconf 88' lang='lat' dir='ltr'><em>civitatis</em></span> <span class='ocrx_word' id='word_1_758' title='bbox 2908 4724 3006 4779; x_wconf 92' lang='lat' dir='ltr'><em>per</em></span> <span class='ocrx_word' id='word_1_759' title='bbox 3018 4706 3237 4779; x_wconf 88' lang='lat' dir='ltr'><em>plateas</em></span> <span class='ocrx_word' id='word_1_760' title='bbox 3252 4710 3455 4759; x_wconf 69' lang='lat' dir='ltr'><em>vestrm</em></span> <span class='ocrx_word' id='word_1_761' title='bbox 3474 4702 3637 4758; x_wconf 90' lang='lat' dir='ltr'><em>urbis</em></span> <span class='ocrx_word' id='word_1_762' title='bbox 3654 4700 4019 4756; x_wconf 88' lang='lat' dir='ltr'><em>bacchantes</em></span> 
     </span>
    </p>
   </div>
   <div class='ocr_carea' id='block_1_114' title="bbox 2362 4790 4021 4866">
    <p class='ocr_par' dir='ltr' id='par_1_114' title="bbox 2362 4790 4021 4866">
     <span class='ocr_line' id='line_1_115' title="bbox 2362 4790 4021 4866; baseline -0.006 -11"><span class='ocrx_word' id='word_1_763' title='bbox 2362 4818 2430 4855; x_wconf 92' lang='lat' dir='ltr'><em>ac</em></span> <span class='ocrx_word' id='word_1_764' title='bbox 2457 4800 2734 4863; x_wconf 89' lang='lat' dir='ltr'><em>furentes,</em></span> <span class='ocrx_word' id='word_1_765' title='bbox 2779 4805 2914 4853; x_wconf 89' lang='lat' dir='ltr'><em>ante</em></span> <span class='ocrx_word' id='word_1_766' title='bbox 2954 4796 3159 4852; x_wconf 90' lang='lat' dir='ltr'><em>oculos</em></span> <span class='ocrx_word' id='word_1_767' title='bbox 3189 4794 3360 4866; x_wconf 89' lang='lat' dir='ltr'><em>quasi</em></span> <span class='ocrx_word' id='word_1_768' title='bbox 3398 4790 3731 4863; x_wconf 89' lang='lat' dir='ltr'><em>spectacula</em></span> <span class='ocrx_word' id='word_1_769' title='bbox 3769 4806 4021 4862; x_wconf 88' lang='lat' dir='ltr'><em>ponere-</em></span> 
     </span>
    </p>
   </div>
   <div class='ocr_carea' id='block_1_115' title="bbox 2364 4879 4017 4960">
    <p class='ocr_par' dir='ltr' id='par_1_115' title="bbox 2364 4879 4017 4960">
     <span class='ocr_line' id='line_1_116' title="bbox 2364 4879 4017 4960; baseline -0.007 -16"><span class='ocrx_word' id='word_1_770' title='bbox 2364 4907 2498 4945; x_wconf 88' lang='lat' dir='ltr'><em>mus</em></span> <span class='ocrx_word' id='word_1_771' title='bbox 2528 4908 2539 4945; x_wconf 91' lang='lat'>:</span> <span class='ocrx_word' id='word_1_772' title='bbox 2570 4891 2627 4943; x_wconf 92' lang='lat' dir='ltr'><em>in</em></span> <span class='ocrx_word' id='word_1_773' title='bbox 2656 4905 2777 4960; x_wconf 87' lang='lat' dir='ltr'><em>qua</em></span> <span class='ocrx_word' id='word_1_774' title='bbox 2803 4886 3161 4949; x_wconf 87' lang='lat' dir='ltr'><em>celebritate,</em></span> <span class='ocrx_word' id='word_1_775' title='bbox 3188 4885 3233 4939; x_wconf 89' lang='lat' dir='ltr'><em>si</em></span> <span class='ocrx_word' id='word_1_776' title='bbox 3280 4883 3524 4938; x_wconf 89' lang='lat' dir='ltr'><em>numine</em></span> <span class='ocrx_word' id='word_1_777' title='bbox 3566 4879 4017 4943; x_wconf 89' lang='lat' dir='ltr'><em>inhabitamini,</em></span> 
     </span>
    </p>
   </div>
   <div class='ocr_carea' id='block_1_116' title="bbox 2363 4969 4019 5048">
    <p class='ocr_par' dir='ltr' id='par_1_116' title="bbox 2363 4969 4019 5048">
     <span class='ocr_line' id='line_1_117' title="bbox 2363 4969 4019 5048; baseline -0.007 -15"><span class='ocrx_word' id='word_1_778' title='bbox 2363 4986 2518 5035; x_wconf 89' lang='lat' dir='ltr'><em>certe</em></span> <span class='ocrx_word' id='word_1_779' title='bbox 2553 4978 2760 5033; x_wconf 89' lang='lat' dir='ltr'><em>videtis</em></span> <span class='ocrx_word' id='word_1_780' title='bbox 2795 4976 2971 5048; x_wconf 88' lang='lat' dir='ltr'><em>quale</em></span> <span class='ocrx_word' id='word_1_781' title='bbox 3002 4975 3146 5031; x_wconf 88' lang='lat' dir='ltr'><em>illud</em></span> <span class='ocrx_word' id='word_1_782' title='bbox 3198 4974 3269 5029; x_wconf 90' lang='lat' dir='ltr'><em>sit</em></span> <span class='ocrx_word' id='word_1_783' title='bbox 3299 4973 3461 5044; x_wconf 87' lang='lat' dir='ltr'><em>quod</em></span> <span class='ocrx_word' id='word_1_784' title='bbox 3492 4969 3703 5025; x_wconf 88' lang='lat' dir='ltr'><em>adimit</em></span> <span class='ocrx_word' id='word_1_785' title='bbox 3728 4976 4019 5024; x_wconf 89' lang='lat' dir='ltr'><em>mentem.</em></span> 
     </span>
    </p>
   </div>
   <div class='ocr_carea' id='block_1_117' title="bbox 2362 5056 4021 5135">
    <p class='ocr_par' dir='ltr' id='par_1_117' title="bbox 2362 5056 4021 5135">
     <span class='ocr_line' id='line_1_118' title="bbox 2362 5056 4021 5135; baseline -0.006 -12"><span class='ocrx_word' id='word_1_786' title='bbox 2362 5069 2418 5123; x_wconf 90' lang='lat' dir='ltr'><em>Si</em></span> <span class='ocrx_word' id='word_1_787' title='bbox 2450 5072 2646 5123; x_wconf 87' lang='lat' dir='ltr'><em>autem</em></span> <span class='ocrx_word' id='word_1_788' title='bbox 2684 5066 2937 5135; x_wconf 89' lang='lat' dir='ltr'><em>ﬁngitis;</em></span> <span class='ocrx_word' id='word_1_789' title='bbox 2971 5081 3104 5135; x_wconf 82' lang='lat' dir='ltr'><em>quae</em></span> <span class='ocrx_word' id='word_1_790' title='bbox 3132 5067 3269 5117; x_wconf 90' lang='lat' dir='ltr'><em>sunt</em></span> <span class='ocrx_word' id='word_1_791' title='bbox 3312 5061 3423 5116; x_wconf 88' lang='lat' dir='ltr'><em>ista</em></span> <span class='ocrx_word' id='word_1_792' title='bbox 3450 5059 3626 5114; x_wconf 89' lang='lat' dir='ltr'><em>etiam</em></span> <span class='ocrx_word' id='word_1_793' title='bbox 3660 5059 3718 5113; x_wconf 91' lang='lat' dir='ltr'><em>in</em></span> <span class='ocrx_word' id='word_1_794' title='bbox 3771 5056 4021 5129; x_wconf 88' lang='lat' dir='ltr'><em>publico</em></span> 
     </span>
    </p>
   </div>
   <div class='ocr_carea' id='block_1_118' title="bbox 2364 5146 4023 5224">
    <p class='ocr_par' dir='ltr' id='par_1_118' title="bbox 2364 5146 4023 5224">
     <span class='ocr_line' id='line_1_119' title="bbox 2364 5146 4023 5224; baseline -0.006 -11"><span class='ocrx_word' id='word_1_795' title='bbox 2364 5164 2560 5213; x_wconf 87' lang='lat' dir='ltr'><em>vestra</em></span> <span class='ocrx_word' id='word_1_796' title='bbox 2591 5160 2838 5220; x_wconf 89' lang='lat' dir='ltr'><em>secreta,</em></span> <span class='ocrx_word' id='word_1_797' title='bbox 2873 5153 2963 5208; x_wconf 91' lang='lat' dir='ltr'><em>vel</em></span> <span class='ocrx_word' id='word_1_798' title='bbox 2998 5169 3119 5224; x_wconf 94' lang='lat' dir='ltr'><em>quo</em></span> <span class='ocrx_word' id='word_1_799' title='bbox 3152 5150 3402 5223; x_wconf 86' lang='lat' dir='ltr'><em>pertinet</em></span> <span class='ocrx_word' id='word_1_800' title='bbox 3425 5154 3545 5204; x_wconf 89' lang='lat' dir='ltr'><em>tam</em></span> <span class='ocrx_word' id='word_1_801' title='bbox 3578 5154 3748 5219; x_wconf 89' lang='lat' dir='ltr'><em>turpe</em></span> <span class='ocrx_word' id='word_1_802' title='bbox 3769 5146 4023 5203; x_wconf 86' lang='lat' dir='ltr'><em>menda-</em></span> 
     </span>
    </p>
   </div>
   <div class='ocr_carea' id='block_1_119' title="bbox 2363 5236 4021 5305">
    <p class='ocr_par' dir='ltr' id='par_1_119' title="bbox 2363 5236 4021 5305">
     <span class='ocr_line' id='line_1_120' title="bbox 2363 5236 4021 5305; baseline -0.007 -3"><span class='ocrx_word' id='word_1_803' title='bbox 2363 5247 2522 5302; x_wconf 87' lang='lat' dir='ltr'><em>cium</em></span> <span class='ocrx_word' id='word_1_804' title='bbox 2552 5247 2581 5298; x_wconf 78' lang='lat'><strong>?</strong></span> <span class='ocrx_word' id='word_1_805' title='bbox 2619 5243 2835 5300; x_wconf 85' lang='lat' dir='ltr'><em>deinde</em></span> <span class='ocrx_word' id='word_1_806' title='bbox 2881 5259 2985 5297; x_wconf 92' lang='lat' dir='ltr'><em>cur</em></span> <span class='ocrx_word' id='word_1_807' title='bbox 3030 5241 3192 5296; x_wconf 87' lang='lat' dir='ltr'><em>nulla</em></span> <span class='ocrx_word' id='word_1_808' title='bbox 3236 5239 3436 5294; x_wconf 84' lang='lat' dir='ltr'><em>futura</em></span> <span class='ocrx_word' id='word_1_809' title='bbox 3490 5236 3725 5305; x_wconf 88' lang='lat' dir='ltr'><em>canitis,</em></span> <span class='ocrx_word' id='word_1_810' title='bbox 3761 5236 3809 5289; x_wconf 91' lang='lat' dir='ltr'><em>si</em></span> <span class='ocrx_word' id='word_1_811' title='bbox 3849 5241 4021 5291; x_wconf 86' lang='lat' dir='ltr'><em>vates</em></span> 
     </span>
    </p>
   </div>
   <div class='ocr_carea' id='block_1_120' title="bbox 2364 5325 4020 5404">
    <p class='ocr_par' dir='ltr' id='par_1_120' title="bbox 2364 5325 4020 5404">
     <span class='ocr_line' id='line_1_121' title="bbox 2364 5325 4020 5404; baseline -0.007 -12"><span class='ocrx_word' id='word_1_812' title='bbox 2364 5336 2541 5392; x_wconf 83' lang='lat' dir='ltr'><em>estis?</em></span> <span class='ocrx_word' id='word_1_813' title='bbox 2566 5340 2667 5391; x_wconf 90' lang='lat' dir='ltr'><em>aut</em></span> <span class='ocrx_word' id='word_1_814' title='bbox 2693 5350 2797 5389; x_wconf 88' lang='lat' dir='ltr'><em>cur</em></span> <span class='ocrx_word' id='word_1_815' title='bbox 2827 5332 3091 5404; x_wconf 89' lang='lat' dir='ltr'><em>spoliatis</em></span> <span class='ocrx_word' id='word_1_816' title='bbox 3111 5331 3585 5390; x_wconf 81' lang='lat' dir='ltr'><em>circumstantes,</em></span> <span class='ocrx_word' id='word_1_817' title='bbox 3606 5325 3655 5381; x_wconf 92' lang='lat' dir='ltr'><em>si</em></span> <span class='ocrx_word' id='word_1_818' title='bbox 3688 5325 3819 5381; x_wconf 88' lang='lat' dir='ltr'><em>sani</em></span> <span class='ocrx_word' id='word_1_819' title='bbox 3838 5325 4020 5380; x_wconf 84' lang='lat' dir='ltr'><em>estis?</em></span> 
     </span>
    </p>
   </div>
   <div class='ocr_carea' id='block_1_121' title="bbox 2425 5479 3667 5541">
    <p class='ocr_par' dir='ltr' id='par_1_121' title="bbox 2425 5479 3667 5541">
     <span class='ocr_line' id='line_1_122' title="bbox 2425 5479 3667 5541; baseline -0.01 -4"><span class='ocrx_word' id='word_1_820' title='bbox 2425 5492 2437 5521; x_wconf 82' lang='grc'>¹</span> <span class='ocrx_word' id='word_1_821' title='bbox 2478 5489 2621 5541; x_wconf 86' lang='lat' dir='ltr'><em>Lov.,</em></span> <span class='ocrx_word' id='word_1_822' title='bbox 2651 5486 2886 5537; x_wconf 82' lang='lat' dir='ltr'><em>numina,</em></span> <span class='ocrx_word' id='word_1_823' title='bbox 2917 5484 3009 5533; x_wconf 90' lang='lat' dir='ltr'><em>sed</em></span> <span class='ocrx_word' id='word_1_824' title='bbox 3036 5483 3225 5532; x_wconf 88' lang='lat' dir='ltr'><em>melius</em></span> <span class='ocrx_word' id='word_1_825' title='bbox 3258 5482 3395 5537; x_wconf 76' lang='lat' dir='ltr'><em>Mss,</em></span> <span class='ocrx_word' id='word_1_826' title='bbox 3429 5479 3667 5528; x_wconf 80' lang='lat' dir='ltr'><em>nomina.</em></span> 
     </span>
    </p>
   </div>
   <div class='ocr_carea' id='block_1_122' title="bbox 2423 5546 3179 5611">
    <p class='ocr_par' dir='ltr' id='par_1_122' title="bbox 2423 5546 3179 5611">
     <span class='ocr_line' id='line_1_123' title="bbox 2423 5546 3179 5611; baseline -0.009 -12"><span class='ocrx_word' id='word_1_827' title='bbox 2423 5555 2441 5584; x_wconf 81' lang='grc'>²</span> <span class='ocrx_word' id='word_1_828' title='bbox 2472 5552 2555 5599; x_wconf 88' lang='lat' dir='ltr'><em>Sic</em></span> <span class='ocrx_word' id='word_1_829' title='bbox 2588 5551 2710 5601; x_wconf 83' lang='lat' dir='ltr'><em>Mss.</em></span> <span class='ocrx_word' id='word_1_830' title='bbox 2746 5552 2865 5597; x_wconf 84' lang='lat' dir='ltr'><em>octo</em></span> <span class='ocrx_word' id='word_1_831' title='bbox 2896 5546 3179 5611; x_wconf 67' lang='lat' dir='ltr'><em>[nimium],</em></span> 
     </span>
    </p>
   </div>
   <div class='ocr_carea' id='block_1_123' title="bbox 2424 5601 4019 5675">
    <p class='ocr_par' dir='ltr' id='par_1_123' title="bbox 2424 5601 4019 5675">
     <span class='ocr_line' id='line_1_124' title="bbox 2424 5601 4019 5675; baseline -0.007 -14"><span class='ocrx_word' id='word_1_832' title='bbox 2424 5615 2441 5641; x_wconf 81' lang='grc'><strong>³</strong></span> <span class='ocrx_word' id='word_1_833' title='bbox 2473 5614 2614 5661; x_wconf 89' lang='lat' dir='ltr'><em>ltain</em></span> <span class='ocrx_word' id='word_1_834' title='bbox 2641 5601 2946 5675; x_wconf 67' lang='lat' dir='ltr'><em>quindecim</em></span> <span class='ocrx_word' id='word_1_835' title='bbox 2965 5610 3087 5675; x_wconf 83' lang='lat' dir='ltr'><em>Mss.</em></span> <span class='ocrx_word' id='word_1_836' title='bbox 3105 5601 3157 5657; x_wconf 74' lang='lat' dir='ltr'><em>et</em></span> <span class='ocrx_word' id='word_1_837' title='bbox 3176 5610 3228 5656; x_wconf 90' lang='lat' dir='ltr'><em>in</em></span> <span class='ocrx_word' id='word_1_838' title='bbox 3253 5604 3647 5675; x_wconf 60' lang='lat' dir='ltr'><em>antiquioribus</em></span> <span class='ocrx_word' id='word_1_839' title='bbox 3668 5601 4019 5675; x_wconf 77' lang='lat' dir='ltr'><em>editionibus.</em></span> 
     </span>
    </p>
   </div>
   <div class='ocr_carea' id='block_1_124' title="bbox 2365 5666 3882 5739">
    <p class='ocr_par' dir='ltr' id='par_1_124' title="bbox 2365 5666 3882 5739">
     <span class='ocr_line' id='line_1_125' title="bbox 2365 5666 3882 5739; baseline -0.008 -14"><span class='ocrx_word' id='word_1_840' title='bbox 2365 5679 2430 5726; x_wconf 86' lang='lat' dir='ltr'><em>At</em></span> <span class='ocrx_word' id='word_1_841' title='bbox 2463 5675 2605 5739; x_wconf 86' lang='lat' dir='ltr'><em>apud</em></span> <span class='ocrx_word' id='word_1_842' title='bbox 2628 5666 2753 5725; x_wconf 55' lang='lat' dir='ltr'><em>L&#39;ov.</em></span> <span class='ocrx_word' id='word_1_843' title='bbox 2787 5674 3029 5733; x_wconf 84' lang='lat' dir='ltr'><em>habetur,</em></span> <span class='ocrx_word' id='word_1_844' title='bbox 3059 5674 3245 5734; x_wconf 74' lang='lat' dir='ltr'><em>legerat</em></span> <span class='ocrx_word' id='word_1_845' title='bbox 3269 5666 3557 5718; x_wconf 69' lang='lat' dir='ltr'><em>Euliemeri</em></span> <span class='ocrx_word' id='word_1_846' title='bbox 3589 5666 3882 5715; x_wconf 72' lang='lat' dir='ltr'><em>historiam.</em></span> 
     </span>
    </p>
   </div>
  </div>
