  <div class='ocr_page' id='page_1' title='image "/cluster/home/n/w/nwhite01/storage/ocr_20150623/33/hvd.32044096580568/048.png"; bbox 0 0 4108 6172; ppageno 0'>
   <div class='ocr_carea' id='block_1_1' title="bbox 186 212 252 264">
    <p class='ocr_par' dir='ltr' id='par_1_1' title="bbox 186 212 252 264">
     <span class='ocr_line' id='line_1_1' title="bbox 186 212 252 264; baseline -0.015 0"><span class='ocrx_word' id='word_1_1' title='bbox 186 212 252 264; x_wconf 75' lang='lat'>85</span> 
     </span>
    </p>
   </div>
   <div class='ocr_carea' id='block_1_2' title="bbox 243 335 1849 408">
    <p class='ocr_par' dir='ltr' id='par_1_2' title="bbox 243 335 1849 408">
     <span class='ocr_line' id='line_1_2' title="bbox 243 335 1849 408; baseline 0.002 -20"><span class='ocrx_word' id='word_1_2' title='bbox 326 335 476 389; x_wconf 86' lang='lat' dir='ltr'>Cum</span> <span class='ocrx_word' id='word_1_3' title='bbox 513 335 693 404; x_wconf 79' lang='lat' dir='ltr'>igitur</span> <span class='ocrx_word' id='word_1_4' title='bbox 723 336 852 391; x_wconf 62' lang='lat' dir='ltr'>haec</span> <span class='ocrx_word' id='word_1_5' title='bbox 880 352 990 392; x_wconf 90' lang='lat' dir='ltr'>nos</span> <span class='ocrx_word' id='word_1_6' title='bbox 1019 342 1073 392; x_wconf 88' lang='lat' dir='ltr'>et</span> <span class='ocrx_word' id='word_1_7' title='bbox 1099 337 1234 402; x_wconf 88' lang='lat' dir='ltr'>alia,</span> <span class='ocrx_word' id='word_1_8' title='bbox 1265 354 1400 408; x_wconf 64' lang='lat' dir='ltr'>quae</span> <span class='ocrx_word' id='word_1_9' title='bbox 1430 353 1587 391; x_wconf 92' lang='lat' dir='ltr'>nunc</span> <span class='ocrx_word' id='word_1_10' title='bbox 1620 342 1849 407; x_wconf 65' lang='lat' dir='ltr'>praeter-</span> 
     </span>
    </p>
   </div>
   <div class='ocr_carea' id='block_1_3' title="bbox 177 424 1849 498">
    <p class='ocr_par' dir='ltr' id='par_1_3' title="bbox 177 424 1849 498">
     <span class='ocr_line' id='line_1_3' title="bbox 177 424 1849 498; baseline 0.003 -22"><span class='ocrx_word' id='word_1_11' title='bbox 177 424 467 478; x_wconf 86' lang='lat' dir='ltr'>mittenda</span> <span class='ocrx_word' id='word_1_12' title='bbox 481 426 784 490; x_wconf 81' lang='lat' dir='ltr'>existimo,</span> <span class='ocrx_word' id='word_1_13' title='bbox 806 442 913 496; x_wconf 90' lang='lat' dir='ltr'>per</span> <span class='ocrx_word' id='word_1_14' title='bbox 926 427 1241 498; x_wconf 71' lang='lat' dir='ltr'>epistolam</span> <span class='ocrx_word' id='word_1_15' title='bbox 1262 433 1423 482; x_wconf 89' lang='lat' dir='ltr'>tuam</span> <span class='ocrx_word' id='word_1_16' title='bbox 1441 427 1645 482; x_wconf 89' lang='lat' dir='ltr'>feceris</span> <span class='ocrx_word' id='word_1_17' title='bbox 1657 442 1849 481; x_wconf 89' lang='lat' dir='ltr'>recor-</span> 
     </span>
    </p>
   </div>
   <div class='ocr_carea' id='block_1_4' title="bbox 171 512 1845 587">
    <p class='ocr_par' dir='ltr' id='par_1_4' title="bbox 171 512 1845 587">
     <span class='ocr_line' id='line_1_4' title="bbox 171 512 1845 587; baseline 0.002 -21"><span class='ocrx_word' id='word_1_18' title='bbox 171 512 472 584; x_wconf 88' lang='lat' dir='ltr'>dari,quid</span> <span class='ocrx_word' id='word_1_19' title='bbox 490 529 604 568; x_wconf 86' lang='lat' dir='ltr'>nos</span> <span class='ocrx_word' id='word_1_20' title='bbox 621 530 743 569; x_wconf 91' lang='lat' dir='ltr'>non</span> <span class='ocrx_word' id='word_1_21' title='bbox 756 514 1139 571; x_wconf 85' lang='lat' dir='ltr'>derideamus</span> <span class='ocrx_word' id='word_1_22' title='bbox 1151 516 1297 571; x_wconf 91' lang='lat' dir='ltr'>deos</span> <span class='ocrx_word' id='word_1_23' title='bbox 1311 521 1724 587; x_wconf 86' lang='lat' dir='ltr'>vestros,quos</span> <span class='ocrx_word' id='word_1_24' title='bbox 1737 516 1845 571; x_wconf 88' lang='lat' dir='ltr'>abs</span> 
     </span>
    </p>
   </div>
   <div class='ocr_carea' id='block_1_5' title="bbox 170 602 1845 677">
    <p class='ocr_par' dir='ltr' id='par_1_5' title="bbox 170 602 1845 677">
     <span class='ocr_line' id='line_1_5' title="bbox 170 602 1845 677; baseline 0.003 -21"><span class='ocrx_word' id='word_1_25' title='bbox 170 603 356 672; x_wconf 80' lang='lat' dir='ltr'>teipso</span> <span class='ocrx_word' id='word_1_26' title='bbox 384 602 690 659; x_wconf 88' lang='lat' dir='ltr'>subtiliter</span> <span class='ocrx_word' id='word_1_27' title='bbox 710 604 969 660; x_wconf 81' lang='lat' dir='ltr'>derideri</span> <span class='ocrx_word' id='word_1_28' title='bbox 996 621 1172 661; x_wconf 90' lang='lat' dir='ltr'>nemo</span> <span class='ocrx_word' id='word_1_29' title='bbox 1201 622 1321 661; x_wconf 91' lang='lat' dir='ltr'>non</span> <span class='ocrx_word' id='word_1_30' title='bbox 1351 606 1636 677; x_wconf 78' lang='lat' dir='ltr'>intelligit,</span> <span class='ocrx_word' id='word_1_31' title='bbox 1665 606 1766 677; x_wconf 88' lang='lat' dir='ltr'>qui</span> <span class='ocrx_word' id='word_1_32' title='bbox 1790 611 1845 661; x_wconf 89' lang='lat' dir='ltr'>et</span> 
     </span>
    </p>
   </div>
   <div class='ocr_carea' id='block_1_6' title="bbox 166 691 1843 767">
    <p class='ocr_par' dir='ltr' id='par_1_6' title="bbox 166 691 1843 767">
     <span class='ocr_line' id='line_1_6' title="bbox 166 691 1843 767; baseline 0.004 -23"><span class='ocrx_word' id='word_1_33' title='bbox 166 691 481 761; x_wconf 86' lang='lat' dir='ltr'>ingenium</span> <span class='ocrx_word' id='word_1_34' title='bbox 503 698 677 747; x_wconf 85' lang='lat' dir='ltr'>tuum</span> <span class='ocrx_word' id='word_1_35' title='bbox 699 695 882 761; x_wconf 92' lang='lat' dir='ltr'>novit,</span> <span class='ocrx_word' id='word_1_36' title='bbox 915 699 972 749; x_wconf 93' lang='lat' dir='ltr'>et</span> <span class='ocrx_word' id='word_1_37' title='bbox 999 694 1139 764; x_wconf 85' lang='lat' dir='ltr'>legit</span> <span class='ocrx_word' id='word_1_38' title='bbox 1170 695 1392 750; x_wconf 85' lang='lat' dir='ltr'>litteras</span> <span class='ocrx_word' id='word_1_39' title='bbox 1425 701 1554 750; x_wconf 89' lang='lat' dir='ltr'>tuas</span> <span class='ocrx_word' id='word_1_40' title='bbox 1584 696 1612 751; x_wconf 71' lang='lat'>‘2</span> <span class='ocrx_word' id='word_1_41' title='bbox 1641 698 1843 767; x_wconf 85' lang='lat' dir='ltr'>Itaque</span> 
     </span>
    </p>
   </div>
   <div class='ocr_carea' id='block_1_7' title="bbox 165 781 1841 857">
    <p class='ocr_par' dir='ltr' id='par_1_7' title="bbox 165 781 1841 857">
     <span class='ocr_line' id='line_1_7' title="bbox 165 781 1841 857; baseline 0.001 -21"><span class='ocrx_word' id='word_1_42' title='bbox 165 781 383 852; x_wconf 87' lang='lat' dir='ltr'>aliquid</span> <span class='ocrx_word' id='word_1_43' title='bbox 399 782 561 837; x_wconf 90' lang='lat' dir='ltr'>inter</span> <span class='ocrx_word' id='word_1_44' title='bbox 576 784 877 839; x_wconf 87' lang='lat' dir='ltr'>noshisde</span> <span class='ocrx_word' id='word_1_45' title='bbox 898 784 1074 840; x_wconf 85' lang='lat' dir='ltr'>rebus</span> <span class='ocrx_word' id='word_1_46' title='bbox 1103 785 1187 839; x_wconf 87' lang='lat' dir='ltr'>vis</span> <span class='ocrx_word' id='word_1_47' title='bbox 1202 800 1472 854; x_wconf 86' lang='lat' dir='ltr'>agamus,</span> <span class='ocrx_word' id='word_1_48' title='bbox 1498 784 1664 857; x_wconf 90' lang='lat' dir='ltr'>quod</span> <span class='ocrx_word' id='word_1_49' title='bbox 1686 784 1841 840; x_wconf 79' lang='lat' dir='ltr'>aetati</span> 
     </span>
    </p>
   </div>
   <div class='ocr_carea' id='block_1_8' title="bbox 164 872 1840 946">
    <p class='ocr_par' dir='ltr' id='par_1_8' title="bbox 164 872 1840 946">
     <span class='ocr_line' id='line_1_8' title="bbox 164 872 1840 946; baseline 0.004 -22"><span class='ocrx_word' id='word_1_50' title='bbox 164 876 270 925; x_wconf 60' lang='lat' dir='ltr'>tua?</span> <span class='ocrx_word' id='word_1_51' title='bbox 294 872 765 943; x_wconf 66' lang='lat' dir='ltr'>prudentiaeque</span> <span class='ocrx_word' id='word_1_52' title='bbox 778 874 1072 942; x_wconf 85' lang='lat' dir='ltr'>congruit,</span> <span class='ocrx_word' id='word_1_53' title='bbox 1094 875 1255 945; x_wconf 89' lang='lat' dir='ltr'>quod</span> <span class='ocrx_word' id='word_1_54' title='bbox 1272 875 1533 946; x_wconf 90' lang='lat' dir='ltr'>denique</span> <span class='ocrx_word' id='word_1_55' title='bbox 1547 874 1621 930; x_wconf 91' lang='lat' dir='ltr'>de</span> <span class='ocrx_word' id='word_1_56' title='bbox 1637 879 1840 930; x_wconf 90' lang='lat' dir='ltr'>nostro</span> 
     </span>
    </p>
   </div>
   <div class='ocr_carea' id='block_1_9' title="bbox 164 960 1837 1035">
    <p class='ocr_par' dir='ltr' id='par_1_9' title="bbox 164 960 1837 1035">
     <span class='ocr_line' id='line_1_9' title="bbox 164 960 1837 1035; baseline 0.004 -22"><span class='ocrx_word' id='word_1_57' title='bbox 164 960 506 1031; x_wconf 87' lang='lat' dir='ltr'>propositoj</span> <span class='ocrx_word' id='word_1_58' title='bbox 522 978 627 1016; x_wconf 87' lang='lat' dir='ltr'>ure</span> <span class='ocrx_word' id='word_1_59' title='bbox 645 978 681 1017; x_wconf 92' lang='lat' dir='ltr'>a</span> <span class='ocrx_word' id='word_1_60' title='bbox 706 962 1073 1017; x_wconf 90' lang='lat' dir='ltr'>charissimis</span> <span class='ocrx_word' id='word_1_61' title='bbox 1099 964 1316 1019; x_wconf 90' lang='lat' dir='ltr'>nostris</span> <span class='ocrx_word' id='word_1_62' title='bbox 1341 962 1599 1035; x_wconf 89' lang='lat' dir='ltr'>ﬂagitari</span> <span class='ocrx_word' id='word_1_63' title='bbox 1623 968 1837 1035; x_wconf 86' lang='lat' dir='ltr'>potest,</span> 
     </span>
    </p>
   </div>
   <div class='ocr_carea' id='block_1_10' title="bbox 160 1050 1837 1125">
    <p class='ocr_par' dir='ltr' id='par_1_10' title="bbox 160 1050 1837 1125">
     <span class='ocr_line' id='line_1_10' title="bbox 160 1050 1837 1125; baseline 0.004 -23"><span class='ocrx_word' id='word_1_64' title='bbox 160 1065 357 1119; x_wconf 61' lang='lat' dir='ltr'>qurere</span> <span class='ocrx_word' id='word_1_65' title='bbox 385 1050 630 1121; x_wconf 88' lang='lat' dir='ltr'>aliquid</span> <span class='ocrx_word' id='word_1_66' title='bbox 649 1057 851 1107; x_wconf 89' lang='lat' dir='ltr'>nostra</span> <span class='ocrx_word' id='word_1_67' title='bbox 864 1052 1236 1107; x_wconf 88' lang='lat' dir='ltr'>discussione</span> <span class='ocrx_word' id='word_1_68' title='bbox 1256 1053 1508 1122; x_wconf 89' lang='lat' dir='ltr'>dignum</span> <span class='ocrx_word' id='word_1_69' title='bbox 1535 1058 1705 1108; x_wconf 88' lang='lat' dir='ltr'>:etea</span> <span class='ocrx_word' id='word_1_70' title='bbox 1729 1069 1837 1125; x_wconf 91' lang='lat' dir='ltr'>pro</span> 
     </span>
    </p>
   </div>
   <div class='ocr_carea' id='block_1_11' title="bbox 160 1139 1837 1214">
    <p class='ocr_par' dir='ltr' id='par_1_11' title="bbox 160 1139 1837 1214">
     <span class='ocr_line' id='line_1_11' title="bbox 160 1139 1837 1214; baseline 0.004 -24"><span class='ocrx_word' id='word_1_71' title='bbox 160 1139 752 1195; x_wconf 84' lang='lat' dir='ltr'>vestrisnuminibus</span> <span class='ocrx_word' id='word_1_72' title='bbox 776 1141 1146 1201; x_wconf 88' lang='lat' dir='ltr'>curadicere.</span> <span class='ocrx_word' id='word_1_73' title='bbox 1168 1142 1463 1214; x_wconf 90' lang='lat' dir='ltr'>inquibus</span> <span class='ocrx_word' id='word_1_74' title='bbox 1479 1158 1599 1197; x_wconf 88' lang='lat' dir='ltr'>non</span> <span class='ocrx_word' id='word_1_75' title='bbox 1627 1146 1680 1197; x_wconf 91' lang='lat' dir='ltr'>te</span> <span class='ocrx_word' id='word_1_76' title='bbox 1703 1159 1837 1199; x_wconf 91' lang='lat' dir='ltr'>cau-</span> 
     </span>
    </p>
   </div>
   <div class='ocr_carea' id='block_1_12' title="bbox 160 1230 1838 1303">
    <p class='ocr_par' dir='ltr' id='par_1_12' title="bbox 160 1230 1838 1303">
     <span class='ocr_line' id='line_1_12' title="bbox 160 1230 1838 1303; baseline 0.005 -23"><span class='ocrx_word' id='word_1_77' title='bbox 160 1243 229 1281; x_wconf 70' lang='lat' dir='ltr'>sae</span> <span class='ocrx_word' id='word_1_78' title='bbox 242 1230 783 1299; x_wconf 73' lang='lat' dir='ltr'>praevaricatorem</span> <span class='ocrx_word' id='word_1_79' title='bbox 802 1248 877 1301; x_wconf 94' lang='lat' dir='ltr'>pu</span> <span class='ocrx_word' id='word_1_80' title='bbox 890 1237 999 1285; x_wconf 80' lang='lat' dir='ltr'>teni</span> <span class='ocrx_word' id='word_1_81' title='bbox 1012 1248 1225 1303; x_wconf 89' lang='lat' dir='ltr'>us,quo</span> <span class='ocrx_word' id='word_1_82' title='bbox 1242 1248 1348 1287; x_wconf 91' lang='lat' dir='ltr'>nos</span> <span class='ocrx_word' id='word_1_83' title='bbox 1366 1231 1553 1303; x_wconf 88' lang='lat' dir='ltr'>magis</span> <span class='ocrx_word' id='word_1_84' title='bbox 1568 1248 1699 1287; x_wconf 89' lang='lat' dir='ltr'>com</span> <span class='ocrx_word' id='word_1_85' title='bbox 1712 1250 1838 1288; x_wconf 89' lang='lat' dir='ltr'>mo-</span> 
     </span>
    </p>
   </div>
   <div class='ocr_carea' id='block_1_13' title="bbox 161 1319 1836 1392">
    <p class='ocr_par' dir='ltr' id='par_1_13' title="bbox 161 1319 1836 1392">
     <span class='ocr_line' id='line_1_13' title="bbox 161 1319 1836 1392; baseline 0.004 -22"><span class='ocrx_word' id='word_1_86' title='bbox 161 1333 293 1371; x_wconf 85' lang='lat' dir='ltr'>neas</span> <span class='ocrx_word' id='word_1_87' title='bbox 307 1334 454 1390; x_wconf 67' lang='lat' dir='ltr'>qua:</span> <span class='ocrx_word' id='word_1_88' title='bbox 470 1324 688 1374; x_wconf 89' lang='lat' dir='ltr'>contra</span> <span class='ocrx_word' id='word_1_89' title='bbox 712 1320 841 1374; x_wconf 85' lang='lat' dir='ltr'>illos</span> <span class='ocrx_word' id='word_1_90' title='bbox 860 1319 979 1374; x_wconf 90' lang='lat' dir='ltr'>dici</span> <span class='ocrx_word' id='word_1_91' title='bbox 998 1327 1268 1392; x_wconf 86' lang='lat' dir='ltr'>possunt,</span> <span class='ocrx_word' id='word_1_92' title='bbox 1287 1337 1472 1392; x_wconf 89' lang='lat' dir='ltr'>quam</span> <span class='ocrx_word' id='word_1_93' title='bbox 1500 1337 1606 1392; x_wconf 92' lang='lat' dir='ltr'>pro</span> <span class='ocrx_word' id='word_1_94' title='bbox 1622 1321 1703 1375; x_wconf 88' lang='lat' dir='ltr'>eis</span> <span class='ocrx_word' id='word_1_95' title='bbox 1727 1321 1836 1376; x_wconf 90' lang='lat' dir='ltr'>ali—</span> 
     </span>
    </p>
   </div>
   <div class='ocr_carea' id='block_1_14' title="bbox 161 1406 1831 1479">
    <p class='ocr_par' dir='ltr' id='par_1_14' title="bbox 161 1406 1831 1479">
     <span class='ocr_line' id='line_1_14' title="bbox 161 1406 1831 1479; baseline 0.004 -19"><span class='ocrx_word' id='word_1_96' title='bbox 161 1406 290 1477; x_wconf 88' lang='lat' dir='ltr'>quid</span> <span class='ocrx_word' id='word_1_97' title='bbox 311 1408 519 1463; x_wconf 87' lang='lat' dir='ltr'>dicas.</span> <span class='ocrx_word' id='word_1_98' title='bbox 550 1410 638 1463; x_wconf 75' lang='lat' dir='ltr'>Ad</span> <span class='ocrx_word' id='word_1_99' title='bbox 660 1426 965 1466; x_wconf 87' lang='lat' dir='ltr'>summam</span> <span class='ocrx_word' id='word_1_100' title='bbox 992 1415 1209 1479; x_wconf 85' lang='lat' dir='ltr'>tamen,</span> <span class='ocrx_word' id='word_1_101' title='bbox 1242 1426 1315 1465; x_wconf 91' lang='lat' dir='ltr'>ne</span> <span class='ocrx_word' id='word_1_102' title='bbox 1338 1416 1385 1465; x_wconf 89' lang='lat' dir='ltr'>te</span> <span class='ocrx_word' id='word_1_103' title='bbox 1412 1411 1523 1465; x_wconf 90' lang='lat' dir='ltr'>hoc</span> <span class='ocrx_word' id='word_1_104' title='bbox 1544 1411 1745 1475; x_wconf 82' lang='lat' dir='ltr'>lateat,</span> <span class='ocrx_word' id='word_1_105' title='bbox 1779 1416 1831 1467; x_wconf 92' lang='lat' dir='ltr'>et</span> 
     </span>
    </p>
   </div>
   <div class='ocr_carea' id='block_1_15' title="bbox 163 1495 1831 1570">
    <p class='ocr_par' dir='ltr' id='par_1_15' title="bbox 163 1495 1831 1570">
     <span class='ocr_line' id='line_1_15' title="bbox 163 1495 1831 1570; baseline 0.004 -22"><span class='ocrx_word' id='word_1_106' title='bbox 163 1495 213 1548; x_wconf 90' lang='lat' dir='ltr'>in</span> <span class='ocrx_word' id='word_1_107' title='bbox 244 1498 564 1567; x_wconf 87' lang='lat' dir='ltr'>sacrilega</span> <span class='ocrx_word' id='word_1_108' title='bbox 590 1500 862 1554; x_wconf 86' lang='lat' dir='ltr'>convicia</span> <span class='ocrx_word' id='word_1_109' title='bbox 896 1499 1327 1570; x_wconf 78' lang='lat' dir='ltr'>imprudentem</span> <span class='ocrx_word' id='word_1_110' title='bbox 1355 1500 1567 1564; x_wconf 80' lang='lat' dir='ltr'>trahat,</span> <span class='ocrx_word' id='word_1_111' title='bbox 1612 1501 1764 1555; x_wconf 86' lang='lat' dir='ltr'>scias</span> <span class='ocrx_word' id='word_1_112' title='bbox 1796 1516 1831 1555; x_wconf 92' lang='lat' dir='ltr'>a</span> 
     </span>
    </p>
   </div>
   <div class='ocr_carea' id='block_1_16' title="bbox 162 1586 1828 1661">
    <p class='ocr_par' dir='ltr' id='par_1_16' title="bbox 162 1586 1828 1661">
     <span class='ocr_line' id='line_1_16' title="bbox 162 1586 1828 1661; baseline 0.004 -23"><span class='ocrx_word' id='word_1_113' title='bbox 162 1586 518 1641; x_wconf 81' lang='lat' dir='ltr'>Christianis</span> <span class='ocrx_word' id='word_1_114' title='bbox 576 1587 904 1652; x_wconf 87' lang='lat' dir='ltr'>catholicis,</span> <span class='ocrx_word' id='word_1_115' title='bbox 938 1604 1196 1658; x_wconf 89' lang='lat' dir='ltr'>quorum</span> <span class='ocrx_word' id='word_1_116' title='bbox 1254 1590 1312 1642; x_wconf 91' lang='lat' dir='ltr'>in</span> <span class='ocrx_word' id='word_1_117' title='bbox 1356 1594 1548 1644; x_wconf 91' lang='lat' dir='ltr'>vestro</span> <span class='ocrx_word' id='word_1_118' title='bbox 1602 1590 1828 1661; x_wconf 88' lang='lat' dir='ltr'>oppido</span> 
     </span>
    </p>
   </div>
   <div class='ocr_carea' id='block_1_17' title="bbox 158 1675 1827 1744">
    <p class='ocr_par' dir='ltr' id='par_1_17' title="bbox 158 1675 1827 1744">
     <span class='ocr_line' id='line_1_17' title="bbox 158 1675 1827 1744; baseline 0.005 -17"><span class='ocrx_word' id='word_1_119' title='bbox 158 1675 329 1729; x_wconf 87' lang='lat' dir='ltr'>etiam</span> <span class='ocrx_word' id='word_1_120' title='bbox 365 1675 639 1730; x_wconf 85' lang='lat' dir='ltr'>ecclesia</span> <span class='ocrx_word' id='word_1_121' title='bbox 658 1679 980 1732; x_wconf 87' lang='lat' dir='ltr'>constituta</span> <span class='ocrx_word' id='word_1_122' title='bbox 1012 1683 1121 1744; x_wconf 85' lang='lat' dir='ltr'>est,</span> <span class='ocrx_word' id='word_1_123' title='bbox 1148 1677 1376 1732; x_wconf 88' lang='lat' dir='ltr'>nullum</span> <span class='ocrx_word' id='word_1_124' title='bbox 1409 1679 1520 1732; x_wconf 92' lang='lat' dir='ltr'>coli</span> <span class='ocrx_word' id='word_1_125' title='bbox 1560 1686 1827 1735; x_wconf 88' lang='lat' dir='ltr'>mortuo-</span> 
     </span>
    </p>
   </div>
   <div class='ocr_carea' id='block_1_18' title="bbox 154 1764 1825 1839">
    <p class='ocr_par' dir='ltr' id='par_1_18' title="bbox 154 1764 1825 1839">
     <span class='ocr_line' id='line_1_18' title="bbox 154 1764 1825 1839; baseline 0.004 -22"><span class='ocrx_word' id='word_1_126' title='bbox 154 1781 301 1827; x_wconf 81' lang='lat' dir='ltr'>ruin,</span> <span class='ocrx_word' id='word_1_127' title='bbox 328 1766 772 1837; x_wconf 88' lang='lat' dir='ltr'>nihildenique</span> <span class='ocrx_word' id='word_1_128' title='bbox 792 1773 850 1819; x_wconf 90' lang='lat' dir='ltr'>ut</span> <span class='ocrx_word' id='word_1_129' title='bbox 884 1784 1104 1821; x_wconf 89' lang='lat' dir='ltr'>numen</span> <span class='ocrx_word' id='word_1_130' title='bbox 1134 1766 1394 1831; x_wconf 90' lang='lat' dir='ltr'>adorari,</span> <span class='ocrx_word' id='word_1_131' title='bbox 1423 1768 1586 1839; x_wconf 91' lang='lat' dir='ltr'>quod</span> <span class='ocrx_word' id='word_1_132' title='bbox 1620 1764 1825 1824; x_wconf 88' lang='lat' dir='ltr'>sitfac-</span> 
     </span>
    </p>
   </div>
   <div class='ocr_carea' id='block_1_19' title="bbox 156 1856 1817 1929">
    <p class='ocr_par' dir='ltr' id='par_1_19' title="bbox 156 1856 1817 1929">
     <span class='ocr_line' id='line_1_19' title="bbox 156 1856 1817 1929; baseline 0.003 -21"><span class='ocrx_word' id='word_1_133' title='bbox 156 1862 270 1909; x_wconf 88' lang='lat' dir='ltr'>tum</span> <span class='ocrx_word' id='word_1_134' title='bbox 292 1860 351 1909; x_wconf 87' lang='lat' dir='ltr'>et</span> <span class='ocrx_word' id='word_1_135' title='bbox 376 1856 907 1924; x_wconf 90' lang='lat' dir='ltr'>conditumaDeo,</span> <span class='ocrx_word' id='word_1_136' title='bbox 936 1857 1035 1911; x_wconf 85' lang='lat' dir='ltr'>sed</span> <span class='ocrx_word' id='word_1_137' title='bbox 1066 1873 1249 1911; x_wconf 89' lang='lat' dir='ltr'>unum</span> <span class='ocrx_word' id='word_1_138' title='bbox 1275 1857 1470 1927; x_wconf 87' lang='lat' dir='ltr'>ipsum</span> <span class='ocrx_word' id='word_1_139' title='bbox 1500 1858 1686 1913; x_wconf 91' lang='lat' dir='ltr'>Deum</span> <span class='ocrx_word' id='word_1_140' title='bbox 1716 1859 1817 1929; x_wconf 90' lang='lat' dir='ltr'>qui</span> 
     </span>
    </p>
   </div>
   <div class='ocr_carea' id='block_1_20' title="bbox 152 1943 1817 2017">
    <p class='ocr_par' dir='ltr' id='par_1_20' title="bbox 152 1943 1817 2017">
     <span class='ocr_line' id='line_1_20' title="bbox 152 1943 1817 2017; baseline 0.003 -21"><span class='ocrx_word' id='word_1_141' title='bbox 152 1943 281 1998; x_wconf 80' lang='lat' dir='ltr'>fecit</span> <span class='ocrx_word' id='word_1_142' title='bbox 312 1950 369 2000; x_wconf 88' lang='lat' dir='ltr'>et</span> <span class='ocrx_word' id='word_1_143' title='bbox 400 1945 916 1999; x_wconf 87' lang='lat' dir='ltr'>condiditomnia.</span> <span class='ocrx_word' id='word_1_144' title='bbox 948 1945 1311 1999; x_wconf 79' lang='lat' dir='ltr'>Disserentur</span> <span class='ocrx_word' id='word_1_145' title='bbox 1335 1946 1445 2001; x_wconf 91' lang='lat' dir='ltr'>ista</span> <span class='ocrx_word' id='word_1_146' title='bbox 1466 1945 1662 2012; x_wconf 89' lang='lat' dir='ltr'>latius,</span> <span class='ocrx_word' id='word_1_147' title='bbox 1688 1946 1817 2017; x_wconf 85' lang='lat' dir='ltr'>ipso</span> 
     </span>
    </p>
   </div>
   <div class='ocr_carea' id='block_1_21' title="bbox 154 2035 1815 2105">
    <p class='ocr_par' dir='ltr' id='par_1_21' title="bbox 154 2035 1815 2105">
     <span class='ocr_line' id='line_1_21' title="bbox 154 2035 1815 2105; baseline 0.004 -21"><span class='ocrx_word' id='word_1_148' title='bbox 154 2050 283 2089; x_wconf 83' lang='lat' dir='ltr'>vero</span> <span class='ocrx_word' id='word_1_149' title='bbox 314 2040 369 2088; x_wconf 91' lang='lat' dir='ltr'>et</span> <span class='ocrx_word' id='word_1_150' title='bbox 399 2050 530 2089; x_wconf 86' lang='lat' dir='ltr'>uno</span> <span class='ocrx_word' id='word_1_151' title='bbox 571 2037 689 2089; x_wconf 94' lang='lat' dir='ltr'>Deo</span> <span class='ocrx_word' id='word_1_152' title='bbox 722 2035 1066 2105; x_wconf 86' lang='lat' dir='ltr'>adjuvante,</span> <span class='ocrx_word' id='word_1_153' title='bbox 1109 2052 1247 2090; x_wconf 91' lang='lat' dir='ltr'>cum</span> <span class='ocrx_word' id='word_1_154' title='bbox 1272 2042 1321 2090; x_wconf 90' lang='lat' dir='ltr'>te</span> <span class='ocrx_word' id='word_1_155' title='bbox 1356 2036 1606 2103; x_wconf 79' lang='lat' dir='ltr'>graviter</span> <span class='ocrx_word' id='word_1_156' title='bbox 1640 2052 1815 2105; x_wconf 90' lang='lat' dir='ltr'>agere</span> 
     </span>
    </p>
   </div>
   <div class='ocr_carea' id='block_1_22' title="bbox 154 2123 705 2194">
    <p class='ocr_par' dir='ltr' id='par_1_22' title="bbox 154 2123 705 2194">
     <span class='ocr_line' id='line_1_22' title="bbox 154 2123 705 2194; baseline 0.005 -19"><span class='ocrx_word' id='word_1_157' title='bbox 154 2123 291 2178; x_wconf 88' lang='lat' dir='ltr'>velle</span> <span class='ocrx_word' id='word_1_158' title='bbox 323 2140 677 2194; x_wconf 79' lang='lat' dir='ltr'>cognovero</span> <span class='ocrx_word' id='word_1_159' title='bbox 692 2166 705 2178; x_wconf 93' lang='lat'>.</span> 
     </span>
    </p>
   </div>
   <div class='ocr_carea' id='block_1_23' title="bbox 623 2248 1332 2319">
    <p class='ocr_par' dir='ltr' id='par_1_23' title="bbox 623 2248 1332 2319">
     <span class='ocr_line' id='line_1_23' title="bbox 623 2248 1332 2319; baseline 0 -17"><span class='ocrx_word' id='word_1_160' title='bbox 623 2248 955 2305; x_wconf 75' lang='lat' dir='ltr'>EPISTOLA</span> <span class='ocrx_word' id='word_1_161' title='bbox 997 2248 1176 2301; x_wconf 84' lang='lat' dir='ltr'>xvnr</span> <span class='ocrx_word' id='word_1_162' title='bbox 1228 2248 1332 2319; x_wconf 91' lang='lat' dir='ltr'>(a).</span> 
     </span>
    </p>
   </div>
   <div class='ocr_carea' id='block_1_24' title="bbox 318 2356 1627 2427">
    <p class='ocr_par' dir='ltr' id='par_1_24' title="bbox 318 2356 1627 2427">
     <span class='ocr_line' id='line_1_24' title="bbox 318 2356 1627 2427; baseline -0.002 -15"><span class='ocrx_word' id='word_1_163' title='bbox 318 2357 702 2412; x_wconf 85' lang='lat' dir='ltr'>Naturarum</span> <span class='ocrx_word' id='word_1_164' title='bbox 730 2371 913 2425; x_wconf 87' lang='lat' dir='ltr'>genus</span> <span class='ocrx_word' id='word_1_165' title='bbox 939 2356 1160 2424; x_wconf 74' lang='lat' dir='ltr'>triplex</span> <span class='ocrx_word' id='word_1_166' title='bbox 1188 2356 1627 2427; x_wconf 77' lang='lat' dir='ltr'>perstringitur.</span> 
     </span>
    </p>
   </div>
   <div class='ocr_carea' id='block_1_25' title="bbox 628 2478 1327 2518">
    <p class='ocr_par' dir='ltr' id='par_1_25' title="bbox 628 2478 1327 2518">
     <span class='ocr_line' id='line_1_25' title="bbox 628 2478 1327 2518; baseline -0.001 -2"><span class='ocrx_word' id='word_1_167' title='bbox 628 2478 960 2518; x_wconf 76' lang='lat' dir='ltr'>AUGUSTINUS</span> <span class='ocrx_word' id='word_1_168' title='bbox 1000 2478 1327 2517; x_wconf 66' lang='lat' dir='ltr'>CBLESTINO.</span> 
     </span>
    </p>
   </div>
   <div class='ocr_carea' id='block_1_26' title="bbox 218 2587 1803 2660">
    <p class='ocr_par' dir='ltr' id='par_1_26' title="bbox 218 2587 1803 2660">
     <span class='ocr_line' id='line_1_26' title="bbox 218 2587 1803 2660; baseline 0.001 -17"><span class='ocrx_word' id='word_1_169' title='bbox 218 2592 263 2643; x_wconf 85' lang='lat' dir='ltr'>l.</span> <span class='ocrx_word' id='word_1_170' title='bbox 288 2592 329 2645; x_wconf 90' lang='grc' dir='ltr'><strong>Ο</strong></span> <span class='ocrx_word' id='word_1_171' title='bbox 344 2590 586 2645; x_wconf 87' lang='lat' dir='ltr'>utinam</span> <span class='ocrx_word' id='word_1_172' title='bbox 605 2604 845 2659; x_wconf 87' lang='lat' dir='ltr'>possem</span> <span class='ocrx_word' id='word_1_173' title='bbox 863 2587 1104 2642; x_wconf 87' lang='lat' dir='ltr'>assidue</span> <span class='ocrx_word' id='word_1_174' title='bbox 1122 2588 1222 2642; x_wconf 89' lang='lat' dir='ltr'>tibi</span> <span class='ocrx_word' id='word_1_175' title='bbox 1238 2588 1463 2660; x_wconf 89' lang='lat' dir='ltr'>aliquid</span> <span class='ocrx_word' id='word_1_176' title='bbox 1486 2588 1709 2645; x_wconf 86' lang='lat' dir='ltr'>dicere!</span> <span class='ocrx_word' id='word_1_177' title='bbox 1740 2591 1803 2645; x_wconf 87' lang='lat' dir='ltr'>ld</span> 
     </span>
    </p>
   </div>
   <div class='ocr_carea' id='block_1_27' title="bbox 147 2679 1805 2751">
    <p class='ocr_par' dir='ltr' id='par_1_27' title="bbox 147 2679 1805 2751">
     <span class='ocr_line' id='line_1_27' title="bbox 147 2679 1805 2751; baseline 0.001 -18"><span class='ocrx_word' id='word_1_178' title='bbox 147 2686 338 2735; x_wconf 88' lang='lat' dir='ltr'>autem</span> <span class='ocrx_word' id='word_1_179' title='bbox 370 2679 609 2751; x_wconf 89' lang='lat' dir='ltr'>aliquid</span> <span class='ocrx_word' id='word_1_180' title='bbox 635 2683 741 2742; x_wconf 92' lang='lat' dir='ltr'>est,</span> <span class='ocrx_word' id='word_1_181' title='bbox 782 2684 843 2732; x_wconf 89' lang='lat' dir='ltr'>ut</span> <span class='ocrx_word' id='word_1_182' title='bbox 865 2679 1021 2733; x_wconf 90' lang='lat' dir='ltr'>curis</span> <span class='ocrx_word' id='word_1_183' title='bbox 1052 2694 1404 2733; x_wconf 85' lang='lat' dir='ltr'>exueremur</span> <span class='ocrx_word' id='word_1_184' title='bbox 1429 2680 1805 2745; x_wconf 88' lang='lat' dir='ltr'>inanibus,et</span> 
     </span>
    </p>
   </div>
   <div class='ocr_carea' id='block_1_28' title="bbox 148 2767 1802 2826">
    <p class='ocr_par' dir='ltr' id='par_1_28' title="bbox 148 2767 1802 2826">
     <span class='ocr_line' id='line_1_28' title="bbox 148 2767 1802 2826; baseline 0.001 -2"><span class='ocrx_word' id='word_1_185' title='bbox 148 2770 705 2825; x_wconf 85' lang='lat' dir='ltr'>curisindueremur</span> <span class='ocrx_word' id='word_1_186' title='bbox 729 2767 990 2822; x_wconf 88' lang='lat' dir='ltr'>utilibus.</span> <span class='ocrx_word' id='word_1_187' title='bbox 1018 2770 1165 2823; x_wconf 86' lang='lat' dir='ltr'>Nam</span> <span class='ocrx_word' id='word_1_188' title='bbox 1180 2767 1252 2824; x_wconf 89' lang='lat' dir='ltr'>de</span> <span class='ocrx_word' id='word_1_189' title='bbox 1266 2769 1579 2825; x_wconf 89' lang='lat' dir='ltr'>securitate</span> <span class='ocrx_word' id='word_1_190' title='bbox 1600 2771 1802 2826; x_wconf 88' lang='lat' dir='ltr'>nescio</span> 
     </span>
    </p>
   </div>
   <div class='ocr_carea' id='block_1_29' title="bbox 151 2857 1803 2932">
    <p class='ocr_par' dir='ltr' id='par_1_29' title="bbox 151 2857 1803 2932">
     <span class='ocr_line' id='line_1_29' title="bbox 151 2857 1803 2932; baseline 0 -19"><span class='ocrx_word' id='word_1_191' title='bbox 151 2865 328 2915; x_wconf 88' lang='lat' dir='ltr'>utrum</span> <span class='ocrx_word' id='word_1_192' title='bbox 358 2860 707 2932; x_wconf 88' lang='lat' dir='ltr'>quidquam</span> <span class='ocrx_word' id='word_1_193' title='bbox 725 2861 782 2915; x_wconf 94' lang='lat' dir='ltr'>in</span> <span class='ocrx_word' id='word_1_194' title='bbox 799 2857 912 2913; x_wconf 89' lang='lat' dir='ltr'>hoc</span> <span class='ocrx_word' id='word_1_195' title='bbox 934 2857 1538 2929; x_wconf 87' lang='lat' dir='ltr'>mundosperandum</span> <span class='ocrx_word' id='word_1_196' title='bbox 1555 2860 1803 2916; x_wconf 91' lang='lat' dir='ltr'>sit.Scri-</span> 
     </span>
    </p>
   </div>
   <div class='ocr_carea' id='block_1_30' title="bbox 149 2946 1801 3019">
    <p class='ocr_par' dir='ltr' id='par_1_30' title="bbox 149 2946 1801 3019">
     <span class='ocr_line' id='line_1_30' title="bbox 149 2946 1801 3019; baseline 0.001 -17"><span class='ocrx_word' id='word_1_197' title='bbox 149 2949 586 3019; x_wconf 85' lang='lat' dir='ltr'>psi,necrecepi</span> <span class='ocrx_word' id='word_1_198' title='bbox 622 2948 743 3004; x_wconf 90' lang='lat' dir='ltr'>ulla</span> <span class='ocrx_word' id='word_1_199' title='bbox 774 2948 1077 3019; x_wconf 88' lang='lat' dir='ltr'>rescripta.</span> <span class='ocrx_word' id='word_1_200' title='bbox 1109 2948 1230 3002; x_wconf 83' lang='lat' dir='ltr'>Misi</span> <span class='ocrx_word' id='word_1_201' title='bbox 1259 2946 1582 3002; x_wconf 90' lang='lat' dir='ltr'>adversum</span> <span class='ocrx_word' id='word_1_202' title='bbox 1618 2949 1801 3004; x_wconf 86' lang='lat' dir='ltr'>Mani-</span> 
     </span>
    </p>
   </div>
   <div class='ocr_carea' id='block_1_31' title="bbox 146 3037 1800 3109">
    <p class='ocr_par' dir='ltr' id='par_1_31' title="bbox 146 3037 1800 3109">
     <span class='ocr_line' id='line_1_31' title="bbox 146 3037 1800 3109; baseline 0.001 -17"><span class='ocrx_word' id='word_1_203' title='bbox 146 3038 329 3093; x_wconf 77' lang='lat' dir='ltr'>chaeos</span> <span class='ocrx_word' id='word_1_204' title='bbox 345 3038 561 3101; x_wconf 91' lang='lat' dir='ltr'>libros,</span> <span class='ocrx_word' id='word_1_205' title='bbox 575 3054 731 3109; x_wconf 88' lang='lat' dir='ltr'>quos</span> <span class='ocrx_word' id='word_1_206' title='bbox 762 3043 1001 3109; x_wconf 83' lang='lat' dir='ltr'>paratos</span> <span class='ocrx_word' id='word_1_207' title='bbox 1020 3041 1075 3092; x_wconf 93' lang='lat' dir='ltr'>et</span> <span class='ocrx_word' id='word_1_208' title='bbox 1089 3037 1439 3092; x_wconf 88' lang='lat' dir='ltr'>emendatos</span> <span class='ocrx_word' id='word_1_209' title='bbox 1454 3037 1683 3093; x_wconf 87' lang='lat' dir='ltr'>mittere</span> <span class='ocrx_word' id='word_1_210' title='bbox 1700 3054 1800 3109; x_wconf 92' lang='lat' dir='ltr'>po-</span> 
     </span>
    </p>
   </div>
   <div class='ocr_carea' id='block_1_32' title="bbox 146 3127 1798 3200">
    <p class='ocr_par' dir='ltr' id='par_1_32' title="bbox 146 3127 1798 3200">
     <span class='ocr_line' id='line_1_32' title="bbox 146 3127 1798 3200; baseline 0.001 -19"><span class='ocrx_word' id='word_1_211' title='bbox 146 3129 234 3189; x_wconf 86' lang='lat' dir='ltr'>tui.</span> <span class='ocrx_word' id='word_1_212' title='bbox 260 3144 369 3182; x_wconf 87' lang='lat' dir='ltr'>nec</span> <span class='ocrx_word' id='word_1_213' title='bbox 401 3128 746 3200; x_wconf 81' lang='lat' dir='ltr'>quidquam</span> <span class='ocrx_word' id='word_1_214' title='bbox 777 3144 850 3182; x_wconf 79' lang='lat' dir='ltr'>ex</span> <span class='ocrx_word' id='word_1_215' title='bbox 882 3127 999 3181; x_wconf 92' lang='lat' dir='ltr'>illis</span> <span class='ocrx_word' id='word_1_216' title='bbox 1024 3127 1232 3198; x_wconf 85' lang='lat' dir='ltr'>judicii</span> <span class='ocrx_word' id='word_1_217' title='bbox 1262 3132 1586 3199; x_wconf 89' lang='lat' dir='ltr'>motusque</span> <span class='ocrx_word' id='word_1_218' title='bbox 1615 3128 1798 3183; x_wconf 91' lang='lat' dir='ltr'>nostri</span> 
     </span>
    </p>
   </div>
   <div class='ocr_carea' id='block_1_33' title="bbox 140 3217 1797 3287">
    <p class='ocr_par' dir='ltr' id='par_1_33' title="bbox 140 3217 1797 3287">
     <span class='ocr_line' id='line_1_33' title="bbox 140 3217 1797 3287; baseline 0 -16"><span class='ocrx_word' id='word_1_219' title='bbox 140 3223 337 3271; x_wconf 90' lang='lat' dir='ltr'>notum</span> <span class='ocrx_word' id='word_1_220' title='bbox 371 3217 521 3271; x_wconf 88' lang='lat' dir='ltr'>mihi</span> <span class='ocrx_word' id='word_1_221' title='bbox 541 3217 767 3271; x_wconf 87' lang='lat' dir='ltr'>factum</span> <span class='ocrx_word' id='word_1_222' title='bbox 784 3222 889 3271; x_wconf 91' lang='lat' dir='ltr'>est.</span> <span class='ocrx_word' id='word_1_223' title='bbox 925 3217 1091 3271; x_wconf 89' lang='lat' dir='ltr'>Nunc</span> <span class='ocrx_word' id='word_1_224' title='bbox 1113 3233 1215 3271; x_wconf 92' lang='lat' dir='ltr'>eos</span> <span class='ocrx_word' id='word_1_225' title='bbox 1243 3217 1649 3287; x_wconf 89' lang='lat' dir='ltr'>repeterejam</span> <span class='ocrx_word' id='word_1_226' title='bbox 1682 3234 1797 3283; x_wconf 90' lang='lat' dir='ltr'>me,</span> 
     </span>
    </p>
   </div>
   <div class='ocr_carea' id='block_1_34' title="bbox 140 3305 1799 3377">
    <p class='ocr_par' dir='ltr' id='par_1_34' title="bbox 140 3305 1799 3377">
     <span class='ocr_line' id='line_1_34' title="bbox 140 3305 1799 3377; baseline 0.002 -18"><span class='ocrx_word' id='word_1_227' title='bbox 140 3323 234 3361; x_wconf 82' lang='lat' dir='ltr'>vos</span> <span class='ocrx_word' id='word_1_228' title='bbox 249 3312 455 3362; x_wconf 89' lang='lat' dir='ltr'>autem</span> <span class='ocrx_word' id='word_1_229' title='bbox 471 3308 784 3361; x_wconf 86' lang='lat' dir='ltr'>restituere</span> <span class='ocrx_word' id='word_1_230' title='bbox 797 3306 1093 3361; x_wconf 89' lang='lat' dir='ltr'>convenit.</span> <span class='ocrx_word' id='word_1_231' title='bbox 1120 3306 1253 3360; x_wconf 90' lang='lat' dir='ltr'>Peto</span> <span class='ocrx_word' id='word_1_232' title='bbox 1268 3306 1467 3377; x_wconf 87' lang='lat' dir='ltr'>itaque</span> <span class='ocrx_word' id='word_1_233' title='bbox 1481 3322 1554 3360; x_wconf 91' lang='lat' dir='ltr'>ne</span> <span class='ocrx_word' id='word_1_234' title='bbox 1567 3305 1799 3362; x_wconf 78' lang='lat' dir='ltr'>diti‘era-</span> 
     </span>
    </p>
   </div>
   <div class='ocr_carea' id='block_1_35' title="bbox 138 3396 1797 3467">
    <p class='ocr_par' dir='ltr' id='par_1_35' title="bbox 138 3396 1797 3467">
     <span class='ocr_line' id='line_1_35' title="bbox 138 3396 1797 3467; baseline 0 -16"><span class='ocrx_word' id='word_1_235' title='bbox 138 3397 314 3451; x_wconf 87' lang='lat' dir='ltr'>tiseos</span> <span class='ocrx_word' id='word_1_236' title='bbox 347 3398 655 3452; x_wconf 88' lang='lat' dir='ltr'>remittere</span> <span class='ocrx_word' id='word_1_237' title='bbox 681 3412 820 3451; x_wconf 91' lang='lat' dir='ltr'>cum</span> <span class='ocrx_word' id='word_1_238' title='bbox 844 3396 1398 3467; x_wconf 89' lang='lat' dir='ltr'>rescriptis,quibus</span> <span class='ocrx_word' id='word_1_239' title='bbox 1420 3411 1593 3450; x_wconf 91' lang='lat' dir='ltr'>nosse</span> <span class='ocrx_word' id='word_1_240' title='bbox 1622 3397 1797 3467; x_wconf 91' lang='lat' dir='ltr'>cupio</span> 
     </span>
    </p>
   </div>
   <div class='ocr_carea' id='block_1_36' title="bbox 137 3484 1798 3558">
    <p class='ocr_par' dir='ltr' id='par_1_36' title="bbox 137 3484 1798 3558">
     <span class='ocr_line' id='line_1_36' title="bbox 137 3484 1798 3558; baseline 0.001 -18"><span class='ocrx_word' id='word_1_241' title='bbox 137 3486 270 3558; x_wconf 83' lang='lat' dir='ltr'>quid</span> <span class='ocrx_word' id='word_1_242' title='bbox 283 3487 356 3541; x_wconf 88' lang='lat' dir='ltr'>de</span> <span class='ocrx_word' id='word_1_243' title='bbox 369 3486 489 3540; x_wconf 88' lang='lat' dir='ltr'>illis</span> <span class='ocrx_word' id='word_1_244' title='bbox 504 3484 835 3556; x_wconf 88' lang='lat' dir='ltr'>geritis,vel</span> <span class='ocrx_word' id='word_1_245' title='bbox 850 3485 1046 3540; x_wconf 88' lang='lat' dir='ltr'>adhuc</span> <span class='ocrx_word' id='word_1_246' title='bbox 1061 3484 1133 3539; x_wconf 91' lang='lat' dir='ltr'>ad</span> <span class='ocrx_word' id='word_1_247' title='bbox 1156 3484 1320 3539; x_wconf 90' lang='lat' dir='ltr'>illum</span> <span class='ocrx_word' id='word_1_248' title='bbox 1346 3500 1604 3539; x_wconf 87' lang='lat' dir='ltr'>errorem</span> <span class='ocrx_word' id='word_1_249' title='bbox 1620 3501 1798 3557; x_wconf 87' lang='lat' dir='ltr'>expu-</span> 
     </span>
    </p>
   </div>
   <div class='ocr_carea' id='block_1_37' title="bbox 138 3574 1793 3647">
    <p class='ocr_par' dir='ltr' id='par_1_37' title="bbox 138 3574 1793 3647">
     <span class='ocr_line' id='line_1_37' title="bbox 138 3574 1793 3647; baseline 0 -16"><span class='ocrx_word' id='word_1_250' title='bbox 138 3576 441 3645; x_wconf 83' lang='lat' dir='ltr'>gnandum</span> <span class='ocrx_word' id='word_1_251' title='bbox 464 3574 617 3647; x_wconf 88' lang='lat' dir='ltr'>quid</span> <span class='ocrx_word' id='word_1_252' title='bbox 647 3580 970 3630; x_wconf 66' lang='lat' dir='ltr'>armaturae</span> <span class='ocrx_word' id='word_1_253' title='bbox 1002 3574 1171 3630; x_wconf 88' lang='lat' dir='ltr'>vobis</span> <span class='ocrx_word' id='word_1_254' title='bbox 1201 3589 1355 3646; x_wconf 90' lang='lat' dir='ltr'>opus</span> <span class='ocrx_word' id='word_1_255' title='bbox 1387 3590 1517 3629; x_wconf 89' lang='lat' dir='ltr'>esse</span> <span class='ocrx_word' id='word_1_256' title='bbox 1548 3574 1793 3632; x_wconf 88' lang='lat' dir='ltr'>arbitre-</span> 
     </span>
    </p>
   </div>
   <div class='ocr_carea' id='block_1_38' title="bbox 136 3666 289 3720">
    <p class='ocr_par' dir='ltr' id='par_1_38' title="bbox 136 3666 289 3720">
     <span class='ocr_line' id='line_1_38' title="bbox 136 3666 289 3720; baseline -0.02 0"><span class='ocrx_word' id='word_1_257' title='bbox 136 3666 289 3720; x_wconf 87' lang='lat' dir='ltr'>mini.</span> 
     </span>
    </p>
   </div>
   <div class='ocr_carea' id='block_1_39' title="bbox 195 3753 1787 3825">
    <p class='ocr_par' dir='ltr' id='par_1_39' title="bbox 195 3753 1787 3825">
     <span class='ocr_line' id='line_1_39' title="bbox 195 3753 1787 3825; baseline 0.002 -18"><span class='ocrx_word' id='word_1_258' title='bbox 195 3758 240 3807; x_wconf 78' lang='lat'>2.</span> <span class='ocrx_word' id='word_1_259' title='bbox 269 3757 427 3811; x_wconf 87' lang='lat' dir='ltr'>Sane</span> <span class='ocrx_word' id='word_1_260' title='bbox 460 3754 760 3825; x_wconf 88' lang='lat' dir='ltr'>quoniam</span> <span class='ocrx_word' id='word_1_261' title='bbox 810 3757 860 3809; x_wconf 90' lang='lat' dir='ltr'>te</span> <span class='ocrx_word' id='word_1_262' title='bbox 889 3754 1047 3817; x_wconf 90' lang='lat' dir='ltr'>novi,</span> <span class='ocrx_word' id='word_1_263' title='bbox 1090 3753 1292 3824; x_wconf 86' lang='lat' dir='ltr'>accipe</span> <span class='ocrx_word' id='word_1_264' title='bbox 1331 3753 1444 3808; x_wconf 88' lang='lat' dir='ltr'>hoc</span> <span class='ocrx_word' id='word_1_265' title='bbox 1496 3754 1787 3825; x_wconf 84' lang='lat' dir='ltr'>quiddam</span> 
     </span>
    </p>
   </div>
   <div class='ocr_carea' id='block_1_40' title="bbox 132 3844 1785 3914">
    <p class='ocr_par' dir='ltr' id='par_1_40' title="bbox 132 3844 1785 3914">
     <span class='ocr_line' id='line_1_40' title="bbox 132 3844 1785 3914; baseline 0.001 -17"><span class='ocrx_word' id='word_1_266' title='bbox 132 3846 344 3913; x_wconf 84' lang='lat' dir='ltr'>grande</span> <span class='ocrx_word' id='word_1_267' title='bbox 359 3850 418 3898; x_wconf 92' lang='lat' dir='ltr'>et</span> <span class='ocrx_word' id='word_1_268' title='bbox 433 3844 642 3897; x_wconf 87' lang='lat' dir='ltr'>breve.</span> <span class='ocrx_word' id='word_1_269' title='bbox 671 3844 993 3898; x_wconf 83' lang='lat' dir='ltr'>Estnatura</span> <span class='ocrx_word' id='word_1_270' title='bbox 1008 3859 1111 3914; x_wconf 89' lang='lat' dir='ltr'>per</span> <span class='ocrx_word' id='word_1_271' title='bbox 1124 3844 1287 3898; x_wconf 85' lang='lat' dir='ltr'>locos</span> <span class='ocrx_word' id='word_1_272' title='bbox 1304 3848 1357 3897; x_wconf 92' lang='lat' dir='ltr'>et</span> <span class='ocrx_word' id='word_1_273' title='bbox 1372 3848 1642 3913; x_wconf 88' lang='lat' dir='ltr'>tempora</span> <span class='ocrx_word' id='word_1_274' title='bbox 1659 3861 1785 3899; x_wconf 89' lang='lat' dir='ltr'>mu-</span> 
     </span>
    </p>
   </div>
   <div class='ocr_carea' id='block_1_41' title="bbox 129 3932 1781 4003">
    <p class='ocr_par' dir='ltr' id='par_1_41' title="bbox 129 3932 1781 4003">
     <span class='ocr_line' id='line_1_41' title="bbox 129 3932 1781 4003; baseline 0 -16"><span class='ocrx_word' id='word_1_275' title='bbox 129 3934 333 4001; x_wconf 84' lang='lat' dir='ltr'>tabilis,</span> <span class='ocrx_word' id='word_1_276' title='bbox 351 3940 416 3988; x_wconf 89' lang='lat' dir='ltr'>ut</span> <span class='ocrx_word' id='word_1_277' title='bbox 431 3947 684 4003; x_wconf 89' lang='lat' dir='ltr'>corpus.</span> <span class='ocrx_word' id='word_1_278' title='bbox 701 3934 766 3986; x_wconf 85' lang='lat' dir='ltr'>Et</span> <span class='ocrx_word' id='word_1_279' title='bbox 784 3937 868 3987; x_wconf 90' lang='lat' dir='ltr'>est</span> <span class='ocrx_word' id='word_1_280' title='bbox 882 3937 1093 3987; x_wconf 89' lang='lat' dir='ltr'>natura</span> <span class='ocrx_word' id='word_1_281' title='bbox 1109 3948 1208 4002; x_wconf 89' lang='lat' dir='ltr'>per</span> <span class='ocrx_word' id='word_1_282' title='bbox 1222 3933 1385 3986; x_wconf 90' lang='lat' dir='ltr'>locos</span> <span class='ocrx_word' id='word_1_283' title='bbox 1401 3948 1434 3985; x_wconf 94' lang='lat' dir='ltr'>n</span> <span class='ocrx_word' id='word_1_284' title='bbox 1447 3932 1565 3987; x_wconf 93' lang='lat' dir='ltr'>ullo</span> <span class='ocrx_word' id='word_1_285' title='bbox 1581 3934 1781 3999; x_wconf 86' lang='lat' dir='ltr'>modo,</span> 
     </span>
    </p>
   </div>
   <div class='ocr_carea' id='block_1_42' title="bbox 128 4023 1783 4093">
    <p class='ocr_par' dir='ltr' id='par_1_42' title="bbox 128 4023 1783 4093">
     <span class='ocr_line' id='line_1_42' title="bbox 128 4023 1783 4093; baseline 0.002 -18"><span class='ocrx_word' id='word_1_286' title='bbox 128 4026 212 4077; x_wconf 82' lang='lat' dir='ltr'>sed</span> <span class='ocrx_word' id='word_1_287' title='bbox 244 4030 491 4079; x_wconf 87' lang='lat' dir='ltr'>tantum</span> <span class='ocrx_word' id='word_1_288' title='bbox 534 4038 642 4093; x_wconf 90' lang='lat' dir='ltr'>per</span> <span class='ocrx_word' id='word_1_289' title='bbox 689 4027 961 4092; x_wconf 89' lang='lat' dir='ltr'>tempora</span> <span class='ocrx_word' id='word_1_290' title='bbox 991 4024 1169 4077; x_wconf 90' lang='lat' dir='ltr'>etiam</span> <span class='ocrx_word' id='word_1_291' title='bbox 1203 4023 1331 4093; x_wconf 88' lang='lat' dir='ltr'>ipsa</span> <span class='ocrx_word' id='word_1_292' title='bbox 1359 4023 1686 4088; x_wconf 89' lang='lat' dir='ltr'>mutabilis,</span> <span class='ocrx_word' id='word_1_293' title='bbox 1724 4028 1783 4079; x_wconf 89' lang='lat' dir='ltr'>ut</span> 
     </span>
    </p>
   </div>
   <div class='ocr_carea' id='block_1_43' title="bbox 124 4112 1782 4184">
    <p class='ocr_par' dir='ltr' id='par_1_43' title="bbox 124 4112 1782 4184">
     <span class='ocr_line' id='line_1_43' title="bbox 124 4112 1782 4184; baseline 0.001 -18"><span class='ocrx_word' id='word_1_294' title='bbox 124 4115 329 4169; x_wconf 82' lang='lat' dir='ltr'>anima.</span> <span class='ocrx_word' id='word_1_295' title='bbox 353 4117 419 4168; x_wconf 86' lang='lat' dir='ltr'>Et</span> <span class='ocrx_word' id='word_1_296' title='bbox 442 4118 537 4168; x_wconf 88' lang='lat' dir='ltr'>est</span> <span class='ocrx_word' id='word_1_297' title='bbox 566 4118 781 4167; x_wconf 91' lang='lat' dir='ltr'>natura</span> <span class='ocrx_word' id='word_1_298' title='bbox 807 4128 943 4183; x_wconf 81' lang='lat' dir='ltr'>quae</span> <span class='ocrx_word' id='word_1_299' title='bbox 959 4127 1065 4167; x_wconf 90' lang='lat' dir='ltr'>nec</span> <span class='ocrx_word' id='word_1_300' title='bbox 1080 4128 1184 4183; x_wconf 90' lang='lat' dir='ltr'>per</span> <span class='ocrx_word' id='word_1_301' title='bbox 1196 4112 1382 4177; x_wconf 90' lang='lat' dir='ltr'>locos,</span> <span class='ocrx_word' id='word_1_302' title='bbox 1400 4129 1507 4168; x_wconf 90' lang='lat' dir='ltr'>nec</span> <span class='ocrx_word' id='word_1_303' title='bbox 1524 4129 1626 4184; x_wconf 88' lang='lat' dir='ltr'>per</span> <span class='ocrx_word' id='word_1_304' title='bbox 1642 4120 1782 4168; x_wconf 89' lang='lat' dir='ltr'>tem-</span> 
     </span>
    </p>
   </div>
   <div class='ocr_carea' id='block_1_44' title="bbox 124 4202 1780 4273">
    <p class='ocr_par' dir='ltr' id='par_1_44' title="bbox 124 4202 1780 4273">
     <span class='ocr_line' id='line_1_44' title="bbox 124 4202 1780 4273; baseline 0.001 -16"><span class='ocrx_word' id='word_1_305' title='bbox 124 4219 252 4270; x_wconf 86' lang='lat' dir='ltr'>pora</span> <span class='ocrx_word' id='word_1_306' title='bbox 270 4203 502 4258; x_wconf 83' lang='lat' dir='ltr'>mutari</span> <span class='ocrx_word' id='word_1_307' title='bbox 522 4207 747 4273; x_wconf 88' lang='lat' dir='ltr'>potest;</span> <span class='ocrx_word' id='word_1_308' title='bbox 764 4202 877 4256; x_wconf 91' lang='lat' dir='ltr'>hoc</span> <span class='ocrx_word' id='word_1_309' title='bbox 892 4202 1046 4256; x_wconf 91' lang='lat' dir='ltr'>Deus</span> <span class='ocrx_word' id='word_1_310' title='bbox 1059 4208 1163 4256; x_wconf 91' lang='lat' dir='ltr'>est.</span> <span class='ocrx_word' id='word_1_311' title='bbox 1184 4202 1352 4267; x_wconf 88' lang='lat' dir='ltr'>Quod</span> <span class='ocrx_word' id='word_1_312' title='bbox 1373 4203 1466 4257; x_wconf 84' lang='lat' dir='ltr'>hic</span> <span class='ocrx_word' id='word_1_313' title='bbox 1482 4202 1780 4259; x_wconf 90' lang='lat' dir='ltr'>insinuavi</span> 
     </span>
    </p>
   </div>
   <div class='ocr_carea' id='block_1_45' title="bbox 122 4290 1780 4365">
    <p class='ocr_par' dir='ltr' id='par_1_45' title="bbox 122 4290 1780 4365">
     <span class='ocr_line' id='line_1_45' title="bbox 122 4290 1780 4365; baseline 0.002 -20"><span class='ocrx_word' id='word_1_314' title='bbox 122 4308 357 4365; x_wconf 83' lang='lat' dir='ltr'>quoquo</span> <span class='ocrx_word' id='word_1_315' title='bbox 383 4292 579 4347; x_wconf 91' lang='lat' dir='ltr'>modo</span> <span class='ocrx_word' id='word_1_316' title='bbox 604 4290 909 4355; x_wconf 86' lang='lat' dir='ltr'>mutabile,</span> <span class='ocrx_word' id='word_1_317' title='bbox 928 4298 1201 4346; x_wconf 89' lang='lat' dir='ltr'>creatura</span> <span class='ocrx_word' id='word_1_318' title='bbox 1222 4291 1464 4359; x_wconf 89' lang='lat' dir='ltr'>dicitur;</span> <span class='ocrx_word' id='word_1_319' title='bbox 1497 4294 1780 4363; x_wconf 84' lang='lat' dir='ltr'>quodim-</span> 
     </span>
    </p>
   </div>
   <div class='ocr_carea' id='block_1_46' title="bbox 122 4381 1780 4453">
    <p class='ocr_par' dir='ltr' id='par_1_46' title="bbox 122 4381 1780 4453">
     <span class='ocr_line' id='line_1_46' title="bbox 122 4381 1780 4453; baseline 0.001 -17"><span class='ocrx_word' id='word_1_320' title='bbox 122 4383 712 4449; x_wconf 80' lang='lat' dir='ltr'>mutabile,Creator.</span> <span class='ocrx_word' id='word_1_321' title='bbox 734 4384 880 4436; x_wconf 88' lang='lat' dir='ltr'>Cum</span> <span class='ocrx_word' id='word_1_322' title='bbox 899 4386 1099 4435; x_wconf 90' lang='lat' dir='ltr'>autem</span> <span class='ocrx_word' id='word_1_323' title='bbox 1118 4397 1296 4437; x_wconf 92' lang='lat' dir='ltr'>omne</span> <span class='ocrx_word' id='word_1_324' title='bbox 1319 4381 1479 4453; x_wconf 90' lang='lat' dir='ltr'>quod</span> <span class='ocrx_word' id='word_1_325' title='bbox 1496 4384 1780 4438; x_wconf 87' lang='lat' dir='ltr'>essedici-</span> 
     </span>
    </p>
   </div>
   <div class='ocr_carea' id='block_1_47' title="bbox 123 4470 1774 4543">
    <p class='ocr_par' dir='ltr' id='par_1_47' title="bbox 123 4470 1774 4543">
     <span class='ocr_line' id='line_1_47' title="bbox 123 4470 1774 4543; baseline 0.001 -19"><span class='ocrx_word' id='word_1_326' title='bbox 123 4487 259 4535; x_wconf 87' lang='lat' dir='ltr'>mus,</span> <span class='ocrx_word' id='word_1_327' title='bbox 290 4474 351 4527; x_wconf 93' lang='lat' dir='ltr'>in</span> <span class='ocrx_word' id='word_1_328' title='bbox 390 4475 701 4543; x_wconf 88' lang='lat' dir='ltr'>quantum</span> <span class='ocrx_word' id='word_1_329' title='bbox 734 4476 935 4525; x_wconf 89' lang='lat' dir='ltr'>manet</span> <span class='ocrx_word' id='word_1_330' title='bbox 974 4470 1263 4536; x_wconf 87' lang='lat' dir='ltr'>dicamus,</span> <span class='ocrx_word' id='word_1_331' title='bbox 1289 4476 1343 4526; x_wconf 90' lang='lat' dir='ltr'>et</span> <span class='ocrx_word' id='word_1_332' title='bbox 1382 4472 1441 4526; x_wconf 95' lang='lat' dir='ltr'>in</span> <span class='ocrx_word' id='word_1_333' title='bbox 1484 4477 1774 4543; x_wconf 90' lang='lat' dir='ltr'>quantum</span> 
     </span>
    </p>
   </div>
   <div class='ocr_carea' id='block_1_48' title="bbox 122 4559 1777 4630">
    <p class='ocr_par' dir='ltr' id='par_1_48' title="bbox 122 4559 1777 4630">
     <span class='ocr_line' id='line_1_48' title="bbox 122 4559 1777 4630; baseline 0.001 -17"><span class='ocrx_word' id='word_1_334' title='bbox 122 4576 290 4616; x_wconf 85' lang='lat' dir='ltr'>unum</span> <span class='ocrx_word' id='word_1_335' title='bbox 314 4567 432 4628; x_wconf 88' lang='lat' dir='ltr'>est,</span> <span class='ocrx_word' id='word_1_336' title='bbox 459 4560 660 4615; x_wconf 89' lang='lat' dir='ltr'>omnis</span> <span class='ocrx_word' id='word_1_337' title='bbox 689 4575 861 4629; x_wconf 91' lang='lat' dir='ltr'>porro</span> <span class='ocrx_word' id='word_1_338' title='bbox 886 4559 1551 4630; x_wconf 85' lang='lat' dir='ltr'>pulchritudinisforma</span> <span class='ocrx_word' id='word_1_339' title='bbox 1582 4560 1777 4616; x_wconf 88' lang='lat' dir='ltr'>unitas</span> 
     </span>
    </p>
   </div>
   <div class='ocr_carea' id='block_1_49' title="bbox 120 4648 1771 4721">
    <p class='ocr_par' dir='ltr' id='par_1_49' title="bbox 120 4648 1771 4721">
     <span class='ocr_line' id='line_1_49' title="bbox 120 4648 1771 4721; baseline 0.003 -22"><span class='ocrx_word' id='word_1_340' title='bbox 120 4651 205 4703; x_wconf 84' lang='lat' dir='ltr'>sit:</span> <span class='ocrx_word' id='word_1_341' title='bbox 239 4650 416 4705; x_wconf 83' lang='lat' dir='ltr'>vides</span> <span class='ocrx_word' id='word_1_342' title='bbox 446 4649 718 4721; x_wconf 86' lang='lat' dir='ltr'>profecto</span> <span class='ocrx_word' id='word_1_343' title='bbox 749 4649 931 4703; x_wconf 90' lang='lat' dir='ltr'>inista</span> <span class='ocrx_word' id='word_1_344' title='bbox 953 4648 1371 4704; x_wconf 68' lang='lat' dir='ltr'>distributione</span> <span class='ocrx_word' id='word_1_345' title='bbox 1398 4657 1771 4717; x_wconf 85' lang='lat' dir='ltr'>naturarum,</span> 
     </span>
    </p>
   </div>
   <div class='ocr_carea' id='block_1_50' title="bbox 118 4738 1772 4810">
    <p class='ocr_par' dir='ltr' id='par_1_50' title="bbox 118 4738 1772 4810">
     <span class='ocr_line' id='line_1_50' title="bbox 118 4738 1772 4810; baseline 0.001 -18"><span class='ocrx_word' id='word_1_346' title='bbox 118 4740 508 4810; x_wconf 64' lang='lat' dir='ltr'>quidsumme</span> <span class='ocrx_word' id='word_1_347' title='bbox 525 4740 660 4809; x_wconf 89' lang='lat' dir='ltr'>sit,q</span> <span class='ocrx_word' id='word_1_348' title='bbox 672 4738 766 4793; x_wconf 93' lang='lat' dir='ltr'>uid</span> <span class='ocrx_word' id='word_1_349' title='bbox 784 4739 1071 4804; x_wconf 81' lang='lat' dir='ltr'>intime,et</span> <span class='ocrx_word' id='word_1_350' title='bbox 1089 4744 1285 4793; x_wconf 87' lang='lat' dir='ltr'>tamen</span> <span class='ocrx_word' id='word_1_351' title='bbox 1303 4739 1546 4810; x_wconf 81' lang='lat' dir='ltr'>sit;quid</span> <span class='ocrx_word' id='word_1_352' title='bbox 1563 4740 1772 4809; x_wconf 90' lang='lat' dir='ltr'>medie,</span> 
     </span>
    </p>
   </div>
   <div class='ocr_carea' id='block_1_51' title="bbox 118 4828 1775 4900">
    <p class='ocr_par' dir='ltr' id='par_1_51' title="bbox 118 4828 1775 4900">
     <span class='ocr_line' id='line_1_51' title="bbox 118 4828 1775 4900; baseline 0.002 -19"><span class='ocrx_word' id='word_1_353' title='bbox 118 4830 428 4900; x_wconf 85' lang='lat' dir='ltr'>majusque</span> <span class='ocrx_word' id='word_1_354' title='bbox 446 4828 677 4896; x_wconf 88' lang='lat' dir='ltr'>inﬁmo,</span> <span class='ocrx_word' id='word_1_355' title='bbox 695 4834 748 4882; x_wconf 89' lang='lat' dir='ltr'>et</span> <span class='ocrx_word' id='word_1_356' title='bbox 766 4830 967 4883; x_wconf 88' lang='lat' dir='ltr'>minus</span> <span class='ocrx_word' id='word_1_357' title='bbox 984 4845 1221 4883; x_wconf 89' lang='lat' dir='ltr'>summo</span> <span class='ocrx_word' id='word_1_358' title='bbox 1238 4830 1326 4883; x_wconf 89' lang='lat' dir='ltr'>sit.</span> <span class='ocrx_word' id='word_1_359' title='bbox 1354 4830 1672 4885; x_wconf 87' lang='lat' dir='ltr'>Summum</span> <span class='ocrx_word' id='word_1_360' title='bbox 1712 4830 1775 4884; x_wconf 88' lang='lat' dir='ltr'>il-</span> 
     </span>
    </p>
   </div>
   <div class='ocr_carea' id='block_1_52' title="bbox 116 4916 1772 4990">
    <p class='ocr_par' dir='ltr' id='par_1_52' title="bbox 116 4916 1772 4990">
     <span class='ocr_line' id='line_1_52' title="bbox 116 4916 1772 4990; baseline 0.003 -22"><span class='ocrx_word' id='word_1_361' title='bbox 116 4916 204 4971; x_wconf 89' lang='lat' dir='ltr'>lud</span> <span class='ocrx_word' id='word_1_362' title='bbox 224 4926 309 4972; x_wconf 88' lang='lat' dir='ltr'>est</span> <span class='ocrx_word' id='word_1_363' title='bbox 324 4920 459 4990; x_wconf 86' lang='lat' dir='ltr'>ipsa</span> <span class='ocrx_word' id='word_1_364' title='bbox 476 4918 734 4972; x_wconf 86' lang='lat' dir='ltr'>beatitas</span> <span class='ocrx_word' id='word_1_365' title='bbox 750 4917 1239 4989; x_wconf 87' lang='lat' dir='ltr'>:inﬁmum,quod</span> <span class='ocrx_word' id='word_1_366' title='bbox 1257 4934 1363 4973; x_wconf 89' lang='lat' dir='ltr'>nec</span> <span class='ocrx_word' id='word_1_367' title='bbox 1378 4918 1619 4973; x_wconf 90' lang='lat' dir='ltr'>beatum</span> <span class='ocrx_word' id='word_1_368' title='bbox 1642 4934 1772 4973; x_wconf 90' lang='lat' dir='ltr'>esse</span> 
     </span>
    </p>
   </div>
   <div class='ocr_carea' id='block_1_53' title="bbox 114 5006 1773 5077">
    <p class='ocr_par' dir='ltr' id='par_1_53' title="bbox 114 5006 1773 5077">
     <span class='ocr_line' id='line_1_53' title="bbox 114 5006 1773 5077; baseline 0.001 -18"><span class='ocrx_word' id='word_1_369' title='bbox 114 5013 317 5076; x_wconf 86' lang='lat' dir='ltr'>potest,</span> <span class='ocrx_word' id='word_1_370' title='bbox 347 5023 462 5061; x_wconf 76' lang='lat' dir='ltr'>nec</span> <span class='ocrx_word' id='word_1_371' title='bbox 496 5006 788 5061; x_wconf 89' lang='lat' dir='ltr'>miserum</span> <span class='ocrx_word' id='word_1_372' title='bbox 817 5024 830 5061; x_wconf 92' lang='lat'>:</span> <span class='ocrx_word' id='word_1_373' title='bbox 857 5006 1020 5077; x_wconf 89' lang='lat' dir='ltr'>quod</span> <span class='ocrx_word' id='word_1_374' title='bbox 1055 5023 1193 5061; x_wconf 90' lang='lat' dir='ltr'>vero</span> <span class='ocrx_word' id='word_1_375' title='bbox 1216 5006 1504 5072; x_wconf 88' lang='lat' dir='ltr'>medium,</span> <span class='ocrx_word' id='word_1_376' title='bbox 1530 5007 1667 5061; x_wconf 90' lang='lat' dir='ltr'>vivit</span> <span class='ocrx_word' id='word_1_377' title='bbox 1689 5007 1773 5061; x_wconf 88' lang='lat' dir='ltr'>in-</span> 
     </span>
    </p>
   </div>
   <div class='ocr_carea' id='block_1_54' title="bbox 111 5094 1772 5161">
    <p class='ocr_par' dir='ltr' id='par_1_54' title="bbox 111 5094 1772 5161">
     <span class='ocr_line' id='line_1_54' title="bbox 111 5094 1772 5161; baseline 0.002 -14"><span class='ocrx_word' id='word_1_378' title='bbox 111 5096 424 5151; x_wconf 82' lang='lat' dir='ltr'>clinatione</span> <span class='ocrx_word' id='word_1_379' title='bbox 474 5100 554 5150; x_wconf 91' lang='lat' dir='ltr'>ad</span> <span class='ocrx_word' id='word_1_380' title='bbox 605 5094 907 5160; x_wconf 89' lang='lat' dir='ltr'>inﬁmum,</span> <span class='ocrx_word' id='word_1_381' title='bbox 960 5096 1222 5161; x_wconf 89' lang='lat' dir='ltr'>misere;</span> <span class='ocrx_word' id='word_1_382' title='bbox 1266 5096 1653 5151; x_wconf 82' lang='lat' dir='ltr'>conversione</span> <span class='ocrx_word' id='word_1_383' title='bbox 1694 5096 1772 5151; x_wconf 90' lang='lat' dir='ltr'>ad</span> 
     </span>
    </p>
   </div>
   <div class='ocr_carea' id='block_1_55' title="bbox 116 5184 1772 5251">
    <p class='ocr_par' dir='ltr' id='par_1_55' title="bbox 116 5184 1772 5251">
     <span class='ocr_line' id='line_1_55' title="bbox 116 5184 1772 5251; baseline 0.003 -15"><span class='ocrx_word' id='word_1_384' title='bbox 116 5201 443 5249; x_wconf 86' lang='lat' dir='ltr'>summum,</span> <span class='ocrx_word' id='word_1_385' title='bbox 468 5185 646 5240; x_wconf 90' lang='lat' dir='ltr'>beate</span> <span class='ocrx_word' id='word_1_386' title='bbox 678 5184 840 5239; x_wconf 89' lang='lat' dir='ltr'>vivit.</span> <span class='ocrx_word' id='word_1_387' title='bbox 867 5185 975 5251; x_wconf 86' lang='lat' dir='ltr'>Qui</span> <span class='ocrx_word' id='word_1_388' title='bbox 1007 5185 1235 5240; x_wconf 87' lang='lat' dir='ltr'>Christo</span> <span class='ocrx_word' id='word_1_389' title='bbox 1259 5185 1463 5250; x_wconf 88' lang='lat' dir='ltr'>credit,</span> <span class='ocrx_word' id='word_1_390' title='bbox 1495 5201 1613 5240; x_wconf 93' lang='lat' dir='ltr'>non</span> <span class='ocrx_word' id='word_1_391' title='bbox 1647 5186 1772 5241; x_wconf 91' lang='lat' dir='ltr'>dili-</span> 
     </span>
    </p>
   </div>
   <div class='ocr_carea' id='block_1_56' title="bbox 112 5273 1772 5346">
    <p class='ocr_par' dir='ltr' id='par_1_56' title="bbox 112 5273 1772 5346">
     <span class='ocr_line' id='line_1_56' title="bbox 112 5273 1772 5346; baseline 0.001 -19"><span class='ocrx_word' id='word_1_392' title='bbox 112 5274 181 5339; x_wconf 67' lang='lat' dir='ltr'>git</span> <span class='ocrx_word' id='word_1_393' title='bbox 240 5275 549 5341; x_wconf 89' lang='lat' dir='ltr'>inﬁmum,</span> <span class='ocrx_word' id='word_1_394' title='bbox 610 5290 729 5328; x_wconf 94' lang='lat' dir='ltr'>non</span> <span class='ocrx_word' id='word_1_395' title='bbox 774 5273 1045 5343; x_wconf 86' lang='lat' dir='ltr'>superbit</span> <span class='ocrx_word' id='word_1_396' title='bbox 1099 5274 1157 5327; x_wconf 90' lang='lat' dir='ltr'>iu</span> <span class='ocrx_word' id='word_1_397' title='bbox 1210 5274 1427 5342; x_wconf 90' lang='lat' dir='ltr'>medio,</span> <span class='ocrx_word' id='word_1_398' title='bbox 1476 5279 1652 5346; x_wconf 88' lang='lat' dir='ltr'>atque</span> <span class='ocrx_word' id='word_1_399' title='bbox 1694 5275 1772 5330; x_wconf 89' lang='lat' dir='ltr'>ita</span> 
     </span>
    </p>
   </div>
   <div class='ocr_carea' id='block_1_57' title="bbox 168 5452 1771 5515">
    <p class='ocr_par' dir='ltr' id='par_1_57' title="bbox 168 5452 1771 5515">
     <span class='ocr_line' id='line_1_57' title="bbox 168 5452 1771 5515; baseline 0.003 -16"><span class='ocrx_word' id='word_1_400' title='bbox 168 5454 191 5480; x_wconf 81' lang='grc'><strong><em>⁸</em></strong></span> <span class='ocrx_word' id='word_1_401' title='bbox 227 5452 301 5500; x_wconf 78' lang='lat' dir='ltr'>Ad</span> <span class='ocrx_word' id='word_1_402' title='bbox 326 5468 355 5499; x_wconf 74' lang='grc' dir='ltr'><em>α</em></span> <span class='ocrx_word' id='word_1_403' title='bbox 407 5452 478 5501; x_wconf 88' lang='lat' dir='ltr'>bl.</span> <span class='ocrx_word' id='word_1_404' title='bbox 509 5453 593 5500; x_wconf 81' lang='lat' dir='ltr'>cb.</span> <span class='ocrx_word' id='word_1_405' title='bbox 622 5452 673 5499; x_wconf 73' lang='grc' dir='ltr'>ιτ.</span> <span class='ocrx_word' id='word_1_406' title='bbox 710 5466 761 5514; x_wconf 88' lang='lat' dir='ltr'>g.</span> <span class='ocrx_word' id='word_1_407' title='bbox 793 5467 887 5515; x_wconf 84' lang='lat' dir='ltr'>gg.</span> <span class='ocrx_word' id='word_1_408' title='bbox 933 5452 1010 5499; x_wconf 89' lang='lat' dir='ltr'>sb.</span> <span class='ocrx_word' id='word_1_409' title='bbox 1051 5452 1124 5499; x_wconf 89' lang='lat' dir='ltr'>th.</span> <span class='ocrx_word' id='word_1_410' title='bbox 1150 5467 1241 5513; x_wconf 84' lang='lat' dir='ltr'>gv.</span> <span class='ocrx_word' id='word_1_411' title='bbox 1278 5467 1328 5500; x_wconf 92' lang='lat' dir='ltr'>n.</span> <span class='ocrx_word' id='word_1_412' title='bbox 1362 5467 1439 5502; x_wconf 91' lang='lat' dir='ltr'>vc.</span> <span class='ocrx_word' id='word_1_413' title='bbox 1468 5453 1603 5502; x_wconf 89' lang='lat' dir='ltr'>duos</span> <span class='ocrx_word' id='word_1_414' title='bbox 1636 5458 1672 5503; x_wconf 90' lang='lat' dir='ltr'>t.</span> <span class='ocrx_word' id='word_1_415' title='bbox 1720 5459 1771 5504; x_wconf 87' lang='lat' dir='ltr'>et</span> 
     </span>
    </p>
   </div>
   <div class='ocr_carea' id='block_1_58' title="bbox 114 5514 1543 5573">
    <p class='ocr_par' dir='ltr' id='par_1_58' title="bbox 114 5514 1543 5573">
     <span class='ocr_line' id='line_1_58' title="bbox 114 5514 1543 5573; baseline 0.003 -16"><span class='ocrx_word' id='word_1_416' title='bbox 114 5514 239 5561; x_wconf 77' lang='lat' dir='ltr'>duos</span> <span class='ocrx_word' id='word_1_417' title='bbox 274 5530 320 5560; x_wconf 71' lang='grc' dir='ltr'>ν.</span> <span class='ocrx_word' id='word_1_418' title='bbox 350 5519 630 5573; x_wconf 69' lang='lat' dir='ltr'>recognita</span> <span class='ocrx_word' id='word_1_419' title='bbox 664 5519 763 5567; x_wconf 77' lang='lat' dir='ltr'>est,</span> <span class='ocrx_word' id='word_1_420' title='bbox 803 5514 939 5562; x_wconf 69' lang='lat' dir='ltr'>eum</span> <span class='ocrx_word' id='word_1_421' title='bbox 974 5517 1092 5562; x_wconf 85' lang='lat' dir='ltr'>Am.</span> <span class='ocrx_word' id='word_1_422' title='bbox 1134 5514 1257 5563; x_wconf 88' lang='lat' dir='ltr'>Bad.</span> <span class='ocrx_word' id='word_1_423' title='bbox 1299 5517 1378 5563; x_wconf 82' lang='lat' dir='ltr'>Er.</span> <span class='ocrx_word' id='word_1_424' title='bbox 1414 5516 1543 5569; x_wconf 69' lang='lat' dir='ltr'>Lov.</span> 
     </span>
    </p>
   </div>
   <div class='ocr_carea' id='block_1_59' title="bbox 168 5578 1769 5641">
    <p class='ocr_par' dir='ltr' id='par_1_59' title="bbox 168 5578 1769 5641">
     <span class='ocr_line' id='line_1_59' title="bbox 168 5578 1769 5641; baseline 0.001 -14"><span class='ocrx_word' id='word_1_425' title='bbox 168 5582 236 5636; x_wconf 68' lang='lat' dir='ltr'>to)</span> <span class='ocrx_word' id='word_1_426' title='bbox 269 5580 406 5625; x_wconf 69' lang='lat' dir='ltr'>Atias</span> <span class='ocrx_word' id='word_1_427' title='bbox 423 5580 484 5626; x_wconf 83' lang='lat'>63</span> <span class='ocrx_word' id='word_1_428' title='bbox 512 5593 523 5626; x_wconf 93' lang='lat'><em>:</em></span> <span class='ocrx_word' id='word_1_429' title='bbox 552 5592 673 5640; x_wconf 62' lang='lat' dir='ltr'>quae</span> <span class='ocrx_word' id='word_1_430' title='bbox 689 5580 869 5627; x_wconf 78' lang='lat' dir='ltr'>autem</span> <span class='ocrx_word' id='word_1_431' title='bbox 898 5578 952 5625; x_wconf 85' lang='grc'>18</span> <span class='ocrx_word' id='word_1_432' title='bbox 979 5582 1105 5633; x_wconf 82' lang='lat' dir='ltr'>erat,</span> <span class='ocrx_word' id='word_1_433' title='bbox 1124 5591 1264 5627; x_wconf 89' lang='lat' dir='ltr'>nunc</span> <span class='ocrx_word' id='word_1_434' title='bbox 1286 5580 1363 5626; x_wconf 84' lang='lat' dir='ltr'>8t.</span> <span class='ocrx_word' id='word_1_435' title='bbox 1401 5579 1609 5641; x_wconf 83' lang='lat' dir='ltr'>Scripta</span> <span class='ocrx_word' id='word_1_436' title='bbox 1635 5579 1769 5629; x_wconf 86' lang='lat' dir='ltr'>forte</span> 
     </span>
    </p>
   </div>
   <div class='ocr_carea' id='block_1_60' title="bbox 118 5639 671 5703">
    <p class='ocr_par' dir='ltr' id='par_1_60' title="bbox 118 5639 671 5703">
     <span class='ocr_line' id='line_1_60' title="bbox 118 5639 671 5703; baseline 0.007 -20"><span class='ocrx_word' id='word_1_437' title='bbox 118 5639 247 5689; x_wconf 70' lang='lat' dir='ltr'>circa</span> <span class='ocrx_word' id='word_1_438' title='bbox 276 5641 415 5689; x_wconf 87' lang='lat' dir='ltr'>idem</span> <span class='ocrx_word' id='word_1_439' title='bbox 433 5639 671 5703; x_wconf 80' lang='lat' dir='ltr'>tempus.</span> 
     </span>
    </p>
   </div>
   <div class='ocr_carea' id='block_1_61' title="bbox 1454 212 2363 273">
    <p class='ocr_par' dir='ltr' id='par_1_61' title="bbox 1454 212 2363 273">
     <span class='ocr_line' id='line_1_61' title="bbox 1454 212 2363 273; baseline 0.003 -6"><span class='ocrx_word' id='word_1_440' title='bbox 1454 212 1953 271; x_wconf 80' lang='lat' dir='ltr'>EPISTOLARUM</span> <span class='ocrx_word' id='word_1_441' title='bbox 1992 216 2280 273; x_wconf 85' lang='lat' dir='ltr'>CLASSlS</span> <span class='ocrx_word' id='word_1_442' title='bbox 2320 217 2363 271; x_wconf 94' lang='grc' dir='ltr'>Ι.</span> 
     </span>
    </p>
   </div>
   <div class='ocr_carea' id='block_1_62' title="bbox 3542 227 3614 280">
    <p class='ocr_par' dir='ltr' id='par_1_62' title="bbox 3542 227 3614 280">
     <span class='ocr_line' id='line_1_62' title="bbox 3542 227 3614 280; baseline 0 0"><span class='ocrx_word' id='word_1_443' title='bbox 3542 227 3614 280; x_wconf 90' lang='grc'>86</span> 
     </span>
    </p>
   </div>
   <div class='ocr_carea' id='block_1_63' title="bbox 1960 342 3611 407">
    <p class='ocr_par' dir='ltr' id='par_1_63' title="bbox 1960 342 3611 407">
     <span class='ocr_line' id='line_1_63' title="bbox 1960 342 3611 407; baseline 0.008 -13"><span class='ocrx_word' id='word_1_444' title='bbox 1960 356 2202 397; x_wconf 90' lang='lat' dir='ltr'>summo</span> <span class='ocrx_word' id='word_1_445' title='bbox 2244 342 2530 399; x_wconf 85' lang='lat' dir='ltr'>inhaerere</span> <span class='ocrx_word' id='word_1_446' title='bbox 2583 344 2648 400; x_wconf 87' lang='lat' dir='ltr'>ﬁt</span> <span class='ocrx_word' id='word_1_447' title='bbox 2699 344 2951 401; x_wconf 88' lang='lat' dir='ltr'>idoneus</span> <span class='ocrx_word' id='word_1_448' title='bbox 2983 365 2996 406; x_wconf 89' lang='lat'><strong>:</strong></span> <span class='ocrx_word' id='word_1_449' title='bbox 3029 351 3085 404; x_wconf 91' lang='lat' dir='ltr'>et</span> <span class='ocrx_word' id='word_1_450' title='bbox 3140 348 3253 404; x_wconf 92' lang='lat' dir='ltr'>hoc</span> <span class='ocrx_word' id='word_1_451' title='bbox 3284 354 3370 405; x_wconf 90' lang='lat' dir='ltr'>est</span> <span class='ocrx_word' id='word_1_452' title='bbox 3423 353 3611 407; x_wconf 90' lang='lat' dir='ltr'>totum</span> 
     </span>
    </p>
   </div>
   <div class='ocr_carea' id='block_1_64' title="bbox 1955 429 3439 501">
    <p class='ocr_par' dir='ltr' id='par_1_64' title="bbox 1955 429 3439 501">
     <span class='ocr_line' id='line_1_64' title="bbox 1955 429 3439 501; baseline 0.005 -18"><span class='ocrx_word' id='word_1_453' title='bbox 1955 429 2120 501; x_wconf 90' lang='lat' dir='ltr'>quod</span> <span class='ocrx_word' id='word_1_454' title='bbox 2142 445 2315 501; x_wconf 89' lang='lat' dir='ltr'>agere</span> <span class='ocrx_word' id='word_1_455' title='bbox 2336 430 2642 501; x_wconf 88' lang='lat' dir='ltr'>jubemur,</span> <span class='ocrx_word' id='word_1_456' title='bbox 2670 450 3005 499; x_wconf 89' lang='lat' dir='ltr'>monemur,</span> <span class='ocrx_word' id='word_1_457' title='bbox 3030 437 3439 494; x_wconf 89' lang='lat' dir='ltr'>accendimur.</span> 
     </span>
    </p>
   </div>
   <div class='ocr_carea' id='block_1_65' title="bbox 2452 568 3109 641">
    <p class='ocr_par' dir='ltr' id='par_1_65' title="bbox 2452 568 3109 641">
     <span class='ocr_line' id='line_1_65' title="bbox 2452 568 3109 641; baseline 0.006 -20"><span class='ocrx_word' id='word_1_458' title='bbox 2452 568 2785 623; x_wconf 77' lang='lat' dir='ltr'>EPISTULA</span> <span class='ocrx_word' id='word_1_459' title='bbox 2814 571 2919 624; x_wconf 83' lang='lat' dir='ltr'>XIX</span> <span class='ocrx_word' id='word_1_460' title='bbox 2950 570 2967 587; x_wconf 69' lang='grc' dir='ltr'><strong>ο</strong></span> <span class='ocrx_word' id='word_1_461' title='bbox 3005 569 3109 641; x_wconf 91' lang='lat' dir='ltr'>(a).</span> 
     </span>
    </p>
   </div>
   <div class='ocr_carea' id='block_1_66' title="bbox 1956 661 3603 734">
    <p class='ocr_par' dir='ltr' id='par_1_66' title="bbox 1956 661 3603 734">
     <span class='ocr_line' id='line_1_66' title="bbox 1956 661 3603 734; baseline 0.007 -18"><span class='ocrx_word' id='word_1_462' title='bbox 1956 661 2122 727; x_wconf 87' lang='lat' dir='ltr'>Gaio,</span> <span class='ocrx_word' id='word_1_463' title='bbox 2157 678 2325 734; x_wconf 86' lang='lat' dir='ltr'>quem</span> <span class='ocrx_word' id='word_1_464' title='bbox 2350 664 2509 733; x_wconf 80' lang='lat' dir='ltr'>forte</span> <span class='ocrx_word' id='word_1_465' title='bbox 2538 666 2936 733; x_wconf 77' lang='lat' dir='ltr'>disputatione</span> <span class='ocrx_word' id='word_1_466' title='bbox 2974 673 3240 725; x_wconf 71' lang='lat' dir='ltr'>traxerat</span> <span class='ocrx_word' id='word_1_467' title='bbox 3288 670 3369 725; x_wconf 87' lang='lat' dir='ltr'>ad</span> <span class='ocrx_word' id='word_1_468' title='bbox 3398 670 3603 728; x_wconf 83' lang='lat' dir='ltr'>Eccle-</span> 
     </span>
    </p>
   </div>
   <div class='ocr_carea' id='block_1_67' title="bbox 2023 750 3603 826">
    <p class='ocr_par' dir='ltr' id='par_1_67' title="bbox 2023 750 3603 826">
     <span class='ocr_line' id='line_1_67' title="bbox 2023 750 3603 826; baseline 0.007 -21"><span class='ocrx_word' id='word_1_469' title='bbox 2023 750 2191 817; x_wconf 85' lang='lat' dir='ltr'>siam,</span> <span class='ocrx_word' id='word_1_470' title='bbox 2224 753 2404 808; x_wconf 83' lang='lat' dir='ltr'>mittit</span> <span class='ocrx_word' id='word_1_471' title='bbox 2460 770 2593 809; x_wconf 88' lang='lat' dir='ltr'>suos</span> <span class='ocrx_word' id='word_1_472' title='bbox 2642 756 2822 809; x_wconf 79' lang='lat' dir='ltr'>libros</span> <span class='ocrx_word' id='word_1_473' title='bbox 2853 756 3149 826; x_wconf 83' lang='lat' dir='ltr'>legendos,</span> <span class='ocrx_word' id='word_1_474' title='bbox 3180 758 3513 816; x_wconf 82' lang='lat' dir='ltr'>adhortans</span> <span class='ocrx_word' id='word_1_475' title='bbox 3538 767 3603 816; x_wconf 87' lang='lat' dir='ltr'>ut</span> 
     </span>
    </p>
   </div>
   <div class='ocr_carea' id='block_1_68' title="bbox 2022 842 2947 913">
    <p class='ocr_par' dir='ltr' id='par_1_68' title="bbox 2022 842 2947 913">
     <span class='ocr_line' id='line_1_68' title="bbox 2022 842 2947 913; baseline 0.002 -17"><span class='ocrx_word' id='word_1_476' title='bbox 2022 849 2343 910; x_wconf 82' lang='lat' dir='ltr'>perseveret</span> <span class='ocrx_word' id='word_1_477' title='bbox 2367 842 2423 897; x_wconf 89' lang='lat' dir='ltr'>in</span> <span class='ocrx_word' id='word_1_478' title='bbox 2449 843 2597 898; x_wconf 86' lang='lat' dir='ltr'>bona</span> <span class='ocrx_word' id='word_1_479' title='bbox 2619 845 2947 913; x_wconf 80' lang='lat' dir='ltr'>proposito.</span> 
     </span>
    </p>
   </div>
   <div class='ocr_carea' id='block_1_69' title="bbox 2484 961 3041 1016">
    <p class='ocr_par' dir='ltr' id='par_1_69' title="bbox 2484 961 3041 1016">
     <span class='ocr_line' id='line_1_69' title="bbox 2484 961 3041 1016; baseline 0.002 -2"><span class='ocrx_word' id='word_1_480' title='bbox 2484 976 2609 1015; x_wconf 81' lang='lat' dir='ltr'>GAIO</span> <span class='ocrx_word' id='word_1_481' title='bbox 2638 961 2651 995; x_wconf 87' lang='grc'>¹</span> <span class='ocrx_word' id='word_1_482' title='bbox 2686 976 3041 1016; x_wconf 61' lang='grc' dir='ltr'>Αυσυετικυε.</span> 
     </span>
    </p>
   </div>
   <div class='ocr_carea' id='block_1_70' title="bbox 2021 1074 3603 1151">
    <p class='ocr_par' dir='ltr' id='par_1_70' title="bbox 2021 1074 3603 1151">
     <span class='ocr_line' id='line_1_70' title="bbox 2021 1074 3603 1151; baseline 0.006 -25"><span class='ocrx_word' id='word_1_483' title='bbox 2021 1074 2072 1126; x_wconf 86' lang='grc'><strong>1.</strong></span> <span class='ocrx_word' id='word_1_484' title='bbox 2102 1075 2167 1129; x_wconf 93' lang='lat' dir='ltr'>Ut</span> <span class='ocrx_word' id='word_1_485' title='bbox 2197 1075 2302 1129; x_wconf 90' lang='lat' dir='ltr'>abs</span> <span class='ocrx_word' id='word_1_486' title='bbox 2328 1078 2383 1129; x_wconf 88' lang='lat' dir='ltr'>te</span> <span class='ocrx_word' id='word_1_487' title='bbox 2411 1074 2834 1141; x_wconf 89' lang='lat' dir='ltr'>abscessimus,</span> <span class='ocrx_word' id='word_1_488' title='bbox 2868 1076 2984 1132; x_wconf 92' lang='lat' dir='ltr'>dici</span> <span class='ocrx_word' id='word_1_489' title='bbox 3006 1092 3128 1133; x_wconf 92' lang='lat' dir='ltr'>non</span> <span class='ocrx_word' id='word_1_490' title='bbox 3152 1082 3344 1149; x_wconf 89' lang='lat' dir='ltr'>potest</span> <span class='ocrx_word' id='word_1_491' title='bbox 3373 1084 3603 1151; x_wconf 87' lang='lat' dir='ltr'>quanta</span> 
     </span>
    </p>
   </div>
   <div class='ocr_carea' id='block_1_71' title="bbox 1947 1163 3599 1240">
    <p class='ocr_par' dir='ltr' id='par_1_71' title="bbox 1947 1163 3599 1240">
     <span class='ocr_line' id='line_1_71' title="bbox 1947 1163 3599 1240; baseline 0.006 -25"><span class='ocrx_word' id='word_1_492' title='bbox 1947 1163 2226 1218; x_wconf 89' lang='lat' dir='ltr'>suavitate</span> <span class='ocrx_word' id='word_1_493' title='bbox 2245 1180 2354 1219; x_wconf 92' lang='lat' dir='ltr'>nos</span> <span class='ocrx_word' id='word_1_494' title='bbox 2386 1164 3053 1234; x_wconf 89' lang='lat' dir='ltr'>perfuderitrecordatio</span> <span class='ocrx_word' id='word_1_495' title='bbox 3073 1167 3175 1235; x_wconf 85' lang='lat' dir='ltr'>tui,</span> <span class='ocrx_word' id='word_1_496' title='bbox 3193 1183 3262 1222; x_wconf 92' lang='lat' dir='ltr'>ac</span> <span class='ocrx_word' id='word_1_497' title='bbox 3291 1184 3449 1240; x_wconf 56' lang='lat' dir='ltr'>saepe</span> <span class='ocrx_word' id='word_1_498' title='bbox 3468 1184 3599 1240; x_wconf 89' lang='lat' dir='ltr'>per-</span> 
     </span>
    </p>
   </div>
   <div class='ocr_carea' id='block_1_72' title="bbox 1946 1250 3595 1328">
    <p class='ocr_par' dir='ltr' id='par_1_72' title="bbox 1946 1250 3595 1328">
     <span class='ocr_line' id='line_1_72' title="bbox 1946 1250 3595 1328; baseline 0.005 -23"><span class='ocrx_word' id='word_1_499' title='bbox 1946 1250 2177 1307; x_wconf 85' lang='lat' dir='ltr'>fundat.</span> <span class='ocrx_word' id='word_1_500' title='bbox 2212 1253 2545 1308; x_wconf 80' lang='lat' dir='ltr'>Becolimus</span> <span class='ocrx_word' id='word_1_501' title='bbox 2580 1255 2737 1309; x_wconf 91' lang='lat' dir='ltr'>enim</span> <span class='ocrx_word' id='word_1_502' title='bbox 2773 1256 2985 1311; x_wconf 90' lang='lat' dir='ltr'>ardore</span> <span class='ocrx_word' id='word_1_503' title='bbox 3026 1256 3428 1328; x_wconf 88' lang='lat' dir='ltr'>inquisitionis</span> <span class='ocrx_word' id='word_1_504' title='bbox 3462 1263 3595 1324; x_wconf 72' lang='lat' dir='ltr'>tute,</span> 
     </span>
    </p>
   </div>
   <div class='ocr_carea' id='block_1_73' title="bbox 1945 1342 3598 1415">
    <p class='ocr_par' dir='ltr' id='par_1_73' title="bbox 1945 1342 3598 1415">
     <span class='ocr_line' id='line_1_73' title="bbox 1945 1342 3598 1415; baseline 0.005 -20"><span class='ocrx_word' id='word_1_505' title='bbox 1945 1358 2082 1396; x_wconf 92' lang='lat' dir='ltr'>cum</span> <span class='ocrx_word' id='word_1_506' title='bbox 2110 1342 2724 1409; x_wconf 89' lang='lat' dir='ltr'>essetmirabilis,non</span> <span class='ocrx_word' id='word_1_507' title='bbox 2741 1343 2916 1399; x_wconf 90' lang='lat' dir='ltr'>fuisse</span> <span class='ocrx_word' id='word_1_508' title='bbox 2931 1345 3337 1415; x_wconf 88' lang='lat' dir='ltr'>perturbatam</span> <span class='ocrx_word' id='word_1_509' title='bbox 3362 1347 3598 1403; x_wconf 89' lang='lat' dir='ltr'>modes-</span> 
     </span>
    </p>
   </div>
   <div class='ocr_carea' id='block_1_74' title="bbox 1942 1430 3597 1506">
    <p class='ocr_par' dir='ltr' id='par_1_74' title="bbox 1942 1430 3597 1506">
     <span class='ocr_line' id='line_1_74' title="bbox 1942 1430 3597 1506; baseline 0.004 -20"><span class='ocrx_word' id='word_1_510' title='bbox 1942 1431 2081 1486; x_wconf 89' lang='lat' dir='ltr'>tiam</span> <span class='ocrx_word' id='word_1_511' title='bbox 2109 1430 2478 1503; x_wconf 90' lang='lat' dir='ltr'>disputandi.</span> <span class='ocrx_word' id='word_1_512' title='bbox 2501 1436 2644 1487; x_wconf 88' lang='lat' dir='ltr'>Nam</span> <span class='ocrx_word' id='word_1_513' title='bbox 2664 1448 2859 1505; x_wconf 90' lang='lat' dir='ltr'>neque</span> <span class='ocrx_word' id='word_1_514' title='bbox 2879 1432 3230 1503; x_wconf 88' lang='lat' dir='ltr'>ﬂagrantius</span> <span class='ocrx_word' id='word_1_515' title='bbox 3247 1440 3597 1506; x_wconf 86' lang='lat' dir='ltr'>percontan-</span> 
     </span>
    </p>
   </div>
   <div class='ocr_carea' id='block_1_75' title="bbox 1942 1522 3592 1595">
    <p class='ocr_par' dir='ltr' id='par_1_75' title="bbox 1942 1522 3592 1595">
     <span class='ocr_line' id='line_1_75' title="bbox 1942 1522 3592 1595; baseline 0.004 -20"><span class='ocrx_word' id='word_1_516' title='bbox 1942 1525 2281 1592; x_wconf 90' lang='lat' dir='ltr'>tem,neque</span> <span class='ocrx_word' id='word_1_517' title='bbox 2298 1522 2672 1593; x_wconf 90' lang='lat' dir='ltr'>tranquillius</span> <span class='ocrx_word' id='word_1_518' title='bbox 2686 1522 3398 1595; x_wconf 88' lang='lat' dir='ltr'>audientem,quemquam</span> <span class='ocrx_word' id='word_1_519' title='bbox 3422 1524 3592 1581; x_wconf 82' lang='lat' dir='ltr'>facile</span> 
     </span>
    </p>
   </div>
   <div class='ocr_carea' id='block_1_76' title="bbox 1936 1609 3590 1684">
    <p class='ocr_par' dir='ltr' id='par_1_76' title="bbox 1936 1609 3590 1684">
     <span class='ocr_line' id='line_1_76' title="bbox 1936 1609 3590 1684; baseline 0.004 -21"><span class='ocrx_word' id='word_1_520' title='bbox 1936 1609 2282 1665; x_wconf 88' lang='lat' dir='ltr'>invenerim.</span> <span class='ocrx_word' id='word_1_521' title='bbox 2304 1610 2527 1666; x_wconf 85' lang='lat' dir='ltr'>Vellem</span> <span class='ocrx_word' id='word_1_522' title='bbox 2543 1611 2742 1682; x_wconf 88' lang='lat' dir='ltr'>itaque</span> <span class='ocrx_word' id='word_1_523' title='bbox 2763 1616 2955 1667; x_wconf 88' lang='lat' dir='ltr'>tecum</span> <span class='ocrx_word' id='word_1_524' title='bbox 2975 1612 3408 1684; x_wconf 88' lang='lat' dir='ltr'>multumloqui</span> <span class='ocrx_word' id='word_1_525' title='bbox 3431 1629 3444 1668; x_wconf 87' lang='lat'><strong><em>:</em></strong></span> <span class='ocrx_word' id='word_1_526' title='bbox 3468 1629 3590 1670; x_wconf 93' lang='lat' dir='ltr'>non</span> 
     </span>
    </p>
   </div>
   <div class='ocr_carea' id='block_1_77' title="bbox 1936 1698 3589 1773">
    <p class='ocr_par' dir='ltr' id='par_1_77' title="bbox 1936 1698 3589 1773">
     <span class='ocr_line' id='line_1_77' title="bbox 1936 1698 3589 1773; baseline 0.004 -21"><span class='ocrx_word' id='word_1_527' title='bbox 1936 1698 2092 1753; x_wconf 87' lang='lat' dir='ltr'>enim</span> <span class='ocrx_word' id='word_1_528' title='bbox 2118 1698 2367 1753; x_wconf 87' lang='lat' dir='ltr'>multum</span> <span class='ocrx_word' id='word_1_529' title='bbox 2382 1704 2555 1764; x_wconf 89' lang='lat' dir='ltr'>esset,</span> <span class='ocrx_word' id='word_1_530' title='bbox 2571 1705 3131 1773; x_wconf 88' lang='lat' dir='ltr'>quantumcumque</span> <span class='ocrx_word' id='word_1_531' title='bbox 3144 1702 3373 1766; x_wconf 89' lang='lat' dir='ltr'>esset,si</span> <span class='ocrx_word' id='word_1_532' title='bbox 3392 1708 3589 1760; x_wconf 90' lang='lat' dir='ltr'>tecum</span> 
     </span>
    </p>
   </div>
   <div class='ocr_carea' id='block_1_78' title="bbox 1933 1787 3589 1862">
    <p class='ocr_par' dir='ltr' id='par_1_78' title="bbox 1933 1787 3589 1862">
     <span class='ocr_line' id='line_1_78' title="bbox 1933 1787 3589 1862; baseline 0.005 -21"><span class='ocrx_word' id='word_1_533' title='bbox 1933 1787 2225 1859; x_wconf 90' lang='lat' dir='ltr'>loquerer.</span> <span class='ocrx_word' id='word_1_534' title='bbox 2254 1789 2360 1845; x_wconf 90' lang='lat' dir='ltr'>Sed</span> <span class='ocrx_word' id='word_1_535' title='bbox 2382 1789 2525 1860; x_wconf 90' lang='lat' dir='ltr'>quia</span> <span class='ocrx_word' id='word_1_536' title='bbox 2540 1789 2777 1845; x_wconf 84' lang='lat' dir='ltr'>difﬁcile</span> <span class='ocrx_word' id='word_1_537' title='bbox 2801 1790 3060 1862; x_wconf 90' lang='lat' dir='ltr'>est,quid</span> <span class='ocrx_word' id='word_1_538' title='bbox 3083 1808 3237 1862; x_wconf 91' lang='lat' dir='ltr'>opus</span> <span class='ocrx_word' id='word_1_539' title='bbox 3261 1797 3348 1847; x_wconf 91' lang='lat' dir='ltr'>est</span> <span class='ocrx_word' id='word_1_540' title='bbox 3375 1808 3589 1849; x_wconf 85' lang='lat' dir='ltr'>causas</span> 
     </span>
    </p>
   </div>
   <div class='ocr_carea' id='block_1_79' title="bbox 1931 1878 3586 1953">
    <p class='ocr_par' dir='ltr' id='par_1_79' title="bbox 1931 1878 3586 1953">
     <span class='ocr_line' id='line_1_79' title="bbox 1931 1878 3586 1953; baseline 0.004 -22"><span class='ocrx_word' id='word_1_541' title='bbox 1931 1893 2195 1947; x_wconf 64' lang='lat' dir='ltr'>quaerere</span> <span class='ocrx_word' id='word_1_542' title='bbox 2210 1879 2238 1933; x_wconf 62' lang='grc' dir='ltr'><em>ἢ)</em></span> <span class='ocrx_word' id='word_1_543' title='bbox 2252 1879 2498 1933; x_wconf 89' lang='lat' dir='ltr'>Prorsus</span> <span class='ocrx_word' id='word_1_544' title='bbox 2514 1878 2752 1933; x_wconf 85' lang='lat' dir='ltr'>difﬁcile</span> <span class='ocrx_word' id='word_1_545' title='bbox 2769 1884 2871 1936; x_wconf 90' lang='lat' dir='ltr'>est:</span> <span class='ocrx_word' id='word_1_546' title='bbox 2883 1880 2988 1934; x_wconf 92' lang='lat' dir='ltr'>erit</span> <span class='ocrx_word' id='word_1_547' title='bbox 3005 1879 3251 1936; x_wconf 85' lang='lat' dir='ltr'>fortasse</span> <span class='ocrx_word' id='word_1_548' title='bbox 3265 1880 3586 1953; x_wconf 83' lang='lat' dir='ltr'>aliquando</span> 
     </span>
    </p>
   </div>
   <div class='ocr_carea' id='block_1_80' title="bbox 1927 1964 3580 2033">
    <p class='ocr_par' dir='ltr' id='par_1_80' title="bbox 1927 1964 3580 2033">
     <span class='ocr_line' id='line_1_80' title="bbox 1927 1964 3580 2033; baseline 0.003 -13"><span class='ocrx_word' id='word_1_549' title='bbox 1927 1964 2274 2021; x_wconf 88' lang='lat' dir='ltr'>facillimum</span> <span class='ocrx_word' id='word_1_550' title='bbox 2304 1984 2316 2033; x_wconf 92' lang='lat'>;</span> <span class='ocrx_word' id='word_1_551' title='bbox 2353 1967 2434 2021; x_wconf 88' lang='lat' dir='ltr'>ita</span> <span class='ocrx_word' id='word_1_552' title='bbox 2490 1971 2641 2022; x_wconf 89' lang='lat' dir='ltr'>Deus</span> <span class='ocrx_word' id='word_1_553' title='bbox 2672 1968 2807 2023; x_wconf 91' lang='lat' dir='ltr'>velit</span> <span class='ocrx_word' id='word_1_554' title='bbox 2836 1985 2848 2023; x_wconf 92' lang='lat'>:</span> <span class='ocrx_word' id='word_1_555' title='bbox 2882 1984 3042 2024; x_wconf 92' lang='lat' dir='ltr'>nunc</span> <span class='ocrx_word' id='word_1_556' title='bbox 3073 1973 3227 2025; x_wconf 89' lang='lat' dir='ltr'>certe</span> <span class='ocrx_word' id='word_1_557' title='bbox 3257 1970 3421 2025; x_wconf 91' lang='lat' dir='ltr'>aliud</span> <span class='ocrx_word' id='word_1_558' title='bbox 3469 1975 3580 2027; x_wconf 89' lang='lat' dir='ltr'>est.</span> 
     </span>
    </p>
   </div>
   <div class='ocr_carea' id='block_1_81' title="bbox 1929 2056 3587 2130">
    <p class='ocr_par' dir='ltr' id='par_1_81' title="bbox 1929 2056 3587 2130">
     <span class='ocr_line' id='line_1_81' title="bbox 1929 2056 3587 2130; baseline 0.005 -21"><span class='ocrx_word' id='word_1_559' title='bbox 1929 2056 2069 2109; x_wconf 91' lang='lat' dir='ltr'>Dedi</span> <span class='ocrx_word' id='word_1_560' title='bbox 2091 2071 2231 2125; x_wconf 90' lang='lat' dir='ltr'>ergo</span> <span class='ocrx_word' id='word_1_561' title='bbox 2252 2057 2557 2124; x_wconf 80' lang='lat' dir='ltr'>negotium</span> <span class='ocrx_word' id='word_1_562' title='bbox 2582 2057 2765 2123; x_wconf 86' lang='lat' dir='ltr'>fratri,</span> <span class='ocrx_word' id='word_1_563' title='bbox 2783 2074 2887 2128; x_wconf 89' lang='lat' dir='ltr'>per</span> <span class='ocrx_word' id='word_1_564' title='bbox 2899 2074 3079 2130; x_wconf 91' lang='lat' dir='ltr'>quem</span> <span class='ocrx_word' id='word_1_565' title='bbox 3100 2059 3321 2115; x_wconf 89' lang='lat' dir='ltr'>litteras</span> <span class='ocrx_word' id='word_1_566' title='bbox 3340 2060 3500 2126; x_wconf 88' lang='lat' dir='ltr'>misi,</span> <span class='ocrx_word' id='word_1_567' title='bbox 3526 2065 3587 2117; x_wconf 90' lang='lat' dir='ltr'>ut</span> 
     </span>
    </p>
   </div>
   <div class='ocr_carea' id='block_1_82' title="bbox 1923 2146 3583 2217">
    <p class='ocr_par' dir='ltr' id='par_1_82' title="bbox 1923 2146 3583 2217">
     <span class='ocr_line' id='line_1_82' title="bbox 1923 2146 3583 2217; baseline 0.005 -19"><span class='ocrx_word' id='word_1_568' title='bbox 1923 2146 2127 2200; x_wconf 91' lang='lat' dir='ltr'>omnia</span> <span class='ocrx_word' id='word_1_569' title='bbox 2147 2150 2348 2201; x_wconf 90' lang='lat' dir='ltr'>nostra</span> <span class='ocrx_word' id='word_1_570' title='bbox 2369 2146 2623 2215; x_wconf 89' lang='lat' dir='ltr'>legenda</span> <span class='ocrx_word' id='word_1_571' title='bbox 2641 2146 2902 2216; x_wconf 74' lang='lat' dir='ltr'>praebeat</span> <span class='ocrx_word' id='word_1_572' title='bbox 2924 2148 3405 2217; x_wconf 66' lang='lat' dir='ltr'>prudentissimas</span> <span class='ocrx_word' id='word_1_573' title='bbox 3434 2149 3583 2206; x_wconf 87' lang='lat' dir='ltr'>Cha-</span> 
     </span>
    </p>
   </div>
   <div class='ocr_carea' id='block_1_83' title="bbox 1920 2234 3577 2306">
    <p class='ocr_par' dir='ltr' id='par_1_83' title="bbox 1920 2234 3577 2306">
     <span class='ocr_line' id='line_1_83' title="bbox 1920 2234 3577 2306; baseline 0.005 -19"><span class='ocrx_word' id='word_1_574' title='bbox 1920 2234 2077 2289; x_wconf 86' lang='lat' dir='ltr'>ritati</span> <span class='ocrx_word' id='word_1_575' title='bbox 2094 2236 2364 2289; x_wconf 77' lang='lat' dir='ltr'>tute.Non</span> <span class='ocrx_word' id='word_1_576' title='bbox 2378 2234 2534 2289; x_wconf 91' lang='lat' dir='ltr'>enim</span> <span class='ocrx_word' id='word_1_577' title='bbox 2556 2234 2783 2306; x_wconf 90' lang='lat' dir='ltr'>aliquid</span> <span class='ocrx_word' id='word_1_578' title='bbox 2799 2251 3004 2291; x_wconf 90' lang='lat' dir='ltr'>meum</span> <span class='ocrx_word' id='word_1_579' title='bbox 3024 2236 3577 2305; x_wconf 89' lang='lat' dir='ltr'>inculcabitinvito;</span> 
     </span>
    </p>
   </div>
   <div class='ocr_carea' id='block_1_84' title="bbox 1919 2322 3572 2396">
    <p class='ocr_par' dir='ltr' id='par_1_84' title="bbox 1919 2322 3572 2396">
     <span class='ocr_line' id='line_1_84' title="bbox 1919 2322 3572 2396; baseline 0.004 -19"><span class='ocrx_word' id='word_1_580' title='bbox 1919 2324 2055 2378; x_wconf 91' lang='lat' dir='ltr'>novi</span> <span class='ocrx_word' id='word_1_581' title='bbox 2085 2322 2245 2378; x_wconf 88' lang='lat' dir='ltr'>enim</span> <span class='ocrx_word' id='word_1_582' title='bbox 2277 2323 2424 2394; x_wconf 90' lang='lat' dir='ltr'>quid</span> <span class='ocrx_word' id='word_1_583' title='bbox 2464 2322 2848 2393; x_wconf 88' lang='lat' dir='ltr'>benignitatis</span> <span class='ocrx_word' id='word_1_584' title='bbox 2876 2324 2935 2379; x_wconf 93' lang='lat' dir='ltr'>in</span> <span class='ocrx_word' id='word_1_585' title='bbox 2968 2340 3077 2381; x_wconf 91' lang='lat' dir='ltr'>nos</span> <span class='ocrx_word' id='word_1_586' title='bbox 3128 2324 3333 2380; x_wconf 89' lang='lat' dir='ltr'>animo</span> <span class='ocrx_word' id='word_1_587' title='bbox 3360 2340 3572 2396; x_wconf 86' lang='lat' dir='ltr'>geras;</span> 
     </span>
    </p>
   </div>
   <div class='ocr_carea' id='block_1_85' title="bbox 1916 2411 3569 2485">
    <p class='ocr_par' dir='ltr' id='par_1_85' title="bbox 1916 2411 3569 2485">
     <span class='ocr_line' id='line_1_85' title="bbox 1916 2411 3569 2485; baseline 0.004 -20"><span class='ocrx_word' id='word_1_588' title='bbox 1916 2428 2052 2483; x_wconf 76' lang='lat' dir='ltr'>quae</span> <span class='ocrx_word' id='word_1_589' title='bbox 2084 2419 2281 2467; x_wconf 89' lang='lat' dir='ltr'>tamen</span> <span class='ocrx_word' id='word_1_590' title='bbox 2310 2411 2356 2465; x_wconf 90' lang='lat' dir='ltr'>si</span> <span class='ocrx_word' id='word_1_591' title='bbox 2384 2412 2530 2468; x_wconf 86' lang='lat' dir='ltr'>lecta</span> <span class='ocrx_word' id='word_1_592' title='bbox 2557 2412 2923 2483; x_wconf 87' lang='lat' dir='ltr'>probaveris,</span> <span class='ocrx_word' id='word_1_593' title='bbox 2967 2418 3023 2469; x_wconf 89' lang='lat' dir='ltr'>et</span> <span class='ocrx_word' id='word_1_594' title='bbox 3050 2429 3189 2470; x_wconf 89' lang='lat' dir='ltr'>vera</span> <span class='ocrx_word' id='word_1_595' title='bbox 3220 2415 3569 2485; x_wconf 89' lang='lat' dir='ltr'>pervideris,</span> 
     </span>
    </p>
   </div>
   <div class='ocr_carea' id='block_1_86' title="bbox 1916 2502 3575 2575">
    <p class='ocr_par' dir='ltr' id='par_1_86' title="bbox 1916 2502 3575 2575">
     <span class='ocr_line' id='line_1_86' title="bbox 1916 2502 3575 2575; baseline 0.002 -19"><span class='ocrx_word' id='word_1_596' title='bbox 1916 2507 2266 2556; x_wconf 88' lang='lat' dir='ltr'>nostraesse</span> <span class='ocrx_word' id='word_1_597' title='bbox 2293 2517 2410 2556; x_wconf 92' lang='lat' dir='ltr'>non</span> <span class='ocrx_word' id='word_1_598' title='bbox 2436 2507 2629 2572; x_wconf 91' lang='lat' dir='ltr'>putes,</span> <span class='ocrx_word' id='word_1_599' title='bbox 2654 2502 2767 2556; x_wconf 91' lang='lat' dir='ltr'>nisi</span> <span class='ocrx_word' id='word_1_600' title='bbox 2790 2502 3088 2574; x_wconf 88' lang='lat' dir='ltr'>quiadata</span> <span class='ocrx_word' id='word_1_601' title='bbox 3118 2507 3278 2567; x_wconf 91' lang='lat' dir='ltr'>sunt,</span> <span class='ocrx_word' id='word_1_602' title='bbox 3298 2519 3490 2575; x_wconf 89' lang='lat' dir='ltr'>eoque</span> <span class='ocrx_word' id='word_1_603' title='bbox 3519 2510 3575 2560; x_wconf 91' lang='lat' dir='ltr'>te</span> 
     </span>
    </p>
   </div>
   <div class='ocr_carea' id='block_1_87' title="bbox 1914 2590 3575 2664">
    <p class='ocr_par' dir='ltr' id='par_1_87' title="bbox 1914 2590 3575 2664">
     <span class='ocr_line' id='line_1_87' title="bbox 1914 2590 3575 2664; baseline 0.002 -18"><span class='ocrx_word' id='word_1_604' title='bbox 1914 2597 2223 2646; x_wconf 89' lang='lat' dir='ltr'>convertas</span> <span class='ocrx_word' id='word_1_605' title='bbox 2253 2590 2404 2655; x_wconf 89' lang='lat' dir='ltr'>licet,</span> <span class='ocrx_word' id='word_1_606' title='bbox 2430 2591 2587 2645; x_wconf 90' lang='lat' dir='ltr'>unde</span> <span class='ocrx_word' id='word_1_607' title='bbox 2614 2590 2717 2646; x_wconf 91' lang='lat' dir='ltr'>tibi</span> <span class='ocrx_word' id='word_1_608' title='bbox 2745 2606 2986 2663; x_wconf 88' lang='lat' dir='ltr'>quoque</span> <span class='ocrx_word' id='word_1_609' title='bbox 3003 2597 3166 2648; x_wconf 80' lang='lat' dir='ltr'>estut</span> <span class='ocrx_word' id='word_1_610' title='bbox 3195 2608 3267 2648; x_wconf 90' lang='lat' dir='ltr'>ea</span> <span class='ocrx_word' id='word_1_611' title='bbox 3285 2592 3575 2664; x_wconf 86' lang='lat' dir='ltr'>probares</span> 
     </span>
    </p>
   </div>
   <div class='ocr_carea' id='block_1_88' title="bbox 1914 2679 3575 2752">
    <p class='ocr_par' dir='ltr' id='par_1_88' title="bbox 1914 2679 3575 2752">
     <span class='ocr_line' id='line_1_88' title="bbox 1914 2679 3575 2752; baseline 0.003 -19"><span class='ocrx_word' id='word_1_612' title='bbox 1914 2681 2139 2734; x_wconf 89' lang='lat' dir='ltr'>datum.</span> <span class='ocrx_word' id='word_1_613' title='bbox 2170 2680 2529 2735; x_wconf 88' lang='lat' dir='ltr'>Nemoenim</span> <span class='ocrx_word' id='word_1_614' title='bbox 2544 2680 2708 2752; x_wconf 91' lang='lat' dir='ltr'>quod</span> <span class='ocrx_word' id='word_1_615' title='bbox 2736 2679 2969 2750; x_wconf 87' lang='lat' dir='ltr'>legit,in</span> <span class='ocrx_word' id='word_1_616' title='bbox 2990 2681 3195 2737; x_wconf 91' lang='lat' dir='ltr'>codice</span> <span class='ocrx_word' id='word_1_617' title='bbox 3222 2683 3353 2752; x_wconf 91' lang='lat' dir='ltr'>ipso</span> <span class='ocrx_word' id='word_1_618' title='bbox 3387 2683 3575 2739; x_wconf 86' lang='lat' dir='ltr'>cernit</span> 
     </span>
    </p>
   </div>
   <div class='ocr_carea' id='block_1_89' title="bbox 1912 2769 3568 2843">
    <p class='ocr_par' dir='ltr' id='par_1_89' title="bbox 1912 2769 3568 2843">
     <span class='ocr_line' id='line_1_89' title="bbox 1912 2769 3568 2843; baseline 0.002 -19"><span class='ocrx_word' id='word_1_619' title='bbox 1912 2785 2119 2824; x_wconf 91' lang='lat' dir='ltr'>verum</span> <span class='ocrx_word' id='word_1_620' title='bbox 2135 2786 2283 2833; x_wconf 90' lang='lat' dir='ltr'>esse,</span> <span class='ocrx_word' id='word_1_621' title='bbox 2305 2774 2406 2825; x_wconf 88' lang='lat' dir='ltr'>aut</span> <span class='ocrx_word' id='word_1_622' title='bbox 2427 2770 2484 2825; x_wconf 94' lang='lat' dir='ltr'>in</span> <span class='ocrx_word' id='word_1_623' title='bbox 2514 2785 2584 2825; x_wconf 92' lang='lat' dir='ltr'>eo</span> <span class='ocrx_word' id='word_1_624' title='bbox 2598 2769 2701 2842; x_wconf 91' lang='lat' dir='ltr'>qui</span> <span class='ocrx_word' id='word_1_625' title='bbox 2717 2770 3052 2841; x_wconf 89' lang='lat' dir='ltr'>scripserit;</span> <span class='ocrx_word' id='word_1_626' title='bbox 3078 2770 3183 2826; x_wconf 91' lang='lat' dir='ltr'>sed</span> <span class='ocrx_word' id='word_1_627' title='bbox 3197 2770 3256 2827; x_wconf 92' lang='lat' dir='ltr'>in</span> <span class='ocrx_word' id='word_1_628' title='bbox 3277 2787 3338 2827; x_wconf 90' lang='lat' dir='ltr'>se</span> <span class='ocrx_word' id='word_1_629' title='bbox 3353 2772 3568 2843; x_wconf 88' lang='lat' dir='ltr'>potius,</span> 
     </span>
    </p>
   </div>
   <div class='ocr_carea' id='block_1_90' title="bbox 1913 2858 3565 2931">
    <p class='ocr_par' dir='ltr' id='par_1_90' title="bbox 1913 2858 3565 2931">
     <span class='ocr_line' id='line_1_90' title="bbox 1913 2858 3565 2931; baseline 0.003 -19"><span class='ocrx_word' id='word_1_630' title='bbox 1913 2858 1964 2913; x_wconf 92' lang='lat' dir='ltr'>si</span> <span class='ocrx_word' id='word_1_631' title='bbox 2003 2859 2131 2929; x_wconf 86' lang='lat' dir='ltr'>ejus</span> <span class='ocrx_word' id='word_1_632' title='bbox 2160 2860 2341 2915; x_wconf 87' lang='lat' dir='ltr'>menti</span> <span class='ocrx_word' id='word_1_633' title='bbox 2371 2859 2685 2931; x_wconf 88' lang='lat' dir='ltr'>quoddam</span> <span class='ocrx_word' id='word_1_634' title='bbox 2725 2875 2847 2915; x_wconf 92' lang='lat' dir='ltr'>non</span> <span class='ocrx_word' id='word_1_635' title='bbox 2876 2859 3194 2929; x_wconf 88' lang='lat' dir='ltr'>vulgariter</span> <span class='ocrx_word' id='word_1_636' title='bbox 3219 2860 3565 2927; x_wconf 87' lang='lat' dir='ltr'>candidum,</span> 
     </span>
    </p>
   </div>
   <div class='ocr_carea' id='block_1_91' title="bbox 1910 2947 3568 3019">
    <p class='ocr_par' dir='ltr' id='par_1_91' title="bbox 1910 2947 3568 3019">
     <span class='ocr_line' id='line_1_91' title="bbox 1910 2947 3568 3019; baseline 0.002 -18"><span class='ocrx_word' id='word_1_637' title='bbox 1910 2948 2011 3003; x_wconf 89' lang='lat' dir='ltr'>sed</span> <span class='ocrx_word' id='word_1_638' title='bbox 2047 2965 2081 3002; x_wconf 90' lang='lat' dir='ltr'>a</span> <span class='ocrx_word' id='word_1_639' title='bbox 2112 2947 2253 3003; x_wconf 79' lang='lat' dir='ltr'>faece</span> <span class='ocrx_word' id='word_1_640' title='bbox 2285 2949 2551 3019; x_wconf 91' lang='lat' dir='ltr'>corporis</span> <span class='ocrx_word' id='word_1_641' title='bbox 2582 2949 3047 3005; x_wconf 87' lang='lat' dir='ltr'>remotissimum</span> <span class='ocrx_word' id='word_1_642' title='bbox 3075 2949 3282 3005; x_wconf 88' lang='lat' dir='ltr'>lumen</span> <span class='ocrx_word' id='word_1_643' title='bbox 3306 2950 3568 3007; x_wconf 85' lang='lat' dir='ltr'>veritatis</span> 
     </span>
    </p>
   </div>
   <div class='ocr_carea' id='block_1_92' title="bbox 1909 3036 3566 3110">
    <p class='ocr_par' dir='ltr' id='par_1_92' title="bbox 1909 3036 3566 3110">
     <span class='ocr_line' id='line_1_92' title="bbox 1909 3036 3566 3110; baseline 0.002 -19"><span class='ocrx_word' id='word_1_644' title='bbox 1909 3036 2268 3108; x_wconf 87' lang='lat' dir='ltr'>impressum</span> <span class='ocrx_word' id='word_1_645' title='bbox 2297 3042 2402 3091; x_wconf 89' lang='lat' dir='ltr'>est.</span> <span class='ocrx_word' id='word_1_646' title='bbox 2439 3037 2610 3102; x_wconf 86' lang='lat' dir='ltr'>Quod</span> <span class='ocrx_word' id='word_1_647' title='bbox 2633 3037 2679 3091; x_wconf 91' lang='lat' dir='ltr'>si</span> <span class='ocrx_word' id='word_1_648' title='bbox 2705 3036 2860 3092; x_wconf 90' lang='lat' dir='ltr'>falsa</span> <span class='ocrx_word' id='word_1_649' title='bbox 2892 3037 3097 3109; x_wconf 90' lang='lat' dir='ltr'>aliqua</span> <span class='ocrx_word' id='word_1_650' title='bbox 3135 3042 3314 3110; x_wconf 89' lang='lat' dir='ltr'>atque</span> <span class='ocrx_word' id='word_1_651' title='bbox 3344 3038 3566 3109; x_wconf 89' lang='lat' dir='ltr'>impro-</span> 
     </span>
    </p>
   </div>
   <div class='ocr_carea' id='block_1_93' title="bbox 1908 3125 3561 3196">
    <p class='ocr_par' dir='ltr' id='par_1_93' title="bbox 1908 3125 3561 3196">
     <span class='ocr_line' id='line_1_93' title="bbox 1908 3125 3561 3196; baseline 0 -16"><span class='ocrx_word' id='word_1_652' title='bbox 1908 3125 2113 3181; x_wconf 90' lang='lat' dir='ltr'>banda</span> <span class='ocrx_word' id='word_1_653' title='bbox 2126 3126 2588 3196; x_wconf 88' lang='lat' dir='ltr'>compereris,de</span> <span class='ocrx_word' id='word_1_654' title='bbox 2605 3125 2874 3181; x_wconf 90' lang='lat' dir='ltr'>humano</span> <span class='ocrx_word' id='word_1_655' title='bbox 2888 3125 3093 3181; x_wconf 91' lang='lat' dir='ltr'>nubilo</span> <span class='ocrx_word' id='word_1_656' title='bbox 3108 3125 3357 3181; x_wconf 89' lang='lat' dir='ltr'>irrorata</span> <span class='ocrx_word' id='word_1_657' title='bbox 3380 3126 3561 3191; x_wconf 90' lang='lat' dir='ltr'>scias,</span> 
     </span>
    </p>
   </div>
   <div class='ocr_carea' id='block_1_94' title="bbox 1908 3215 3555 3286">
    <p class='ocr_par' dir='ltr' id='par_1_94' title="bbox 1908 3215 3555 3286">
     <span class='ocr_line' id='line_1_94' title="bbox 1908 3215 3555 3286; baseline 0.001 -17"><span class='ocrx_word' id='word_1_658' title='bbox 1908 3220 1962 3269; x_wconf 91' lang='lat' dir='ltr'>et</span> <span class='ocrx_word' id='word_1_659' title='bbox 1992 3230 2061 3270; x_wconf 87' lang='lat' dir='ltr'>ea</span> <span class='ocrx_word' id='word_1_660' title='bbox 2089 3230 2220 3269; x_wconf 88' lang='lat' dir='ltr'>vere</span> <span class='ocrx_word' id='word_1_661' title='bbox 2257 3220 2463 3270; x_wconf 91' lang='lat' dir='ltr'>nostra</span> <span class='ocrx_word' id='word_1_662' title='bbox 2494 3230 2625 3269; x_wconf 89' lang='lat' dir='ltr'>esse</span> <span class='ocrx_word' id='word_1_663' title='bbox 2656 3215 2930 3286; x_wconf 89' lang='lat' dir='ltr'>deputes.</span> <span class='ocrx_word' id='word_1_664' title='bbox 2964 3217 3239 3270; x_wconf 84' lang='lat' dir='ltr'>Hortarer</span> <span class='ocrx_word' id='word_1_665' title='bbox 3268 3220 3469 3270; x_wconf 89' lang='lat' dir='ltr'>autem</span> <span class='ocrx_word' id='word_1_666' title='bbox 3498 3220 3555 3271; x_wconf 87' lang='lat' dir='ltr'>te</span> 
     </span>
    </p>
   </div>
   <div class='ocr_carea' id='block_1_95' title="bbox 1909 3303 3559 3376">
    <p class='ocr_par' dir='ltr' id='par_1_95' title="bbox 1909 3303 3559 3376">
     <span class='ocr_line' id='line_1_95' title="bbox 1909 3303 3559 3376; baseline 0.001 -17"><span class='ocrx_word' id='word_1_667' title='bbox 1909 3304 1985 3360; x_wconf 89' lang='lat' dir='ltr'>ad</span> <span class='ocrx_word' id='word_1_668' title='bbox 2026 3304 2442 3376; x_wconf 78' lang='lat' dir='ltr'>quaerendum,</span> <span class='ocrx_word' id='word_1_669' title='bbox 2486 3304 2597 3358; x_wconf 89' lang='lat' dir='ltr'>nisi</span> <span class='ocrx_word' id='word_1_670' title='bbox 2626 3304 2826 3359; x_wconf 85' lang='lat' dir='ltr'>videre</span> <span class='ocrx_word' id='word_1_671' title='bbox 2868 3303 3012 3358; x_wconf 88' lang='lat' dir='ltr'>mihi</span> <span class='ocrx_word' id='word_1_672' title='bbox 3061 3303 3288 3359; x_wconf 89' lang='lat' dir='ltr'>viderer</span> <span class='ocrx_word' id='word_1_673' title='bbox 3329 3303 3559 3361; x_wconf 86' lang='lat' dir='ltr'>hiantia</span> 
     </span>
    </p>
   </div>
   <div class='ocr_carea' id='block_1_96' title="bbox 1907 3392 3559 3465">
    <p class='ocr_par' dir='ltr' id='par_1_96' title="bbox 1907 3392 3559 3465">
     <span class='ocr_line' id='line_1_96' title="bbox 1907 3392 3559 3465; baseline 0.001 -18"><span class='ocrx_word' id='word_1_674' title='bbox 1907 3393 2189 3464; x_wconf 78' lang='lat' dir='ltr'>quaedam</span> <span class='ocrx_word' id='word_1_675' title='bbox 2220 3409 2323 3448; x_wconf 91' lang='lat' dir='ltr'>ora</span> <span class='ocrx_word' id='word_1_676' title='bbox 2342 3394 2538 3448; x_wconf 90' lang='lat' dir='ltr'>cordis</span> <span class='ocrx_word' id='word_1_677' title='bbox 2569 3392 2680 3463; x_wconf 84' lang='lat' dir='ltr'>tui;</span> <span class='ocrx_word' id='word_1_678' title='bbox 2706 3393 3559 3465; x_wconf 88' lang='lat' dir='ltr'>hortareretiam,utquodve-</span> 
     </span>
    </p>
   </div>
   <div class='ocr_carea' id='block_1_97' title="bbox 1905 3482 3555 3553">
    <p class='ocr_par' dir='ltr' id='par_1_97' title="bbox 1905 3482 3555 3553">
     <span class='ocr_line' id='line_1_97' title="bbox 1905 3482 3555 3553; baseline 0.001 -17"><span class='ocrx_word' id='word_1_679' title='bbox 1905 3498 2039 3537; x_wconf 90' lang='lat' dir='ltr'>rum</span> <span class='ocrx_word' id='word_1_680' title='bbox 2074 3483 2427 3552; x_wconf 88' lang='lat' dir='ltr'>cognoveris</span> <span class='ocrx_word' id='word_1_681' title='bbox 2462 3482 2701 3538; x_wconf 88' lang='lat' dir='ltr'>viriliter</span> <span class='ocrx_word' id='word_1_682' title='bbox 2732 3487 2960 3547; x_wconf 89' lang='lat' dir='ltr'>teneas,</span> <span class='ocrx_word' id='word_1_683' title='bbox 2992 3483 3105 3537; x_wconf 91' lang='lat' dir='ltr'>nisi</span> <span class='ocrx_word' id='word_1_684' title='bbox 3139 3498 3256 3553; x_wconf 68' lang='lat' dir='ltr'>pra:</span> <span class='ocrx_word' id='word_1_685' title='bbox 3289 3488 3342 3537; x_wconf 87' lang='lat' dir='ltr'>te</span> <span class='ocrx_word' id='word_1_686' title='bbox 3372 3482 3555 3539; x_wconf 86' lang='lat' dir='ltr'>ferres</span> 
     </span>
    </p>
   </div>
   <div class='ocr_carea' id='block_1_98' title="bbox 1899 3571 3553 3628">
    <p class='ocr_par' dir='ltr' id='par_1_98' title="bbox 1899 3571 3553 3628">
     <span class='ocr_line' id='line_1_98' title="bbox 1899 3571 3553 3628; baseline 0.001 -1"><span class='ocrx_word' id='word_1_687' title='bbox 1899 3573 2414 3627; x_wconf 87' lang='lat' dir='ltr'>evidentissimum</span> <span class='ocrx_word' id='word_1_688' title='bbox 2446 3572 2629 3627; x_wconf 91' lang='lat' dir='ltr'>robur</span> <span class='ocrx_word' id='word_1_689' title='bbox 2661 3573 2845 3628; x_wconf 90' lang='lat' dir='ltr'>animi</span> <span class='ocrx_word' id='word_1_690' title='bbox 2875 3577 2928 3627; x_wconf 89' lang='lat' dir='ltr'>et</span> <span class='ocrx_word' id='word_1_691' title='bbox 2950 3572 3178 3627; x_wconf 91' lang='lat' dir='ltr'>consilii</span> <span class='ocrx_word' id='word_1_692' title='bbox 3202 3572 3304 3627; x_wconf 89' lang='lat' dir='ltr'>tui.</span> <span class='ocrx_word' id='word_1_693' title='bbox 3339 3571 3553 3628; x_wconf 89' lang='lat' dir='ltr'>Totum</span> 
     </span>
    </p>
   </div>
   <div class='ocr_carea' id='block_1_99' title="bbox 1897 3660 3555 3732">
    <p class='ocr_par' dir='ltr' id='par_1_99' title="bbox 1897 3660 3555 3732">
     <span class='ocr_line' id='line_1_99' title="bbox 1897 3660 3555 3732; baseline 0.001 -16"><span class='ocrx_word' id='word_1_694' title='bbox 1897 3663 2055 3716; x_wconf 90' lang='lat' dir='ltr'>enim</span> <span class='ocrx_word' id='word_1_695' title='bbox 2101 3678 2164 3715; x_wconf 91' lang='lat' dir='ltr'>se</span> <span class='ocrx_word' id='word_1_696' title='bbox 2196 3661 2342 3716; x_wconf 91' lang='lat' dir='ltr'>mihi</span> <span class='ocrx_word' id='word_1_697' title='bbox 2374 3662 2535 3716; x_wconf 90' lang='lat' dir='ltr'>brevi</span> <span class='ocrx_word' id='word_1_698' title='bbox 2566 3667 2851 3732; x_wconf 90' lang='lat' dir='ltr'>tempore,</span> <span class='ocrx_word' id='word_1_699' title='bbox 2883 3676 3069 3732; x_wconf 90' lang='lat' dir='ltr'>prope</span> <span class='ocrx_word' id='word_1_700' title='bbox 3095 3660 3386 3716; x_wconf 89' lang='lat' dir='ltr'>discussis</span> <span class='ocrx_word' id='word_1_701' title='bbox 3426 3676 3555 3717; x_wconf 90' lang='lat' dir='ltr'>cor-</span> 
     </span>
    </p>
   </div>
   <div class='ocr_carea' id='block_1_100' title="bbox 1896 3750 3551 3823">
    <p class='ocr_par' dir='ltr' id='par_1_100' title="bbox 1896 3750 3551 3823">
     <span class='ocr_line' id='line_1_100' title="bbox 1896 3750 3551 3823; baseline 0.001 -17"><span class='ocrx_word' id='word_1_702' title='bbox 1896 3752 2056 3821; x_wconf 88' lang='lat' dir='ltr'>poris</span> <span class='ocrx_word' id='word_1_703' title='bbox 2085 3751 2458 3819; x_wconf 80' lang='lat' dir='ltr'>tegumentis,</span> <span class='ocrx_word' id='word_1_704' title='bbox 2492 3751 2653 3821; x_wconf 90' lang='lat' dir='ltr'>quod</span> <span class='ocrx_word' id='word_1_705' title='bbox 2680 3750 2739 3805; x_wconf 92' lang='lat' dir='ltr'>in</span> <span class='ocrx_word' id='word_1_706' title='bbox 2765 3756 2816 3805; x_wconf 93' lang='lat' dir='ltr'>te</span> <span class='ocrx_word' id='word_1_707' title='bbox 2858 3750 3020 3816; x_wconf 90' lang='lat' dir='ltr'>vivit,</span> <span class='ocrx_word' id='word_1_708' title='bbox 3056 3750 3306 3821; x_wconf 91' lang='lat' dir='ltr'>aperuit.</span> <span class='ocrx_word' id='word_1_709' title='bbox 3350 3753 3551 3823; x_wconf 87' lang='lat' dir='ltr'>Neque</span> 
     </span>
    </p>
   </div>
   <div class='ocr_carea' id='block_1_101' title="bbox 1896 3838 3545 3896">
    <p class='ocr_par' dir='ltr' id='par_1_101' title="bbox 1896 3838 3545 3896">
     <span class='ocr_line' id='line_1_101' title="bbox 1896 3838 3545 3896; baseline 0.001 -1"><span class='ocrx_word' id='word_1_710' title='bbox 1896 3839 2015 3895; x_wconf 90' lang='lat' dir='ltr'>ullo</span> <span class='ocrx_word' id='word_1_711' title='bbox 2049 3840 2229 3894; x_wconf 90' lang='lat' dir='ltr'>modo</span> <span class='ocrx_word' id='word_1_712' title='bbox 2260 3840 2460 3894; x_wconf 90' lang='lat' dir='ltr'>siverit</span> <span class='ocrx_word' id='word_1_713' title='bbox 2498 3840 2730 3894; x_wconf 89' lang='lat' dir='ltr'>Domini</span> <span class='ocrx_word' id='word_1_714' title='bbox 2770 3838 2955 3894; x_wconf 90' lang='lat' dir='ltr'>nostri</span> <span class='ocrx_word' id='word_1_715' title='bbox 2980 3838 3545 3896; x_wconf 85' lang='lat' dir='ltr'>misericordissima</span> 
     </span>
    </p>
   </div>
   <div class='ocr_carea' id='block_1_102' title="bbox 1893 3927 3545 4002">
    <p class='ocr_par' dir='ltr' id='par_1_102' title="bbox 1893 3927 3545 4002">
     <span class='ocr_line' id='line_1_102' title="bbox 1893 3927 3545 4002; baseline 0 -18"><span class='ocrx_word' id='word_1_716' title='bbox 1893 3929 2288 4002; x_wconf 87' lang='lat' dir='ltr'>providentia,</span> <span class='ocrx_word' id='word_1_717' title='bbox 2322 3933 2440 3984; x_wconf 87' lang='lat' dir='ltr'>uta</span> <span class='ocrx_word' id='word_1_718' title='bbox 2463 3928 2753 3983; x_wconf 89' lang='lat' dir='ltr'>catholico</span> <span class='ocrx_word' id='word_1_719' title='bbox 2780 3928 2990 3984; x_wconf 87' lang='lat' dir='ltr'>Christi</span> <span class='ocrx_word' id='word_1_720' title='bbox 3022 3943 3198 3999; x_wconf 88' lang='lat' dir='ltr'>grege</span> <span class='ocrx_word' id='word_1_721' title='bbox 3231 3932 3292 3983; x_wconf 91' lang='lat' dir='ltr'>tu</span> <span class='ocrx_word' id='word_1_722' title='bbox 3310 3927 3395 3982; x_wconf 90' lang='lat' dir='ltr'>vir</span> <span class='ocrx_word' id='word_1_723' title='bbox 3420 3932 3545 3984; x_wconf 89' lang='lat' dir='ltr'>tam</span> 
     </span>
    </p>
   </div>
   <div class='ocr_carea' id='block_1_103' title="bbox 1893 4017 3126 4088">
    <p class='ocr_par' dir='ltr' id='par_1_103' title="bbox 1893 4017 3126 4088">
     <span class='ocr_line' id='line_1_103' title="bbox 1893 4017 3126 4088; baseline -0.002 -15"><span class='ocrx_word' id='word_1_724' title='bbox 1893 4019 2087 4074; x_wconf 90' lang='lat' dir='ltr'>bonus</span> <span class='ocrx_word' id='word_1_725' title='bbox 2114 4023 2170 4073; x_wconf 91' lang='lat' dir='ltr'>et</span> <span class='ocrx_word' id='word_1_726' title='bbox 2190 4018 2423 4088; x_wconf 87' lang='lat' dir='ltr'>egregie</span> <span class='ocrx_word' id='word_1_727' title='bbox 2455 4018 2736 4073; x_wconf 88' lang='lat' dir='ltr'>cordatus</span> <span class='ocrx_word' id='word_1_728' title='bbox 2766 4017 2997 4072; x_wconf 89' lang='lat' dir='ltr'>alienus</span> <span class='ocrx_word' id='word_1_729' title='bbox 3028 4017 3126 4071; x_wconf 89' lang='lat' dir='ltr'>sis.</span> 
     </span>
    </p>
   </div>
   <div class='ocr_carea' id='block_1_104' title="bbox 2389 4158 3043 4232">
    <p class='ocr_par' dir='ltr' id='par_1_104' title="bbox 2389 4158 3043 4232">
     <span class='ocr_line' id='line_1_104' title="bbox 2389 4158 3043 4232; baseline 0 -17"><span class='ocrx_word' id='word_1_730' title='bbox 2389 4161 2720 4217; x_wconf 85' lang='lat' dir='ltr'>EPISTOLA</span> <span class='ocrx_word' id='word_1_731' title='bbox 2764 4162 2845 4217; x_wconf 84' lang='lat' dir='ltr'>XX</span> <span class='ocrx_word' id='word_1_732' title='bbox 2885 4162 2917 4177; x_wconf 84' lang='lat'>&quot;</span> <span class='ocrx_word' id='word_1_733' title='bbox 2943 4158 3043 4232; x_wconf 87' lang='lat' dir='ltr'>(b).</span> 
     </span>
    </p>
   </div>
   <div class='ocr_carea' id='block_1_105' title="bbox 1886 4277 3544 4348">
    <p class='ocr_par' dir='ltr' id='par_1_105' title="bbox 1886 4277 3544 4348">
     <span class='ocr_line' id='line_1_105' title="bbox 1886 4277 3544 4348; baseline 0.001 -15"><span class='ocrx_word' id='word_1_734' title='bbox 1886 4281 2181 4335; x_wconf 86' lang='lat' dir='ltr'>Antonino</span> <span class='ocrx_word' id='word_1_735' title='bbox 2215 4294 2325 4348; x_wconf 80' lang='lat' dir='ltr'>pro</span> <span class='ocrx_word' id='word_1_736' title='bbox 2356 4278 2788 4334; x_wconf 74' lang='lat' dir='ltr'>existimatione</span> <span class='ocrx_word' id='word_1_737' title='bbox 2820 4277 2970 4333; x_wconf 87' lang='lat' dir='ltr'>bona</span> <span class='ocrx_word' id='word_1_738' title='bbox 3000 4292 3068 4333; x_wconf 90' lang='lat' dir='ltr'>ac</span> <span class='ocrx_word' id='word_1_739' title='bbox 3096 4277 3407 4334; x_wconf 83' lang='lat' dir='ltr'>dilectione</span> <span class='ocrx_word' id='word_1_740' title='bbox 3430 4278 3544 4334; x_wconf 80' lang='lat' dir='ltr'>sibi</span> 
     </span>
    </p>
   </div>
   <div class='ocr_carea' id='block_1_106' title="bbox 1956 4368 3540 4438">
    <p class='ocr_par' dir='ltr' id='par_1_106' title="bbox 1956 4368 3540 4438">
     <span class='ocr_line' id='line_1_106' title="bbox 1956 4368 3540 4438; baseline 0 -15"><span class='ocrx_word' id='word_1_741' title='bbox 1956 4370 2216 4435; x_wconf 84' lang='lat' dir='ltr'>impensa</span> <span class='ocrx_word' id='word_1_742' title='bbox 2230 4368 2452 4438; x_wconf 77' lang='lat' dir='ltr'>gratias</span> <span class='ocrx_word' id='word_1_743' title='bbox 2466 4368 2651 4435; x_wconf 83' lang='lat' dir='ltr'>refert</span> <span class='ocrx_word' id='word_1_744' title='bbox 2669 4368 2712 4421; x_wconf 86' lang='grc' dir='ltr'><em>Α</em></span> <span class='ocrx_word' id='word_1_745' title='bbox 2725 4368 3063 4436; x_wconf 86' lang='lat' dir='ltr'>ugustinus,</span> <span class='ocrx_word' id='word_1_746' title='bbox 3078 4372 3355 4437; x_wconf 81' lang='lat' dir='ltr'>aptatque</span> <span class='ocrx_word' id='word_1_747' title='bbox 3369 4373 3432 4421; x_wconf 88' lang='lat' dir='ltr'>ut</span> <span class='ocrx_word' id='word_1_748' title='bbox 3444 4368 3540 4435; x_wconf 78' lang='lat' dir='ltr'>fa-</span> 
     </span>
    </p>
   </div>
   <div class='ocr_carea' id='block_1_107' title="bbox 1956 4454 3538 4526">
    <p class='ocr_par' dir='ltr' id='par_1_107' title="bbox 1956 4454 3538 4526">
     <span class='ocr_line' id='line_1_107' title="bbox 1956 4454 3538 4526; baseline -0.001 -13"><span class='ocrx_word' id='word_1_749' title='bbox 1956 4457 2119 4513; x_wconf 83' lang='lat' dir='ltr'>milia</span> <span class='ocrx_word' id='word_1_750' title='bbox 2148 4457 2333 4526; x_wconf 83' lang='lat' dir='ltr'>ipsius</span> <span class='ocrx_word' id='word_1_751' title='bbox 2357 4462 2473 4512; x_wconf 92' lang='lat' dir='ltr'>tota</span> <span class='ocrx_word' id='word_1_752' title='bbox 2498 4455 2857 4511; x_wconf 84' lang='lat' dir='ltr'>catholicam</span> <span class='ocrx_word' id='word_1_753' title='bbox 2879 4454 3222 4525; x_wconf 84' lang='lat' dir='ltr'>religionem</span> <span class='ocrx_word' id='word_1_754' title='bbox 3253 4456 3538 4524; x_wconf 79' lang='lat' dir='ltr'>proﬁtea-</span> 
     </span>
    </p>
   </div>
   <div class='ocr_carea' id='block_1_108' title="bbox 1956 4552 2075 4602">
    <p class='ocr_par' dir='ltr' id='par_1_108' title="bbox 1956 4552 2075 4602">
     <span class='ocr_line' id='line_1_108' title="bbox 1956 4552 2075 4602; baseline 0.008 -1"><span class='ocrx_word' id='word_1_755' title='bbox 1956 4552 2075 4602; x_wconf 86' lang='lat' dir='ltr'>tur.</span> 
     </span>
    </p>
   </div>
   <div class='ocr_carea' id='block_1_109' title="bbox 2358 4635 3071 4689">
    <p class='ocr_par' dir='ltr' id='par_1_109' title="bbox 2358 4635 3071 4689">
     <span class='ocr_line' id='line_1_109' title="bbox 2358 4635 3071 4689; baseline 0.001 -3"><span class='ocrx_word' id='word_1_756' title='bbox 2358 4649 2686 4689; x_wconf 71' lang='lat' dir='ltr'>wousnrtus</span> <span class='ocrx_word' id='word_1_757' title='bbox 2728 4648 3001 4687; x_wconf 79' lang='lat' dir='ltr'>ANTONINO</span> <span class='ocrx_word' id='word_1_758' title='bbox 3028 4635 3071 4667; x_wconf 79' lang='grc'>³·</span> 
     </span>
    </p>
   </div>
   <div class='ocr_carea' id='block_1_110' title="bbox 1963 4748 3534 4819">
    <p class='ocr_par' dir='ltr' id='par_1_110' title="bbox 1963 4748 3534 4819">
     <span class='ocr_line' id='line_1_110' title="bbox 1963 4748 3534 4819; baseline -0.001 -13"><span class='ocrx_word' id='word_1_759' title='bbox 1963 4757 2005 4806; x_wconf 86' lang='grc'><strong>1.</strong></span> <span class='ocrx_word' id='word_1_760' title='bbox 2041 4753 2181 4807; x_wconf 86' lang='lat' dir='ltr'>Cum</span> <span class='ocrx_word' id='word_1_761' title='bbox 2207 4749 2493 4806; x_wconf 90' lang='lat' dir='ltr'>aduobus</span> <span class='ocrx_word' id='word_1_762' title='bbox 2523 4748 2624 4805; x_wconf 90' lang='lat' dir='ltr'>tibi</span> <span class='ocrx_word' id='word_1_763' title='bbox 2642 4748 2863 4819; x_wconf 89' lang='lat' dir='ltr'>scripta</span> <span class='ocrx_word' id='word_1_764' title='bbox 2883 4748 3534 4814; x_wconf 87' lang='lat' dir='ltr'>deberentur,cumula-</span> 
     </span>
    </p>
   </div>
   <div class='ocr_carea' id='block_1_111' title="bbox 1882 4837 3529 4911">
    <p class='ocr_par' dir='ltr' id='par_1_111' title="bbox 1882 4837 3529 4911">
     <span class='ocr_line' id='line_1_111' title="bbox 1882 4837 3529 4911; baseline -0.003 -13"><span class='ocrx_word' id='word_1_765' title='bbox 1882 4841 2101 4898; x_wconf 89' lang='lat' dir='ltr'>tissime</span> <span class='ocrx_word' id='word_1_766' title='bbox 2127 4841 2315 4909; x_wconf 86' lang='lat' dir='ltr'>magis</span> <span class='ocrx_word' id='word_1_767' title='bbox 2336 4855 2473 4911; x_wconf 90' lang='lat' dir='ltr'>pars</span> <span class='ocrx_word' id='word_1_768' title='bbox 2490 4838 2719 4893; x_wconf 89' lang='lat' dir='ltr'>reddita</span> <span class='ocrx_word' id='word_1_769' title='bbox 2744 4837 3028 4910; x_wconf 88' lang='lat' dir='ltr'>est,quod</span> <span class='ocrx_word' id='word_1_770' title='bbox 3056 4853 3241 4893; x_wconf 89' lang='lat' dir='ltr'>unum</span> <span class='ocrx_word' id='word_1_771' title='bbox 3256 4844 3529 4894; x_wconf 90' lang='lat' dir='ltr'>nostrum</span> 
     </span>
    </p>
   </div>
   <div class='ocr_carea' id='block_1_112' title="bbox 1942 5014 3529 5083">
    <p class='ocr_par' dir='ltr' id='par_1_112' title="bbox 1942 5014 3529 5083">
     <span class='ocr_line' id='line_1_112' title="bbox 1942 5014 3529 5083; baseline -0.003 -16"><span class='ocrx_word' id='word_1_772' title='bbox 1942 5024 1954 5053; x_wconf 80' lang='grc' dir='ltr'>ί</span> <span class='ocrx_word' id='word_1_773' title='bbox 1986 5019 2140 5083; x_wconf 88' lang='lat' dir='ltr'>Apud</span> <span class='ocrx_word' id='word_1_774' title='bbox 2174 5018 2299 5083; x_wconf 60' lang='lat' dir='ltr'>Lov.</span> <span class='ocrx_word' id='word_1_775' title='bbox 2339 5018 2587 5083; x_wconf 86' lang='lat' dir='ltr'>scribitur</span> <span class='ocrx_word' id='word_1_776' title='bbox 2617 5016 2788 5065; x_wconf 78' lang='lat' dir='ltr'>Caius.</span> <span class='ocrx_word' id='word_1_777' title='bbox 2826 5018 2891 5065; x_wconf 85' lang='lat' dir='ltr'>At</span> <span class='ocrx_word' id='word_1_778' title='bbox 2923 5017 2978 5064; x_wconf 90' lang='lat' dir='ltr'>in</span> <span class='ocrx_word' id='word_1_779' title='bbox 3015 5015 3137 5065; x_wconf 83' lang='lat' dir='ltr'>Mss.</span> <span class='ocrx_word' id='word_1_780' title='bbox 3174 5018 3225 5064; x_wconf 91' lang='lat' dir='ltr'>et</span> <span class='ocrx_word' id='word_1_781' title='bbox 3266 5014 3529 5077; x_wconf 83' lang='lat' dir='ltr'>antiquio-</span> 
     </span>
    </p>
   </div>
   <div class='ocr_carea' id='block_1_113' title="bbox 1877 5080 2623 5137">
    <p class='ocr_par' dir='ltr' id='par_1_113' title="bbox 1877 5080 2623 5137">
     <span class='ocr_line' id='line_1_113' title="bbox 1877 5080 2623 5137; baseline -0.004 -6"><span class='ocrx_word' id='word_1_782' title='bbox 1877 5080 2419 5137; x_wconf 60' lang='lat' dir='ltr'>ribus&#39;cditionibus.,</span> <span class='ocrx_word' id='word_1_783' title='bbox 2446 5081 2623 5129; x_wconf 75' lang='lat' dir='ltr'>Gaius.</span> 
     </span>
    </p>
   </div>
   <div class='ocr_carea' id='block_1_114' title="bbox 1939 5138 3523 5207">
    <p class='ocr_par' dir='ltr' id='par_1_114' title="bbox 1939 5138 3523 5207">
     <span class='ocr_line' id='line_1_114' title="bbox 1939 5138 3523 5207; baseline -0.003 -16"><span class='ocrx_word' id='word_1_784' title='bbox 1939 5150 1957 5178; x_wconf 72' lang='grc'><strong>³</strong></span> <span class='ocrx_word' id='word_1_785' title='bbox 1992 5144 2143 5207; x_wconf 85' lang='lat' dir='ltr'>Apud</span> <span class='ocrx_word' id='word_1_786' title='bbox 2178 5143 2301 5192; x_wconf 87' lang='lat' dir='ltr'>Bad.</span> <span class='ocrx_word' id='word_1_787' title='bbox 2325 5146 2440 5191; x_wconf 85' lang='lat' dir='ltr'>Am.</span> <span class='ocrx_word' id='word_1_788' title='bbox 2463 5143 2543 5192; x_wconf 87' lang='lat' dir='ltr'>Er.</span> <span class='ocrx_word' id='word_1_789' title='bbox 2578 5142 2845 5207; x_wconf 79' lang='lat' dir='ltr'>scribitur,</span> <span class='ocrx_word' id='word_1_790' title='bbox 2870 5142 3115 5190; x_wconf 83' lang='lat' dir='ltr'>Antonio.</span> <span class='ocrx_word' id='word_1_791' title='bbox 3139 5142 3202 5188; x_wconf 82' lang='lat' dir='ltr'>At</span> <span class='ocrx_word' id='word_1_792' title='bbox 3226 5138 3369 5202; x_wconf 90' lang='lat' dir='ltr'>apud</span> <span class='ocrx_word' id='word_1_793' title='bbox 3398 5139 3523 5188; x_wconf 90' lang='lat' dir='ltr'>Lov.</span> 
     </span>
    </p>
   </div>
   <div class='ocr_carea' id='block_1_115' title="bbox 1880 5205 2840 5270">
    <p class='ocr_par' dir='ltr' id='par_1_115' title="bbox 1880 5205 2840 5270">
     <span class='ocr_line' id='line_1_115' title="bbox 1880 5205 2840 5270; baseline -0.004 -14"><span class='ocrx_word' id='word_1_794' title='bbox 1880 5211 1930 5257; x_wconf 88' lang='lat' dir='ltr'>et</span> <span class='ocrx_word' id='word_1_795' title='bbox 1966 5205 2362 5270; x_wconf 64' lang='lat' dir='ltr'>pricstantiores</span> <span class='ocrx_word' id='word_1_796' title='bbox 2388 5207 2534 5270; x_wconf 65' lang='lat' dir='ltr'>Mss,</span> <span class='ocrx_word' id='word_1_797' title='bbox 2554 5205 2840 5270; x_wconf 74' lang='lat' dir='ltr'>Antonino.</span> 
     </span>
    </p>
   </div>
   <div class='ocr_carea' id='block_1_116' title="bbox 1941 5264 3519 5327">
    <p class='ocr_par' dir='ltr' id='par_1_116' title="bbox 1941 5264 3519 5327">
     <span class='ocr_line' id='line_1_116' title="bbox 1941 5264 3519 5327; baseline -0.002 -10"><span class='ocrx_word' id='word_1_798' title='bbox 1941 5264 2279 5318; x_wconf 41' lang='lat' dir='ltr'>{Recensita</span> <span class='ocrx_word' id='word_1_799' title='bbox 2313 5272 2393 5316; x_wconf 86' lang='lat' dir='ltr'>est</span> <span class='ocrx_word' id='word_1_800' title='bbox 2427 5268 2493 5316; x_wconf 86' lang='lat' dir='ltr'>ad</span> <span class='ocrx_word' id='word_1_801' title='bbox 2524 5283 2572 5315; x_wconf 88' lang='lat' dir='ltr'>a.</span> <span class='ocrx_word' id='word_1_802' title='bbox 2600 5268 2671 5316; x_wconf 90' lang='lat' dir='ltr'>bl.</span> <span class='ocrx_word' id='word_1_803' title='bbox 2700 5267 2787 5319; x_wconf 92' lang='lat' dir='ltr'>cb.</span> <span class='ocrx_word' id='word_1_804' title='bbox 2831 5265 2887 5318; x_wconf 79' lang='lat' dir='ltr'>ﬁ.</span> <span class='ocrx_word' id='word_1_805' title='bbox 2925 5280 2981 5327; x_wconf 90' lang='lat' dir='ltr'>g.</span> <span class='ocrx_word' id='word_1_806' title='bbox 3024 5278 3112 5327; x_wconf 84' lang='lat' dir='ltr'>gg.</span> <span class='ocrx_word' id='word_1_807' title='bbox 3150 5276 3236 5327; x_wconf 70' lang='lat' dir='ltr'>gv.</span> <span class='ocrx_word' id='word_1_808' title='bbox 3270 5277 3322 5312; x_wconf 94' lang='lat' dir='ltr'>n.</span> <span class='ocrx_word' id='word_1_809' title='bbox 3356 5278 3399 5313; x_wconf 91' lang='lat' dir='ltr'>r.</span> <span class='ocrx_word' id='word_1_810' title='bbox 3438 5264 3519 5314; x_wconf 86' lang='lat' dir='ltr'>sb.</span> 
     </span>
    </p>
   </div>
   <div class='ocr_carea' id='block_1_117' title="bbox 1879 5279 3333 5383">
    <p class='ocr_par' dir='ltr' id='par_1_117' title="bbox 1879 5279 3333 5383">
     <span class='ocr_line' id='line_1_117' title="bbox 1941 5279 3322 5327; baseline -0.004 -10"><span class='ocrx_word' id='word_1_811' title='bbox 1941 5279 1967 5300; x_wconf 71' lang='grc' dir='ltr'>π’</span> <span class='ocrx_word' id='word_1_812' title='bbox 2000 5279 2279 5318; x_wconf 73' lang='lat' dir='ltr'>ltecensnta</span> <span class='ocrx_word' id='word_1_813' title='bbox 2313 5279 2393 5316; x_wconf 87' lang='lat' dir='ltr'>est</span> <span class='ocrx_word' id='word_1_814' title='bbox 2427 5279 2493 5316; x_wconf 86' lang='lat' dir='ltr'>au</span> <span class='ocrx_word' id='word_1_815' title='bbox 2524 5283 2572 5315; x_wconf 88' lang='lat' dir='ltr'>a.</span> <span class='ocrx_word' id='word_1_816' title='bbox 2600 5279 2671 5316; x_wconf 83' lang='lat' dir='ltr'>bl.</span> <span class='ocrx_word' id='word_1_817' title='bbox 2700 5279 2787 5319; x_wconf 83' lang='lat' dir='ltr'>cn.</span> <span class='ocrx_word' id='word_1_818' title='bbox 2831 5279 2887 5318; x_wconf 78' lang='grc' dir='ltr'><strong>η.</strong></span> <span class='ocrx_word' id='word_1_819' title='bbox 2970 5305 2981 5315; x_wconf 93' lang='grc'>.</span> <span class='ocrx_word' id='word_1_820' title='bbox 3062 5279 3112 5327; x_wconf 90' lang='lat' dir='ltr'>g.</span> <span class='ocrx_word' id='word_1_821' title='bbox 3150 5279 3236 5326; x_wconf 88' lang='lat' dir='ltr'>gv.</span> <span class='ocrx_word' id='word_1_822' title='bbox 3270 5279 3322 5312; x_wconf 94' lang='lat' dir='ltr'>n.</span> 
     </span>
     <span class='ocr_line' id='line_1_118' title="bbox 1879 5279 3333 5383; baseline -0.006 -1"><span class='ocrx_word' id='word_1_823' title='bbox 1879 5333 1951 5382; x_wconf 88' lang='lat' dir='ltr'>th.</span> <span class='ocrx_word' id='word_1_824' title='bbox 1991 5346 2069 5379; x_wconf 79' lang='lat' dir='ltr'>vc.</span> <span class='ocrx_word' id='word_1_825' title='bbox 2109 5333 2243 5381; x_wconf 87' lang='lat' dir='ltr'>duos</span> <span class='ocrx_word' id='word_1_826' title='bbox 2276 5335 2316 5383; x_wconf 75' lang='lat' dir='ltr'>t,</span> <span class='ocrx_word' id='word_1_827' title='bbox 2353 5330 2513 5383; x_wconf 86' lang='lat' dir='ltr'>duos.</span> <span class='ocrx_word' id='word_1_828' title='bbox 2540 5346 2587 5377; x_wconf 90' lang='lat' dir='ltr'>v.</span> <span class='ocrx_word' id='word_1_829' title='bbox 2613 5334 2664 5379; x_wconf 92' lang='lat' dir='ltr'>et</span> <span class='ocrx_word' id='word_1_830' title='bbox 2696 5329 2764 5379; x_wconf 90' lang='lat' dir='ltr'>ad</span> <span class='ocrx_word' id='word_1_831' title='bbox 2798 5279 3070 5376; x_wconf 58' lang='grc' dir='ltr'>ΑωεΒιιιῗ.</span> <span class='ocrx_word' id='word_1_832' title='bbox 3108 5327 3191 5375; x_wconf 87' lang='lat' dir='ltr'>Er.</span> <span class='ocrx_word' id='word_1_833' title='bbox 3208 5326 3333 5375; x_wconf 90' lang='lat' dir='ltr'>Lov.</span> 
     </span>
    </p>
   </div>
   <div class='ocr_carea' id='block_1_118' title="bbox 1937 5392 3421 5452">
    <p class='ocr_par' dir='ltr' id='par_1_118' title="bbox 1937 5392 3421 5452">
     <span class='ocr_line' id='line_1_119' title="bbox 1937 5392 3421 5452; baseline 0 -10"><span class='ocrx_word' id='word_1_834' title='bbox 1937 5395 1995 5427; x_wconf 73' lang='lat'><strong>&quot;</strong></span> <span class='ocrx_word' id='word_1_835' title='bbox 2022 5395 2099 5442; x_wconf 79' lang='lat' dir='ltr'>Ad</span> <span class='ocrx_word' id='word_1_836' title='bbox 2130 5394 2347 5443; x_wconf 82' lang='lat' dir='ltr'>eosdem</span> <span class='ocrx_word' id='word_1_837' title='bbox 2373 5394 2582 5442; x_wconf 85' lang='lat' dir='ltr'>codices</span> <span class='ocrx_word' id='word_1_838' title='bbox 2616 5392 2809 5440; x_wconf 85' lang='lat' dir='ltr'>collata</span> <span class='ocrx_word' id='word_1_839' title='bbox 2837 5393 2918 5438; x_wconf 88' lang='lat' dir='ltr'>est</span> <span class='ocrx_word' id='word_1_840' title='bbox 2942 5402 3067 5443; x_wconf 90' lang='lat' dir='ltr'>uno,</span> <span class='ocrx_word' id='word_1_841' title='bbox 3102 5392 3341 5452; x_wconf 81' lang='lat' dir='ltr'>excepto,</span> <span class='ocrx_word' id='word_1_842' title='bbox 3375 5404 3421 5442; x_wconf 88' lang='lat' dir='ltr'>r.</span> 
     </span>
    </p>
   </div>
   <div class='ocr_carea' id='block_1_119' title="bbox 1939 5453 3523 5519">
    <p class='ocr_par' dir='ltr' id='par_1_119' title="bbox 1939 5453 3523 5519">
     <span class='ocr_line' id='line_1_120' title="bbox 1939 5453 3523 5519; baseline -0.002 -16"><span class='ocrx_word' id='word_1_843' title='bbox 1939 5460 2010 5518; x_wconf 90' lang='lat' dir='ltr'>(a)</span> <span class='ocrx_word' id='word_1_844' title='bbox 2042 5457 2181 5505; x_wconf 81' lang='lat' dir='ltr'>Alias</span> <span class='ocrx_word' id='word_1_845' title='bbox 2211 5458 2269 5504; x_wconf 70' lang='grc'>84</span> <span class='ocrx_word' id='word_1_846' title='bbox 2294 5471 2303 5503; x_wconf 94' lang='lat'><strong>:</strong></span> <span class='ocrx_word' id='word_1_847' title='bbox 2332 5470 2450 5519; x_wconf 69' lang='lat' dir='ltr'>qua:</span> <span class='ocrx_word' id='word_1_848' title='bbox 2494 5458 2673 5503; x_wconf 90' lang='lat' dir='ltr'>autem</span> <span class='ocrx_word' id='word_1_849' title='bbox 2724 5456 2781 5501; x_wconf 57' lang='grc'>’19</span> <span class='ocrx_word' id='word_1_850' title='bbox 2807 5455 2935 5507; x_wconf 87' lang='lat' dir='ltr'>erat,</span> <span class='ocrx_word' id='word_1_851' title='bbox 2984 5466 3147 5506; x_wconf 88' lang='lat' dir='ltr'>nunc.</span> <span class='ocrx_word' id='word_1_852' title='bbox 3182 5453 3263 5506; x_wconf 82' lang='grc'>82,</span> <span class='ocrx_word' id='word_1_853' title='bbox 3320 5453 3523 5515; x_wconf 83' lang='lat' dir='ltr'>Scripta</span> 
     </span>
    </p>
   </div>
   <div class='ocr_carea' id='block_1_120' title="bbox 1876 5518 2989 5583">
    <p class='ocr_par' dir='ltr' id='par_1_120' title="bbox 1876 5518 2989 5583">
     <span class='ocr_line' id='line_1_121' title="bbox 1876 5518 2989 5583; baseline -0.005 -16"><span class='ocrx_word' id='word_1_854' title='bbox 1876 5518 2009 5583; x_wconf 80' lang='lat' dir='ltr'>forte</span> <span class='ocrx_word' id='word_1_855' title='bbox 2045 5521 2185 5583; x_wconf 76' lang='lat' dir='ltr'>circa</span> <span class='ocrx_word' id='word_1_856' title='bbox 2206 5518 2357 5567; x_wconf 81' lang='lat' dir='ltr'>idem</span> <span class='ocrx_word' id='word_1_857' title='bbox 2375 5523 2610 5583; x_wconf 85' lang='lat' dir='ltr'>tempus.</span> <span class='ocrx_word' id='word_1_858' title='bbox 2738 5579 2757 5583; x_wconf 39' lang='grc' dir='ltr'><strong>ᾼ</strong></span> <span class='ocrx_word' id='word_1_859' title='bbox 2773 5579 2786 5583; x_wconf 30' lang='grc' dir='ltr'><strong>Α</strong></span> <span class='ocrx_word' id='word_1_860' title='bbox 2931 5582 2935 5583; x_wconf 13' lang='lat'><em>7</em></span> <span class='ocrx_word' id='word_1_861' title='bbox 2982 5578 2989 5583; x_wconf 24' lang='lat' dir='ltr'><em>D</em></span> 
     </span>
    </p>
   </div>
   <div class='ocr_carea' id='block_1_121' title="bbox 1936 5576 3524 5643">
    <p class='ocr_par' dir='ltr' id='par_1_121' title="bbox 1936 5576 3524 5643">
     <span class='ocr_line' id='line_1_122' title="bbox 1936 5576 3524 5643; baseline -0.002 -14"><span class='ocrx_word' id='word_1_862' title='bbox 1936 5582 2004 5641; x_wconf 92' lang='lat' dir='ltr'>(b)</span> <span class='ocrx_word' id='word_1_863' title='bbox 2040 5582 2180 5629; x_wconf 82' lang='lat' dir='ltr'>Alias</span> <span class='ocrx_word' id='word_1_864' title='bbox 2218 5584 2333 5627; x_wconf 74' lang='lat'>126:</span> <span class='ocrx_word' id='word_1_865' title='bbox 2369 5576 2690 5643; x_wconf 54' lang='lat' dir='ltr'>quie&#39;autem</span> <span class='ocrx_word' id='word_1_866' title='bbox 2733 5579 2792 5625; x_wconf 78' lang='lat'>20</span> <span class='ocrx_word' id='word_1_867' title='bbox 2831 5578 3139 5643; x_wconf 47' lang='lat' dir='ltr'>erat,:nunc</span> <span class='ocrx_word' id='word_1_868' title='bbox 3165 5579 3278 5630; x_wconf 83' lang='grc'>233,</span> <span class='ocrx_word' id='word_1_869' title='bbox 3317 5576 3524 5640; x_wconf 81' lang='lat' dir='ltr'>Scripta</span> 
     </span>
    </p>
   </div>
   <div class='ocr_carea' id='block_1_122' title="bbox 1873 5643 2418 5706">
    <p class='ocr_par' dir='ltr' id='par_1_122' title="bbox 1873 5643 2418 5706">
     <span class='ocr_line' id='line_1_123' title="bbox 1873 5643 2418 5706; baseline -0.002 -15"><span class='ocrx_word' id='word_1_870' title='bbox 1873 5644 2013 5692; x_wconf 88' lang='lat' dir='ltr'>circa</span> <span class='ocrx_word' id='word_1_871' title='bbox 2030 5643 2172 5691; x_wconf 85' lang='lat' dir='ltr'>idem</span> <span class='ocrx_word' id='word_1_872' title='bbox 2190 5648 2418 5706; x_wconf 87' lang='lat' dir='ltr'>tempus.</span> 
     </span>
    </p>
   </div>
  </div>
