4108 6172
542 254 614 309 87
1820 234 1879 289 S.
1923 222 2311 287 AUGUSTlNI
2348 219 2671 275 EPISCOPI
3881 209 3959 264 88

545 381 893 449 praesentem
912 372 1100 432 vides,
1119 368 1288 437 cujus
1306 381 1377 420 ex
1398 379 1497 419 ore
1517 378 1655 418 cum
1674 376 1767 415 me
1782 350 2189 449 quoqueacci-

544 442 658 538 pis,
677 470 943 537 poteram
962 475 1081 514 non
1108 456 1446 518 rescribere,
1473 451 1728 521 nisiipso
1746 448 1990 519 jubeute
2018 442 2191 497 fecis—

542 533 695 619 sem,
721 568 840 624 quo
884 547 1292 621 proﬁciscente
1325 554 1841 613 supervacaneum
1874 533 2192 590 videbatur

544 659 672 699 esse
699 623 863 714 quod
888 637 1019 694 feci.
1054 636 1422 706 Quapropter
1444 629 1687 685 fertilius
1711 632 1907 682 tecum
1938 623 2191 678 fortasse

545 711 873 803 colloquor,
901 743 1085 800 quam
1101 726 1149 779 si
1174 739 1376 779 coram
1407 721 1702 781 adessem,
1723 733 1859 771 cum
1891 719 1947 769 et
1975 711 2190 782 episto-

545 822 666 877 lam
700 834 896 874 meam
927 816 1090 885 legis,
1123 819 1177 868 et
1199 828 1336 869 eum
1359 809 1531 865 audis
1559 808 1618 862 in
1641 806 1808 877 cujus
1832 808 2067 875 pectore
2096 813 2192 852 me

542 909 811 965 habitare
842 907 1066 977 optime
1089 902 1260 957 nosti.
1291 901 1436 954 Cum
1466 911 1687 966 magno
1715 892 1937 965 gaudio
1969 890 2191 945 litteras

547 996 882 1056 Sanctitatis
906 1000 1022 1050 tuas
1053 989 1431 1047 consideravi
1469 993 1647 1057 atque
1674 981 1913 1053 digessi,
1946 978 2109 1051 quod
2140 980 2196 1032 et

547 1086 940 1143 christianum
987 1083 1257 1137 animum
1290 1083 1457 1133 tuum
1502 1076 1627 1129 sine
1668 1073 1787 1127 ullo
1818 1071 1953 1126 fuco
2003 1066 2191 1138 iniqui

547 1176 849 1248 temporis,
879 1179 932 1228 et
956 1173 1017 1226 in
1046 1187 1156 1225 nos
1197 1166 1627 1223 amicissimum
1654 1178 1775 1233 prae
1806 1177 1867 1215 se
1891 1163 2120 1228 gerunt.

617 1246 972 1320 2.—Gratulor
997 1259 1123 1323 tibi,
1140 1263 1193 1313 et
1210 1256 1431 1327 gratias
1454 1268 1569 1321 ago
1592 1252 1712 1305 Deo
1729 1255 1785 1304 et
1810 1246 2061 1302 Domino
2089 1260 2196 1299 no-

548 1360 672 1410 stro
702 1353 776 1407 de
810 1366 915 1422 spe
966 1353 1025 1404 et
1051 1348 1169 1402 ﬁde
1199 1350 1255 1401 et
1308 1343 1590 1399 charitate
1634 1344 1739 1394 tua
1780 1338 2003 1409 tibique
2034 1334 2196 1406 apud

548 1440 879 1513 eum,quod
902 1440 975 1494 de
988 1437 1162 1493 nobis
1175 1442 1295 1491 tam
1312 1433 1465 1488 bene
1482 1430 1789 1487 existimas
1808 1424 2083 1481 utﬁdeles
2099 1422 2197 1513 Dei

547 1511 753 1587 servos
784 1546 919 1585 esse
976 1526 1205 1592 credas,
1256 1523 1434 1594 idque
1486 1520 1685 1591 ipsum
1718 1518 1776 1571 in
1816 1514 1990 1570 nobis
2020 1511 2198 1567 corde

547 1619 877 1692 purissimo
890 1616 1103 1686 diligas
1126 1630 1139 1666 :
1161 1625 1512 1684 quanquam
1539 1608 1679 1662 hinc
1701 1606 1880 1661 etiam
1905 1600 2200 1672 gratulan-

550 1690 696 1765 dum
740 1703 1171 1763 benevolentiae
1213 1707 1326 1757 tuae
1356 1701 1573 1771 potius,
1627 1711 1809 1768 quam
1859 1693 2062 1762 gratiae
2095 1690 2198 1745 tibi

551 1797 799 1867 agendae
814 1796 947 1850 sint.
970 1793 1091 1848 Tibi
1111 1791 1270 1846 enim
1288 1787 1528 1860 prodest
1545 1788 1742 1856 ipsam
1762 1781 2005 1851 diligere
2031 1780 2199 1835 boui-

552 1891 755 1951 tatem,
786 1900 973 1956 quam
998 1880 1260 1954 profecto
1295 1877 1485 1946 diligit
1504 1875 1602 1947 qui
1638 1888 1775 1929 eum
1800 1870 1994 1939 diligit
2018 1884 2198 1940 quem

553 1977 736 2035 credit
766 1975 1017 2039 bonum,
1050 1971 1171 2026 sive
1199 1969 1292 2025 ille
1326 1984 1388 2023 se
1410 1965 1649 2031 ita,sive
1676 1962 1839 2018 aliter
1866 1976 2049 2033 quam
2079 1974 2201 2014 cre-

552 2067 711 2123 ditur
739 2063 979 2119 habeat.
1013 2061 1179 2116 Unus
1214 2062 1443 2113 tantum
1473 2055 1533 2109 in
1555 2054 1668 2108 hac
1694 2068 1755 2107 re
1777 2049 2083 2106 cavendus
2115 2052 2203 2102 est

553 2168 816 2223 error,ne
829 2151 1150 2223 quisquam
1169 2163 1288 2202 non
1303 2146 1377 2200 de
1390 2143 1764 2207 homine,sed
1777 2143 1847 2196 de
1868 2141 2001 2211 ipso
2016 2136 2203 2192 homi-

552 2246 646 2302 nis
677 2245 837 2299 bono
863 2240 1031 2295 aliter
1064 2237 1295 2301 sentiat,
1330 2250 1515 2307 quam
1551 2232 1767 2288 veritas
1816 2228 2091 2301 postulat.
2120 2229 2203 2281 Tu

550 2350 711 2399 vero,
744 2331 921 2387 frater
946 2326 1345 2390 dilectissime,
1367 2323 1468 2395 qui
1494 2321 1657 2377 nullo
1685 2321 1866 2375 modo
1897 2333 2058 2373 erras
2083 2330 2204 2370 cre-

554 2421 756 2479 dendo
787 2419 878 2475 vel
909 2416 1173 2479 sciendo,
1207 2428 1498 2481 magnum
1532 2411 1759 2465 bonum
1793 2424 1921 2463 esse
1952 2406 2205 2461 libenter

558 2513 970 2579 Deo'casteque
983 2506 1361 2569 servire,cum
1380 2499 1696 2572 quemlibet
1710 2497 2021 2553 hominum
2038 2497 2052 2530 ¹
2072 2509 2203 2565 pro-

556 2604 759 2673 pterea
784 2596 997 2665 diligis,
1026 2592 1191 2666 quod
1223 2590 1405 2661 hujus
1438 2588 1579 2644 boni
1608 2585 1962 2658 participem
1986 2582 2202 2673 credis,

554 2672 751 2745 tecum
774 2685 1102 2741 estfructus
1129 2688 1282 2745 tuus,
1313 2679 1488 2734 etiam
1514 2678 1562 2731 si
1581 2675 1675 2730 ille
1694 2690 1811 2730 non
1836 2674 1914 2729 ita
1929 2673 2021 2727 sit.
2048 2672 2203 2739 Qua-

557 2780 797 2849 propter
829 2773 930 2829 tibi
958 2771 1031 2827 de
1062 2771 1173 2826 hac
1191 2785 1252 2824 re
1275 2765 1697 2837 gratulandum
1714 2769 1839 2833 est;
1874 2761 1954 2816 illi
1980 2765 2201 2823 autem,

556 2881 679 2922 non
712 2864 761 2919 si
790 2866 1105 2934 propterea
1134 2858 1417 2926 diligitur,
1460 2855 1565 2910 sed
1594 2854 1641 2908 si
1675 2852 1802 2909 talis
1824 2857 1930 2915 est,
1961 2849 2203 2922 qualem

558 2969 689 3011 esse
720 2952 1018 3008 existimat
1043 2964 1212 3021 aquo
1226 2950 1541 3019 propterea
1559 2942 1840 3013 diligitur.
1870 2938 2204 3005 Qualesita-

556 3060 669 3117 que
695 3058 808 3098 nos
841 3042 1053 3107 simus,
1084 3041 1503 3109 quantumque
1532 3034 1591 3088 in
1623 3034 1808 3087 Deum
1842 3028 2204 3101 promoveri-

558 3132 848 3203 mus,ipse
870 3128 1098 3193 viderit,
1116 3127 1289 3197 cujus
1304 3140 1425 3180 non
1444 3123 1635 3178 solum
1651 3122 1723 3176 de
1741 3120 2001 3175 hominis
2018 3118 2199 3182 bono,

557 3222 663 3277 sed
692 3221 767 3277 de
798 3220 1041 3275 homine
1089 3217 1220 3288 ipso
1250 3230 1369 3270 non
1421 3216 1614 3284 potest
1659 3226 1851 3265 errare
1873 3208 2194 3279 judicium.

555 3310 681 3367 Tibi
714 3310 788 3364 ad
824 3306 1157 3363 mercedem
1176 3301 1582 3365 beatitudinis,
1607 3299 1770 3371 quod
1794 3298 1870 3353 ad
1896 3298 2052 3352 hanc
2078 3312 2201 3350 rem

557 3395 936 3461 attinet,satis
951 3392 1229 3464 est,quod
1250 3407 1359 3445 nos
1377 3390 1521 3445 tales
1542 3389 1789 3443 credens
1807 3386 2016 3458 quales
2031 3402 2204 3458 opor-

557 3490 635 3542 tet
656 3500 791 3541 esse
804 3499 1001 3538 servos
1018 3482 1265 3544 Dei,toto
1284 3480 1415 3533 sinu
1433 3478 1629 3533 cordis
1649 3477 2042 3547 amplecteris.
2068 3478 2203 3531 Gra-

556 3576 668 3631 tias
693 3588 834 3628 vero
858 3571 961 3626 tibi
980 3570 1190 3625 uberes
1209 3570 1467 3638 agimus,
1489 3568 1651 3639 quod
1670 3583 1777 3622 nos
1805 3583 1941 3622 cum
1964 3566 2200 3629 laudas,

558 3668 847 3735 tanquam
870 3662 1016 3716 tales
1050 3660 1255 3725 simus,
1292 3658 1638 3713 mirabiliter
1666 3658 1947 3721 hortoris,
1977 3662 2037 3711 ut
2061 3655 2204 3711 tales

556 3767 689 3808 esse
715 3751 1030 3822 cupiamus
1060 3766 1072 3815 ;
1108 3748 1409 3803 uberiores
1438 3748 1634 3819 etiam,
1673 3747 1720 3801 si
1761 3763 1882 3802 non
1924 3745 2117 3800 solum
2153 3752 2203 3799 te

557 3841 939 3900 commendes
953 3839 1322 3895 orationibus
1340 3837 1697 3904 nostris,sed
1722 3837 1897 3893 etiam
1914 3852 2035 3891 non
2058 3851 2207 3907 prae-

556 3931 847 3990 termittas
872 3945 1040 3985 orare
1062 3944 1171 4000 pro
1199 3927 1393 3983 nobis.
1416 3928 1641 3983 Gratior
1663 3932 1752 3982 est
1775 3927 1933 3981 enim
1959 3928 2074 3981 Deo
2099 3942 2205 3996 pro

554 4020 729 4078 fratre
772 4017 1133 4089 deprecatio,
1170 4016 1270 4072 ubi
1308 4017 1668 4071 sacriﬁcium
1704 4015 2006 4071 charitatis
2032 4014 2205 4070 offer-

560 4115 674 4165 tur.

622 4202 675 4254 3.
708 4194 1025 4252 Parvulum
1052 4201 1216 4249 tuum
1234 4191 1848 4264 plurimum'saluto,et
1870 4192 2202 4246 secundum

556 4290 854 4361 praecepta
881 4284 1113 4340 Domini
1162 4283 1447 4338 salutaria
1479 4287 1621 4354 opto
1649 4282 2065 4352 grandescere.
2102 4286 2207 4339 Do-

553 4377 678 4433 mui
695 4391 939 4448 quoque
968 4379 1080 4430 tua;
1105 4388 1288 4428 unam
1305 4372 1488 4428 ﬁdem
1505 4378 1561 4428 et
1581 4373 1955 4428 devotionem
1976 4388 2200 4438 veram,

552 4482 687 4538 quae
715 4463 844 4520 sola
865 4462 1156 4519 catholica
1170 4462 1596 4533 est,provenire
1616 4462 1888 4517 desidero
1902 4466 1957 4517 et
1972 4476 2199 4532 precor:

553 4557 611 4609 in
644 4570 829 4625 quam
851 4569 997 4617 rem,
1020 4551 1263 4624 siquam
1280 4551 1426 4607 forte
1457 4552 1637 4607 aliam
1658 4558 1921 4608 nostram
1956 4568 2201 4623 operam

553 4643 952 4698 necessariam
974 4642 1293 4708 existimas,
1326 4657 1399 4697 ne
1432 4642 1530 4696 tibi
1560 4641 1860 4697 vindicare
1883 4641 2118 4698 dubites
2149 4646 2204 4698 et

555 4730 1120 4787 communildomino
1137 4730 1528 4800 fretusetjure
1556 4731 1873 4785 charitatis.
1892 4730 2035 4784 Illud
2061 4747 2202 4785 sane

554 4818 1499 4889 admonuerimreligiosissimam
1525 4820 1902 4889 prudentiam
1931 4826 2112 4886 tuam,
2142 4824 2203 4875 ut

557 4911 828 4967 timorem
860 4908 958 4962 Dei
992 4924 1111 4962 non
1145 4908 1610 4964 irrationabilem
1648 4910 1735 4962 vel
1767 4910 1995 4963 inseras
2046 4910 2203 4965 inﬁr-

555 4998 731 5056 miori
761 4998 886 5053 vasi
909 5001 1029 5061 tuo,
1056 4996 1146 5051 vel
1165 4997 1411 5062 nutrias,
1431 4997 1894 5053 divinalectione
1923 4999 2202 5070 gravique

555 5089 872 5161 colloquio.
895 5090 1078 5144 Nemo
1092 5086 1247 5141 enim
1270 5086 1387 5142 fere
1402 5086 1690 5141 sollicitus
1708 5087 1781 5141 de
1805 5092 1961 5143 statu
1984 5090 2200 5144 animae

555 5195 698 5244 suae,
750 5184 931 5252 atque
981 5177 1058 5233 ob
1113 5176 1225 5232 hoc
1279 5179 1404 5232 sine
1453 5178 1780 5247 pertinacia
1832 5178 2201 5250 inquirendae

554 5266 844 5322 voluntati
875 5266 1111 5323 Domini
1154 5266 1413 5321 intentus
1444 5270 1551 5333 est,
1583 5265 1685 5337 qui
1725 5265 1884 5321 bono
1916 5266 2199 5322 demons-

555 5358 770 5411 tratore
787 5372 929 5409 usus
953 5372 1071 5412 non
1095 5354 1564 5425 dignoscatquid
1579 5356 1727 5409 inter
1739 5354 2201 5429 schismaquod-

556 5442 699 5498 libet
728 5448 905 5515 atque
938 5461 1121 5500 unam
1149 5446 1513 5502 Catholicam
1546 5444 1795 5501 intersit.

619 5641 632 5671 ¹
670 5638 774 5687 Mss
804 5638 910 5687 duo
949 5653 1028 5695 v.,
1061 5654 1170 5688 cum
1201 5641 1468 5703 quemlibet
1494 5643 1767 5693 hominem.
1806 5642 1985 5698 Recte.

2798 343 3136 400 EPISTOLA
3166 342 3311 397 xxv
3342 340 3447 411 (a).

2297 452 2667 522 Augustinus
2690 451 2749 506 in
2789 453 3200 521 presbyterum
3240 450 3669 516 Hipponensem
3707 443 3956 498 ordina-

2369 549 2482 605 tus,
2536 544 2861 609 praesertim
2910 541 2989 595 ad
3034 539 3495 607 dispensandum
3545 535 3784 592 verbum
3821 531 3951 595 Dei,

2368 645 2677 700 secumque
2699 637 2983 698 reputans
3004 645 3181 700 quam
3213 627 3454 697 difﬁcile
3478 627 3553 679 sit
3588 622 3953 679 sacerdotem

2365 721 2531 788 pium
2558 720 3029 788 agere,obsecrat
3058 717 3347 775 Valerium
3362 723 3425 771 ut
3454 715 3723 784 patiatur
3754 712 3957 781 ipsum

2370 809 2432 863 in
2491 823 2714 864 secessu
2765 808 3036 877 precibus
3085 815 3138 863 et
3180 805 3374 861 studio
3404 806 3512 862 hoc
3544 818 3738 873 agere,
3772 808 3838 854 ut
3870 799 3953 854 sit

2370 897 2615 953 idoneus
2644 898 2912 965 imposito
2944 896 3194 953 muneri.

2303 1006 2543 1060 Domino
2558 1002 2890 1059 beatissimo
2902 1008 2958 1059 et
2974 1003 3379 1067 venerabili,in
3399 1004 3705 1070 conspectu
3724 996 3955 1053 Domini

2374 1093 2604 1149 sincera
2636 1093 2919 1148 charitate
2967 1092 3315 1148 charissiino
3350 1090 3501 1162 patri
3559 1090 3797 1142 VALERIO
3828 1086 3958 1156 epi-

2374 1198 2583 1254 scopo,
2607 1184 2948 1237 AUGUSTINUS
2963 1183 3287 1254 presbyter,
3307 1181 3365 1235 in
3389 1178 3639 1233 Domino
3672 1176 3955 1230 salutem.

2382 1295 2423 1343 t.
2445 1289 2805 1344 Anteomnia
2837 1292 3071 1360 peto,ut
3100 1285 3607 1358 cogitetreligiosa
3626 1281 3954 1354 prudentia

2305 1383 2423 1442 tua,
2454 1378 2740 1432 nihilesse
2772 1378 2829 1431 in
2864 1379 2974 1431 hac
2991 1378 3129 1445 vita,
3156 1382 3211 1431 et
3239 1375 3496 1430 maxime
3516 1374 3629 1427 hoc
3660 1376 3957 1443 tempore,

2305 1466 2535 1522 facilius
2568 1472 2623 1521 et
2650 1466 2862 1533 laetius,
2896 1465 3317 1521 ethominibus
3339 1461 3764 1533 acceptabilius
3795 1458 3958 1531 cpis-

2305 1556 2458 1626 copi,
2494 1560 2595 1610 aut
2622 1555 2975 1626 presbyteri,
2994 1559 3095 1609 aut
3124 1551 3657 1618 diaconiofﬁcio,si
3681 1548 3960 1619 perfunc-

2307 1645 2449 1700 torie
2476 1650 2653 1715 atque
2684 1642 3013 1699 adulatorie
3046 1659 3137 1697 res
3189 1646 3401 1711 agatur
3435 1658 3447 1694 :
3474 1639 3578 1694 sed
3612 1638 3754 1693 nihil
3787 1637 3958 1708 apud

2310 1734 2491 1790 Deum
2540 1733 2831 1797 miserius,
2863 1738 2916 1787 et
2960 1732 3198 1802 tristius,
3230 1736 3285 1786 et
3340 1729 3761 1785 damnabilius.
3807 1727 3960 1782 Item

2307 1822 2453 1877 nihil
2484 1838 2611 1877 esse
2636 1822 2693 1875 in
2724 1821 2836 1876 hac
2867 1820 3003 1885 vita,
3034 1825 3087 1877 et
3120 1821 3378 1875 maxime
3418 1819 3531 1874 hoc
3555 1823 3823 1887 tempore
3847 1816 3959 1870 dif-

2306 1912 2538 1974 ﬁcilius,
2558 1910 2935 1974 laboriosius,
2953 1909 3342 1981 periculosius
3368 1906 3652 1979 episcopi,
3677 1910 3779 1961 aut
3796 1920 3960 1977 pres-

2305 2002 2629 2075 byteri,aut
2648 2001 2882 2056 diaconi
2901 2001 3099 2055 ofticio
3122 2018 3134 2067 ;
3158 2000 3260 2054 sed
3284 1999 3443 2071 apud
3459 1999 3645 2053 Deum
3662 1997 3803 2052 nihil
3819 1997 3964 2053 bea-

2308 2093 2442 2156 tius,
2486 2091 2537 2145 si
2589 2107 2658 2145 eo
2686 2090 2867 2145 modo
2914 2090 3332 2161 militeturquo
3389 2095 3591 2143 noster
3634 2089 3964 2158 imperator

2304 2181 2492 2252 jubet.
2524 2180 2664 2245 Quis
2704 2185 2902 2234 autem
2951 2180 3059 2234 iste
3091 2178 3166 2232 sit
3198 2177 3435 2242 modus,
3471 2193 3578 2232 nec
3610 2192 3645 2231 a
3675 2176 3959 2247 pueritia,

2306 2286 2416 2326 nec
2447 2269 2523 2323 ab
2552 2268 2949 2324 adolescentia
2967 2284 3102 2323 mea
3131 2267 3335 2323 didici:
3365 2272 3418 2322 et
3449 2282 3518 2321 eo
3538 2272 3802 2337 tempore
3836 2281 3964 2336 quo

2310 2359 2538 2414 discere
2568 2373 2889 2430 coeperam,
2912 2358 3001 2411 vis
3028 2357 3172 2412 mihi
3195 2356 3351 2411 facta
3382 2361 3486 2422 est,
3507 2355 3715 2410 merito
3747 2369 3962 2425 pecca-

2317 2453 2508 2505 torum
2541 2463 2810 2502 meorum
2832 2449 2991 2509 (nam
3008 2447 3151 2519 quid
3169 2445 3331 2500 aliud
3360 2445 3690 2500 existimem
3704 2444 3963 2515 nescio),

2313 2542 2376 2593 ut
2406 2537 2702 2592 secundus
2733 2535 2900 2591 locus
2948 2535 3489 2607 gubernaculorum
3526 2533 3667 2588 mihi
3700 2532 3967 2588 tradere-

2313 2630 2425 2690 tur,
2457 2626 2559 2697 qui
2586 2641 2817 2679 remum
2849 2630 3046 2680 tenere
3081 2639 3200 2679 non
3230 2639 3535 2678 noveram.

2383 2720 2435 2769 2.
2464 2715 2574 2771 Sed
2593 2714 2844 2769 arbitror
2866 2714 3186 2768 Dominum
3212 2729 3411 2767 meum
3436 2715 3748 2783 propterea
3762 2725 3860 2765 me
3877 2710 3968 2767 sic

2313 2803 2635 2860 emendare
2656 2802 2934 2868 voluisse,
2964 2804 3126 2874 quod
3147 2802 3468 2856 multorum
3487 2806 3730 2871 peccata
3748 2810 3970 2856 nauta-

2313 2910 2467 2958 rum,
2501 2896 2824 2965 antequam
2868 2897 3144 2963 expertus
3181 2906 3376 2946 essem
3412 2890 3557 2962 quid
3595 2889 3711 2944 illic
3742 2890 3966 2958 agitur,

2312 2982 2483 3055 quasi
2510 2982 2737 3036 doctior
2758 2986 2813 3037 et
2839 2981 3045 3036 melior
3061 2980 3493 3051 reprehendere
3510 2978 3832 3034 audebam.
3854 2980 3969 3033 [ta-

2312 3088 2427 3143 que
2460 3076 2852 3142 posteaquam
2879 3071 3094 3125 missus
3108 3086 3241 3125 sum
3264 3069 3323 3124 in
3348 3068 3632 3133 medium,
3662 3073 3802 3122 tunc
3827 3084 3968 3123 sen-

2314 3161 2418 3216 tire
2472 3160 2623 3231 coepi
2671 3161 3025 3214 temeritates
3068 3158 3602 3230 reprehensionum
3647 3173 3963 3222 mearum;

2311 3265 2655 3321 quanquam
2669 3254 2721 3303 et
2738 3254 2914 3303 antea
2928 3246 3833 3319 periculosissimumjudicarem
3849 3246 3968 3302 hoc

2314 3339 2800 3394 ministerium.Et
2813 3338 2946 3391 hinc
2963 3338 3417 3409 erantlacrymze
3430 3336 3541 3390 illae
3554 3352 3707 3407 quas
3722 3351 3819 3389 me
3833 3335 3969 3390 fun-

2313 3429 2451 3483 dere
2466 3427 2522 3481 in
2538 3428 2789 3491 civitate,
2807 3426 3201 3482 ordinationis
3218 3443 3364 3481 meae
3384 3432 3668 3496 tempore,
3687 3426 3970 3481 nonnulli

2313 3515 2518 3570 fratres
2534 3515 3151 3580 animadverterunt,et
3165 3516 3493 3569 nescientes
3506 3528 3723 3568 causas
3737 3512 3967 3569 doloris

2314 3603 2451 3669 mei,
2473 3603 2693 3675 quibus
2717 3609 3038 3675 potuerunt
3061 3602 3465 3668 sermonibus,
3489 3603 3592 3675 qui
3610 3603 3860 3658 omnino
3884 3602 3967 3657 ad

2312 3693 2526 3748 vulnus
2554 3709 2753 3748 meum
2782 3708 2901 3748 non
2935 3693 3309 3764 pertinerent,
3348 3697 3544 3747 tamen
3568 3692 3729 3746 bono
3757 3691 3965 3746 animo

2314 3782 2602 3837 consolati
2634 3786 2788 3837 sunt.
2823 3781 2935 3838 Sed
2978 3781 3162 3836 multo
3186 3781 3358 3836 valde
3391 3797 3460 3835 ac
3485 3780 3670 3835 multo
3697 3779 3965 3851 amplius

2315 3875 2593 3942 expertus
2622 3886 2775 3934 sum,
2800 3886 2982 3941 quam
3013 3870 3327 3941 putabam:
3351 3870 3625 3940 nonquia
3641 3883 3834 3924 novos
3855 3869 3967 3924 ali-

2313 3977 2466 4032 quos
2500 3960 2716 4015 ﬂuctus
2753 3964 2855 4014 aut
2907 3964 3288 4029 tempestates
3328 3958 3446 4013 vidi
3478 3974 3631 4029 quas
3663 3964 3800 4013 ante
3838 3975 3962 4015 non

2314 4065 2622 4113 noveram,
2649 4048 2735 4102 vel
2764 4064 2884 4102 non
2913 4048 3240 4117 audieram,
3273 4048 3359 4102 vel
3396 4063 3514 4102 non
3549 4046 3832 4117 legeram,
3869 4048 3967 4103 vel

2316 4153 2434 4192 non
2467 4138 2871 4205 cogitaveram
2898 4153 2911 4202 ;
2945 4137 3046 4190 sed
3080 4135 3155 4189 ad
3183 4152 3284 4190 eas
3312 4136 3619 4191 evitandas
3643 4140 3743 4190 aut
3768 4136 3971 4206 perfe-

2313 4227 2531 4282 rendas
2544 4226 2833 4281 solertiam
2847 4230 2903 4281 et
2924 4226 3072 4279 vires
3088 4241 3252 4279 meas
3265 4225 3512 4280 omnino
3525 4240 3646 4279 non
3663 4240 3972 4295 noveram,

2315 4320 2371 4369 et
2387 4315 2639 4386 alicujus
2656 4315 2938 4369 momenti
2954 4314 3308 4368 arbitrabar.
3329 4313 3613 4368 Dominus
3628 4319 3829 4369 autem
3847 4315 3977 4371 irri-

2316 4404 2387 4459 sit
2402 4421 2514 4469 me,
2534 4411 2585 4458 et
2601 4405 2778 4459 rebus
2799 4404 2941 4473 ipsis
2954 4402 3264 4458 ostendere
3280 4402 3462 4458 voluit
3480 4402 3778 4474 meipsum
3798 4404 3975 4460 mihi.

2385 4494 2436 4548 3.
2481 4493 2647 4558 Quod
2683 4493 2728 4546 si
2763 4508 2880 4547 non
2904 4492 3273 4557 damnando,
3305 4491 3409 4546 sed
3433 4491 3782 4547 miserando
3812 4493 3974 4561 fecit,

2314 4584 2426 4638 hoc
2454 4583 2610 4637 enim
2645 4598 2820 4654 spero
2846 4588 2998 4636 certe
3041 4581 3130 4635 vel
3156 4597 3315 4635 nunc
3348 4580 3589 4649 cognita
3610 4580 3977 4651 aegritudine

2316 4688 2470 4736 mea,
2494 4671 2685 4726 debeo
2703 4672 3136 4743 Scripturarum
3155 4669 3283 4740 ejus
3306 4670 3749 4725 medicamenta
3762 4674 3979 4728 omnia

2315 4760 2700 4832 perscrutari,
2729 4764 2781 4815 et
2804 4759 3036 4815 orando
3056 4776 3123 4813 ac
3152 4758 3408 4828 legendo
3430 4772 3637 4829 agere,
3663 4765 3727 4814 ut
3753 4760 3983 4817 idonea

2314 4850 2592 4906 valetudo
2607 4850 2822 4905 animae
2839 4865 3001 4913 meae,
3023 4848 3097 4903 ad
3121 4854 3240 4903 tam
3260 4848 3591 4919 periculosa
3612 4849 3855 4918 negotia
3880 4850 3980 4905 tri~

2312 4940 2531 4996 buatur
2552 4939 2743 5011 ;quod
2774 4944 2909 4993 ante
2934 4954 3051 4992 non
3070 4937 3196 5001 feci,
3224 4937 3368 5009 quia
3392 4942 3447 4991 et
3465 4942 3704 5009 tempus
3729 4953 3853 4992 non
3869 4937 3983 4995 ha-

2312 5029 2442 5085 bui.
2483 5032 2641 5084 Tunc
2656 5028 2811 5083 enim
2828 5027 3132 5082 ordinatus
3148 5043 3303 5092 sum,
3320 5043 3457 5081 cum
3473 5026 3546 5081 de
3567 5027 3699 5097 ipso
3714 5028 3983 5083 vacatio-

2313 5119 2404 5174 nis
2436 5124 2701 5190 tempore
2716 5117 2791 5173 ad
2805 5114 3257 5188 cognoscendas
3272 5116 3510 5171 divinas
3527 5116 3863 5186 Scripturas
3880 5133 3985 5173 co-

2315 5208 2651 5279 gitaremus,
2686 5211 2741 5262 et
2772 5207 2853 5261 sic
2886 5222 3004 5261 non
3033 5205 3349 5277 disponere
3370 5204 3679 5269 vellemus,
3704 5210 3769 5259 ut
3798 5206 3986 5262 nobis

2378 5392 2407 5425 *
2442 5391 2529 5441 Usi
2565 5405 2751 5440 sumus
2780 5391 2846 5439 ad
2878 5391 3016 5439 hanc
3042 5388 3435 5439 emendandam
3463 5387 3591 5437 Cdd.
3629 5402 3677 5436 α.
3714 5388 3788 5437 bl.
3823 5404 3872 5438 c.
3899 5405 3983 5441 ρο·

2319 5455 2399 5506 cb.
2435 5454 2487 5501 [Υ.
2526 5469 2574 5515 g.
2600 5467 2689 5515 gg.
2724 5469 2813 5515 gv.
2852 5467 2904 5501 n.
2938 5468 2977 5501 r.
3013 5467 3059 5506 s.
3100 5457 3139 5505 t.
3195 5466 3280 5500 vc.
3320 5451 3487 5500 tribus
3544 5451 3621 5500 sb.
3656 5455 3903 5514 quatuor
3930 5470 3984 5501 v.

2322 5522 2374 5566 et
2392 5519 2507 5566 Am.
2537 5515 2662 5565 Bad.
2690 5517 2771 5566 Er.
2811 5515 2935 5564 Lov.

2384 5581 2453 5640 (α)
2481 5578 2622 5628 Alias
2651 5580 2773 5627 148:
2813 5594 2929 5641 quae
2959 5581 3139 5627 autem
3160 5578 3213 5625 21
3250 5581 3377 5633 erat,
3416 5590 3558 5625 nunc
3608 5577 3724 5625 234.
3764 5577 3988 5642 Scripta

2324 5656 2409 5691 an.
2436 5644 2652 5691 ineunte
2681 5642 2789 5691 391.
