4108 6172
214 277 275 332 39
1448 270 1688 326 EPISTO
1698 272 1785 325 LA
1795 271 1947 327 RUM
1990 272 2276 330 CLASSIS
2321 278 2362 331 Ι.
3540 293 3612 346 90

214 400 383 457 otium
416 399 493 454 ad
516 399 627 453 hoc
648 398 957 467 negotium
976 402 1176 466 posset
1198 410 1345 451 esse.
1368 396 1430 449 Et
1451 397 1613 467 quod
1639 413 1843 452 verum

213 497 305 553 est,
321 490 477 543 nond
490 505 585 542 um
601 487 867 543 sciebam
884 486 1028 558 quid
1051 485 1191 540 mihi
1208 486 1437 540 deesset
1451 486 1525 540 ad
1547 485 1659 541 tale
1674 502 1845 558 opus,

212 578 370 650 quale
400 593 499 633 me
528 593 687 632 nunc
708 580 944 647 torquet
973 580 1027 629 et
1057 574 1323 629 conterit.
1354 573 1521 641 Quod
1545 576 1590 629 si
1624 581 1850 646 propte-

211 669 364 724 reain
379 664 939 736 reipsadidiciquid
955 664 1025 719 sit
1043 664 1248 718 homin
1279 664 1725 730 inecessarium,
1747 664 1848 735 qui

212 756 418 828 p0pulo
445 755 749 810 ministrat
774 758 1217 809 sacramentum
1252 758 1307 807 et
1361 753 1607 808 verbum
1645 755 1764 820 Dei,
1791 758 1851 807 ut

207 846 315 917 jam
339 860 455 899 non
474 844 621 899 mihi
644 844 814 898 liceat
840 843 1077 915 assequi
1090 842 1253 913 quod
1269 858 1363 896 me
1378 858 1496 896 non
1524 842 1741 898 habere
1756 858 1849 897 co~

210 934 369 1001 gnovi
387 933 597 1001 :jubes
629 948 773 1001 ergo
800 938 861 986 ut
888 947 1153 1002 peream,
1174 937 1342 1001 pater
1368 930 1559 985 Valeri
1593 932 1604 986 l
1638 931 1743 987 Ubi
1764 936 1851 986 est

207 1021 449 1077 Charitas
480 1026 585 1075 tua
606 1020 635 1075 εἶ
662 1027 815 1075 certe
836 1018 1034 1087 diligis
1072 1036 1163 1074 me
1194 1018 1221 1072 ‘t
1243 1026 1397 1074 certe
1430 1019 1623 1088 diligis
1654 1020 1849 1091 ipsam

208 1109 517 1165 Ecclesiam
551 1109 649 1163 cui
669 1126 763 1163 me
791 1108 877 1163 sic
895 1108 1227 1163 ministrare
1243 1108 1528 1163 voluisti?
1561 1111 1623 1163 Et
1647 1114 1849 1163 tamen

207 1204 381 1253 certus
403 1214 539 1252 sum
570 1198 739 1271 quod
770 1203 827 1252 et
857 1214 951 1251 me
989 1202 1044 1251 et
1068 1198 1262 1267 ipsam
1300 1197 1516 1266 diligis.
1545 1197 1657 1252 Sed
1688 1204 1850 1267 putas

209 1288 613 1350 meidoneum,
638 1304 777 1342 cum
808 1302 919 1354 ego
945 1286 1154 1340 melius
1187 1302 1278 1341 me
1302 1287 1593 1353 noverim,
1634 1286 1732 1358 qui
1768 1293 1851 1342 ta-

209 1392 325 1431 men
340 1392 447 1430 nec
462 1376 592 1446 ipse
608 1391 704 1431 me
716 1374 1100 1440 nossem,nisi
1116 1375 1476 1447 experiendo
1490 1375 1822 1430 didicissem
1835 1417 1848 1431 .

264 1467 310 1518 li.
353 1465 467 1519 Sed
492 1463 646 1519 dicit
677 1464 930 1519 fortasse
960 1463 1253 1519 Sanctitas
1287 1470 1387 1519 tua
1416 1481 1429 1529 ;
1463 1463 1670 1519 vellem
1703 1466 1851 1520 scire

205 1554 330 1624 quid
351 1553 500 1607 desit
522 1554 909 1609 instructioni
932 1558 1066 1608 tum.
1093 1555 1234 1609 Tam
1261 1554 1449 1608 multa
1471 1558 1667 1609 autem
1692 1560 1848 1618 sunt,

206 1646 257 1698 ut
282 1641 510 1698 facilius
544 1642 782 1714 possim
812 1658 1161 1697 enumerare
1193 1659 1327 1712 qute
1360 1642 1639 1709 habeam,
1664 1659 1850 1715 quam

205 1747 320 1801 quae
356 1732 585 1786 habere
617 1731 918 1786 desidero.
950 1730 1240 1786 Auderem
1272 1731 1427 1785 enim
1457 1731 1668 1797 dicere,
1704 1732 1852 1786 scire

206 1835 306 1884 me,
323 1824 376 1875 et
404 1820 594 1891 plena
614 1820 734 1875 ﬁde
755 1820 1001 1875 retinere
1022 1820 1165 1891 quid
1187 1821 1481 1891 pertineat
1500 1821 1577 1875 ad
1597 1821 1851 1876 salutem

206 1916 471 1964 nostram.
502 1909 628 1963 Sed
663 1910 777 1964 hoc
820 1910 1018 1979 ipsum
1055 1910 1362 1980 quomodo
1397 1909 1730 1965 ministrem
1776 1909 1849 1965 ad

206 1997 435 2053 salutem
461 1998 754 2063 aliorum,
780 2014 899 2053 non
931 2015 1204 2069 quaerens
1229 1998 1394 2069 quod
1420 1999 1561 2053 mihi
1587 2000 1723 2053 utile
1745 2005 1853 2066 est,

208 2087 295 2141 sed
313 2088 471 2158 quod
498 2088 730 2153 multis,
760 2094 819 2141 ut
846 2087 991 2141 salvi
1020 2087 1206 2141 ﬁant?
1232 2090 1293 2142 Et
1322 2095 1459 2143 sunt
1480 2088 1729 2143 fortasse
1753 2088 1855 2142 ali-

208 2192 326 2247 qua,
350 2177 468 2231 imo
489 2192 623 2231 non
649 2184 737 2231 est
759 2176 1159 2231 dubitandum
1184 2193 1332 2245 esse,
1354 2178 1413 2231 in
1436 2178 1653 2233 sanctis
1671 2178 1854 2232 Libris

208 2268 518 2337 conscripta
547 2266 825 2331 consilia,
854 2266 1074 2337 quibus
1103 2266 1352 2336 cognitis
1382 2272 1438 2322 et
1465 2266 1854 2337 apprehensis

209 2356 377 2424 possit
393 2355 583 2410 homo
606 2355 900 2410 Deirebus
914 2354 1327 2411 ecclesiasticis
1350 2355 1849 2411 ordinatioribus‘

211 2443 546 2509 ministrare,
565 2448 676 2499 aut
702 2448 857 2498 certe
885 2444 1032 2498 inter
1053 2460 1271 2499 manus
1292 2445 1637 2515 iniquorum
1662 2444 1751 2499 vel
1776 2444 1856 2499 vi-

212 2546 327 2587 vere
354 2534 717 2589 conscientia
756 2533 1011 2598 saniore,
1042 2532 1136 2588 vel
1168 2534 1337 2596 mori,
1371 2540 1429 2588 ut
1460 2534 1559 2589 illa
1586 2534 1705 2588 vita
1735 2548 1854 2587 non

214 2622 509 2687 amittatur,
535 2622 641 2677 cui
672 2621 773 2675 uni
793 2621 1117 2677 christiana
1139 2622 1320 2677 corda
1339 2622 1589 2678 humilia
1612 2627 1668 2677 et
1685 2638 1858 2677 man-

212 2714 355 2766 sneta
364 2712 703 2783 suspirant.
722 2710 1024 2774 Quomodo
1037 2716 1233 2766 autem
1250 2712 1362 2767 hoc
1376 2712 1500 2766 fieri
1516 2716 1729 2783 potest,
1744 2711 1856 2766 nisi

209 2800 717 2870 quemadmodum
745 2800 873 2869 ipse
899 2800 1187 2855 Dominus
1209 2800 1369 2867 dicit,
1390 2802 1669 2871 petendo,
1694 2818 1855 2873 quai-

207 2890 391 2954 rendo,
418 2890 765 2961 pulsando;
791 2888 848 2943 id
876 2894 961 2943 est
991 2889 1242 2958 orando,
1272 2890 1544 2959 legendo,
1572 2890 1856 2962 plangen-

208 2976 312 3034 do?
332 2978 412 3032 Ad
432 2978 609 3051 quod
644 2978 951 3047 negotium
985 2978 1124 3033 mihi
1159 2996 1412 3050 parvum
1442 2985 1675 3051 tempus
1703 2979 1857 3035 velut

211 3082 381 3139 usque
409 3068 486 3122 ad
515 3066 758 3123 Pascha
788 3064 1107 3138 impetrare
1137 3068 1293 3123 volui
1328 3084 1431 3139 per
1459 3067 1667 3124 fratres
1692 3086 1727 3125 a
1760 3074 1858 3124 tua

209 3156 601 3213 sincerissima
647 3162 703 3212 et
743 3156 1067 3212 venerabili
1106 3158 1417 3226 charitate,
1465 3164 1521 3213 et
1550 3175 1708 3213 nunc
1752 3173 1859 3230 per

207 3244 301 3300 has
330 3262 537 3316 preces
572 3245 742 3301 volo.

268 3340 313 3389 ὅ.
353 3336 506 3400 Quid
542 3335 713 3389 enim
750 3350 1153 3404 responsurus
1184 3351 1318 3390 sum
1351 3337 1605 3391 Domino
1629 3336 1854 3408 judici:

208 3420 319 3478 Non
349 3430 630 3494 poteram
664 3424 775 3477 ista
802 3423 926 3493 jam
960 3438 1247 3494 quaerere,
1278 3441 1417 3479 cum
1447 3425 1857 3481 ecclesiasticis

207 3515 437 3580 negotiis
468 3511 853 3583 impedirer?
886 3512 943 3565 Si
975 3528 1117 3583 ergo
1148 3513 1293 3568 mihi
1321 3514 1517 3573 dicat:
1552 3519 1729 3570 Serve
1761 3532 1859 3569 ne-

207 3616 390 3673 quam,
414 3603 463 3657 si
486 3601 638 3656 villa
663 3600 933 3656 Ecclesiae
954 3601 1394 3658 calumniosum
1417 3603 1675 3676 aliquem
1700 3611 1857 3675 pate—

206 3696 367 3757 retur,
395 3692 580 3761 cujus
608 3690 899 3745 fructibus
924 3689 1275 3759 colligendis
1306 3707 1526 3761 magna
1546 3709 1730 3765 opera
1750 3693 1859 3748 im-

208 3776 487 3845 denditur;
508 3778 794 3847 neglecto
816 3793 961 3847 agro
979 3795 1158 3850 quem
1175 3780 1362 3850 rigavi
1386 3783 1678 3851 sanguine
1701 3798 1856 3850 meo,

210 3869 251 3922 si
281 3869 419 3940 quid
465 3884 657 3939 agere
701 3883 809 3937 pro
838 3884 906 3922 ea
938 3884 1143 3939 posses
1180 3869 1343 3940 apud
1368 3870 1632 3940 judicem
1669 3880 1856 3937 terrae,

210 3957 701 4013 nonneomnibus
716 3957 1247 4023 consentientibus,
1266 3960 1567 4014 nonnullis
1581 3962 1861 4030 etiamju-

208 4045 466 4103 bentibus
480 4054 539 4103 et
562 4045 925 4114 cogentibus
944 4062 1245 4117 pergeres,
1266 4054 1320 4103 et
1343 4048 1391 4101 si
1414 4056 1618 4105 contra
1638 4057 1690 4106 te
1706 4051 1862 4121 judi-

212 4144 444 4199 caretur,
465 4139 659 4192 etiam
677 4142 837 4191 trans
862 4152 1025 4191 mare
1045 4136 1497 4207 proﬁciscereris
1517 4157 1530 4195 ε
1549 4146 1727 4212 atque
1748 4142 1863 4196 hoc

213 4226 375 4281 modo
408 4226 497 4282 vel
523 4242 805 4282 annuam
834 4226 921 4279 vel
952 4241 1021 4281 eo
1049 4227 1307 4297 amplius
1335 4228 1669 4285 absentiam
1698 4236 1862 4285 tuam

210 4314 356 4369 nulla
374 4315 630 4387 querela
665 4322 985 4379 revocaret,
1006 4330 1079 4369 ne
1102 4315 1255 4370 alius
1274 4318 1600 4387 possideret
1622 4325 1859 4384 terram,

209 4418 317 4457 non
349 4406 569 4459 animm
612 4402 723 4459 sed
763 4404 996 4473 corpori
1038 4420 1370 4474 pauperum
1410 4407 1811 4463 necessariam
1847 4426 1861 4475 ;

208 4507 452 4561 quorum
469 4500 680 4547 tamen
694 4490 916 4547 famem
934 4493 1079 4547 vivae
1099 4496 1344 4548 arbores
1364 4511 1505 4550 mete
1528 4496 1713 4551 multo
1730 4497 1865 4552 faci-

208 4578 308 4635 lius
348 4583 621 4653 mihique
657 4581 904 4650 gratius,
944 4581 992 4635 si
1028 4581 1338 4653 diligenter
1377 4584 1727 4647 colerentur.
1767 4602 1859 4641 ex-

211 4668 419 4736 plerent
457 4671 485 4725 ?
540 4671 663 4724 Cur
720 4685 861 4739 ergo
906 4670 985 4725 ad
1038 4671 1389 4727 discendam
1436 4674 1865 4743 agriculturam

214 4773 391 4814 meam
419 4758 802 4815 vacationem
828 4760 1108 4830 temporis
1140 4760 1241 4815 tibi
1264 4761 1530 4818 defuisse
1556 4764 1866 4820 causaris?

214 4846 298 4899 Die
344 4848 488 4902 mihi
526 4848 672 4919 quic
706 4847 1130 4917 respondeam,
1166 4865 1312 4919 rogo
1347 4857 1398 4905 te
1424 4850 1452 4905 ‘t
1484 4857 1564 4905 An
1600 4852 1747 4907 forte
1780 4854 1865 4908 vis

210 4932 431 4991 dicam:
489 4939 688 4992 Senex
728 4936 996 4991 Valerius
1031 4937 1177 4992 dum
1214 4955 1304 4992 me
1358 4942 1643 4995 omnibus
1689 4942 1867 4997 rebus

212 5021 557 5081 instructum
604 5040 739 5079 esse
780 5026 1152 5092 credidisset,
1194 5033 1423 5099 quanto
1473 5030 1732 5101 amplius
1775 5048 1868 5087 me

213 5109 418 5179 dilexit,
463 5118 634 5169 tanto
670 5114 869 5169 minus
901 5115 1013 5170 ista
1042 5116 1268 5172 discere
1300 5120 1567 5188 permisit
1594 5121 1621 5175 ?

277 5207 324 5256 6.
348 5202 599 5259 Attende
616 5203 822 5258 omnia
845 5202 975 5269 ista,
999 5220 1180 5259 senex
1198 5205 1406 5273 Valeri,
1423 5207 1671 5263 obsecro
1694 5215 1742 5263 te
1768 5226 1869 5280 per

216 5287 535 5347 bonitatem
559 5296 618 5346 et
639 5291 1009 5348 severitatem
1034 5292 1263 5361 Christi,
1281 5312 1385 5366 per
1399 5298 1868 5354 misericordiam

216 5380 575 5449 etjudicium
603 5381 753 5451 ejus,
778 5396 1034 5450 pereum
1051 5382 1153 5455 qui
1174 5388 1401 5439 tantam
1434 5385 1535 5441 tibi
1562 5388 1871 5458 inspiravit

270 5550 281 5580 ¹
313 5549 387 5599 lta
422 5550 552 5599 Lov.
584 5550 668 5597 At.
704 5550 790 5599 Er.
822 5554 871 5599 et
904 5551 996 5600 Ms.
1025 5552 1281 5602 Gcmmct.
1317 5554 1531 5611 habent,
1571 5561 1615 5604 et
1647 5557 1868 5606 ordina-

218 5610 603 5687 tionibuspad.
654 5615 711 5687 et
756 5613 992 5687 plerique
1045 5616 1169 5664 Mss.
1215 5616 1419 5681 absque
1468 5610 1866 5681 conjunctione,

216 5674 552 5725 ecclesiasticae
596 5674 1035 5726 ordinationibus.

1962 414 2102 467 erga
2130 416 2238 455 nos
2252 402 2619 471 charitatem,
2641 415 2700 463 ut
2724 426 2795 464 ne
2828 417 2899 475 te,
2932 429 3039 468 nec
3069 430 3177 484 pro
3201 416 3366 472 lucro
3391 418 3607 472 animas

1960 491 2538 554 nostrre,audeamus
2554 496 2975 556 offendere.Sic
2989 509 3182 557 autem
3204 506 3335 559 mihi
3358 507 3539 562 Deum
3554 512 3609 561 et

1961 577 2256 633 Christum
2272 584 2477 636 testem
2493 584 2637 639 facis
2656 587 3006 647 innocentiae
3021 600 3073 648 et
3087 594 3405 666 charitatis,
3424 602 3478 651 et
3496 596 3612 651 sin-

1961 668 2077 721 ceri
2100 666 2344 724 affectus
2359 687 2537 741 quem
2553 676 2709 731 circa
2732 694 2839 732 nos
2857 680 3066 745 habes,
3081 685 3249 753 quasi
3270 701 3381 754 ego
3397 701 3515 739 non
3534 686 3609 741 de

1958 754 2051 809 his
2075 756 2275 825 jurare
2298 763 2581 817 omnibus
2606 768 2853 836 possim.
2881 770 3079 839 Ipsam
3099 787 3238 841 ergo
3260 774 3608 829 charitatem

1960 850 2015 899 et
2033 845 2312 903 affectum
2333 850 2602 921 imploro,
2626 861 2687 909 ut
2711 856 3045 913 miserearis
3075 863 3210 929 mei,
3234 867 3289 916 et
3310 863 3607 918 concedas

1962 935 2127 1002 mihi,
2148 938 2222 990 ad
2242 938 2354 993 hoc
2373 942 2536 1011 quod
2559 945 2786 1011 rogavi,
2810 952 3046 1018 tempus
3066 957 3357 1020 quantum
3381 954 3608 1023 rogavi,

1960 1027 2139 1095 atque
2165 1027 2414 1097 adjuves
2441 1046 2533 1084 me
2560 1034 2928 1090 orationibus
2953 1039 3087 1102 tuis,
3113 1047 3173 1092 ut
3198 1055 3317 1094 non
3341 1041 3409 1093 sit
3432 1040 3611 1096 inane

1959 1114 2324 1171 desiderium
2350 1135 2573 1186 meum,
2596 1138 2703 1177 nec
2728 1124 3093 1183 infructuosa
3116 1129 3383 1185 Ecclesiae
3403 1130 3612 1185 Christi

1961 1209 2136 1274 atque
2162 1207 2390 1263 utilitati
2422 1212 2666 1267 fratrum
2690 1220 2745 1269 et
2767 1232 3189 1274 conservorum
3216 1236 3485 1275 meorum
3510 1220 3617 1275 ab-

1963 1296 2149 1349 sentia
2166 1312 2316 1351 mea.
2338 1299 2467 1355 Scio
2482 1303 2643 1372 quod
2663 1304 2828 1359 illam
2843 1307 3188 1363 charitatem
3207 1326 3313 1380 pro
3330 1325 3422 1363 me
3438 1325 3611 1364 oran-

1963 1386 2098 1447 tem,
2127 1388 2386 1443 maxime
2412 1391 2468 1443 in
2495 1391 2590 1446 tali
2611 1409 2812 1463 causa,
2837 1411 2955 1451 non
2981 1397 3266 1468 despiciet
3294 1400 3610 1464 Dominus;

1960 1477 2016 1527 et
2050 1491 2182 1530 eam
2217 1476 2369 1533 sicut
2404 1482 2754 1537 sacrificium
2798 1486 3104 1541 suavitatis
3138 1486 3456 1558 accipiens,
3496 1487 3612 1542 for-

1961 1564 2135 1617 tassis
2158 1565 2427 1622 breviore
2446 1576 2556 1623 tem
2569 1587 2705 1640 pore
2719 1588 2903 1643 quam
2921 1575 3336 1643 postulavi,me
3351 1576 3614 1631 saluber-

1962 1653 2126 1708 rimis
2147 1657 2409 1712 consiliis
2428 1658 2501 1712 de
2526 1661 2833 1730 Scripturis
2862 1664 2984 1717 suis
3002 1663 3207 1719 reddet
3228 1665 3608 1720 instructum.

2438 1794 2768 1849 EPISTOLA
2830 1798 2980 1851 χχιι·
3020 1799 3122 1867 (a).

1960 1895 2334 1966 Augustinus
2358 1902 2687 1969 presbyter,
2706 1904 2954 1959 Aurelio
2983 1906 3449 1975 Carthaginensi
3467 1907 3613 1975 epis-

2034 2002 2197 2055 copo,
2221 1986 2439 2057 deﬂens
2456 1994 2895 2049 comessationes
2917 2000 2969 2049 et
2993 1996 3300 2053 ebrietates
3311 2012 3422 2065 per
3442 2000 3611 2068 Afri-

2034 2091 2162 2131 cam
2177 2079 2238 2131 in
2252 2081 2595 2135 caemeteriis
2610 2089 2663 2136 et
2683 2084 2975 2137 memoriis
2988 2095 3318 2155 martyrum
3332 2089 3614 2158 frequen-

2035 2167 2157 2219 tari
2192 2170 2382 2235 specie
2425 2171 2732 2237 religionis
2759 2190 2777 2226 :
2819 2175 2919 2227 cui
2954 2177 3113 2230 malo
3157 2177 3489 2232 obtestatur
3545 2182 3611 2231 ut

2032 2255 2257 2310 mederi
2299 2258 2456 2311 velit.
2492 2259 2658 2314 Dolet
2687 2261 2937 2317 subinde
2973 2263 3147 2319 etiam
3178 2266 3611 2321 contentionem

2033 2351 2085 2400 et
2118 2344 2394 2401 humana:
2425 2348 2618 2403 laudis
2639 2353 2963 2419 appetitum
2990 2353 3063 2407 ab
3088 2352 3214 2422 ipso
3242 2353 3609 2410 Clericorum

2033 2435 2242 2490 ordine
2269 2453 2381 2491 non
2411 2439 2707 2495 exsulare.

2105 2558 2349 2609 AURELIO
2391 2556 2695 2627 episcopo,
2744 2563 3085 2613 Anausrmus
3134 2557 3468 2629 presbyter.

1966 2678 2187 2733 CAPU'I‘
2247 2682 2525 2736 PRIMUM.
2590 2713 2654 2722 —
2710 2682 2990 2738 Salutalo
3054 2684 3302 2738 Aurelio
3359 2683 3485 2753 agit
3541 2683 3612 2739 de

2129 2770 2646 2826 comessationibus
2676 2772 2750 2827 ab
2782 2772 3021 2828 ecclesia
3051 2773 3440 2828 removendis.

2040 2888 2085 2937 1.
2111 2884 2239 2948 Qua
2252 2886 2443 2955 gratia
2466 2886 2888 2957 responderem
2908 2888 3114 2944 litteris
3141 2889 3473 2944 Sanctitatis
3495 2891 3613 2944 tum

1964 2987 2101 3026 cum
2128 2973 2229 3027 diu
2254 2975 2530 3031 htesitans
2548 2992 2670 3031 non
2693 2978 3011 3047 reperirem
3036 2979 3265 3048 (omnia
3293 2978 3452 3033 enim
3477 2976 3616 3032 vicit

1965 3060 2211 3117 affectus
2251 3065 2437 3119 animi
2485 3067 2618 3130 mei,
2649 3081 2829 3137 quem
2854 3068 2981 3135 jam
3015 3073 3222 3137 sponte
3271 3072 3613 3136 surgentem

1966 3150 2140 3206 lectio
2161 3152 2424 3223 epistolae
2450 3159 2561 3208 tuae
2585 3155 2768 3210 multo
2789 3155 3092 3209 ardentius
3111 3155 3430 3226 excitavit),
3454 3171 3615 3210 com-

1968 3240 2102 3295 misi
2129 3257 2223 3296 me
2248 3244 2477 3296 tamen1
2506 3244 2642 3307 Deo,
2662 3244 2762 3315 qui
2787 3259 2893 3314 pro
2922 3244 3146 3299 viribus
3177 3245 3322 3299 meis
3345 3258 3617 3315 operare-

1968 3336 2060 3386 tur
2089 3332 2146 3385 in
2178 3349 2291 3398 me,
2321 3339 2379 3387 ut
2407 3349 2477 3388 ea
2507 3334 2889 3389 rescriberem
2914 3350 3052 3406 quae
3085 3334 3316 3406 utrique
3343 3338 3615 3389 nostrum

1968 3420 2166 3475 studio
2188 3420 2246 3476 in
2273 3422 2522 3477 Domino
2536 3430 2588 3478 et
2602 3440 2745 3479 cura
2758 3424 3157 3480 ecclesiastica
3170 3439 3278 3496 pro
3293 3432 3393 3479 tua
3406 3428 3425 3458 ²
3441 3438 3617 3492 βιωθ-

1968 3511 2155 3566 tantia
2184 3514 2241 3565 et
2274 3528 2407 3567 mea
2432 3513 2945 3569 obsecundatione
2976 3517 3392 3583 congruerent.
3430 3516 3617 3583 Atque

1957 3599 2107 3667 illud
2148 3604 2430 3671 primum,
2465 3605 2629 3676 quod
2660 3606 3034 3661 orationibus
3079 3603 3229 3659 meis
3259 3608 3315 3658 te
3343 3598 3618 3673 adjuvari

1964 3692 2174 3756 credis,
2193 3707 2311 3746 non
2325 3692 2518 3748 solum
2534 3710 2653 3748 non
2667 3694 2929 3763 defugio,
2948 3709 3155 3748 verum
3174 3690 3353 3746 etiam
3367 3690 3619 3745 libenter

1965 3780 2312 3851 amplector.
2349 3785 2428 3836 tta
2454 3783 2634 3847 enim,
2668 3784 2777 3837 etsi
2811 3798 2930 3837 non
2968 3782 3132 3845 meis,
3167 3786 3321 3835 certe
3353 3778 3487 3843 tuis,
3525 3793 3617 3832 me

1968 3869 2252 3925 Dominus
2271 3875 2469 3925 noster
2486 3872 2779 3926 exaudiet.
2807 3871 2971 3936 Quod
2997 3870 3237 3927 fratrem
3260 3868 3539 3940 Alypium
3557 3866 3614 3920 in

1963 3964 2164 4014 nostra
2186 3960 2603 4027 conjunctione
2628 3961 2940 4023 mansisse,
2958 3965 3018 4014 ut
3040 3957 3313 4028 exemplo
3329 3957 3402 4011 sit
3422 3955 3619 4011 fratri-

1966 4047 2081 4103 bus
2110 4064 2283 4103 curas
2308 4048 2512 4103 mundi
2538 4050 2716 4119 hujus
2745 4049 2922 4103 vitare
2944 4045 3617 4119 cupientibus,benovo-

1964 4136 2290 4192 lentissime
2312 4139 2607 4208 accepisti,
2636 4155 2750 4209 ago
2774 4138 3019 4207 gratias,
3044 4152 3191 4209 quas
3212 4134 3388 4190 nullis
3417 4132 3614 4188 verbis

1968 4228 2259 4299 explicare
2275 4226 2527 4298 possim:
2550 4228 2832 4283 Dominus
2850 4227 2962 4283 hoc
2976 4225 3333 4297 rependatin
3351 4222 3619 4279 animam

1969 4324 2152 4375 tuam.
2175 4318 2377 4373 Omnis
2392 4316 2589 4388 itaque
2603 4317 2851 4372 fratrum
2864 4322 3074 4379 coetus,
3090 4316 3191 4386 qui
3206 4314 3367 4386 apud
3385 4328 3493 4368 nos
3509 4327 3620 4366 caa-

1971 4407 2057 4477 pit
2077 4407 2429 4473 coalescere,
2457 4411 2621 4461 tanta
2637 4406 2738 4461 tibi
2762 4406 3158 4477 praerogativa
3171 4403 3488 4458 obstrictus
3510 4404 3618 4467 est,

1971 4502 2031 4551 ut
2057 4496 2199 4551 locis
2231 4502 2519 4551 terrarum
2548 4502 2772 4551 tantum
2798 4495 2973 4566 longe
2990 4492 3300 4563 disjunctis
3331 4492 3415 4545 ita
3444 4488 3620 4544 nobis

1968 4585 2338 4640 consulueris
2369 4589 2656 4655 tanquam
2688 4584 3187 4654 praesentissimus
3208 4580 3435 4652 spiritu.
3472 4579 3625 4644 Qua-

1972 4680 2213 4745 propter
2235 4674 2509 4743 precibus
2522 4676 2815 4744 quantum
2834 4673 3099 4727 valemus
3115 4669 3543 4733 incumbimus,
3561 4670 3623 4721 ut

1972 4779 2203 4834 gregem
2228 4763 2331 4817 tibi
2347 4764 2712 4817 commissum
2728 4767 2916 4817 tecum
2943 4761 3210 4815 Dominus
3233 4759 3523 4813 sustinere
3537 4756 3620 4811 di-

1973 4859 2202 4922 gnetur,
2228 4869 2334 4908 nec
2362 4858 2413 4907 te
2449 4854 2681 4924 uspiam
2708 4852 2997 4918 deserere,
3022 4849 3127 4903 sed
3155 4849 3363 4905 adesse
3384 4848 3623 4917 adjutor

1973 4943 2031 4997 in
2053 4942 2616 5013 opportunitatibus,
2631 4942 2853 4997 faciens
2871 4958 2999 4995 cum
3015 4940 3269 4995 Ecclesia
3284 4953 3389 4991 sua
3409 4932 3622 4990 miseri-

1974 5031 2240 5087 cordiam
2260 5047 2363 5103 per
2389 5031 2786 5086 sacerdotium
2807 5028 3253 5100 tuum,qualem
3282 5024 3620 5096 spirituales

1976 5121 2080 5177 viri
2093 5120 2359 5185 utfaciat,
2374 5119 2646 5191 lacrymis
2658 5136 2783 5175 eum
2799 5119 3217 5190 gemitibusque
3232 5111 3618 5183 interpellant.

2038 5313 2052 5344 ί
2083 5310 2166 5373 Sic
2196 5310 2323 5363 Mss.
2357 5309 2464 5358 duo
2498 5324 2545 5357 ν.
2572 5309 2759 5373 [jam],
2854 5369 2862 5373 Α
3074 5372 3079 5373 γ
3202 5364 3236 5373 ﬁ
3312 5367 3320 5373 ι
3435 5362 3443 5371 _

2036 5376 2055 5406 2
2085 5372 2206 5419 Mss.
2230 5361 2351 5428 tres,
2377 5378 2421 5419 et
2442 5361 2929 5420 curceh'eccte'siasticw
2952 5381 3046 5429 pro
3065 5372 3174 5414 tua.
3202 5364 3378 5421 Recte,
3405 5361 3625 5425 sipaulo

1977 5437 2099 5483 ante
2135 5434 2301 5497 legas,
2342 5437 2605 5497 utriusque
2638 5438 2886 5497 nostrum.

2039 5497 2065 5529 ί*
2098 5490 2228 5545 ΗιιΓο
2251 5490 2573 5555 castigandae
2600 5493 2839 5543 subsidio
2871 5490 3202 5555 fueruntgb.
3224 5490 3293 5555 Δίΐ.
3328 5503 3422 5553 gg.
3460 5501 3547 5551 gv.
3572 5502 3626 5536 ιι.

1976 5573 2018 5607 r.
2056 5563 2093 5607 t.
2134 5573 2212 5607 vc.
2246 5559 2352 5607 duo
2383 5553 2463 5606 sb.
2493 5559 2599 5606 duo
2632 5572 2683 5609 ν.
2719 5561 2771 5604 et
2806 5559 2922 5605 Am.
2953 5554 3075 5604 Bad.
3106 5553 3188 5602 Er.
3220 5553 3341 5603 Lov.

2042 5625 2109 5682 ia)
2145 5622 2377 5731 Aliaségzi
2408 5636 2419 5668 :
2460 5636 2579 5684 qua)
2609 5624 2791 5670 autem
2832 5621 2893 5669 22
2932 5621 3061 5674 erat,
3106 5630 3246 5665 nunc
3276 5617 3385 5665 235.
3422 5614 3625 5676 Scripta

2042 5698 2118 5731 rca
2150 5698 2237 5731 an.
2340 5696 2343 5699 ·
2373 5721 2383 5731 .

1978 5685 2118 5735 circa
2150 5698 2237 5734 an.
2275 5685 2383 5733 392.
