  <div class='ocr_page' id='page_1' title='image "/cluster/home/n/w/nwhite01/storage/ocr_20150623/33/hvd.32044096580568/051.png"; bbox 0 0 4164 6182; ppageno 0'>
   <div class='ocr_carea' id='block_1_1' title="bbox 453 240 3871 300">
    <p class='ocr_par' dir='ltr' id='par_1_1' title="bbox 453 240 3871 300">
     <span class='ocr_line' id='line_1_1' title="bbox 453 240 3871 300; baseline -0.002 4"><span class='ocrx_word' id='word_1_1' title='bbox 453 240 520 293; x_wconf 86' lang='grc'>91</span> <span class='ocrx_word' id='word_1_2' title='bbox 1738 244 1797 299; x_wconf 92' lang='lat' dir='ltr'>S.</span> <span class='ocrx_word' id='word_1_3' title='bbox 1840 241 2220 300; x_wconf 82' lang='lat' dir='ltr'><strong>AUGUSTINI</strong></span> <span class='ocrx_word' id='word_1_4' title='bbox 2264 241 2585 297; x_wconf 85' lang='lat' dir='ltr'>EPISCOPI</span> <span class='ocrx_word' id='word_1_5' title='bbox 3799 240 3871 296; x_wconf 79' lang='lat'>92</span> 
     </span>
    </p>
   </div>
   <div class='ocr_carea' id='block_1_2' title="bbox 524 366 2105 441">
    <p class='ocr_par' dir='ltr' id='par_1_2' title="bbox 524 366 2105 441">
     <span class='ocr_line' id='line_1_2' title="bbox 524 366 2105 441; baseline 0.003 -22"><span class='ocrx_word' id='word_1_6' title='bbox 524 368 577 420; x_wconf 86' lang='lat'>2.</span> <span class='ocrx_word' id='word_1_7' title='bbox 613 366 774 422; x_wconf 88' lang='lat' dir='ltr'>Scias</span> <span class='ocrx_word' id='word_1_8' title='bbox 799 366 1018 437; x_wconf 83' lang='lat' dir='ltr'>itaque,</span> <span class='ocrx_word' id='word_1_9' title='bbox 1040 366 1281 421; x_wconf 85' lang='lat' dir='ltr'>domine</span> <span class='ocrx_word' id='word_1_10' title='bbox 1311 367 1654 424; x_wconf 88' lang='lat' dir='ltr'>beatissime</span> <span class='ocrx_word' id='word_1_11' title='bbox 1684 374 1737 425; x_wconf 91' lang='lat' dir='ltr'>et</span> <span class='ocrx_word' id='word_1_12' title='bbox 1762 370 2105 441; x_wconf 86' lang='lat' dir='ltr'>plenissima</span> 
     </span>
    </p>
   </div>
   <div class='ocr_carea' id='block_1_3' title="bbox 456 453 2106 529">
    <p class='ocr_par' dir='ltr' id='par_1_3' title="bbox 456 453 2106 529">
     <span class='ocr_line' id='line_1_3' title="bbox 456 453 2106 529; baseline 0.003 -21"><span class='ocrx_word' id='word_1_13' title='bbox 456 453 741 510; x_wconf 87' lang='lat' dir='ltr'>charitate</span> <span class='ocrx_word' id='word_1_14' title='bbox 773 454 1143 519; x_wconf 73' lang='lat' dir='ltr'>venerabilis,</span> <span class='ocrx_word' id='word_1_15' title='bbox 1178 471 1295 509; x_wconf 90' lang='lat' dir='ltr'>non</span> <span class='ocrx_word' id='word_1_16' title='bbox 1322 456 1640 527; x_wconf 90' lang='lat' dir='ltr'>desperare</span> <span class='ocrx_word' id='word_1_17' title='bbox 1674 476 1803 524; x_wconf 86' lang='lat' dir='ltr'>nos,</span> <span class='ocrx_word' id='word_1_18' title='bbox 1829 459 1950 513; x_wconf 92' lang='lat' dir='ltr'>imo</span> <span class='ocrx_word' id='word_1_19' title='bbox 1978 475 2106 529; x_wconf 89' lang='lat' dir='ltr'>spe-</span> 
     </span>
    </p>
   </div>
   <div class='ocr_carea' id='block_1_4' title="bbox 454 544 2105 616">
    <p class='ocr_par' dir='ltr' id='par_1_4' title="bbox 454 544 2105 616">
     <span class='ocr_line' id='line_1_4' title="bbox 454 544 2105 616; baseline 0.002 -19"><span class='ocrx_word' id='word_1_20' title='bbox 454 559 585 599; x_wconf 91' lang='lat' dir='ltr'>rare</span> <span class='ocrx_word' id='word_1_21' title='bbox 638 545 1032 609; x_wconf 82' lang='lat' dir='ltr'>vehementer,</span> <span class='ocrx_word' id='word_1_22' title='bbox 1066 544 1230 616; x_wconf 90' lang='lat' dir='ltr'>quod</span> <span class='ocrx_word' id='word_1_23' title='bbox 1268 546 1553 601; x_wconf 89' lang='lat' dir='ltr'>Dominus</span> <span class='ocrx_word' id='word_1_24' title='bbox 1607 554 1660 603; x_wconf 91' lang='lat' dir='ltr'>et</span> <span class='ocrx_word' id='word_1_25' title='bbox 1713 552 1862 603; x_wconf 85' lang='lat' dir='ltr'>Deus</span> <span class='ocrx_word' id='word_1_26' title='bbox 1908 553 2105 602; x_wconf 79' lang='lat' dir='ltr'>noster</span> 
     </span>
    </p>
   </div>
   <div class='ocr_carea' id='block_1_5' title="bbox 456 633 2103 710">
    <p class='ocr_par' dir='ltr' id='par_1_5' title="bbox 456 633 2103 710">
     <span class='ocr_line' id='line_1_5' title="bbox 456 633 2103 710; baseline 0.003 -24"><span class='ocrx_word' id='word_1_27' title='bbox 456 648 559 703; x_wconf 89' lang='lat' dir='ltr'>per</span> <span class='ocrx_word' id='word_1_28' title='bbox 590 633 997 688; x_wconf 81' lang='lat' dir='ltr'>auctoritatem</span> <span class='ocrx_word' id='word_1_29' title='bbox 1032 650 1300 704; x_wconf 82' lang='lat' dir='ltr'>persona</span> <span class='ocrx_word' id='word_1_30' title='bbox 1333 652 1515 706; x_wconf 92' lang='lat' dir='ltr'>quam</span> <span class='ocrx_word' id='word_1_31' title='bbox 1545 638 1717 707; x_wconf 86' lang='lat' dir='ltr'>geris,</span> <span class='ocrx_word' id='word_1_32' title='bbox 1765 654 1948 710; x_wconf 91' lang='lat' dir='ltr'>quam</span> <span class='ocrx_word' id='word_1_33' title='bbox 1983 652 2103 692; x_wconf 91' lang='lat' dir='ltr'>non</span> 
     </span>
    </p>
   </div>
   <div class='ocr_carea' id='block_1_6' title="bbox 452 720 2099 794">
    <p class='ocr_par' dir='ltr' id='par_1_6' title="bbox 452 720 2099 794">
     <span class='ocr_line' id='line_1_6' title="bbox 452 720 2099 794; baseline 0.002 -20"><span class='ocrx_word' id='word_1_34' title='bbox 452 722 635 785; x_wconf 89' lang='lat' dir='ltr'>carni,</span> <span class='ocrx_word' id='word_1_35' title='bbox 661 720 763 775; x_wconf 91' lang='lat' dir='ltr'>sed</span> <span class='ocrx_word' id='word_1_36' title='bbox 793 722 1021 793; x_wconf 85' lang='lat' dir='ltr'>spiritui</span> <span class='ocrx_word' id='word_1_37' title='bbox 1056 728 1156 778; x_wconf 92' lang='lat' dir='ltr'>tuo</span> <span class='ocrx_word' id='word_1_38' title='bbox 1188 723 1528 794; x_wconf 86' lang='lat' dir='ltr'>impositam</span> <span class='ocrx_word' id='word_1_39' title='bbox 1560 742 1688 780; x_wconf 89' lang='lat' dir='ltr'>esse</span> <span class='ocrx_word' id='word_1_40' title='bbox 1716 726 2099 790; x_wconf 80' lang='lat' dir='ltr'>confidimus,</span> 
     </span>
    </p>
   </div>
   <div class='ocr_carea' id='block_1_7' title="bbox 454 810 2104 889">
    <p class='ocr_par' dir='ltr' id='par_1_7' title="bbox 454 810 2104 889">
     <span class='ocr_line' id='line_1_7' title="bbox 454 810 2104 889; baseline 0.004 -25"><span class='ocrx_word' id='word_1_41' title='bbox 454 810 670 865; x_wconf 89' lang='lat' dir='ltr'>multas</span> <span class='ocrx_word' id='word_1_42' title='bbox 692 811 961 866; x_wconf 86' lang='lat' dir='ltr'>carnales</span> <span class='ocrx_word' id='word_1_43' title='bbox 984 811 1281 868; x_wconf 74' lang='lat' dir='ltr'>foeditates</span> <span class='ocrx_word' id='word_1_44' title='bbox 1308 820 1363 868; x_wconf 92' lang='lat' dir='ltr'>et</span> <span class='ocrx_word' id='word_1_45' title='bbox 1384 815 1763 885; x_wconf 83' lang='lat' dir='ltr'>agritudines</span> <span class='ocrx_word' id='word_1_46' title='bbox 1785 832 1935 889; x_wconf 88' lang='lat' dir='ltr'>quas</span> <span class='ocrx_word' id='word_1_47' title='bbox 1964 815 2104 870; x_wconf 85' lang='lat' dir='ltr'>Afri-</span> 
     </span>
    </p>
   </div>
   <div class='ocr_carea' id='block_1_8' title="bbox 453 900 2101 976">
    <p class='ocr_par' dir='ltr' id='par_1_8' title="bbox 453 900 2101 976">
     <span class='ocr_line' id='line_1_8' title="bbox 453 900 2101 976; baseline 0.004 -23"><span class='ocrx_word' id='word_1_48' title='bbox 453 913 605 954; x_wconf 89' lang='lat' dir='ltr'>cana</span> <span class='ocrx_word' id='word_1_49' title='bbox 658 900 912 955; x_wconf 88' lang='lat' dir='ltr'>Ecclesia</span> <span class='ocrx_word' id='word_1_50' title='bbox 951 900 1010 953; x_wconf 90' lang='lat' dir='ltr'>in</span> <span class='ocrx_word' id='word_1_51' title='bbox 1062 902 1259 957; x_wconf 89' lang='lat' dir='ltr'>multis</span> <span class='ocrx_word' id='word_1_52' title='bbox 1301 904 1542 973; x_wconf 91' lang='lat' dir='ltr'>patitur,</span> <span class='ocrx_word' id='word_1_53' title='bbox 1574 904 1630 959; x_wconf 92' lang='lat' dir='ltr'>in</span> <span class='ocrx_word' id='word_1_54' title='bbox 1666 906 1873 976; x_wconf 88' lang='lat' dir='ltr'>paucis</span> <span class='ocrx_word' id='word_1_55' title='bbox 1900 905 2101 974; x_wconf 78' lang='lat' dir='ltr'>gemit,</span> 
     </span>
    </p>
   </div>
   <div class='ocr_carea' id='block_1_9' title="bbox 451 988 2103 1062">
    <p class='ocr_par' dir='ltr' id='par_1_9' title="bbox 451 988 2103 1062">
     <span class='ocr_line' id='line_1_9' title="bbox 451 988 2103 1062; baseline 0.004 -20"><span class='ocrx_word' id='word_1_56' title='bbox 451 988 838 1044; x_wconf 85' lang='lat' dir='ltr'>consiliorum</span> <span class='ocrx_word' id='word_1_57' title='bbox 878 991 1163 1059; x_wconf 84' lang='lat' dir='ltr'>gravitate</span> <span class='ocrx_word' id='word_1_58' title='bbox 1196 994 1211 1026; x_wconf 82' lang='grc'>¹</span> <span class='ocrx_word' id='word_1_59' title='bbox 1246 1000 1299 1046; x_wconf 88' lang='lat' dir='ltr'>et</span> <span class='ocrx_word' id='word_1_60' title='bbox 1330 998 1428 1048; x_wconf 90' lang='lat' dir='ltr'>tua</span> <span class='ocrx_word' id='word_1_61' title='bbox 1459 994 1643 1062; x_wconf 91' lang='lat' dir='ltr'>possit</span> <span class='ocrx_word' id='word_1_62' title='bbox 1676 1010 1916 1049; x_wconf 89' lang='lat' dir='ltr'>sanare.</span> <span class='ocrx_word' id='word_1_63' title='bbox 1957 995 2103 1049; x_wconf 89' lang='lat' dir='ltr'>Cum</span> 
     </span>
    </p>
   </div>
   <div class='ocr_carea' id='block_1_10' title="bbox 451 1078 2101 1149">
    <p class='ocr_par' dir='ltr' id='par_1_10' title="bbox 451 1078 2101 1149">
     <span class='ocr_line' id='line_1_10' title="bbox 451 1078 2101 1149; baseline 0.003 -18"><span class='ocrx_word' id='word_1_64' title='bbox 451 1078 611 1132; x_wconf 88' lang='lat' dir='ltr'>enim</span> <span class='ocrx_word' id='word_1_65' title='bbox 634 1079 947 1149; x_wconf 81' lang='lat' dir='ltr'>Apostolus</span> <span class='ocrx_word' id='word_1_66' title='bbox 967 1080 1074 1134; x_wconf 85' lang='lat' dir='ltr'>tria</span> <span class='ocrx_word' id='word_1_67' title='bbox 1094 1080 1347 1135; x_wconf 88' lang='lat' dir='ltr'>breviter</span> <span class='ocrx_word' id='word_1_68' title='bbox 1373 1097 1591 1149; x_wconf 85' lang='lat' dir='ltr'>genera</span> <span class='ocrx_word' id='word_1_69' title='bbox 1615 1084 1890 1138; x_wconf 89' lang='lat' dir='ltr'>vitiorum</span> <span class='ocrx_word' id='word_1_70' title='bbox 1916 1084 2101 1138; x_wconf 89' lang='lat' dir='ltr'>detes-</span> 
     </span>
    </p>
   </div>
   <div class='ocr_carea' id='block_1_11' title="bbox 454 1167 2103 1243">
    <p class='ocr_par' dir='ltr' id='par_1_11' title="bbox 454 1167 2103 1243">
     <span class='ocr_line' id='line_1_11' title="bbox 454 1167 2103 1243; baseline 0.002 -22"><span class='ocrx_word' id='word_1_71' title='bbox 454 1167 637 1221; x_wconf 88' lang='lat' dir='ltr'>tanda</span> <span class='ocrx_word' id='word_1_72' title='bbox 661 1173 715 1221; x_wconf 91' lang='lat' dir='ltr'>et</span> <span class='ocrx_word' id='word_1_73' title='bbox 739 1168 979 1223; x_wconf 86' lang='lat' dir='ltr'>vitanda</span> <span class='ocrx_word' id='word_1_74' title='bbox 1003 1185 1120 1223; x_wconf 90' lang='lat' dir='ltr'>uno</span> <span class='ocrx_word' id='word_1_75' title='bbox 1144 1170 1199 1223; x_wconf 93' lang='lat' dir='ltr'>in</span> <span class='ocrx_word' id='word_1_76' title='bbox 1226 1169 1355 1224; x_wconf 92' lang='lat' dir='ltr'>loco</span> <span class='ocrx_word' id='word_1_77' title='bbox 1383 1172 1662 1239; x_wconf 86' lang='lat' dir='ltr'>posuerit,</span> <span class='ocrx_word' id='word_1_78' title='bbox 1692 1172 1765 1226; x_wconf 88' lang='lat' dir='ltr'>de</span> <span class='ocrx_word' id='word_1_79' title='bbox 1783 1172 1997 1243; x_wconf 77' lang='lat' dir='ltr'>quibus</span> <span class='ocrx_word' id='word_1_80' title='bbox 2020 1172 2103 1226; x_wconf 91' lang='lat' dir='ltr'>in-</span> 
     </span>
    </p>
   </div>
   <div class='ocr_carea' id='block_1_12' title="bbox 453 1256 2102 1329">
    <p class='ocr_par' dir='ltr' id='par_1_12' title="bbox 453 1256 2102 1329">
     <span class='ocr_line' id='line_1_12' title="bbox 453 1256 2102 1329; baseline 0.004 -20"><span class='ocrx_word' id='word_1_81' title='bbox 453 1256 917 1311; x_wconf 88' lang='lat' dir='ltr'>numerabilium</span> <span class='ocrx_word' id='word_1_82' title='bbox 934 1258 1202 1311; x_wconf 87' lang='lat' dir='ltr'>vitiorum</span> <span class='ocrx_word' id='word_1_83' title='bbox 1216 1260 1476 1328; x_wconf 78' lang='lat' dir='ltr'>exsurgit</span> <span class='ocrx_word' id='word_1_84' title='bbox 1490 1276 1676 1329; x_wconf 82' lang='lat' dir='ltr'>seges,</span> <span class='ocrx_word' id='word_1_85' title='bbox 1690 1277 1871 1314; x_wconf 88' lang='lat' dir='ltr'>unum</span> <span class='ocrx_word' id='word_1_86' title='bbox 1889 1262 2102 1315; x_wconf 90' lang='lat' dir='ltr'>horum</span> 
     </span>
    </p>
   </div>
   <div class='ocr_carea' id='block_1_13' title="bbox 452 1344 2104 1417">
    <p class='ocr_par' dir='ltr' id='par_1_13' title="bbox 452 1344 2104 1417">
     <span class='ocr_line' id='line_1_13' title="bbox 452 1344 2104 1417; baseline 0.004 -20"><span class='ocrx_word' id='word_1_87' title='bbox 452 1344 615 1415; x_wconf 88' lang='lat' dir='ltr'>quod</span> <span class='ocrx_word' id='word_1_88' title='bbox 644 1344 907 1399; x_wconf 90' lang='lat' dir='ltr'>secundo</span> <span class='ocrx_word' id='word_1_89' title='bbox 928 1345 1059 1401; x_wconf 94' lang='lat' dir='ltr'>loco</span> <span class='ocrx_word' id='word_1_90' title='bbox 1082 1347 1301 1417; x_wconf 86' lang='lat' dir='ltr'>posuit,</span> <span class='ocrx_word' id='word_1_91' title='bbox 1327 1348 1613 1403; x_wconf 88' lang='lat' dir='ltr'>acerrime</span> <span class='ocrx_word' id='word_1_92' title='bbox 1632 1350 1688 1402; x_wconf 91' lang='lat' dir='ltr'>in</span> <span class='ocrx_word' id='word_1_93' title='bbox 1709 1349 1965 1404; x_wconf 84' lang='lat' dir='ltr'>Ecclesia</span> <span class='ocrx_word' id='word_1_94' title='bbox 1984 1349 2104 1403; x_wconf 85' lang='lat' dir='ltr'>vin-</span> 
     </span>
    </p>
   </div>
   <div class='ocr_carea' id='block_1_14' title="bbox 451 1432 2105 1508">
    <p class='ocr_par' dir='ltr' id='par_1_14' title="bbox 451 1432 2105 1508">
     <span class='ocr_line' id='line_1_14' title="bbox 451 1432 2105 1508; baseline 0.004 -21"><span class='ocrx_word' id='word_1_95' title='bbox 451 1432 723 1499; x_wconf 86' lang='lat' dir='ltr'>dicatur;</span> <span class='ocrx_word' id='word_1_96' title='bbox 758 1433 880 1488; x_wconf 90' lang='lat' dir='ltr'>duo</span> <span class='ocrx_word' id='word_1_97' title='bbox 903 1440 1102 1489; x_wconf 90' lang='lat' dir='ltr'>autem</span> <span class='ocrx_word' id='word_1_98' title='bbox 1133 1435 1382 1507; x_wconf 89' lang='lat' dir='ltr'>reliqua,</span> <span class='ocrx_word' id='word_1_99' title='bbox 1417 1436 1476 1491; x_wconf 91' lang='lat' dir='ltr'>id</span> <span class='ocrx_word' id='word_1_100' title='bbox 1504 1442 1592 1493; x_wconf 90' lang='lat' dir='ltr'>est</span> <span class='ocrx_word' id='word_1_101' title='bbox 1614 1438 1870 1508; x_wconf 89' lang='lat' dir='ltr'>primum</span> <span class='ocrx_word' id='word_1_102' title='bbox 1899 1444 1951 1494; x_wconf 89' lang='lat' dir='ltr'>et</span> <span class='ocrx_word' id='word_1_103' title='bbox 1978 1438 2105 1493; x_wconf 91' lang='lat' dir='ltr'>ulti-</span> 
     </span>
    </p>
   </div>
   <div class='ocr_carea' id='block_1_15' title="bbox 451 1522 2104 1598">
    <p class='ocr_par' dir='ltr' id='par_1_15' title="bbox 451 1522 2104 1598">
     <span class='ocr_line' id='line_1_15' title="bbox 451 1522 2104 1598; baseline 0.005 -23"><span class='ocrx_word' id='word_1_104' title='bbox 451 1537 640 1589; x_wconf 89' lang='lat' dir='ltr'>mum,</span> <span class='ocrx_word' id='word_1_105' title='bbox 685 1522 1015 1578; x_wconf 86' lang='lat' dir='ltr'>tolerabilia</span> <span class='ocrx_word' id='word_1_106' title='bbox 1072 1525 1342 1579; x_wconf 90' lang='lat' dir='ltr'>videntur</span> <span class='ocrx_word' id='word_1_107' title='bbox 1385 1526 1754 1596; x_wconf 84' lang='lat' dir='ltr'>hominibus,</span> <span class='ocrx_word' id='word_1_108' title='bbox 1802 1534 1979 1598; x_wconf 90' lang='lat' dir='ltr'>atque</span> <span class='ocrx_word' id='word_1_109' title='bbox 2023 1529 2104 1584; x_wconf 90' lang='lat' dir='ltr'>ita</span> 
     </span>
    </p>
   </div>
   <div class='ocr_carea' id='block_1_16' title="bbox 451 1610 2104 1687">
    <p class='ocr_par' dir='ltr' id='par_1_16' title="bbox 451 1610 2104 1687">
     <span class='ocr_line' id='line_1_16' title="bbox 451 1610 2104 1687; baseline 0.005 -23"><span class='ocrx_word' id='word_1_110' title='bbox 451 1610 741 1682; x_wconf 86' lang='lat' dir='ltr'>paulatim</span> <span class='ocrx_word' id='word_1_111' title='bbox 770 1612 893 1665; x_wconf 76' lang='lat' dir='ltr'>fieri</span> <span class='ocrx_word' id='word_1_112' title='bbox 923 1618 1135 1683; x_wconf 85' lang='lat' dir='ltr'>potest,</span> <span class='ocrx_word' id='word_1_113' title='bbox 1160 1619 1350 1669; x_wconf 90' lang='lat' dir='ltr'>utnec</span> <span class='ocrx_word' id='word_1_114' title='bbox 1377 1616 1517 1670; x_wconf 89' lang='lat' dir='ltr'>vitia</span> <span class='ocrx_word' id='word_1_115' title='bbox 1537 1616 1660 1685; x_wconf 90' lang='lat' dir='ltr'>jam</span> <span class='ocrx_word' id='word_1_116' title='bbox 1690 1622 1980 1687; x_wconf 90' lang='lat' dir='ltr'>putentur.</span> <span class='ocrx_word' id='word_1_117' title='bbox 2012 1619 2104 1673; x_wconf 87' lang='lat' dir='ltr'>Ait</span> 
     </span>
    </p>
   </div>
   <div class='ocr_carea' id='block_1_17' title="bbox 450 1699 2100 1762">
    <p class='ocr_par' dir='ltr' id='par_1_17' title="bbox 450 1699 2100 1762">
     <span class='ocr_line' id='line_1_17' title="bbox 450 1699 2100 1762; baseline 0.005 -8"><span class='ocrx_word' id='word_1_118' title='bbox 450 1699 608 1754; x_wconf 92' lang='lat' dir='ltr'>enim</span> <span class='ocrx_word' id='word_1_119' title='bbox 643 1716 746 1755; x_wconf 90' lang='lat' dir='ltr'>vas</span> <span class='ocrx_word' id='word_1_120' title='bbox 786 1701 1126 1756; x_wconf 88' lang='lat' dir='ltr'>electionis:</span> <span class='ocrx_word' id='word_1_121' title='bbox 1184 1704 1319 1757; x_wconf 85' lang='lat' dir='ltr'>Non</span> <span class='ocrx_word' id='word_1_122' title='bbox 1378 1705 1438 1758; x_wconf 84' lang='lat' dir='ltr'>in</span> <span class='ocrx_word' id='word_1_123' title='bbox 1488 1707 2006 1761; x_wconf 84' lang='lat' dir='ltr'>comessationibus</span> <span class='ocrx_word' id='word_1_124' title='bbox 2047 1712 2100 1762; x_wconf 84' lang='lat' dir='ltr'>et</span> 
     </span>
    </p>
   </div>
   <div class='ocr_carea' id='block_1_18' title="bbox 450 1789 2099 1862">
    <p class='ocr_par' dir='ltr' id='par_1_18' title="bbox 450 1789 2099 1862">
     <span class='ocr_line' id='line_1_18' title="bbox 450 1789 2099 1862; baseline 0.005 -19"><span class='ocrx_word' id='word_1_125' title='bbox 450 1789 847 1859; x_wconf 79' lang='lat' dir='ltr'>ebrietatibus,</span> <span class='ocrx_word' id='word_1_126' title='bbox 892 1808 1009 1845; x_wconf 89' lang='lat' dir='ltr'>non</span> <span class='ocrx_word' id='word_1_127' title='bbox 1049 1793 1111 1846; x_wconf 86' lang='lat' dir='ltr'>in</span> <span class='ocrx_word' id='word_1_128' title='bbox 1152 1793 1434 1847; x_wconf 85' lang='lat' dir='ltr'>cubilibus</span> <span class='ocrx_word' id='word_1_129' title='bbox 1466 1801 1519 1849; x_wconf 87' lang='lat' dir='ltr'>et</span> <span class='ocrx_word' id='word_1_130' title='bbox 1549 1794 1948 1862; x_wconf 78' lang='lat' dir='ltr'>impudicitiis,</span> <span class='ocrx_word' id='word_1_131' title='bbox 1982 1814 2099 1851; x_wconf 86' lang='lat' dir='ltr'>non</span> 
     </span>
    </p>
   </div>
   <div class='ocr_carea' id='block_1_19' title="bbox 448 1876 2097 1946">
    <p class='ocr_par' dir='ltr' id='par_1_19' title="bbox 448 1876 2097 1946">
     <span class='ocr_line' id='line_1_19' title="bbox 448 1876 2097 1946; baseline 0.007 -17"><span class='ocrx_word' id='word_1_132' title='bbox 448 1876 509 1931; x_wconf 86' lang='lat' dir='ltr'>in</span> <span class='ocrx_word' id='word_1_133' title='bbox 543 1882 915 1935; x_wconf 78' lang='lat' dir='ltr'>contentione</span> <span class='ocrx_word' id='word_1_134' title='bbox 944 1887 995 1935; x_wconf 88' lang='lat' dir='ltr'>et</span> <span class='ocrx_word' id='word_1_135' title='bbox 1028 1882 1159 1936; x_wconf 85' lang='lat' dir='ltr'>dolo</span> <span class='ocrx_word' id='word_1_136' title='bbox 1192 1899 1208 1946; x_wconf 93' lang='lat'><em>;</em></span> <span class='ocrx_word' id='word_1_137' title='bbox 1248 1882 1350 1937; x_wconf 88' lang='lat' dir='ltr'>sed</span> <span class='ocrx_word' id='word_1_138' title='bbox 1391 1883 1620 1938; x_wconf 80' lang='lat' dir='ltr'>induite</span> <span class='ocrx_word' id='word_1_139' title='bbox 1652 1900 1743 1939; x_wconf 85' lang='lat' dir='ltr'>vos</span> <span class='ocrx_word' id='word_1_140' title='bbox 1786 1886 2097 1941; x_wconf 83' lang='lat' dir='ltr'>Dominum</span> 
     </span>
    </p>
   </div>
   <div class='ocr_carea' id='block_1_20' title="bbox 447 1967 2097 2042">
    <p class='ocr_par' dir='ltr' id='par_1_20' title="bbox 447 1967 2097 2042">
     <span class='ocr_line' id='line_1_20' title="bbox 447 1967 2097 2042; baseline 0.006 -22"><span class='ocrx_word' id='word_1_141' title='bbox 447 1967 648 2022; x_wconf 86' lang='lat' dir='ltr'>Jesum</span> <span class='ocrx_word' id='word_1_142' title='bbox 692 1968 1015 2033; x_wconf 80' lang='lat' dir='ltr'>Christum,</span> <span class='ocrx_word' id='word_1_143' title='bbox 1074 1978 1126 2026; x_wconf 88' lang='lat' dir='ltr'>et</span> <span class='ocrx_word' id='word_1_144' title='bbox 1166 1972 1365 2026; x_wconf 78' lang='lat' dir='ltr'>carnis</span> <span class='ocrx_word' id='word_1_145' title='bbox 1397 1988 1604 2027; x_wconf 86' lang='lat' dir='ltr'>curam</span> <span class='ocrx_word' id='word_1_146' title='bbox 1647 1988 1718 2028; x_wconf 88' lang='lat' dir='ltr'>ne</span> <span class='ocrx_word' id='word_1_147' title='bbox 1745 1974 2006 2042; x_wconf 77' lang='lat' dir='ltr'>feceritis</span> <span class='ocrx_word' id='word_1_148' title='bbox 2039 1977 2097 2030; x_wconf 85' lang='lat' dir='ltr'>in</span> 
     </span>
    </p>
   </div>
   <div class='ocr_carea' id='block_1_21' title="bbox 450 2058 1548 2130">
    <p class='ocr_par' dir='ltr' id='par_1_21' title="bbox 450 2058 1548 2130">
     <span class='ocr_line' id='line_1_21' title="bbox 450 2058 1548 2130; baseline 0.003 -18"><span class='ocrx_word' id='word_1_149' title='bbox 450 2059 932 2120; x_wconf 79' lang='lat' dir='ltr'>concupiscentiis</span> <span class='ocrx_word' id='word_1_150' title='bbox 964 2058 1152 2129; x_wconf 83' lang='lat' dir='ltr'>(Rom.</span> <span class='ocrx_word' id='word_1_151' title='bbox 1185 2076 1285 2128; x_wconf 85' lang='lat' dir='ltr'>xu,</span> <span class='ocrx_word' id='word_1_152' title='bbox 1324 2062 1408 2125; x_wconf 41' lang='lat'>‘13,</span> <span class='ocrx_word' id='word_1_153' title='bbox 1439 2063 1548 2130; x_wconf 81' lang='grc'>14).</span> 
     </span>
    </p>
   </div>
   <div class='ocr_carea' id='block_1_22' title="bbox 519 2149 2097 2222">
    <p class='ocr_par' dir='ltr' id='par_1_22' title="bbox 519 2149 2097 2222">
     <span class='ocr_line' id='line_1_22' title="bbox 519 2149 2097 2222; baseline 0.004 -21"><span class='ocrx_word' id='word_1_154' title='bbox 519 2150 571 2201; x_wconf 87' lang='lat'>3.</span> <span class='ocrx_word' id='word_1_155' title='bbox 605 2149 824 2201; x_wconf 88' lang='lat' dir='ltr'>Horum</span> <span class='ocrx_word' id='word_1_156' title='bbox 849 2164 990 2216; x_wconf 84' lang='lat' dir='ltr'>ergo</span> <span class='ocrx_word' id='word_1_157' title='bbox 1020 2151 1214 2212; x_wconf 89' lang='lat' dir='ltr'>trium,</span> <span class='ocrx_word' id='word_1_158' title='bbox 1235 2150 1453 2205; x_wconf 88' lang='lat' dir='ltr'>cubilia</span> <span class='ocrx_word' id='word_1_159' title='bbox 1480 2155 1537 2204; x_wconf 91' lang='lat' dir='ltr'>et</span> <span class='ocrx_word' id='word_1_160' title='bbox 1568 2151 1955 2222; x_wconf 90' lang='lat' dir='ltr'>impudicitia</span> <span class='ocrx_word' id='word_1_161' title='bbox 1980 2163 2097 2207; x_wconf 87' lang='lat' dir='ltr'>tam</span> 
     </span>
    </p>
   </div>
   <div class='ocr_carea' id='block_1_23' title="bbox 447 2240 2101 2310">
    <p class='ocr_par' dir='ltr' id='par_1_23' title="bbox 447 2240 2101 2310">
     <span class='ocr_line' id='line_1_23' title="bbox 447 2240 2101 2310; baseline 0.005 -21"><span class='ocrx_word' id='word_1_162' title='bbox 447 2250 739 2305; x_wconf 89' lang='lat' dir='ltr'>magnum</span> <span class='ocrx_word' id='word_1_163' title='bbox 788 2240 1013 2291; x_wconf 84' lang='lat' dir='ltr'>crimen</span> <span class='ocrx_word' id='word_1_164' title='bbox 1056 2243 1356 2309; x_wconf 88' lang='lat' dir='ltr'>putantur,</span> <span class='ocrx_word' id='word_1_165' title='bbox 1400 2244 1461 2294; x_wconf 90' lang='lat' dir='ltr'>ut</span> <span class='ocrx_word' id='word_1_166' title='bbox 1502 2256 1678 2295; x_wconf 92' lang='lat' dir='ltr'>nemo</span> <span class='ocrx_word' id='word_1_167' title='bbox 1718 2241 1935 2310; x_wconf 85' lang='lat' dir='ltr'>dignus</span> <span class='ocrx_word' id='word_1_168' title='bbox 1979 2258 2101 2297; x_wconf 92' lang='lat' dir='ltr'>non</span> 
     </span>
    </p>
   </div>
   <div class='ocr_carea' id='block_1_24' title="bbox 448 2325 2101 2401">
    <p class='ocr_par' dir='ltr' id='par_1_24' title="bbox 448 2325 2101 2401">
     <span class='ocr_line' id='line_1_24' title="bbox 448 2325 2101 2401; baseline 0.005 -22"><span class='ocrx_word' id='word_1_169' title='bbox 448 2325 629 2380; x_wconf 92' lang='lat' dir='ltr'>modo</span> <span class='ocrx_word' id='word_1_170' title='bbox 651 2325 1050 2382; x_wconf 85' lang='lat' dir='ltr'>ecclesiastico</span> <span class='ocrx_word' id='word_1_171' title='bbox 1074 2328 1417 2390; x_wconf 89' lang='lat' dir='ltr'>ministerio,</span> <span class='ocrx_word' id='word_1_172' title='bbox 1434 2330 1535 2383; x_wconf 92' lang='lat' dir='ltr'>sed</span> <span class='ocrx_word' id='word_1_173' title='bbox 1560 2330 1693 2401; x_wconf 90' lang='lat' dir='ltr'>ipsa</span> <span class='ocrx_word' id='word_1_174' title='bbox 1712 2331 1889 2386; x_wconf 90' lang='lat' dir='ltr'>etiam</span> <span class='ocrx_word' id='word_1_175' title='bbox 1909 2347 2101 2387; x_wconf 84' lang='lat' dir='ltr'>sacra-</span> 
     </span>
    </p>
   </div>
   <div class='ocr_carea' id='block_1_25' title="bbox 448 2416 2102 2490">
    <p class='ocr_par' dir='ltr' id='par_1_25' title="bbox 448 2416 2102 2490">
     <span class='ocr_line' id='line_1_25' title="bbox 448 2416 2102 2490; baseline 0.004 -23"><span class='ocrx_word' id='word_1_176' title='bbox 448 2421 782 2468; x_wconf 88' lang='lat' dir='ltr'>mentorum</span> <span class='ocrx_word' id='word_1_177' title='bbox 824 2416 1241 2470; x_wconf 85' lang='lat' dir='ltr'>communione</span> <span class='ocrx_word' id='word_1_178' title='bbox 1273 2417 1563 2483; x_wconf 89' lang='lat' dir='ltr'>videatur,</span> <span class='ocrx_word' id='word_1_179' title='bbox 1598 2420 1695 2489; x_wconf 90' lang='lat' dir='ltr'>qui</span> <span class='ocrx_word' id='word_1_180' title='bbox 1730 2435 1790 2472; x_wconf 88' lang='lat' dir='ltr'>se</span> <span class='ocrx_word' id='word_1_181' title='bbox 1824 2419 1934 2473; x_wconf 83' lang='lat' dir='ltr'>isto</span> <span class='ocrx_word' id='word_1_182' title='bbox 1961 2436 2102 2490; x_wconf 92' lang='lat' dir='ltr'>pec-</span> 
     </span>
    </p>
   </div>
   <div class='ocr_carea' id='block_1_26' title="bbox 446 2502 2103 2579">
    <p class='ocr_par' dir='ltr' id='par_1_26' title="bbox 446 2502 2103 2579">
     <span class='ocr_line' id='line_1_26' title="bbox 446 2502 2103 2579; baseline 0.004 -22"><span class='ocrx_word' id='word_1_183' title='bbox 446 2508 578 2557; x_wconf 91' lang='lat' dir='ltr'>cato</span> <span class='ocrx_word' id='word_1_184' title='bbox 611 2502 970 2558; x_wconf 77' lang='lat' dir='ltr'>maculavit’l</span> <span class='ocrx_word' id='word_1_185' title='bbox 1002 2524 1013 2561; x_wconf 87' lang='lat'><em>:</em></span> <span class='ocrx_word' id='word_1_186' title='bbox 1050 2509 1105 2559; x_wconf 89' lang='lat' dir='ltr'>et</span> <span class='ocrx_word' id='word_1_187' title='bbox 1143 2511 1296 2560; x_wconf 87' lang='lat' dir='ltr'>recte</span> <span class='ocrx_word' id='word_1_188' title='bbox 1326 2508 1593 2562; x_wconf 93' lang='lat' dir='ltr'>omnino.</span> <span class='ocrx_word' id='word_1_189' title='bbox 1630 2508 1741 2563; x_wconf 86' lang='lat' dir='ltr'>Sed</span> <span class='ocrx_word' id='word_1_190' title='bbox 1773 2524 1957 2579; x_wconf 90' lang='lat' dir='ltr'>quare</span> <span class='ocrx_word' id='word_1_191' title='bbox 2003 2525 2103 2563; x_wconf 91' lang='lat' dir='ltr'>so-</span> 
     </span>
    </p>
   </div>
   <div class='ocr_carea' id='block_1_27' title="bbox 445 2590 2099 2652">
    <p class='ocr_par' dir='ltr' id='par_1_27' title="bbox 445 2590 2099 2652">
     <span class='ocr_line' id='line_1_27' title="bbox 445 2590 2099 2652; baseline 0.005 -9"><span class='ocrx_word' id='word_1_192' title='bbox 445 2590 571 2645; x_wconf 91' lang='lat' dir='ltr'>lum</span> <span class='ocrx_word' id='word_1_193' title='bbox 586 2592 614 2646; x_wconf 71' lang='lat'>‘2</span> <span class='ocrx_word' id='word_1_194' title='bbox 634 2592 1111 2647; x_wconf 90' lang='lat' dir='ltr'>Comessationes</span> <span class='ocrx_word' id='word_1_195' title='bbox 1128 2595 1285 2647; x_wconf 90' lang='lat' dir='ltr'>enim</span> <span class='ocrx_word' id='word_1_196' title='bbox 1306 2600 1362 2649; x_wconf 90' lang='lat' dir='ltr'>et</span> <span class='ocrx_word' id='word_1_197' title='bbox 1380 2596 1690 2652; x_wconf 87' lang='lat' dir='ltr'>ebrietates</span> <span class='ocrx_word' id='word_1_198' title='bbox 1704 2596 1784 2651; x_wconf 90' lang='lat' dir='ltr'>ita</span> <span class='ocrx_word' id='word_1_199' title='bbox 1798 2613 2099 2652; x_wconf 88' lang='lat' dir='ltr'>concessa</span> 
     </span>
    </p>
   </div>
   <div class='ocr_carea' id='block_1_28' title="bbox 446 2680 2098 2751">
    <p class='ocr_par' dir='ltr' id='par_1_28' title="bbox 446 2680 2098 2751">
     <span class='ocr_line' id='line_1_28' title="bbox 446 2680 2098 2751; baseline 0.004 -15"><span class='ocrx_word' id='word_1_200' title='bbox 446 2687 501 2736; x_wconf 90' lang='lat' dir='ltr'>et</span> <span class='ocrx_word' id='word_1_201' title='bbox 526 2680 697 2735; x_wconf 89' lang='lat' dir='ltr'>licita</span> <span class='ocrx_word' id='word_1_202' title='bbox 722 2686 1025 2751; x_wconf 88' lang='lat' dir='ltr'>putantur,</span> <span class='ocrx_word' id='word_1_203' title='bbox 1052 2683 1189 2737; x_wconf 92' lang='lat' dir='ltr'>utin</span> <span class='ocrx_word' id='word_1_204' title='bbox 1214 2684 1500 2739; x_wconf 87' lang='lat' dir='ltr'>honorem</span> <span class='ocrx_word' id='word_1_205' title='bbox 1524 2687 1699 2741; x_wconf 90' lang='lat' dir='ltr'>etiam</span> <span class='ocrx_word' id='word_1_206' title='bbox 1726 2686 2098 2742; x_wconf 84' lang='lat' dir='ltr'>beatissimo-</span> 
     </span>
    </p>
   </div>
   <div class='ocr_carea' id='block_1_29' title="bbox 444 2772 2095 2847">
    <p class='ocr_par' dir='ltr' id='par_1_29' title="bbox 444 2772 2095 2847">
     <span class='ocr_line' id='line_1_29' title="bbox 444 2772 2095 2847; baseline 0.004 -23"><span class='ocrx_word' id='word_1_207' title='bbox 444 2786 577 2825; x_wconf 91' lang='lat' dir='ltr'>rum</span> <span class='ocrx_word' id='word_1_208' title='bbox 601 2776 952 2842; x_wconf 87' lang='lat' dir='ltr'>martyrum,</span> <span class='ocrx_word' id='word_1_209' title='bbox 972 2787 1091 2827; x_wconf 91' lang='lat' dir='ltr'>non</span> <span class='ocrx_word' id='word_1_210' title='bbox 1115 2772 1305 2827; x_wconf 91' lang='lat' dir='ltr'>solum</span> <span class='ocrx_word' id='word_1_211' title='bbox 1333 2790 1435 2845; x_wconf 90' lang='lat' dir='ltr'>per</span> <span class='ocrx_word' id='word_1_212' title='bbox 1457 2774 1580 2829; x_wconf 90' lang='lat' dir='ltr'>dies</span> <span class='ocrx_word' id='word_1_213' title='bbox 1603 2774 1899 2829; x_wconf 87' lang='lat' dir='ltr'>solemnes</span> <span class='ocrx_word' id='word_1_214' title='bbox 1917 2776 2095 2847; x_wconf 88' lang='lat' dir='ltr'>(quod</span> 
     </span>
    </p>
   </div>
   <div class='ocr_carea' id='block_1_30' title="bbox 446 2860 2096 2935">
    <p class='ocr_par' dir='ltr' id='par_1_30' title="bbox 446 2860 2096 2935">
     <span class='ocr_line' id='line_1_30' title="bbox 446 2860 2096 2935; baseline 0.005 -22"><span class='ocrx_word' id='word_1_215' title='bbox 446 2860 643 2930; x_wconf 90' lang='lat' dir='ltr'>ipsum</span> <span class='ocrx_word' id='word_1_216' title='bbox 662 2860 797 2931; x_wconf 88' lang='lat' dir='ltr'>quis</span> <span class='ocrx_word' id='word_1_217' title='bbox 822 2876 941 2915; x_wconf 92' lang='lat' dir='ltr'>non</span> <span class='ocrx_word' id='word_1_218' title='bbox 966 2861 1295 2931; x_wconf 91' lang='lat' dir='ltr'>lugendum</span> <span class='ocrx_word' id='word_1_219' title='bbox 1317 2863 1528 2927; x_wconf 85' lang='lat' dir='ltr'>videat,</span> <span class='ocrx_word' id='word_1_220' title='bbox 1554 2864 1655 2935; x_wconf 89' lang='lat' dir='ltr'>qui</span> <span class='ocrx_word' id='word_1_221' title='bbox 1679 2864 1806 2919; x_wconf 88' lang='lat' dir='ltr'>hac</span> <span class='ocrx_word' id='word_1_222' title='bbox 1830 2880 1949 2919; x_wconf 93' lang='lat' dir='ltr'>non</span> <span class='ocrx_word' id='word_1_223' title='bbox 1974 2882 2096 2921; x_wconf 89' lang='lat' dir='ltr'>car-</span> 
     </span>
    </p>
   </div>
   <div class='ocr_carea' id='block_1_31' title="bbox 445 2948 2093 3024">
    <p class='ocr_par' dir='ltr' id='par_1_31' title="bbox 445 2948 2093 3024">
     <span class='ocr_line' id='line_1_31' title="bbox 445 2948 2093 3024; baseline 0.003 -22"><span class='ocrx_word' id='word_1_224' title='bbox 445 2949 538 3003; x_wconf 90' lang='lat' dir='ltr'>nis</span> <span class='ocrx_word' id='word_1_225' title='bbox 560 2950 581 2982; x_wconf 69' lang='lat'><strong><em>3</em></strong></span> <span class='ocrx_word' id='word_1_226' title='bbox 602 2949 788 3004; x_wconf 89' lang='lat' dir='ltr'>oculis</span> <span class='ocrx_word' id='word_1_227' title='bbox 809 2948 1092 3020; x_wconf 88' lang='lat' dir='ltr'>inspicit),</span> <span class='ocrx_word' id='word_1_228' title='bbox 1110 2949 1213 3005; x_wconf 88' lang='lat' dir='ltr'>sed</span> <span class='ocrx_word' id='word_1_229' title='bbox 1226 2951 1400 3006; x_wconf 90' lang='lat' dir='ltr'>etiam</span> <span class='ocrx_word' id='word_1_230' title='bbox 1416 2952 1679 3024; x_wconf 89' lang='lat' dir='ltr'>quotidie</span> <span class='ocrx_word' id='word_1_231' title='bbox 1702 2953 2093 3009; x_wconf 90' lang='lat' dir='ltr'>celebrentur.</span> 
     </span>
    </p>
   </div>
   <div class='ocr_carea' id='block_1_32' title="bbox 446 3037 2096 3109">
    <p class='ocr_par' dir='ltr' id='par_1_32' title="bbox 446 3037 2096 3109">
     <span class='ocr_line' id='line_1_32' title="bbox 446 3037 2096 3109; baseline 0.004 -17"><span class='ocrx_word' id='word_1_232' title='bbox 446 3039 588 3102; x_wconf 85' lang='lat' dir='ltr'>Qua</span> <span class='ocrx_word' id='word_1_233' title='bbox 615 3037 850 3093; x_wconf 85' lang='lat' dir='ltr'>faditas</span> <span class='ocrx_word' id='word_1_234' title='bbox 873 3040 893 3072; x_wconf 77' lang='grc'><strong><em>⁴</em></strong></span> <span class='ocrx_word' id='word_1_235' title='bbox 921 3039 969 3093; x_wconf 91' lang='lat' dir='ltr'>si</span> <span class='ocrx_word' id='word_1_236' title='bbox 1000 3043 1230 3094; x_wconf 82' lang='lat' dir='ltr'>tantum</span> <span class='ocrx_word' id='word_1_237' title='bbox 1255 3040 1551 3109; x_wconf 86' lang='lat' dir='ltr'>ﬂagitiosa</span> <span class='ocrx_word' id='word_1_238' title='bbox 1577 3047 1631 3096; x_wconf 91' lang='lat' dir='ltr'>et</span> <span class='ocrx_word' id='word_1_239' title='bbox 1658 3058 1777 3096; x_wconf 88' lang='lat' dir='ltr'>non</span> <span class='ocrx_word' id='word_1_240' title='bbox 1804 3043 1981 3098; x_wconf 91' lang='lat' dir='ltr'>etiam</span> <span class='ocrx_word' id='word_1_241' title='bbox 2003 3060 2096 3099; x_wconf 90' lang='lat' dir='ltr'>sa-</span> 
     </span>
    </p>
   </div>
   <div class='ocr_carea' id='block_1_33' title="bbox 443 3127 2093 3201">
    <p class='ocr_par' dir='ltr' id='par_1_33' title="bbox 443 3127 2093 3201">
     <span class='ocr_line' id='line_1_33' title="bbox 443 3127 2093 3201; baseline 0.004 -19"><span class='ocrx_word' id='word_1_242' title='bbox 443 3127 661 3197; x_wconf 89' lang='lat' dir='ltr'>crilega</span> <span class='ocrx_word' id='word_1_243' title='bbox 681 3128 1353 3201; x_wconf 89' lang='lat' dir='ltr'>esset,quibuscumque</span> <span class='ocrx_word' id='word_1_244' title='bbox 1368 3130 1695 3187; x_wconf 88' lang='lat' dir='ltr'>tolerantia</span> <span class='ocrx_word' id='word_1_245' title='bbox 1723 3133 1941 3187; x_wconf 91' lang='lat' dir='ltr'>viribus</span> <span class='ocrx_word' id='word_1_246' title='bbox 1967 3150 2093 3188; x_wconf 91' lang='lat' dir='ltr'>sus-</span> 
     </span>
    </p>
   </div>
   <div class='ocr_carea' id='block_1_34' title="bbox 441 3218 2087 3290">
    <p class='ocr_par' dir='ltr' id='par_1_34' title="bbox 441 3218 2087 3290">
     <span class='ocr_line' id='line_1_34' title="bbox 441 3218 2087 3290; baseline 0.002 -17"><span class='ocrx_word' id='word_1_247' title='bbox 441 3218 789 3273; x_wconf 87' lang='lat' dir='ltr'>tentandam</span> <span class='ocrx_word' id='word_1_248' title='bbox 832 3224 1202 3289; x_wconf 84' lang='lat' dir='ltr'>putaremus.</span> <span class='ocrx_word' id='word_1_249' title='bbox 1256 3221 1612 3290; x_wconf 85' lang='lat' dir='ltr'>Quanquam</span> <span class='ocrx_word' id='word_1_250' title='bbox 1655 3222 1755 3275; x_wconf 89' lang='lat' dir='ltr'>ubi</span> <span class='ocrx_word' id='word_1_251' title='bbox 1796 3229 1882 3276; x_wconf 90' lang='lat' dir='ltr'>est</span> <span class='ocrx_word' id='word_1_252' title='bbox 1924 3223 2087 3289; x_wconf 88' lang='lat' dir='ltr'>illud,</span> 
     </span>
    </p>
   </div>
   <div class='ocr_carea' id='block_1_35' title="bbox 441 3307 2085 3382">
    <p class='ocr_par' dir='ltr' id='par_1_35' title="bbox 441 3307 2085 3382">
     <span class='ocr_line' id='line_1_35' title="bbox 441 3307 2085 3382; baseline 0.004 -22"><span class='ocrx_word' id='word_1_253' title='bbox 441 3308 603 3377; x_wconf 91' lang='lat' dir='ltr'>quod</span> <span class='ocrx_word' id='word_1_254' title='bbox 627 3324 764 3361; x_wconf 91' lang='lat' dir='ltr'>cum</span> <span class='ocrx_word' id='word_1_255' title='bbox 794 3307 979 3362; x_wconf 89' lang='lat' dir='ltr'>multa</span> <span class='ocrx_word' id='word_1_256' title='bbox 999 3309 1556 3364; x_wconf 88' lang='lat' dir='ltr'>vitiaenumerasset</span> <span class='ocrx_word' id='word_1_257' title='bbox 1580 3311 1737 3365; x_wconf 91' lang='lat' dir='ltr'>idem</span> <span class='ocrx_word' id='word_1_258' title='bbox 1760 3313 2085 3382; x_wconf 84' lang='lat' dir='ltr'>apostolus,</span> 
     </span>
    </p>
   </div>
   <div class='ocr_carea' id='block_1_36' title="bbox 441 3388 2089 3466">
    <p class='ocr_par' dir='ltr' id='par_1_36' title="bbox 441 3388 2089 3466">
     <span class='ocr_line' id='line_1_36' title="bbox 441 3388 2089 3466; baseline 0.005 -19"><span class='ocrx_word' id='word_1_259' title='bbox 441 3388 592 3448; x_wconf 87' lang='lat' dir='ltr'>inter</span> <span class='ocrx_word' id='word_1_260' title='bbox 621 3411 755 3465; x_wconf 89' lang='lat' dir='ltr'>qua</span> <span class='ocrx_word' id='word_1_261' title='bbox 789 3395 986 3466; x_wconf 89' lang='lat' dir='ltr'>posuit</span> <span class='ocrx_word' id='word_1_262' title='bbox 1010 3396 1299 3461; x_wconf 89' lang='lat' dir='ltr'>ebriosos,</span> <span class='ocrx_word' id='word_1_263' title='bbox 1332 3399 1409 3452; x_wconf 91' lang='lat' dir='ltr'>ita</span> <span class='ocrx_word' id='word_1_264' title='bbox 1436 3398 1743 3461; x_wconf 90' lang='lat' dir='ltr'>conclusit,</span> <span class='ocrx_word' id='word_1_265' title='bbox 1782 3405 1845 3453; x_wconf 89' lang='lat' dir='ltr'>ut</span> <span class='ocrx_word' id='word_1_266' title='bbox 1871 3400 2089 3456; x_wconf 88' lang='lat' dir='ltr'>diceret</span> 
     </span>
    </p>
   </div>
   <div class='ocr_carea' id='block_1_37' title="bbox 440 3482 2087 3559">
    <p class='ocr_par' dir='ltr' id='par_1_37' title="bbox 440 3482 2087 3559">
     <span class='ocr_line' id='line_1_37' title="bbox 440 3482 2087 3559; baseline 0.005 -24"><span class='ocrx_word' id='word_1_267' title='bbox 440 3497 579 3537; x_wconf 93' lang='lat' dir='ltr'>cum</span> <span class='ocrx_word' id='word_1_268' title='bbox 610 3482 829 3537; x_wconf 81' lang='lat' dir='ltr'>talibus</span> <span class='ocrx_word' id='word_1_269' title='bbox 855 3500 962 3538; x_wconf 91' lang='lat' dir='ltr'>nec</span> <span class='ocrx_word' id='word_1_270' title='bbox 1002 3501 1217 3555; x_wconf 89' lang='lat' dir='ltr'>panem</span> <span class='ocrx_word' id='word_1_271' title='bbox 1254 3486 1476 3542; x_wconf 73' lang='lat' dir='ltr'>edere?</span> <span class='ocrx_word' id='word_1_272' title='bbox 1502 3488 1541 3557; x_wconf 89' lang='lat' dir='ltr'>(I</span> <span class='ocrx_word' id='word_1_273' title='bbox 1579 3487 1711 3542; x_wconf 87' lang='lat' dir='ltr'>Cor.</span> <span class='ocrx_word' id='word_1_274' title='bbox 1741 3504 1793 3551; x_wconf 91' lang='lat' dir='ltr'>v,</span> <span class='ocrx_word' id='word_1_275' title='bbox 1836 3490 1935 3559; x_wconf 85' lang='lat' dir='ltr'>tl).</span> <span class='ocrx_word' id='word_1_276' title='bbox 1974 3489 2087 3545; x_wconf 92' lang='lat' dir='ltr'>Sed</span> 
     </span>
    </p>
   </div>
   <div class='ocr_carea' id='block_1_38' title="bbox 440 3571 2090 3641">
    <p class='ocr_par' dir='ltr' id='par_1_38' title="bbox 440 3571 2090 3641">
     <span class='ocr_line' id='line_1_38' title="bbox 440 3571 2090 3641; baseline 0.004 -16"><span class='ocrx_word' id='word_1_277' title='bbox 440 3571 701 3626; x_wconf 83' lang='lat' dir='ltr'>feramus</span> <span class='ocrx_word' id='word_1_278' title='bbox 740 3571 868 3627; x_wconf 88' lang='lat' dir='ltr'>hac</span> <span class='ocrx_word' id='word_1_279' title='bbox 913 3574 971 3628; x_wconf 91' lang='lat' dir='ltr'>in</span> <span class='ocrx_word' id='word_1_280' title='bbox 1004 3573 1141 3629; x_wconf 85' lang='lat' dir='ltr'>luxu</span> <span class='ocrx_word' id='word_1_281' title='bbox 1171 3583 1225 3629; x_wconf 90' lang='lat' dir='ltr'>et</span> <span class='ocrx_word' id='word_1_282' title='bbox 1254 3575 1389 3631; x_wconf 88' lang='lat' dir='ltr'>labe</span> <span class='ocrx_word' id='word_1_283' title='bbox 1416 3576 1763 3641; x_wconf 89' lang='lat' dir='ltr'>domestica,</span> <span class='ocrx_word' id='word_1_284' title='bbox 1798 3583 1852 3632; x_wconf 92' lang='lat' dir='ltr'>et</span> <span class='ocrx_word' id='word_1_285' title='bbox 1882 3594 2090 3632; x_wconf 90' lang='lat' dir='ltr'>eorum</span> 
     </span>
    </p>
   </div>
   <div class='ocr_carea' id='block_1_39' title="bbox 442 3661 2087 3736">
    <p class='ocr_par' dir='ltr' id='par_1_39' title="bbox 442 3661 2087 3736">
     <span class='ocr_line' id='line_1_39' title="bbox 442 3661 2087 3736; baseline 0.004 -21"><span class='ocrx_word' id='word_1_286' title='bbox 442 3661 843 3716; x_wconf 91' lang='lat' dir='ltr'>conviviorum</span> <span class='ocrx_word' id='word_1_287' title='bbox 887 3679 1021 3735; x_wconf 87' lang='lat' dir='ltr'>qua</span> <span class='ocrx_word' id='word_1_288' title='bbox 1061 3666 1301 3736; x_wconf 84' lang='lat' dir='ltr'>privatis</span> <span class='ocrx_word' id='word_1_289' title='bbox 1332 3666 1657 3735; x_wconf 87' lang='lat' dir='ltr'>parietibus</span> <span class='ocrx_word' id='word_1_290' title='bbox 1690 3669 2087 3734; x_wconf 89' lang='lat' dir='ltr'>continentur,</span> 
     </span>
    </p>
   </div>
   <div class='ocr_carea' id='block_1_40' title="bbox 440 3751 2091 3829">
    <p class='ocr_par' dir='ltr' id='par_1_40' title="bbox 440 3751 2091 3829">
     <span class='ocr_line' id='line_1_40' title="bbox 440 3751 2091 3829; baseline 0.005 -24"><span class='ocrx_word' id='word_1_291' title='bbox 440 3751 931 3825; x_wconf 86' lang='lat' dir='ltr'>accipiamusque</span> <span class='ocrx_word' id='word_1_292' title='bbox 954 3770 1091 3809; x_wconf 90' lang='lat' dir='ltr'>cum</span> <span class='ocrx_word' id='word_1_293' title='bbox 1119 3756 1201 3809; x_wconf 89' lang='lat' dir='ltr'>eis</span> <span class='ocrx_word' id='word_1_294' title='bbox 1224 3771 1440 3827; x_wconf 85' lang='lat' dir='ltr'>corpus</span> <span class='ocrx_word' id='word_1_295' title='bbox 1462 3756 1691 3827; x_wconf 84' lang='lat' dir='ltr'>Christi,</span> <span class='ocrx_word' id='word_1_296' title='bbox 1709 3774 1843 3811; x_wconf 92' lang='lat' dir='ltr'>cum</span> <span class='ocrx_word' id='word_1_297' title='bbox 1871 3758 2091 3829; x_wconf 88' lang='lat' dir='ltr'>quibus</span> 
     </span>
    </p>
   </div>
   <div class='ocr_carea' id='block_1_41' title="bbox 437 3841 2087 3911">
    <p class='ocr_par' dir='ltr' id='par_1_41' title="bbox 437 3841 2087 3911">
     <span class='ocr_line' id='line_1_41' title="bbox 437 3841 2087 3911; baseline 0.004 -17"><span class='ocrx_word' id='word_1_298' title='bbox 437 3854 655 3911; x_wconf 87' lang='lat' dir='ltr'>panem</span> <span class='ocrx_word' id='word_1_299' title='bbox 674 3841 847 3896; x_wconf 90' lang='lat' dir='ltr'>edere</span> <span class='ocrx_word' id='word_1_300' title='bbox 864 3842 1278 3910; x_wconf 88' lang='lat' dir='ltr'>prohibemur;</span> <span class='ocrx_word' id='word_1_301' title='bbox 1297 3844 1502 3899; x_wconf 90' lang='lat' dir='ltr'>saltem</span> <span class='ocrx_word' id='word_1_302' title='bbox 1519 3845 1590 3900; x_wconf 92' lang='lat' dir='ltr'>de</span> <span class='ocrx_word' id='word_1_303' title='bbox 1606 3854 1946 3901; x_wconf 91' lang='lat' dir='ltr'>sanctorum</span> <span class='ocrx_word' id='word_1_304' title='bbox 1963 3863 2087 3901; x_wconf 82' lang='lat' dir='ltr'>cor-</span> 
     </span>
    </p>
   </div>
   <div class='ocr_carea' id='block_1_42' title="bbox 437 3930 2086 4000">
    <p class='ocr_par' dir='ltr' id='par_1_42' title="bbox 437 3930 2086 4000">
     <span class='ocr_line' id='line_1_42' title="bbox 437 3930 2086 4000; baseline 0.004 -17"><span class='ocrx_word' id='word_1_305' title='bbox 437 3944 654 3999; x_wconf 89' lang='lat' dir='ltr'>porum</span> <span class='ocrx_word' id='word_1_306' title='bbox 688 3930 999 4000; x_wconf 88' lang='lat' dir='ltr'>sepulcris,</span> <span class='ocrx_word' id='word_1_307' title='bbox 1032 3933 1244 3987; x_wconf 89' lang='lat' dir='ltr'>saltem</span> <span class='ocrx_word' id='word_1_308' title='bbox 1275 3934 1348 3987; x_wconf 92' lang='lat' dir='ltr'>de</span> <span class='ocrx_word' id='word_1_309' title='bbox 1380 3934 1525 3988; x_wconf 90' lang='lat' dir='ltr'>locis</span> <span class='ocrx_word' id='word_1_310' title='bbox 1551 3940 2086 4000; x_wconf 89' lang='lat' dir='ltr'>sacramentorum,</span> 
     </span>
    </p>
   </div>
   <div class='ocr_carea' id='block_1_43' title="bbox 436 4016 2079 4080">
    <p class='ocr_par' dir='ltr' id='par_1_43' title="bbox 436 4016 2079 4080">
     <span class='ocr_line' id='line_1_43' title="bbox 436 4016 2079 4080; baseline 0.005 -8"><span class='ocrx_word' id='word_1_311' title='bbox 436 4016 509 4072; x_wconf 90' lang='lat' dir='ltr'>de</span> <span class='ocrx_word' id='word_1_312' title='bbox 547 4018 826 4073; x_wconf 87' lang='lat' dir='ltr'>domibus</span> <span class='ocrx_word' id='word_1_313' title='bbox 858 4020 1199 4075; x_wconf 89' lang='lat' dir='ltr'>orationum</span> <span class='ocrx_word' id='word_1_314' title='bbox 1228 4028 1459 4077; x_wconf 91' lang='lat' dir='ltr'>tantum</span> <span class='ocrx_word' id='word_1_315' title='bbox 1492 4024 1753 4077; x_wconf 89' lang='lat' dir='ltr'>dedecus</span> <span class='ocrx_word' id='word_1_316' title='bbox 1786 4031 2079 4080; x_wconf 82' lang='lat' dir='ltr'>arceatur.</span> 
     </span>
    </p>
   </div>
   <div class='ocr_carea' id='block_1_44' title="bbox 438 4106 2090 4185">
    <p class='ocr_par' dir='ltr' id='par_1_44' title="bbox 438 4106 2090 4185">
     <span class='ocr_line' id='line_1_44' title="bbox 438 4106 2090 4185; baseline 0.005 -26"><span class='ocrx_word' id='word_1_317' title='bbox 438 4106 576 4170; x_wconf 88' lang='lat' dir='ltr'>Quis</span> <span class='ocrx_word' id='word_1_318' title='bbox 596 4108 752 4161; x_wconf 92' lang='lat' dir='ltr'>enim</span> <span class='ocrx_word' id='word_1_319' title='bbox 770 4108 950 4162; x_wconf 87' lang='lat' dir='ltr'>audet</span> <span class='ocrx_word' id='word_1_320' title='bbox 967 4117 1158 4164; x_wconf 90' lang='lat' dir='ltr'>vetare</span> <span class='ocrx_word' id='word_1_321' title='bbox 1172 4111 1462 4181; x_wconf 86' lang='lat' dir='ltr'>privatim,</span> <span class='ocrx_word' id='word_1_322' title='bbox 1480 4112 1642 4182; x_wconf 90' lang='lat' dir='ltr'>quod</span> <span class='ocrx_word' id='word_1_323' title='bbox 1666 4129 1802 4167; x_wconf 90' lang='lat' dir='ltr'>cum</span> <span class='ocrx_word' id='word_1_324' title='bbox 1819 4113 2090 4185; x_wconf 86' lang='lat' dir='ltr'>frequen-</span> 
     </span>
    </p>
   </div>
   <div class='ocr_carea' id='block_1_45' title="bbox 436 4197 2089 4271">
    <p class='ocr_par' dir='ltr' id='par_1_45' title="bbox 436 4197 2089 4271">
     <span class='ocr_line' id='line_1_45' title="bbox 436 4197 2089 4271; baseline 0.004 -20"><span class='ocrx_word' id='word_1_325' title='bbox 436 4199 591 4251; x_wconf 87' lang='lat' dir='ltr'>tatur</span> <span class='ocrx_word' id='word_1_326' title='bbox 615 4197 674 4250; x_wconf 92' lang='lat' dir='ltr'>in</span> <span class='ocrx_word' id='word_1_327' title='bbox 699 4197 921 4252; x_wconf 88' lang='lat' dir='ltr'>sanctis</span> <span class='ocrx_word' id='word_1_328' title='bbox 943 4198 1106 4262; x_wconf 90' lang='lat' dir='ltr'>locis,</span> <span class='ocrx_word' id='word_1_329' title='bbox 1136 4200 1328 4254; x_wconf 91' lang='lat' dir='ltr'>honor</span> <span class='ocrx_word' id='word_1_330' title='bbox 1349 4206 1683 4271; x_wconf 88' lang='lat' dir='ltr'>martyrum</span> <span class='ocrx_word' id='word_1_331' title='bbox 1707 4203 2089 4258; x_wconf 78' lang='lat' dir='ltr'>nominatur?</span> 
     </span>
    </p>
   </div>
   <div class='ocr_carea' id='block_1_46' title="bbox 508 4285 2088 4357">
    <p class='ocr_par' dir='ltr' id='par_1_46' title="bbox 508 4285 2088 4357">
     <span class='ocr_line' id='line_1_46' title="bbox 508 4285 2088 4357; baseline 0.006 -19"><span class='ocrx_word' id='word_1_332' title='bbox 508 4288 559 4339; x_wconf 83' lang='grc'><strong>4.</strong></span> <span class='ocrx_word' id='word_1_333' title='bbox 595 4288 726 4339; x_wconf 86' lang='lat' dir='ltr'>Hac</span> <span class='ocrx_word' id='word_1_334' title='bbox 756 4285 801 4339; x_wconf 89' lang='lat' dir='ltr'>si</span> <span class='ocrx_word' id='word_1_335' title='bbox 834 4286 1029 4357; x_wconf 90' lang='lat' dir='ltr'>prima</span> <span class='ocrx_word' id='word_1_336' title='bbox 1056 4288 1246 4342; x_wconf 83' lang='lat' dir='ltr'>Africa</span> <span class='ocrx_word' id='word_1_337' title='bbox 1274 4294 1517 4344; x_wconf 89' lang='lat' dir='ltr'>tentaret</span> <span class='ocrx_word' id='word_1_338' title='bbox 1545 4291 1773 4345; x_wconf 88' lang='lat' dir='ltr'>auferre</span> <span class='ocrx_word' id='word_1_339' title='bbox 1801 4308 1836 4347; x_wconf 93' lang='lat' dir='ltr'>a</span> <span class='ocrx_word' id='word_1_340' title='bbox 1862 4294 2088 4347; x_wconf 89' lang='lat' dir='ltr'>cateris</span> 
     </span>
    </p>
   </div>
   <div class='ocr_carea' id='block_1_47' title="bbox 435 4375 2090 4448">
    <p class='ocr_par' dir='ltr' id='par_1_47' title="bbox 435 4375 2090 4448">
     <span class='ocr_line' id='line_1_47' title="bbox 435 4375 2090 4448; baseline 0.005 -19"><span class='ocrx_word' id='word_1_341' title='bbox 435 4375 623 4440; x_wconf 90' lang='lat' dir='ltr'>terris,</span> <span class='ocrx_word' id='word_1_342' title='bbox 659 4376 987 4432; x_wconf 87' lang='lat' dir='ltr'>imitatione</span> <span class='ocrx_word' id='word_1_343' title='bbox 1017 4378 1201 4448; x_wconf 90' lang='lat' dir='ltr'>digna</span> <span class='ocrx_word' id='word_1_344' title='bbox 1228 4394 1359 4433; x_wconf 90' lang='lat' dir='ltr'>esse</span> <span class='ocrx_word' id='word_1_345' title='bbox 1391 4378 1623 4434; x_wconf 87' lang='lat' dir='ltr'>deberet</span> <span class='ocrx_word' id='word_1_346' title='bbox 1649 4397 1661 4434; x_wconf 90' lang='lat'><strong>:</strong></span> <span class='ocrx_word' id='word_1_347' title='bbox 1698 4396 1834 4435; x_wconf 91' lang='lat' dir='ltr'>cum</span> <span class='ocrx_word' id='word_1_348' title='bbox 1864 4398 2003 4437; x_wconf 92' lang='lat' dir='ltr'>vero</span> <span class='ocrx_word' id='word_1_349' title='bbox 2034 4388 2090 4438; x_wconf 92' lang='lat' dir='ltr'>et</span> 
     </span>
    </p>
   </div>
   <div class='ocr_carea' id='block_1_48' title="bbox 436 4464 2088 4537">
    <p class='ocr_par' dir='ltr' id='par_1_48' title="bbox 436 4464 2088 4537">
     <span class='ocr_line' id='line_1_48' title="bbox 436 4464 2088 4537; baseline 0.005 -18"><span class='ocrx_word' id='word_1_350' title='bbox 436 4479 543 4535; x_wconf 90' lang='lat' dir='ltr'>per</span> <span class='ocrx_word' id='word_1_351' title='bbox 572 4464 749 4520; x_wconf 82' lang='lat' dir='ltr'>Italia</span> <span class='ocrx_word' id='word_1_352' title='bbox 782 4466 1109 4522; x_wconf 84' lang='lat' dir='ltr'>maximam</span> <span class='ocrx_word' id='word_1_353' title='bbox 1144 4473 1395 4537; x_wconf 89' lang='lat' dir='ltr'>partem,</span> <span class='ocrx_word' id='word_1_354' title='bbox 1438 4473 1494 4524; x_wconf 91' lang='lat' dir='ltr'>et</span> <span class='ocrx_word' id='word_1_355' title='bbox 1537 4469 1595 4523; x_wconf 92' lang='lat' dir='ltr'>in</span> <span class='ocrx_word' id='word_1_356' title='bbox 1636 4469 1767 4524; x_wconf 91' lang='lat' dir='ltr'>aliis</span> <span class='ocrx_word' id='word_1_357' title='bbox 1806 4471 2088 4527; x_wconf 88' lang='lat' dir='ltr'>omnibus</span> 
     </span>
    </p>
   </div>
   <div class='ocr_carea' id='block_1_49' title="bbox 436 4556 2088 4631">
    <p class='ocr_par' dir='ltr' id='par_1_49' title="bbox 436 4556 2088 4631">
     <span class='ocr_line' id='line_1_49' title="bbox 436 4556 2088 4631; baseline 0.004 -22"><span class='ocrx_word' id='word_1_358' title='bbox 436 4558 539 4609; x_wconf 90' lang='lat' dir='ltr'>aut</span> <span class='ocrx_word' id='word_1_359' title='bbox 569 4569 756 4626; x_wconf 90' lang='lat' dir='ltr'>prope</span> <span class='ocrx_word' id='word_1_360' title='bbox 786 4556 1069 4611; x_wconf 90' lang='lat' dir='ltr'>omnibus</span> <span class='ocrx_word' id='word_1_361' title='bbox 1104 4557 1517 4612; x_wconf 87' lang='lat' dir='ltr'>transmarinis</span> <span class='ocrx_word' id='word_1_362' title='bbox 1548 4560 1837 4628; x_wconf 87' lang='lat' dir='ltr'>Ecclesiis,</span> <span class='ocrx_word' id='word_1_363' title='bbox 1872 4564 2088 4631; x_wconf 88' lang='lat' dir='ltr'>partim</span> 
     </span>
    </p>
   </div>
   <div class='ocr_carea' id='block_1_50' title="bbox 436 4642 2087 4720">
    <p class='ocr_par' dir='ltr' id='par_1_50' title="bbox 436 4642 2087 4720">
     <span class='ocr_line' id='line_1_50' title="bbox 436 4642 2087 4720; baseline 0.006 -25"><span class='ocrx_word' id='word_1_364' title='bbox 436 4642 577 4713; x_wconf 89' lang='lat' dir='ltr'>quia</span> <span class='ocrx_word' id='word_1_365' title='bbox 606 4658 918 4715; x_wconf 89' lang='lat' dir='ltr'>nunquam</span> <span class='ocrx_word' id='word_1_366' title='bbox 948 4645 1102 4700; x_wconf 89' lang='lat' dir='ltr'>facta</span> <span class='ocrx_word' id='word_1_367' title='bbox 1128 4652 1282 4709; x_wconf 90' lang='lat' dir='ltr'>sunt,</span> <span class='ocrx_word' id='word_1_368' title='bbox 1311 4648 1524 4716; x_wconf 88' lang='lat' dir='ltr'>partim</span> <span class='ocrx_word' id='word_1_369' title='bbox 1552 4649 1691 4720; x_wconf 89' lang='lat' dir='ltr'>quia</span> <span class='ocrx_word' id='word_1_370' title='bbox 1720 4648 1810 4703; x_wconf 92' lang='lat' dir='ltr'>vel</span> <span class='ocrx_word' id='word_1_371' title='bbox 1836 4656 1965 4705; x_wconf 91' lang='lat' dir='ltr'>orta</span> <span class='ocrx_word' id='word_1_372' title='bbox 1996 4649 2087 4705; x_wconf 89' lang='lat' dir='ltr'>vel</span> 
     </span>
    </p>
   </div>
   <div class='ocr_carea' id='block_1_51' title="bbox 435 4730 2090 4810">
    <p class='ocr_par' dir='ltr' id='par_1_51' title="bbox 435 4730 2090 4810">
     <span class='ocr_line' id='line_1_51' title="bbox 435 4730 2090 4810; baseline 0.007 -27"><span class='ocrx_word' id='word_1_373' title='bbox 435 4730 780 4793; x_wconf 87' lang='lat' dir='ltr'>inveterata,</span> <span class='ocrx_word' id='word_1_374' title='bbox 821 4740 1163 4789; x_wconf 89' lang='lat' dir='ltr'>sanctorum</span> <span class='ocrx_word' id='word_1_375' title='bbox 1192 4741 1246 4790; x_wconf 92' lang='lat' dir='ltr'>et</span> <span class='ocrx_word' id='word_1_376' title='bbox 1276 4751 1411 4790; x_wconf 88' lang='lat' dir='ltr'>vere</span> <span class='ocrx_word' id='word_1_377' title='bbox 1436 4736 1511 4790; x_wconf 91' lang='lat' dir='ltr'>de</span> <span class='ocrx_word' id='word_1_378' title='bbox 1543 4737 1659 4792; x_wconf 89' lang='lat' dir='ltr'>vita</span> <span class='ocrx_word' id='word_1_379' title='bbox 1691 4738 1887 4794; x_wconf 89' lang='lat' dir='ltr'>futura</span> <span class='ocrx_word' id='word_1_380' title='bbox 1925 4741 2090 4810; x_wconf 91' lang='lat' dir='ltr'>cogi-</span> 
     </span>
    </p>
   </div>
   <div class='ocr_carea' id='block_1_52' title="bbox 435 4820 2087 4894">
    <p class='ocr_par' dir='ltr' id='par_1_52' title="bbox 435 4820 2087 4894">
     <span class='ocr_line' id='line_1_52' title="bbox 435 4820 2087 4894; baseline 0.007 -20"><span class='ocrx_word' id='word_1_381' title='bbox 435 4820 687 4875; x_wconf 88' lang='lat' dir='ltr'>tantium</span> <span class='ocrx_word' id='word_1_382' title='bbox 716 4824 1134 4893; x_wconf 89' lang='lat' dir='ltr'>episcoporum</span> <span class='ocrx_word' id='word_1_383' title='bbox 1159 4825 1464 4894; x_wconf 81' lang='lat' dir='ltr'>diligentia</span> <span class='ocrx_word' id='word_1_384' title='bbox 1485 4832 1542 4880; x_wconf 88' lang='lat' dir='ltr'>et</span> <span class='ocrx_word' id='word_1_385' title='bbox 1566 4828 2087 4886; x_wconf 88' lang='lat' dir='ltr'>animadversione</span> 
     </span>
    </p>
   </div>
   <div class='ocr_carea' id='block_1_53' title="bbox 435 4910 2087 4989">
    <p class='ocr_par' dir='ltr' id='par_1_53' title="bbox 435 4910 2087 4989">
     <span class='ocr_line' id='line_1_53' title="bbox 435 4910 2087 4989; baseline 0.007 -26"><span class='ocrx_word' id='word_1_386' title='bbox 435 4910 722 4966; x_wconf 81' lang='lat' dir='ltr'>exstincta</span> <span class='ocrx_word' id='word_1_387' title='bbox 761 4917 937 4984; x_wconf 90' lang='lat' dir='ltr'>atque</span> <span class='ocrx_word' id='word_1_388' title='bbox 976 4913 1168 4969; x_wconf 89' lang='lat' dir='ltr'>deleta</span> <span class='ocrx_word' id='word_1_389' title='bbox 1207 4915 1342 4983; x_wconf 89' lang='lat' dir='ltr'>sint,</span> <span class='ocrx_word' id='word_1_390' title='bbox 1383 4914 1729 4970; x_wconf 88' lang='lat' dir='ltr'>dubitamus</span> <span class='ocrx_word' id='word_1_391' title='bbox 1777 4920 2087 4989; x_wconf 91' lang='lat' dir='ltr'>quomodo</span> 
     </span>
    </p>
   </div>
   <div class='ocr_carea' id='block_1_54' title="bbox 433 5003 2086 5076">
    <p class='ocr_par' dir='ltr' id='par_1_54' title="bbox 433 5003 2086 5076">
     <span class='ocr_line' id='line_1_54' title="bbox 433 5003 2086 5076; baseline 0.005 -22"><span class='ocrx_word' id='word_1_392' title='bbox 433 5013 757 5069; x_wconf 89' lang='lat' dir='ltr'>possumus</span> <span class='ocrx_word' id='word_1_393' title='bbox 781 5006 1003 5056; x_wconf 90' lang='lat' dir='ltr'>tantam</span> <span class='ocrx_word' id='word_1_394' title='bbox 1034 5018 1267 5057; x_wconf 92' lang='lat' dir='ltr'>morum</span> <span class='ocrx_word' id='word_1_395' title='bbox 1287 5003 1506 5067; x_wconf 91' lang='lat' dir='ltr'>labem,</span> <span class='ocrx_word' id='word_1_396' title='bbox 1524 5004 1935 5076; x_wconf 87' lang='lat' dir='ltr'>velproposito</span> <span class='ocrx_word' id='word_1_397' title='bbox 1964 5013 2086 5063; x_wconf 88' lang='lat' dir='ltr'>tam</span> 
     </span>
    </p>
   </div>
   <div class='ocr_carea' id='block_1_55' title="bbox 433 5087 2086 5165">
    <p class='ocr_par' dir='ltr' id='par_1_55' title="bbox 433 5087 2086 5165">
     <span class='ocr_line' id='line_1_55' title="bbox 433 5087 2086 5165; baseline 0.005 -22"><span class='ocrx_word' id='word_1_398' title='bbox 433 5087 549 5143; x_wconf 86' lang='lat' dir='ltr'>late</span> <span class='ocrx_word' id='word_1_399' title='bbox 580 5090 602 5123; x_wconf 77' lang='grc'>⁵</span> <span class='ocrx_word' id='word_1_400' title='bbox 633 5090 909 5162; x_wconf 83' lang='lat' dir='ltr'>exemplo</span> <span class='ocrx_word' id='word_1_401' title='bbox 938 5091 1259 5146; x_wconf 89' lang='lat' dir='ltr'>emendare</span> <span class='ocrx_word' id='word_1_402' title='bbox 1288 5092 1315 5145; x_wconf 85' lang='lat'><strong><em>?</em></strong></span> <span class='ocrx_word' id='word_1_403' title='bbox 1350 5094 1409 5146; x_wconf 85' lang='lat' dir='ltr'>Et</span> <span class='ocrx_word' id='word_1_404' title='bbox 1440 5108 1549 5147; x_wconf 91' lang='lat' dir='ltr'>nos</span> <span class='ocrx_word' id='word_1_405' title='bbox 1579 5094 1821 5165; x_wconf 90' lang='lat' dir='ltr'>quidem</span> <span class='ocrx_word' id='word_1_406' title='bbox 1851 5094 2086 5152; x_wconf 90' lang='lat' dir='ltr'>illarum</span> 
     </span>
    </p>
   </div>
   <div class='ocr_carea' id='block_1_56' title="bbox 435 5180 2085 5253">
    <p class='ocr_par' dir='ltr' id='par_1_56' title="bbox 435 5180 2085 5253">
     <span class='ocr_line' id='line_1_56' title="bbox 435 5180 2085 5253; baseline 0.004 -20"><span class='ocrx_word' id='word_1_407' title='bbox 435 5180 694 5249; x_wconf 89' lang='lat' dir='ltr'>partium</span> <span class='ocrx_word' id='word_1_408' title='bbox 720 5180 1025 5236; x_wconf 90' lang='lat' dir='ltr'>hominem</span> <span class='ocrx_word' id='word_1_409' title='bbox 1052 5180 1344 5235; x_wconf 87' lang='lat' dir='ltr'>habemus</span> <span class='ocrx_word' id='word_1_410' title='bbox 1371 5182 1742 5253; x_wconf 89' lang='lat' dir='ltr'>episcopum,</span> <span class='ocrx_word' id='word_1_411' title='bbox 1774 5185 1931 5238; x_wconf 90' lang='lat' dir='ltr'>unde</span> <span class='ocrx_word' id='word_1_412' title='bbox 1953 5202 2085 5241; x_wconf 90' lang='lat' dir='ltr'>ma-</span> 
     </span>
    </p>
   </div>
   <div class='ocr_carea' id='block_1_57' title="bbox 498 5344 2085 5407">
    <p class='ocr_par' dir='ltr' id='par_1_57' title="bbox 498 5344 2085 5407">
     <span class='ocr_line' id='line_1_57' title="bbox 498 5344 2085 5407; baseline 0.004 -16"><span class='ocrx_word' id='word_1_413' title='bbox 498 5347 512 5377; x_wconf 81' lang='grc' dir='ltr'>ί</span> <span class='ocrx_word' id='word_1_414' title='bbox 547 5344 672 5391; x_wconf 87' lang='lat' dir='ltr'>Mss.</span> <span class='ocrx_word' id='word_1_415' title='bbox 700 5344 896 5405; x_wconf 86' lang='lat' dir='ltr'>plures,</span> <span class='ocrx_word' id='word_1_416' title='bbox 930 5346 1259 5393; x_wconf 78' lang='lat' dir='ltr'>consiliorum</span> <span class='ocrx_word' id='word_1_417' title='bbox 1282 5346 1437 5407; x_wconf 80' lang='lat' dir='ltr'>gravi</span> <span class='ocrx_word' id='word_1_418' title='bbox 1464 5360 1578 5394; x_wconf 73' lang='lat' dir='ltr'>esse.</span> <span class='ocrx_word' id='word_1_419' title='bbox 1611 5348 1727 5403; x_wconf 84' lang='lat' dir='ltr'>Alii,</span> <span class='ocrx_word' id='word_1_420' title='bbox 1753 5350 2085 5399; x_wconf 73' lang='lat' dir='ltr'>consiliorum</span> 
     </span>
    </p>
   </div>
   <div class='ocr_carea' id='block_1_58' title="bbox 435 5407 1615 5470">
    <p class='ocr_par' dir='ltr' id='par_1_58' title="bbox 435 5407 1615 5470">
     <span class='ocr_line' id='line_1_58' title="bbox 435 5407 1615 5470; baseline 0.006 -19"><span class='ocrx_word' id='word_1_421' title='bbox 435 5408 706 5470; x_wconf 69' lang='lat' dir='ltr'>grauitate.</span> <span class='ocrx_word' id='word_1_422' title='bbox 746 5408 897 5455; x_wconf 81' lang='lat' dir='ltr'>Forte</span> <span class='ocrx_word' id='word_1_423' title='bbox 929 5407 1234 5470; x_wconf 84' lang='lat' dir='ltr'>legendum,</span> <span class='ocrx_word' id='word_1_424' title='bbox 1267 5408 1615 5459; x_wconf 80' lang='lat' dir='ltr'>conciliorum.</span> 
     </span>
    </p>
   </div>
   <div class='ocr_carea' id='block_1_59' title="bbox 498 5468 1492 5530">
    <p class='ocr_par' dir='ltr' id='par_1_59' title="bbox 498 5468 1492 5530">
     <span class='ocr_line' id='line_1_59' title="bbox 498 5468 1492 5530; baseline 0.004 -15"><span class='ocrx_word' id='word_1_425' title='bbox 498 5468 514 5495; x_wconf 85' lang='grc'>³</span> <span class='ocrx_word' id='word_1_426' title='bbox 544 5468 665 5515; x_wconf 87' lang='lat' dir='ltr'>Mss.</span> <span class='ocrx_word' id='word_1_427' title='bbox 692 5473 939 5530; x_wconf 82' lang='lat' dir='ltr'>quatuor,</span> <span class='ocrx_word' id='word_1_428' title='bbox 966 5468 1317 5518; x_wconf 78' lang='lat' dir='ltr'>maculaverit.</span> <span class='ocrx_word' id='word_1_429' title='bbox 1343 5472 1492 5519; x_wconf 88' lang='lat' dir='ltr'>Bene.</span> 
     </span>
    </p>
   </div>
   <div class='ocr_carea' id='block_1_60' title="bbox 497 5530 945 5584">
    <p class='ocr_par' dir='ltr' id='par_1_60' title="bbox 497 5530 945 5584">
     <span class='ocr_line' id='line_1_60' title="bbox 497 5530 945 5584; baseline 0.002 -8"><span class='ocrx_word' id='word_1_430' title='bbox 497 5532 515 5559; x_wconf 79' lang='grc'><strong>³</strong></span> <span class='ocrx_word' id='word_1_431' title='bbox 549 5530 693 5584; x_wconf 61' lang='lat' dir='ltr'>Mss,</span> <span class='ocrx_word' id='word_1_432' title='bbox 728 5533 945 5578; x_wconf 80' lang='lat' dir='ltr'>carneis.</span> 
     </span>
    </p>
   </div>
   <div class='ocr_carea' id='block_1_61' title="bbox 499 5591 1518 5660">
    <p class='ocr_par' dir='ltr' id='par_1_61' title="bbox 499 5591 1518 5660">
     <span class='ocr_line' id='line_1_61' title="bbox 499 5591 1518 5660; baseline 0.008 -22"><span class='ocrx_word' id='word_1_433' title='bbox 499 5593 514 5660; x_wconf 61' lang='grc' dir='ltr'><strong>ξ</strong></span> <span class='ocrx_word' id='word_1_434' title='bbox 548 5591 876 5660; x_wconf 41' lang='grc' dir='ltr'>ᾔδειν-ιιιια-γῃ</span> <span class='ocrx_word' id='word_1_435' title='bbox 914 5594 1214 5660; x_wconf 60' lang='lat' dir='ltr'>ladanum.</span> <span class='ocrx_word' id='word_1_436' title='bbox 1252 5596 1518 5660; x_wconf 77' lang='lat' dir='ltr'>Congrue.</span> 
     </span>
    </p>
   </div>
   <div class='ocr_carea' id='block_1_62' title="bbox 497 5654 989 5720">
    <p class='ocr_par' dir='ltr' id='par_1_62' title="bbox 497 5654 989 5720">
     <span class='ocr_line' id='line_1_62' title="bbox 497 5654 989 5720; baseline 0.016 -18"><span class='ocrx_word' id='word_1_437' title='bbox 497 5654 515 5679; x_wconf 77' lang='grc'><strong>⁸</strong></span> <span class='ocrx_word' id='word_1_438' title='bbox 548 5654 629 5704; x_wconf 87' lang='lat' dir='ltr'>Sic</span> <span class='ocrx_word' id='word_1_439' title='bbox 662 5654 784 5705; x_wconf 81' lang='lat' dir='ltr'>Mss.</span> <span class='ocrx_word' id='word_1_440' title='bbox 819 5656 989 5720; x_wconf 86' lang='lat' dir='ltr'>[lato].</span> 
     </span>
    </p>
   </div>
   <div class='ocr_carea' id='block_1_63' title="bbox 2219 364 3873 436">
    <p class='ocr_par' dir='ltr' id='par_1_63' title="bbox 2219 364 3873 436">
     <span class='ocr_line' id='line_1_63' title="bbox 2219 364 3873 436; baseline -0.003 -13"><span class='ocrx_word' id='word_1_441' title='bbox 2219 384 2367 436; x_wconf 87' lang='lat' dir='ltr'>gnas</span> <span class='ocrx_word' id='word_1_442' title='bbox 2382 367 2615 434; x_wconf 86' lang='lat' dir='ltr'>agimus</span> <span class='ocrx_word' id='word_1_443' title='bbox 2640 367 2857 434; x_wconf 83' lang='lat' dir='ltr'>gratias</span> <span class='ocrx_word' id='word_1_444' title='bbox 2881 366 3023 420; x_wconf 88' lang='lat' dir='ltr'>Deo:</span> <span class='ocrx_word' id='word_1_445' title='bbox 3045 380 3394 436; x_wconf 87' lang='lat' dir='ltr'>quanquam</span> <span class='ocrx_word' id='word_1_446' title='bbox 3412 364 3461 435; x_wconf 85' lang='lat' dir='ltr'>ej</span> <span class='ocrx_word' id='word_1_447' title='bbox 3476 380 3543 418; x_wconf 89' lang='lat' dir='ltr'>ns</span> <span class='ocrx_word' id='word_1_448' title='bbox 3565 364 3873 419; x_wconf 89' lang='lat' dir='ltr'>modestia</span> 
     </span>
    </p>
   </div>
   <div class='ocr_carea' id='block_1_64' title="bbox 2218 453 3878 527">
    <p class='ocr_par' dir='ltr' id='par_1_64' title="bbox 2218 453 3878 527">
     <span class='ocr_line' id='line_1_64' title="bbox 2218 453 3878 527; baseline -0.001 -16"><span class='ocrx_word' id='word_1_449' title='bbox 2218 462 2393 527; x_wconf 92' lang='lat' dir='ltr'>atque</span> <span class='ocrx_word' id='word_1_450' title='bbox 2446 456 2700 510; x_wconf 88' lang='lat' dir='ltr'>lenitatis</span> <span class='ocrx_word' id='word_1_451' title='bbox 2763 459 2874 518; x_wconf 87' lang='lat' dir='ltr'>est,</span> <span class='ocrx_word' id='word_1_452' title='bbox 2933 455 3063 524; x_wconf 90' lang='lat' dir='ltr'>ejus</span> <span class='ocrx_word' id='word_1_453' title='bbox 3120 453 3378 524; x_wconf 90' lang='lat' dir='ltr'>denique</span> <span class='ocrx_word' id='word_1_454' title='bbox 3437 453 3765 524; x_wconf 83' lang='lat' dir='ltr'>prudentia</span> <span class='ocrx_word' id='word_1_455' title='bbox 3818 458 3878 509; x_wconf 86' lang='lat' dir='ltr'>et</span> 
     </span>
    </p>
   </div>
   <div class='ocr_carea' id='block_1_65' title="bbox 2217 542 3871 611">
    <p class='ocr_par' dir='ltr' id='par_1_65' title="bbox 2217 542 3871 611">
     <span class='ocr_line' id='line_1_65' title="bbox 2217 542 3871 611; baseline -0.001 -12"><span class='ocrx_word' id='word_1_456' title='bbox 2217 545 2627 600; x_wconf 85' lang='lat' dir='ltr'>sollicitudinis</span> <span class='ocrx_word' id='word_1_457' title='bbox 2655 545 2713 599; x_wconf 90' lang='lat' dir='ltr'>in</span> <span class='ocrx_word' id='word_1_458' title='bbox 2740 544 3010 611; x_wconf 90' lang='lat' dir='ltr'>Domino,</span> <span class='ocrx_word' id='word_1_459' title='bbox 3049 549 3109 598; x_wconf 90' lang='lat' dir='ltr'>ut</span> <span class='ocrx_word' id='word_1_460' title='bbox 3132 544 3362 598; x_wconf 90' lang='lat' dir='ltr'>etiamsi</span> <span class='ocrx_word' id='word_1_461' title='bbox 3391 542 3523 596; x_wconf 84' lang='lat' dir='ltr'>Afer</span> <span class='ocrx_word' id='word_1_462' title='bbox 3544 548 3717 611; x_wconf 89' lang='lat' dir='ltr'>esset,</span> <span class='ocrx_word' id='word_1_463' title='bbox 3754 542 3871 598; x_wconf 90' lang='lat' dir='ltr'>cito</span> 
     </span>
    </p>
   </div>
   <div class='ocr_carea' id='block_1_66' title="bbox 2218 631 3874 705">
    <p class='ocr_par' dir='ltr' id='par_1_66' title="bbox 2218 631 3874 705">
     <span class='ocr_line' id='line_1_66' title="bbox 2218 631 3874 705; baseline -0.002 -16"><span class='ocrx_word' id='word_1_464' title='bbox 2218 634 2295 689; x_wconf 89' lang='lat' dir='ltr'>illi</span> <span class='ocrx_word' id='word_1_465' title='bbox 2335 634 2407 688; x_wconf 87' lang='lat' dir='ltr'>de</span> <span class='ocrx_word' id='word_1_466' title='bbox 2449 634 2769 705; x_wconf 88' lang='lat' dir='ltr'>Scripturis</span> <span class='ocrx_word' id='word_1_467' title='bbox 2815 632 3274 704; x_wconf 86' lang='lat' dir='ltr'>persuaderetur</span> <span class='ocrx_word' id='word_1_468' title='bbox 3314 631 3669 694; x_wconf 91' lang='lat' dir='ltr'>curandum,</span> <span class='ocrx_word' id='word_1_469' title='bbox 3706 631 3874 703; x_wconf 90' lang='lat' dir='ltr'>quod</span> 
     </span>
    </p>
   </div>
   <div class='ocr_carea' id='block_1_67' title="bbox 2217 720 3867 779">
    <p class='ocr_par' dir='ltr' id='par_1_67' title="bbox 2217 720 3867 779">
     <span class='ocr_line' id='line_1_67' title="bbox 2217 720 3867 779; baseline -0.002 -1"><span class='ocrx_word' id='word_1_470' title='bbox 2217 724 2523 779; x_wconf 89' lang='lat' dir='ltr'>licentiosa</span> <span class='ocrx_word' id='word_1_471' title='bbox 2554 729 2606 777; x_wconf 91' lang='lat' dir='ltr'>et</span> <span class='ocrx_word' id='word_1_472' title='bbox 2631 722 2781 778; x_wconf 89' lang='lat' dir='ltr'>male</span> <span class='ocrx_word' id='word_1_473' title='bbox 2799 722 2986 777; x_wconf 88' lang='lat' dir='ltr'>libera</span> <span class='ocrx_word' id='word_1_474' title='bbox 3007 720 3379 776; x_wconf 89' lang='lat' dir='ltr'>consuetudo</span> <span class='ocrx_word' id='word_1_475' title='bbox 3400 720 3615 775; x_wconf 90' lang='lat' dir='ltr'>vulnus</span> <span class='ocrx_word' id='word_1_476' title='bbox 3640 720 3867 775; x_wconf 84' lang='lat' dir='ltr'>inﬂixit.</span> 
     </span>
    </p>
   </div>
   <div class='ocr_carea' id='block_1_68' title="bbox 2219 810 3871 884">
    <p class='ocr_par' dir='ltr' id='par_1_68' title="bbox 2219 810 3871 884">
     <span class='ocr_line' id='line_1_68' title="bbox 2219 810 3871 884; baseline -0.004 -15"><span class='ocrx_word' id='word_1_477' title='bbox 2219 812 2325 869; x_wconf 91' lang='lat' dir='ltr'>Sed</span> <span class='ocrx_word' id='word_1_478' title='bbox 2342 818 2504 868; x_wconf 87' lang='lat' dir='ltr'>tanta</span> <span class='ocrx_word' id='word_1_479' title='bbox 2517 812 2841 884; x_wconf 90' lang='lat' dir='ltr'>pestilentia</span> <span class='ocrx_word' id='word_1_480' title='bbox 2853 818 2939 867; x_wconf 90' lang='lat' dir='ltr'>est</span> <span class='ocrx_word' id='word_1_481' title='bbox 2953 812 3051 880; x_wconf 88' lang='lat' dir='ltr'>buj</span> <span class='ocrx_word' id='word_1_482' title='bbox 3065 828 3132 865; x_wconf 92' lang='lat' dir='ltr'>us</span> <span class='ocrx_word' id='word_1_483' title='bbox 3151 810 3591 876; x_wconf 89' lang='lat' dir='ltr'>mali,utsanari</span> <span class='ocrx_word' id='word_1_484' title='bbox 3609 826 3871 881; x_wconf 81' lang='lat' dir='ltr'>prorsus,</span> 
     </span>
    </p>
   </div>
   <div class='ocr_carea' id='block_1_69' title="bbox 2215 899 3868 973">
    <p class='ocr_par' dir='ltr' id='par_1_69' title="bbox 2215 899 3868 973">
     <span class='ocr_line' id='line_1_69' title="bbox 2215 899 3868 973; baseline -0.002 -16"><span class='ocrx_word' id='word_1_485' title='bbox 2215 908 2510 973; x_wconf 89' lang='lat' dir='ltr'>quantum</span> <span class='ocrx_word' id='word_1_486' title='bbox 2535 901 2673 955; x_wconf 89' lang='lat' dir='ltr'>mihi</span> <span class='ocrx_word' id='word_1_487' title='bbox 2702 903 2950 965; x_wconf 88' lang='lat' dir='ltr'>videtur,</span> <span class='ocrx_word' id='word_1_488' title='bbox 2977 900 3085 955; x_wconf 91' lang='lat' dir='ltr'>nisi</span> <span class='ocrx_word' id='word_1_489' title='bbox 3113 899 3346 954; x_wconf 89' lang='lat' dir='ltr'>concilii</span> <span class='ocrx_word' id='word_1_490' title='bbox 3374 901 3723 954; x_wconf 87' lang='lat' dir='ltr'>auctoritate</span> <span class='ocrx_word' id='word_1_491' title='bbox 3747 914 3868 955; x_wconf 89' lang='lat' dir='ltr'>non</span> 
     </span>
    </p>
   </div>
   <div class='ocr_carea' id='block_1_70' title="bbox 2215 987 3870 1062">
    <p class='ocr_par' dir='ltr' id='par_1_70' title="bbox 2215 987 3870 1062">
     <span class='ocr_line' id='line_1_70' title="bbox 2215 987 3870 1062; baseline -0.002 -16"><span class='ocrx_word' id='word_1_492' title='bbox 2215 992 2420 1062; x_wconf 90' lang='lat' dir='ltr'>possit.</span> <span class='ocrx_word' id='word_1_493' title='bbox 2438 996 2549 1045; x_wconf 89' lang='lat' dir='ltr'>Aut</span> <span class='ocrx_word' id='word_1_494' title='bbox 2570 991 2615 1044; x_wconf 93' lang='lat' dir='ltr'>si</span> <span class='ocrx_word' id='word_1_495' title='bbox 2642 990 2717 1046; x_wconf 90' lang='lat' dir='ltr'>ab</span> <span class='ocrx_word' id='word_1_496' title='bbox 2744 1007 2864 1046; x_wconf 91' lang='lat' dir='ltr'>una</span> <span class='ocrx_word' id='word_1_497' title='bbox 2884 988 3134 1045; x_wconf 89' lang='lat' dir='ltr'>ecclesia</span> <span class='ocrx_word' id='word_1_498' title='bbox 3154 987 3498 1043; x_wconf 89' lang='lat' dir='ltr'>inchoanda</span> <span class='ocrx_word' id='word_1_499' title='bbox 3525 993 3612 1043; x_wconf 93' lang='lat' dir='ltr'>est</span> <span class='ocrx_word' id='word_1_500' title='bbox 3631 987 3870 1043; x_wconf 87' lang='lat' dir='ltr'>medici-</span> 
     </span>
    </p>
   </div>
   <div class='ocr_carea' id='block_1_71' title="bbox 2214 1076 3871 1147">
    <p class='ocr_par' dir='ltr' id='par_1_71' title="bbox 2214 1076 3871 1147">
     <span class='ocr_line' id='line_1_71' title="bbox 2214 1076 3871 1147; baseline -0.002 -13"><span class='ocrx_word' id='word_1_501' title='bbox 2214 1095 2319 1147; x_wconf 90' lang='lat' dir='ltr'>na;</span> <span class='ocrx_word' id='word_1_502' title='bbox 2344 1081 2492 1134; x_wconf 91' lang='lat' dir='ltr'>sicut</span> <span class='ocrx_word' id='word_1_503' title='bbox 2512 1080 2739 1134; x_wconf 91' lang='lat' dir='ltr'>videtur</span> <span class='ocrx_word' id='word_1_504' title='bbox 2764 1079 3046 1142; x_wconf 88' lang='lat' dir='ltr'>audacia,</span> <span class='ocrx_word' id='word_1_505' title='bbox 3068 1082 3297 1131; x_wconf 91' lang='lat' dir='ltr'>mutare</span> <span class='ocrx_word' id='word_1_506' title='bbox 3321 1076 3527 1132; x_wconf 89' lang='lat' dir='ltr'>conari</span> <span class='ocrx_word' id='word_1_507' title='bbox 3547 1076 3712 1147; x_wconf 90' lang='lat' dir='ltr'>quod</span> <span class='ocrx_word' id='word_1_508' title='bbox 3736 1076 3871 1131; x_wconf 89' lang='lat' dir='ltr'>Car-</span> 
     </span>
    </p>
   </div>
   <div class='ocr_carea' id='block_1_72' title="bbox 2214 1165 3869 1239">
    <p class='ocr_par' dir='ltr' id='par_1_72' title="bbox 2214 1165 3869 1239">
     <span class='ocr_line' id='line_1_72' title="bbox 2214 1165 3869 1239; baseline -0.002 -15"><span class='ocrx_word' id='word_1_509' title='bbox 2214 1168 2584 1239; x_wconf 85' lang='lat' dir='ltr'>thaginensis</span> <span class='ocrx_word' id='word_1_510' title='bbox 2614 1169 2872 1223; x_wconf 86' lang='lat' dir='ltr'>Ecclesia</span> <span class='ocrx_word' id='word_1_511' title='bbox 2907 1174 3080 1232; x_wconf 90' lang='lat' dir='ltr'>tenet,</span> <span class='ocrx_word' id='word_1_512' title='bbox 3112 1168 3193 1221; x_wconf 90' lang='lat' dir='ltr'>sic</span> <span class='ocrx_word' id='word_1_513' title='bbox 3226 1182 3451 1237; x_wconf 88' lang='lat' dir='ltr'>magna</span> <span class='ocrx_word' id='word_1_514' title='bbox 3482 1165 3869 1236; x_wconf 87' lang='lat' dir='ltr'>impudentia</span> 
     </span>
    </p>
   </div>
   <div class='ocr_carea' id='block_1_73' title="bbox 2215 1255 3869 1330">
    <p class='ocr_par' dir='ltr' id='par_1_73' title="bbox 2215 1255 3869 1330">
     <span class='ocr_line' id='line_1_73' title="bbox 2215 1255 3869 1330; baseline -0.001 -19"><span class='ocrx_word' id='word_1_515' title='bbox 2215 1264 2320 1323; x_wconf 89' lang='lat' dir='ltr'>est,</span> <span class='ocrx_word' id='word_1_516' title='bbox 2357 1259 2501 1313; x_wconf 89' lang='lat' dir='ltr'>velle</span> <span class='ocrx_word' id='word_1_517' title='bbox 2526 1275 2763 1313; x_wconf 86' lang='lat' dir='ltr'>servare</span> <span class='ocrx_word' id='word_1_518' title='bbox 2785 1274 2919 1330; x_wconf 89' lang='lat' dir='ltr'>qua</span> <span class='ocrx_word' id='word_1_519' title='bbox 2944 1255 3430 1325; x_wconf 81' lang='lat' dir='ltr'>Carthaginensis</span> <span class='ocrx_word' id='word_1_520' title='bbox 3467 1255 3726 1310; x_wconf 88' lang='lat' dir='ltr'>Ecclesia</span> <span class='ocrx_word' id='word_1_521' title='bbox 3743 1271 3869 1310; x_wconf 82' lang='lat' dir='ltr'>cor-</span> 
     </span>
    </p>
   </div>
   <div class='ocr_carea' id='block_1_74' title="bbox 2213 1346 3869 1418">
    <p class='ocr_par' dir='ltr' id='par_1_74' title="bbox 2213 1346 3869 1418">
     <span class='ocr_line' id='line_1_74' title="bbox 2213 1346 3869 1418; baseline -0.002 -15"><span class='ocrx_word' id='word_1_522' title='bbox 2213 1349 2481 1404; x_wconf 83' lang='lat' dir='ltr'>rexit.Ad</span> <span class='ocrx_word' id='word_1_523' title='bbox 2501 1350 2655 1404; x_wconf 90' lang='lat' dir='ltr'>hanc</span> <span class='ocrx_word' id='word_1_524' title='bbox 2678 1355 2879 1405; x_wconf 92' lang='lat' dir='ltr'>autem</span> <span class='ocrx_word' id='word_1_525' title='bbox 2899 1364 3022 1403; x_wconf 91' lang='lat' dir='ltr'>rem</span> <span class='ocrx_word' id='word_1_526' title='bbox 3047 1348 3181 1418; x_wconf 89' lang='lat' dir='ltr'>quis</span> <span class='ocrx_word' id='word_1_527' title='bbox 3196 1346 3347 1401; x_wconf 88' lang='lat' dir='ltr'>alius</span> <span class='ocrx_word' id='word_1_528' title='bbox 3374 1346 3694 1416; x_wconf 90' lang='lat' dir='ltr'>episcopus</span> <span class='ocrx_word' id='word_1_529' title='bbox 3712 1349 3869 1401; x_wconf 88' lang='lat' dir='ltr'>esset</span> 
     </span>
    </p>
   </div>
   <div class='ocr_carea' id='block_1_75' title="bbox 2213 1432 3868 1510">
    <p class='ocr_par' dir='ltr' id='par_1_75' title="bbox 2213 1432 3868 1510">
     <span class='ocr_line' id='line_1_75' title="bbox 2213 1432 3868 1510; baseline -0.004 -17"><span class='ocrx_word' id='word_1_530' title='bbox 2213 1439 2541 1510; x_wconf 89' lang='lat' dir='ltr'>optandus,</span> <span class='ocrx_word' id='word_1_531' title='bbox 2577 1439 2687 1493; x_wconf 92' lang='lat' dir='ltr'>nisi</span> <span class='ocrx_word' id='word_1_532' title='bbox 2728 1438 2831 1510; x_wconf 89' lang='lat' dir='ltr'>qui</span> <span class='ocrx_word' id='word_1_533' title='bbox 2864 1454 2933 1493; x_wconf 90' lang='lat' dir='ltr'>ea</span> <span class='ocrx_word' id='word_1_534' title='bbox 2969 1436 3255 1492; x_wconf 90' lang='lat' dir='ltr'>diaconus</span> <span class='ocrx_word' id='word_1_535' title='bbox 3282 1436 3363 1507; x_wconf 90' lang='lat' dir='ltr'>(a)</span> <span class='ocrx_word' id='word_1_536' title='bbox 3392 1434 3813 1490; x_wconf 83' lang='lat' dir='ltr'>exsecrabatur</span> <span class='ocrx_word' id='word_1_537' title='bbox 3841 1432 3868 1486; x_wconf 82' lang='lat'><strong>?</strong></span> 
     </span>
    </p>
   </div>
   <div class='ocr_carea' id='block_1_76' title="bbox 2284 1523 3869 1598">
    <p class='ocr_par' dir='ltr' id='par_1_76' title="bbox 2284 1523 3869 1598">
     <span class='ocr_line' id='line_1_76' title="bbox 2284 1523 3869 1598; baseline -0.001 -17"><span class='ocrx_word' id='word_1_538' title='bbox 2284 1532 2334 1582; x_wconf 88' lang='grc'><strong>5.</strong></span> <span class='ocrx_word' id='word_1_539' title='bbox 2380 1528 2493 1581; x_wconf 87' lang='lat' dir='ltr'>Sed</span> <span class='ocrx_word' id='word_1_540' title='bbox 2526 1527 2687 1598; x_wconf 91' lang='lat' dir='ltr'>quod</span> <span class='ocrx_word' id='word_1_541' title='bbox 2720 1532 2839 1581; x_wconf 91' lang='lat' dir='ltr'>erat</span> <span class='ocrx_word' id='word_1_542' title='bbox 2873 1532 3011 1581; x_wconf 91' lang='lat' dir='ltr'>tunc</span> <span class='ocrx_word' id='word_1_543' title='bbox 3047 1524 3374 1579; x_wconf 92' lang='lat' dir='ltr'>dolendum</span> <span class='ocrx_word' id='word_1_544' title='bbox 3411 1540 3569 1579; x_wconf 89' lang='lat' dir='ltr'>nunc</span> <span class='ocrx_word' id='word_1_545' title='bbox 3600 1523 3869 1579; x_wconf 84' lang='lat' dir='ltr'>auferen-</span> 
     </span>
    </p>
   </div>
   <div class='ocr_carea' id='block_1_77' title="bbox 2212 1613 3878 1687">
    <p class='ocr_par' dir='ltr' id='par_1_77' title="bbox 2212 1613 3878 1687">
     <span class='ocr_line' id='line_1_77' title="bbox 2212 1613 3878 1687; baseline -0.002 -17"><span class='ocrx_word' id='word_1_546' title='bbox 2212 1616 2357 1671; x_wconf 90' lang='lat' dir='ltr'>dum</span> <span class='ocrx_word' id='word_1_547' title='bbox 2383 1624 2468 1672; x_wconf 91' lang='lat' dir='ltr'>est</span> <span class='ocrx_word' id='word_1_548' title='bbox 2494 1633 2507 1681; x_wconf 89' lang='lat'>;</span> <span class='ocrx_word' id='word_1_549' title='bbox 2544 1631 2663 1671; x_wconf 93' lang='lat' dir='ltr'>non</span> <span class='ocrx_word' id='word_1_550' title='bbox 2689 1632 2917 1687; x_wconf 87' lang='lat' dir='ltr'>aspere,</span> <span class='ocrx_word' id='word_1_551' title='bbox 2941 1616 3048 1669; x_wconf 90' lang='lat' dir='ltr'>sed</span> <span class='ocrx_word' id='word_1_552' title='bbox 3068 1616 3217 1669; x_wconf 89' lang='lat' dir='ltr'>sicut</span> <span class='ocrx_word' id='word_1_553' title='bbox 3244 1614 3526 1685; x_wconf 89' lang='lat' dir='ltr'>scriptum</span> <span class='ocrx_word' id='word_1_554' title='bbox 3551 1618 3655 1678; x_wconf 91' lang='lat' dir='ltr'>est,</span> <span class='ocrx_word' id='word_1_555' title='bbox 3682 1614 3741 1667; x_wconf 87' lang='lat' dir='ltr'>in</span> <span class='ocrx_word' id='word_1_556' title='bbox 3760 1613 3878 1681; x_wconf 85' lang='lat' dir='ltr'>spi-</span> 
     </span>
    </p>
   </div>
   <div class='ocr_carea' id='block_1_78' title="bbox 2214 1703 3877 1771">
    <p class='ocr_par' dir='ltr' id='par_1_78' title="bbox 2214 1703 3877 1771">
     <span class='ocr_line' id='line_1_78' title="bbox 2214 1703 3877 1771; baseline -0.001 -13"><span class='ocrx_word' id='word_1_557' title='bbox 2214 1706 2336 1759; x_wconf 83' lang='lat' dir='ltr'>ritu</span> <span class='ocrx_word' id='word_1_558' title='bbox 2376 1706 2637 1761; x_wconf 82' lang='lat' dir='ltr'>lenitatis</span> <span class='ocrx_word' id='word_1_559' title='bbox 2680 1712 2733 1761; x_wconf 91' lang='lat' dir='ltr'>et</span> <span class='ocrx_word' id='word_1_560' title='bbox 2775 1704 3246 1760; x_wconf 84' lang='lat' dir='ltr'>mansuetudinis</span> <span class='ocrx_word' id='word_1_561' title='bbox 3292 1703 3452 1771; x_wconf 89' lang='lat' dir='ltr'>(Gal.</span> <span class='ocrx_word' id='word_1_562' title='bbox 3488 1719 3564 1765; x_wconf 77' lang='lat' dir='ltr'>v1,</span> <span class='ocrx_word' id='word_1_563' title='bbox 3618 1706 3683 1769; x_wconf 82' lang='lat' dir='ltr'>t).</span> <span class='ocrx_word' id='word_1_564' title='bbox 3720 1703 3877 1757; x_wconf 82' lang='lat' dir='ltr'>Dant</span> 
     </span>
    </p>
   </div>
   <div class='ocr_carea' id='block_1_79' title="bbox 2212 1790 3875 1862">
    <p class='ocr_par' dir='ltr' id='par_1_79' title="bbox 2212 1790 3875 1862">
     <span class='ocr_line' id='line_1_79' title="bbox 2212 1790 3875 1862; baseline -0.001 -15"><span class='ocrx_word' id='word_1_565' title='bbox 2212 1795 2371 1849; x_wconf 91' lang='lat' dir='ltr'>enim</span> <span class='ocrx_word' id='word_1_566' title='bbox 2399 1796 2541 1849; x_wconf 92' lang='lat' dir='ltr'>mihi</span> <span class='ocrx_word' id='word_1_567' title='bbox 2566 1794 2853 1849; x_wconf 86' lang='lat' dir='ltr'>ﬁduciam</span> <span class='ocrx_word' id='word_1_568' title='bbox 2882 1794 3085 1848; x_wconf 89' lang='lat' dir='ltr'>littera</span> <span class='ocrx_word' id='word_1_569' title='bbox 3104 1798 3220 1847; x_wconf 88' lang='lat' dir='ltr'>tua</span> <span class='ocrx_word' id='word_1_570' title='bbox 3242 1792 3466 1847; x_wconf 90' lang='lat' dir='ltr'>indices</span> <span class='ocrx_word' id='word_1_571' title='bbox 3490 1790 3875 1862; x_wconf 88' lang='lat' dir='ltr'>germanissi-</span> 
     </span>
    </p>
   </div>
   <div class='ocr_carea' id='block_1_80' title="bbox 2214 1880 3871 1953">
    <p class='ocr_par' dir='ltr' id='par_1_80' title="bbox 2214 1880 3871 1953">
     <span class='ocr_line' id='line_1_80' title="bbox 2214 1880 3871 1953; baseline -0.002 -14"><span class='ocrx_word' id='word_1_572' title='bbox 2214 1900 2326 1939; x_wconf 86' lang='lat' dir='ltr'>ma</span> <span class='ocrx_word' id='word_1_573' title='bbox 2357 1884 2681 1949; x_wconf 89' lang='lat' dir='ltr'>charitatis,</span> <span class='ocrx_word' id='word_1_574' title='bbox 2709 1890 2769 1938; x_wconf 91' lang='lat' dir='ltr'>ut</span> <span class='ocrx_word' id='word_1_575' title='bbox 2796 1892 2990 1938; x_wconf 90' lang='lat' dir='ltr'>tecum</span> <span class='ocrx_word' id='word_1_576' title='bbox 3020 1889 3306 1953; x_wconf 88' lang='lat' dir='ltr'>tanquam</span> <span class='ocrx_word' id='word_1_577' title='bbox 3342 1898 3577 1936; x_wconf 84' lang='lat' dir='ltr'>mecum</span> <span class='ocrx_word' id='word_1_578' title='bbox 3610 1880 3871 1935; x_wconf 88' lang='lat' dir='ltr'>audeam</span> 
     </span>
    </p>
   </div>
   <div class='ocr_carea' id='block_1_81' title="bbox 2213 1970 3872 2045">
    <p class='ocr_par' dir='ltr' id='par_1_81' title="bbox 2213 1970 3872 2045">
     <span class='ocr_line' id='line_1_81' title="bbox 2213 1970 3872 2045; baseline -0.002 -17"><span class='ocrx_word' id='word_1_579' title='bbox 2213 1973 2491 2045; x_wconf 91' lang='lat' dir='ltr'>colloqui.</span> <span class='ocrx_word' id='word_1_580' title='bbox 2520 1976 2644 2029; x_wconf 86' lang='lat' dir='ltr'>Non</span> <span class='ocrx_word' id='word_1_581' title='bbox 2676 1990 2816 2043; x_wconf 81' lang='lat' dir='ltr'>ergo</span> <span class='ocrx_word' id='word_1_582' title='bbox 2845 1988 3079 2043; x_wconf 88' lang='lat' dir='ltr'>aspere,</span> <span class='ocrx_word' id='word_1_583' title='bbox 3106 1976 3401 2043; x_wconf 88' lang='lat' dir='ltr'>quantum</span> <span class='ocrx_word' id='word_1_584' title='bbox 3425 1970 3716 2031; x_wconf 82' lang='lat' dir='ltr'>existimo,</span> <span class='ocrx_word' id='word_1_585' title='bbox 3747 1985 3872 2024; x_wconf 91' lang='lat' dir='ltr'>non</span> 
     </span>
    </p>
   </div>
   <div class='ocr_carea' id='block_1_82' title="bbox 2211 2059 3872 2133">
    <p class='ocr_par' dir='ltr' id='par_1_82' title="bbox 2211 2059 3872 2133">
     <span class='ocr_line' id='line_1_82' title="bbox 2211 2059 3872 2133; baseline -0.002 -16"><span class='ocrx_word' id='word_1_586' title='bbox 2211 2062 2451 2129; x_wconf 80' lang='lat' dir='ltr'>duriter,</span> <span class='ocrx_word' id='word_1_587' title='bbox 2484 2079 2601 2117; x_wconf 91' lang='lat' dir='ltr'>non</span> <span class='ocrx_word' id='word_1_588' title='bbox 2631 2068 2813 2117; x_wconf 86' lang='lat' dir='ltr'>modo</span> <span class='ocrx_word' id='word_1_589' title='bbox 2838 2061 3160 2133; x_wconf 88' lang='lat' dir='ltr'>imperioso</span> <span class='ocrx_word' id='word_1_590' title='bbox 3192 2062 3305 2115; x_wconf 89' lang='lat' dir='ltr'>ista</span> <span class='ocrx_word' id='word_1_591' title='bbox 3338 2059 3648 2129; x_wconf 85' lang='lat' dir='ltr'>tolluntur;</span> <span class='ocrx_word' id='word_1_592' title='bbox 3677 2059 3872 2127; x_wconf 88' lang='lat' dir='ltr'>magis</span> 
     </span>
    </p>
   </div>
   <div class='ocr_carea' id='block_1_83' title="bbox 2211 2148 3873 2224">
    <p class='ocr_par' dir='ltr' id='par_1_83' title="bbox 2211 2148 3873 2224">
     <span class='ocr_line' id='line_1_83' title="bbox 2211 2148 3873 2224; baseline -0.003 -17"><span class='ocrx_word' id='word_1_593' title='bbox 2211 2151 2483 2207; x_wconf 89' lang='lat' dir='ltr'>docendo</span> <span class='ocrx_word' id='word_1_594' title='bbox 2506 2168 2688 2224; x_wconf 89' lang='lat' dir='ltr'>quam</span> <span class='ocrx_word' id='word_1_595' title='bbox 2710 2152 2999 2222; x_wconf 89' lang='lat' dir='ltr'>jubendo,</span> <span class='ocrx_word' id='word_1_596' title='bbox 3026 2152 3218 2218; x_wconf 89' lang='lat' dir='ltr'>magis</span> <span class='ocrx_word' id='word_1_597' title='bbox 3240 2148 3541 2204; x_wconf 90' lang='lat' dir='ltr'>monendo</span> <span class='ocrx_word' id='word_1_598' title='bbox 3557 2164 3743 2220; x_wconf 91' lang='lat' dir='ltr'>quam</span> <span class='ocrx_word' id='word_1_599' title='bbox 3765 2149 3873 2203; x_wconf 89' lang='lat' dir='ltr'>mi-</span> 
     </span>
    </p>
   </div>
   <div class='ocr_carea' id='block_1_84' title="bbox 2211 2237 3873 2311">
    <p class='ocr_par' dir='ltr' id='par_1_84' title="bbox 2211 2237 3873 2311">
     <span class='ocr_line' id='line_1_84' title="bbox 2211 2237 3873 2311; baseline -0.002 -16"><span class='ocrx_word' id='word_1_600' title='bbox 2211 2241 2434 2297; x_wconf 91' lang='lat' dir='ltr'>nando.</span> <span class='ocrx_word' id='word_1_601' title='bbox 2450 2241 2542 2295; x_wconf 93' lang='lat' dir='ltr'>Sic</span> <span class='ocrx_word' id='word_1_602' title='bbox 2555 2241 2714 2295; x_wconf 92' lang='lat' dir='ltr'>enim</span> <span class='ocrx_word' id='word_1_603' title='bbox 2730 2240 3034 2311; x_wconf 90' lang='lat' dir='ltr'>agendum</span> <span class='ocrx_word' id='word_1_604' title='bbox 3048 2244 3133 2294; x_wconf 85' lang='lat' dir='ltr'>est</span> <span class='ocrx_word' id='word_1_605' title='bbox 3147 2255 3284 2293; x_wconf 91' lang='lat' dir='ltr'>cum</span> <span class='ocrx_word' id='word_1_606' title='bbox 3302 2237 3696 2293; x_wconf 90' lang='lat' dir='ltr'>multitudine:</span> <span class='ocrx_word' id='word_1_607' title='bbox 3714 2254 3873 2292; x_wconf 86' lang='lat' dir='ltr'>seve-</span> 
     </span>
    </p>
   </div>
   <div class='ocr_carea' id='block_1_85' title="bbox 2211 2327 3870 2400">
    <p class='ocr_par' dir='ltr' id='par_1_85' title="bbox 2211 2327 3870 2400">
     <span class='ocr_line' id='line_1_85' title="bbox 2211 2327 3870 2400; baseline -0.002 -15"><span class='ocrx_word' id='word_1_608' title='bbox 2211 2331 2352 2385; x_wconf 87' lang='lat' dir='ltr'>ritas</span> <span class='ocrx_word' id='word_1_609' title='bbox 2369 2336 2568 2385; x_wconf 90' lang='lat' dir='ltr'>autem</span> <span class='ocrx_word' id='word_1_610' title='bbox 2584 2329 2917 2384; x_wconf 87' lang='lat' dir='ltr'>exercenda</span> <span class='ocrx_word' id='word_1_611' title='bbox 2932 2334 3019 2384; x_wconf 88' lang='lat' dir='ltr'>est</span> <span class='ocrx_word' id='word_1_612' title='bbox 3033 2329 3089 2383; x_wconf 93' lang='lat' dir='ltr'>in</span> <span class='ocrx_word' id='word_1_613' title='bbox 3108 2333 3351 2400; x_wconf 88' lang='lat' dir='ltr'>peccata</span> <span class='ocrx_word' id='word_1_614' title='bbox 3367 2343 3719 2399; x_wconf 87' lang='lat' dir='ltr'>paucorum.</span> <span class='ocrx_word' id='word_1_615' title='bbox 3741 2329 3802 2381; x_wconf 88' lang='lat' dir='ltr'>Et</span> <span class='ocrx_word' id='word_1_616' title='bbox 3820 2327 3870 2382; x_wconf 84' lang='lat' dir='ltr'>si</span> 
     </span>
    </p>
   </div>
   <div class='ocr_carea' id='block_1_86' title="bbox 2210 2417 3870 2491">
    <p class='ocr_par' dir='ltr' id='par_1_86' title="bbox 2210 2417 3870 2491">
     <span class='ocr_line' id='line_1_86' title="bbox 2210 2417 3870 2491; baseline -0.001 -18"><span class='ocrx_word' id='word_1_617' title='bbox 2210 2419 2353 2491; x_wconf 89' lang='lat' dir='ltr'>quid</span> <span class='ocrx_word' id='word_1_618' title='bbox 2382 2420 2703 2483; x_wconf 84' lang='lat' dir='ltr'>minamur,</span> <span class='ocrx_word' id='word_1_619' title='bbox 2731 2436 2867 2475; x_wconf 91' lang='lat' dir='ltr'>cum</span> <span class='ocrx_word' id='word_1_620' title='bbox 2900 2419 3099 2473; x_wconf 90' lang='lat' dir='ltr'>dolore</span> <span class='ocrx_word' id='word_1_621' title='bbox 3118 2418 3240 2483; x_wconf 84' lang='lat' dir='ltr'>ﬁat,</span> <span class='ocrx_word' id='word_1_622' title='bbox 3267 2417 3340 2472; x_wconf 90' lang='lat' dir='ltr'>de</span> <span class='ocrx_word' id='word_1_623' title='bbox 3364 2417 3680 2488; x_wconf 88' lang='lat' dir='ltr'>Scripturis</span> <span class='ocrx_word' id='word_1_624' title='bbox 3706 2432 3870 2471; x_wconf 83' lang='lat' dir='ltr'>com-</span> 
     </span>
    </p>
   </div>
   <div class='ocr_carea' id='block_1_87' title="bbox 2212 2506 3871 2577">
    <p class='ocr_par' dir='ltr' id='par_1_87' title="bbox 2212 2506 3871 2577">
     <span class='ocr_line' id='line_1_87' title="bbox 2212 2506 3871 2577; baseline -0.001 -15"><span class='ocrx_word' id='word_1_625' title='bbox 2212 2509 2499 2563; x_wconf 84' lang='lat' dir='ltr'>minando</span> <span class='ocrx_word' id='word_1_626' title='bbox 2515 2508 2839 2563; x_wconf 88' lang='lat' dir='ltr'>vindictam</span> <span class='ocrx_word' id='word_1_627' title='bbox 2858 2508 3116 2562; x_wconf 85' lang='lat' dir='ltr'>futuram</span> <span class='ocrx_word' id='word_1_628' title='bbox 3136 2523 3208 2562; x_wconf 92' lang='lat' dir='ltr'>ne</span> <span class='ocrx_word' id='word_1_629' title='bbox 3224 2522 3332 2561; x_wconf 90' lang='lat' dir='ltr'>nos</span> <span class='ocrx_word' id='word_1_630' title='bbox 3348 2506 3455 2577; x_wconf 86' lang='lat' dir='ltr'>ipsi</span> <span class='ocrx_word' id='word_1_631' title='bbox 3476 2507 3535 2559; x_wconf 89' lang='lat' dir='ltr'>in</span> <span class='ocrx_word' id='word_1_632' title='bbox 3550 2512 3751 2560; x_wconf 90' lang='lat' dir='ltr'>nostra</span> <span class='ocrx_word' id='word_1_633' title='bbox 3767 2522 3871 2576; x_wconf 90' lang='lat' dir='ltr'>po-</span> 
     </span>
    </p>
   </div>
   <div class='ocr_carea' id='block_1_88' title="bbox 2212 2595 3856 2666">
    <p class='ocr_par' dir='ltr' id='par_1_88' title="bbox 2212 2595 3856 2666">
     <span class='ocr_line' id='line_1_88' title="bbox 2212 2595 3856 2666; baseline 0 -15"><span class='ocrx_word' id='word_1_634' title='bbox 2212 2602 2435 2663; x_wconf 88' lang='lat' dir='ltr'>testate,</span> <span class='ocrx_word' id='word_1_635' title='bbox 2465 2598 2568 2652; x_wconf 92' lang='lat' dir='ltr'>sed</span> <span class='ocrx_word' id='word_1_636' title='bbox 2600 2598 2754 2653; x_wconf 90' lang='lat' dir='ltr'>Deus</span> <span class='ocrx_word' id='word_1_637' title='bbox 2789 2598 2845 2652; x_wconf 92' lang='lat' dir='ltr'>in</span> <span class='ocrx_word' id='word_1_638' title='bbox 2883 2602 3087 2652; x_wconf 90' lang='lat' dir='ltr'>nostro</span> <span class='ocrx_word' id='word_1_639' title='bbox 3128 2610 3401 2651; x_wconf 90' lang='lat' dir='ltr'>sermone</span> <span class='ocrx_word' id='word_1_640' title='bbox 3445 2596 3720 2649; x_wconf 89' lang='lat' dir='ltr'>timeatur</span> <span class='ocrx_word' id='word_1_641' title='bbox 3748 2595 3856 2666; x_wconf 84' lang='lat' dir='ltr'>(b).</span> 
     </span>
    </p>
   </div>
   <div class='ocr_carea' id='block_1_89' title="bbox 2209 2683 3865 2757">
    <p class='ocr_par' dir='ltr' id='par_1_89' title="bbox 2209 2683 3865 2757">
     <span class='ocr_line' id='line_1_89' title="bbox 2209 2683 3865 2757; baseline 0 -18"><span class='ocrx_word' id='word_1_642' title='bbox 2209 2687 2292 2740; x_wconf 91' lang='lat' dir='ltr'>lta</span> <span class='ocrx_word' id='word_1_643' title='bbox 2318 2688 2481 2757; x_wconf 89' lang='lat' dir='ltr'>prius</span> <span class='ocrx_word' id='word_1_644' title='bbox 2522 2687 2920 2741; x_wconf 89' lang='lat' dir='ltr'>movebuntur</span> <span class='ocrx_word' id='word_1_645' title='bbox 2950 2685 3288 2756; x_wconf 89' lang='lat' dir='ltr'>spirituales</span> <span class='ocrx_word' id='word_1_646' title='bbox 3321 2684 3413 2739; x_wconf 93' lang='lat' dir='ltr'>vel</span> <span class='ocrx_word' id='word_1_647' title='bbox 3449 2683 3865 2755; x_wconf 89' lang='lat' dir='ltr'>spiritualibus</span> 
     </span>
    </p>
   </div>
   <div class='ocr_carea' id='block_1_90' title="bbox 2209 2772 3867 2847">
    <p class='ocr_par' dir='ltr' id='par_1_90' title="bbox 2209 2772 3867 2847">
     <span class='ocr_line' id='line_1_90' title="bbox 2209 2772 3867 2847; baseline -0.001 -17"><span class='ocrx_word' id='word_1_648' title='bbox 2209 2776 2486 2846; x_wconf 82' lang='lat' dir='ltr'>proximi,</span> <span class='ocrx_word' id='word_1_649' title='bbox 2514 2791 2771 2847; x_wconf 91' lang='lat' dir='ltr'>quorum</span> <span class='ocrx_word' id='word_1_650' title='bbox 2795 2776 3163 2844; x_wconf 91' lang='lat' dir='ltr'>auctoritate,</span> <span class='ocrx_word' id='word_1_651' title='bbox 3189 2778 3243 2828; x_wconf 91' lang='lat' dir='ltr'>et</span> <span class='ocrx_word' id='word_1_652' title='bbox 3273 2772 3590 2827; x_wconf 89' lang='lat' dir='ltr'>lenissimis</span> <span class='ocrx_word' id='word_1_653' title='bbox 3618 2772 3867 2845; x_wconf 88' lang='lat' dir='ltr'>quidem</span> 
     </span>
    </p>
   </div>
   <div class='ocr_carea' id='block_1_91' title="bbox 2207 2862 3867 2921">
    <p class='ocr_par' dir='ltr' id='par_1_91' title="bbox 2207 2862 3867 2921">
     <span class='ocr_line' id='line_1_91' title="bbox 2207 2862 3867 2921; baseline -0.001 -3"><span class='ocrx_word' id='word_1_654' title='bbox 2207 2866 2313 2921; x_wconf 92' lang='lat' dir='ltr'>sed</span> <span class='ocrx_word' id='word_1_655' title='bbox 2340 2865 2784 2921; x_wconf 88' lang='lat' dir='ltr'>instantissimis</span> <span class='ocrx_word' id='word_1_656' title='bbox 2817 2863 3329 2919; x_wconf 88' lang='lat' dir='ltr'>admonitionibus</span> <span class='ocrx_word' id='word_1_657' title='bbox 3357 2867 3568 2917; x_wconf 87' lang='lat' dir='ltr'>catera</span> <span class='ocrx_word' id='word_1_658' title='bbox 3604 2862 3867 2918; x_wconf 86' lang='lat' dir='ltr'>multitu-</span> 
     </span>
    </p>
   </div>
   <div class='ocr_carea' id='block_1_92' title="bbox 2206 2954 2642 3024">
    <p class='ocr_par' dir='ltr' id='par_1_92' title="bbox 2206 2954 2642 3024">
     <span class='ocr_line' id='line_1_92' title="bbox 2206 2954 2642 3024; baseline -0.009 -15"><span class='ocrx_word' id='word_1_659' title='bbox 2206 2954 2285 3009; x_wconf 93' lang='lat' dir='ltr'>do</span> <span class='ocrx_word' id='word_1_660' title='bbox 2314 2954 2642 3024; x_wconf 80' lang='lat' dir='ltr'>frangatur.</span> 
     </span>
    </p>
   </div>
   <div class='ocr_carea' id='block_1_93' title="bbox 2276 3040 3870 3115">
    <p class='ocr_par' dir='ltr' id='par_1_93' title="bbox 2276 3040 3870 3115">
     <span class='ocr_line' id='line_1_93' title="bbox 2276 3040 3870 3115; baseline -0.002 -17"><span class='ocrx_word' id='word_1_661' title='bbox 2276 3047 2327 3099; x_wconf 91' lang='lat'>6.</span> <span class='ocrx_word' id='word_1_662' title='bbox 2374 3044 2485 3100; x_wconf 90' lang='lat' dir='ltr'>Sed</span> <span class='ocrx_word' id='word_1_663' title='bbox 2515 3043 2806 3115; x_wconf 88' lang='lat' dir='ltr'>quoniam</span> <span class='ocrx_word' id='word_1_664' title='bbox 2840 3042 2964 3097; x_wconf 88' lang='lat' dir='ltr'>ista</span> <span class='ocrx_word' id='word_1_665' title='bbox 2993 3042 3052 3096; x_wconf 92' lang='lat' dir='ltr'>in</span> <span class='ocrx_word' id='word_1_666' title='bbox 3084 3041 3436 3097; x_wconf 88' lang='lat' dir='ltr'>coemeteriis</span> <span class='ocrx_word' id='word_1_667' title='bbox 3466 3040 3781 3096; x_wconf 88' lang='lat' dir='ltr'>ebrietates</span> <span class='ocrx_word' id='word_1_668' title='bbox 3813 3044 3870 3096; x_wconf 91' lang='lat' dir='ltr'>et</span> 
     </span>
    </p>
   </div>
   <div class='ocr_carea' id='block_1_94' title="bbox 2202 3132 3869 3201">
    <p class='ocr_par' dir='ltr' id='par_1_94' title="bbox 2202 3132 3869 3201">
     <span class='ocr_line' id='line_1_94' title="bbox 2202 3132 3869 3201; baseline -0.001 -15"><span class='ocrx_word' id='word_1_669' title='bbox 2202 3132 2513 3187; x_wconf 85' lang='lat' dir='ltr'>luxuriosa</span> <span class='ocrx_word' id='word_1_670' title='bbox 2535 3133 2829 3196; x_wconf 89' lang='lat' dir='ltr'>convivia,</span> <span class='ocrx_word' id='word_1_671' title='bbox 2848 3148 2964 3187; x_wconf 92' lang='lat' dir='ltr'>non</span> <span class='ocrx_word' id='word_1_672' title='bbox 2981 3132 3174 3186; x_wconf 93' lang='lat' dir='ltr'>solum</span> <span class='ocrx_word' id='word_1_673' title='bbox 3198 3132 3455 3186; x_wconf 89' lang='lat' dir='ltr'>honores</span> <span class='ocrx_word' id='word_1_674' title='bbox 3474 3137 3808 3201; x_wconf 87' lang='lat' dir='ltr'>martyrum</span> <span class='ocrx_word' id='word_1_675' title='bbox 3832 3145 3869 3185; x_wconf 89' lang='lat' dir='ltr'>a</span> 
     </span>
    </p>
   </div>
   <div class='ocr_carea' id='block_1_95' title="bbox 2202 3219 3866 3300">
    <p class='ocr_par' dir='ltr' id='par_1_95' title="bbox 2202 3219 3866 3300">
     <span class='ocr_line' id='line_1_95' title="bbox 2202 3219 3866 3300; baseline -0.001 -24"><span class='ocrx_word' id='word_1_676' title='bbox 2202 3222 2423 3276; x_wconf 87' lang='lat' dir='ltr'>carnali</span> <span class='ocrx_word' id='word_1_677' title='bbox 2448 3221 2783 3293; x_wconf 87' lang='lat' dir='ltr'>etimperita</span> <span class='ocrx_word' id='word_1_678' title='bbox 2802 3221 2964 3291; x_wconf 88' lang='lat' dir='ltr'>plebe</span> <span class='ocrx_word' id='word_1_679' title='bbox 2981 3222 3139 3275; x_wconf 88' lang='lat' dir='ltr'>credi</span> <span class='ocrx_word' id='word_1_680' title='bbox 3156 3221 3367 3287; x_wconf 90' lang='lat' dir='ltr'>solent,</span> <span class='ocrx_word' id='word_1_681' title='bbox 3390 3220 3494 3275; x_wconf 90' lang='lat' dir='ltr'>sed</span> <span class='ocrx_word' id='word_1_682' title='bbox 3513 3222 3688 3275; x_wconf 91' lang='lat' dir='ltr'>etiam</span> <span class='ocrx_word' id='word_1_683' title='bbox 3708 3219 3866 3300; x_wconf 47' lang='lat' dir='ltr'>sola:</span> 
     </span>
    </p>
   </div>
   <div class='ocr_carea' id='block_1_96' title="bbox 2201 3308 3868 3376">
    <p class='ocr_par' dir='ltr' id='par_1_96' title="bbox 2201 3308 3868 3376">
     <span class='ocr_line' id='line_1_96' title="bbox 2201 3308 3868 3376; baseline 0 -12"><span class='ocrx_word' id='word_1_684' title='bbox 2201 3312 2279 3365; x_wconf 90' lang='lat' dir='ltr'>tia</span> <span class='ocrx_word' id='word_1_685' title='bbox 2295 3317 2664 3365; x_wconf 85' lang='lat' dir='ltr'>mortuorum</span> <span class='ocrx_word' id='word_1_686' title='bbox 2684 3327 2696 3376; x_wconf 89' lang='lat'><strong>;</strong></span> <span class='ocrx_word' id='word_1_687' title='bbox 2717 3310 2857 3365; x_wconf 90' lang='lat' dir='ltr'>mihi</span> <span class='ocrx_word' id='word_1_688' title='bbox 2873 3310 3101 3365; x_wconf 89' lang='lat' dir='ltr'>videtur</span> <span class='ocrx_word' id='word_1_689' title='bbox 3116 3309 3346 3365; x_wconf 86' lang='lat' dir='ltr'>facilius</span> <span class='ocrx_word' id='word_1_690' title='bbox 3366 3309 3479 3364; x_wconf 91' lang='lat' dir='ltr'>illic</span> <span class='ocrx_word' id='word_1_691' title='bbox 3495 3312 3512 3346; x_wconf 87' lang='grc'>¹</span> <span class='ocrx_word' id='word_1_692' title='bbox 3530 3308 3868 3364; x_wconf 87' lang='lat' dir='ltr'>dissuaderl</span> 
     </span>
    </p>
   </div>
   <div class='ocr_carea' id='block_1_97' title="bbox 2199 3397 3866 3470">
    <p class='ocr_par' dir='ltr' id='par_1_97' title="bbox 2199 3397 3866 3470">
     <span class='ocr_line' id='line_1_97' title="bbox 2199 3397 3866 3470; baseline -0.001 -18"><span class='ocrx_word' id='word_1_693' title='bbox 2199 3415 2375 3470; x_wconf 90' lang='lat' dir='ltr'>posse</span> <span class='ocrx_word' id='word_1_694' title='bbox 2410 3399 2583 3454; x_wconf 88' lang='lat' dir='ltr'>istam</span> <span class='ocrx_word' id='word_1_695' title='bbox 2617 3399 2946 3453; x_wconf 72' lang='lat' dir='ltr'>foeditatem</span> <span class='ocrx_word' id='word_1_696' title='bbox 2990 3415 3058 3453; x_wconf 90' lang='lat' dir='ltr'>ac</span> <span class='ocrx_word' id='word_1_697' title='bbox 3101 3398 3555 3469; x_wconf 82' lang='lat' dir='ltr'>turpitudinem,</span> <span class='ocrx_word' id='word_1_698' title='bbox 3607 3399 3651 3451; x_wconf 91' lang='lat' dir='ltr'>si</span> <span class='ocrx_word' id='word_1_699' title='bbox 3692 3403 3749 3452; x_wconf 91' lang='lat' dir='ltr'>et</span> <span class='ocrx_word' id='word_1_700' title='bbox 3790 3397 3866 3451; x_wconf 92' lang='lat' dir='ltr'>de</span> 
     </span>
    </p>
   </div>
   <div class='ocr_carea' id='block_1_98' title="bbox 2198 3486 3866 3559">
    <p class='ocr_par' dir='ltr' id='par_1_98' title="bbox 2198 3486 3866 3559">
     <span class='ocr_line' id='line_1_98' title="bbox 2198 3486 3866 3559; baseline -0.001 -17"><span class='ocrx_word' id='word_1_701' title='bbox 2198 3489 2511 3559; x_wconf 82' lang='lat' dir='ltr'>Scripturis</span> <span class='ocrx_word' id='word_1_702' title='bbox 2540 3488 2948 3558; x_wconf 89' lang='lat' dir='ltr'>prohibeatur,</span> <span class='ocrx_word' id='word_1_703' title='bbox 2975 3493 3031 3541; x_wconf 93' lang='lat' dir='ltr'>et</span> <span class='ocrx_word' id='word_1_704' title='bbox 3057 3488 3389 3542; x_wconf 88' lang='lat' dir='ltr'>oblationes</span> <span class='ocrx_word' id='word_1_705' title='bbox 3418 3503 3525 3556; x_wconf 89' lang='lat' dir='ltr'>pro</span> <span class='ocrx_word' id='word_1_706' title='bbox 3554 3486 3866 3559; x_wconf 89' lang='lat' dir='ltr'>spiritibus</span> 
     </span>
    </p>
   </div>
   <div class='ocr_carea' id='block_1_99' title="bbox 2201 3576 3865 3649">
    <p class='ocr_par' dir='ltr' id='par_1_99' title="bbox 2201 3576 3865 3649">
     <span class='ocr_line' id='line_1_99' title="bbox 2201 3576 3865 3649; baseline 0 -18"><span class='ocrx_word' id='word_1_707' title='bbox 2201 3577 2645 3647; x_wconf 89' lang='lat' dir='ltr'>dormientium,</span> <span class='ocrx_word' id='word_1_708' title='bbox 2680 3594 2834 3649; x_wconf 89' lang='lat' dir='ltr'>quas</span> <span class='ocrx_word' id='word_1_709' title='bbox 2870 3593 3005 3632; x_wconf 90' lang='lat' dir='ltr'>vere</span> <span class='ocrx_word' id='word_1_710' title='bbox 3032 3577 3258 3649; x_wconf 89' lang='lat' dir='ltr'>aliquid</span> <span class='ocrx_word' id='word_1_711' title='bbox 3295 3578 3583 3647; x_wconf 90' lang='lat' dir='ltr'>adjuvare</span> <span class='ocrx_word' id='word_1_712' title='bbox 3611 3576 3865 3631; x_wconf 88' lang='lat' dir='ltr'>creden-</span> 
     </span>
    </p>
   </div>
   <div class='ocr_carea' id='block_1_100' title="bbox 2200 3666 3866 3737">
    <p class='ocr_par' dir='ltr' id='par_1_100' title="bbox 2200 3666 3866 3737">
     <span class='ocr_line' id='line_1_100' title="bbox 2200 3666 3866 3737; baseline 0 -16"><span class='ocrx_word' id='word_1_713' title='bbox 2200 3667 2345 3721; x_wconf 90' lang='lat' dir='ltr'>dum</span> <span class='ocrx_word' id='word_1_714' title='bbox 2377 3673 2485 3731; x_wconf 90' lang='lat' dir='ltr'>est,</span> <span class='ocrx_word' id='word_1_715' title='bbox 2518 3682 2697 3736; x_wconf 86' lang='lat' dir='ltr'>super</span> <span class='ocrx_word' id='word_1_716' title='bbox 2720 3667 2879 3737; x_wconf 86' lang='lat' dir='ltr'>ipsas</span> <span class='ocrx_word' id='word_1_717' title='bbox 2912 3668 3223 3721; x_wconf 89' lang='lat' dir='ltr'>memorias</span> <span class='ocrx_word' id='word_1_718' title='bbox 3255 3682 3375 3721; x_wconf 91' lang='lat' dir='ltr'>non</span> <span class='ocrx_word' id='word_1_719' title='bbox 3404 3666 3521 3721; x_wconf 91' lang='lat' dir='ltr'>sint</span> <span class='ocrx_word' id='word_1_720' title='bbox 3550 3671 3866 3737; x_wconf 89' lang='lat' dir='ltr'>sumptuo-</span> 
     </span>
    </p>
   </div>
   <div class='ocr_carea' id='block_1_101' title="bbox 2200 3756 3861 3827">
    <p class='ocr_par' dir='ltr' id='par_1_101' title="bbox 2200 3756 3861 3827">
     <span class='ocr_line' id='line_1_101' title="bbox 2200 3756 3861 3827; baseline 0.001 -18"><span class='ocrx_word' id='word_1_721' title='bbox 2200 3771 2300 3823; x_wconf 88' lang='lat' dir='ltr'>sa,</span> <span class='ocrx_word' id='word_1_722' title='bbox 2335 3760 2513 3826; x_wconf 88' lang='lat' dir='ltr'>atque</span> <span class='ocrx_word' id='word_1_723' title='bbox 2544 3756 2828 3810; x_wconf 88' lang='lat' dir='ltr'>omnibus</span> <span class='ocrx_word' id='word_1_724' title='bbox 2852 3757 3183 3827; x_wconf 87' lang='lat' dir='ltr'>petentibus</span> <span class='ocrx_word' id='word_1_725' title='bbox 3206 3756 3332 3810; x_wconf 91' lang='lat' dir='ltr'>sine</span> <span class='ocrx_word' id='word_1_726' title='bbox 3359 3757 3543 3826; x_wconf 89' lang='lat' dir='ltr'>typho</span> <span class='ocrx_word' id='word_1_727' title='bbox 3569 3762 3610 3820; x_wconf 70' lang='grc'>³,</span> <span class='ocrx_word' id='word_1_728' title='bbox 3636 3762 3690 3809; x_wconf 91' lang='lat' dir='ltr'>et</span> <span class='ocrx_word' id='word_1_729' title='bbox 3720 3771 3861 3811; x_wconf 91' lang='lat' dir='ltr'>cum</span> 
     </span>
    </p>
   </div>
   <div class='ocr_carea' id='block_1_102' title="bbox 2200 3844 3863 3916">
    <p class='ocr_par' dir='ltr' id='par_1_102' title="bbox 2200 3844 3863 3916">
     <span class='ocr_line' id='line_1_102' title="bbox 2200 3844 3863 3916; baseline 0 -17"><span class='ocrx_word' id='word_1_730' title='bbox 2200 3844 2500 3900; x_wconf 91' lang='lat' dir='ltr'>alacritate</span> <span class='ocrx_word' id='word_1_731' title='bbox 2532 3846 2952 3915; x_wconf 87' lang='lat' dir='ltr'>prabeantur:</span> <span class='ocrx_word' id='word_1_732' title='bbox 2997 3860 3187 3916; x_wconf 90' lang='lat' dir='ltr'>neque</span> <span class='ocrx_word' id='word_1_733' title='bbox 3230 3844 3569 3899; x_wconf 83' lang='lat' dir='ltr'>vendantur</span> <span class='ocrx_word' id='word_1_734' title='bbox 3606 3860 3619 3909; x_wconf 91' lang='lat'><strong>;</strong></span> <span class='ocrx_word' id='word_1_735' title='bbox 3662 3844 3767 3899; x_wconf 89' lang='lat' dir='ltr'>sed</span> <span class='ocrx_word' id='word_1_736' title='bbox 3811 3844 3863 3899; x_wconf 90' lang='lat' dir='ltr'>si</span> 
     </span>
    </p>
   </div>
   <div class='ocr_carea' id='block_1_103' title="bbox 2198 3933 3860 4005">
    <p class='ocr_par' dir='ltr' id='par_1_103' title="bbox 2198 3933 3860 4005">
     <span class='ocr_line' id='line_1_103' title="bbox 2198 3933 3860 4005; baseline -0.001 -17"><span class='ocrx_word' id='word_1_737' title='bbox 2198 3935 2357 4003; x_wconf 89' lang='lat' dir='ltr'>quis,</span> <span class='ocrx_word' id='word_1_738' title='bbox 2383 3950 2491 4005; x_wconf 89' lang='lat' dir='ltr'>pro</span> <span class='ocrx_word' id='word_1_739' title='bbox 2507 3934 2791 4001; x_wconf 79' lang='lat' dir='ltr'>religione</span> <span class='ocrx_word' id='word_1_740' title='bbox 2816 3933 3040 4005; x_wconf 87' lang='lat' dir='ltr'>aliquid</span> <span class='ocrx_word' id='word_1_741' title='bbox 3064 3934 3329 4004; x_wconf 90' lang='lat' dir='ltr'>pecunia</span> <span class='ocrx_word' id='word_1_742' title='bbox 3347 3934 3562 3988; x_wconf 82' lang='lat' dir='ltr'>oﬂerre</span> <span class='ocrx_word' id='word_1_743' title='bbox 3588 3934 3860 3998; x_wconf 89' lang='lat' dir='ltr'>voluerit,</span> 
     </span>
    </p>
   </div>
   <div class='ocr_carea' id='block_1_104' title="bbox 2198 4022 3863 4094">
    <p class='ocr_par' dir='ltr' id='par_1_104' title="bbox 2198 4022 3863 4094">
     <span class='ocr_line' id='line_1_104' title="bbox 2198 4022 3863 4094; baseline -0.001 -17"><span class='ocrx_word' id='word_1_744' title='bbox 2198 4024 2255 4077; x_wconf 90' lang='lat' dir='ltr'>in</span> <span class='ocrx_word' id='word_1_745' title='bbox 2291 4026 2560 4094; x_wconf 89' lang='lat' dir='ltr'>prasenti</span> <span class='ocrx_word' id='word_1_746' title='bbox 2587 4022 2953 4093; x_wconf 86' lang='lat' dir='ltr'>pauperibus</span> <span class='ocrx_word' id='word_1_747' title='bbox 2982 4027 3186 4093; x_wconf 85' lang='lat' dir='ltr'>eroget</span> <span class='ocrx_word' id='word_1_748' title='bbox 3206 4024 3247 4073; x_wconf 85' lang='grc'>³.</span> <span class='ocrx_word' id='word_1_749' title='bbox 3275 4023 3357 4077; x_wconf 85' lang='lat' dir='ltr'>lta</span> <span class='ocrx_word' id='word_1_750' title='bbox 3382 4038 3455 4077; x_wconf 93' lang='lat' dir='ltr'>ne</span> <span class='ocrx_word' id='word_1_751' title='bbox 3482 4022 3753 4076; x_wconf 90' lang='lat' dir='ltr'>deserere</span> <span class='ocrx_word' id='word_1_752' title='bbox 3782 4022 3863 4076; x_wconf 82' lang='lat' dir='ltr'>vi-</span> 
     </span>
    </p>
   </div>
   <div class='ocr_carea' id='block_1_105' title="bbox 2198 4110 3859 4183">
    <p class='ocr_par' dir='ltr' id='par_1_105' title="bbox 2198 4110 3859 4183">
     <span class='ocr_line' id='line_1_105' title="bbox 2198 4110 3859 4183; baseline 0 -17"><span class='ocrx_word' id='word_1_753' title='bbox 2198 4112 2501 4167; x_wconf 80' lang='lat' dir='ltr'>dabuntur</span> <span class='ocrx_word' id='word_1_754' title='bbox 2530 4112 2850 4167; x_wconf 88' lang='lat' dir='ltr'>memorias</span> <span class='ocrx_word' id='word_1_755' title='bbox 2884 4128 3146 4176; x_wconf 88' lang='lat' dir='ltr'>suorum,</span> <span class='ocrx_word' id='word_1_756' title='bbox 3194 4110 3357 4183; x_wconf 90' lang='lat' dir='ltr'>quod</span> <span class='ocrx_word' id='word_1_757' title='bbox 3388 4117 3583 4181; x_wconf 89' lang='lat' dir='ltr'>potest</span> <span class='ocrx_word' id='word_1_758' title='bbox 3615 4112 3859 4182; x_wconf 89' lang='lat' dir='ltr'>gignere</span> 
     </span>
    </p>
   </div>
   <div class='ocr_carea' id='block_1_106' title="bbox 2200 4200 3861 4263">
    <p class='ocr_par' dir='ltr' id='par_1_106' title="bbox 2200 4200 3861 4263">
     <span class='ocr_line' id='line_1_106' title="bbox 2200 4200 3861 4263; baseline -0.001 -7"><span class='ocrx_word' id='word_1_759' title='bbox 2200 4218 2319 4257; x_wconf 91' lang='lat' dir='ltr'>non</span> <span class='ocrx_word' id='word_1_760' title='bbox 2344 4202 2532 4256; x_wconf 90' lang='lat' dir='ltr'>levem</span> <span class='ocrx_word' id='word_1_761' title='bbox 2558 4202 2752 4256; x_wconf 89' lang='lat' dir='ltr'>cordis</span> <span class='ocrx_word' id='word_1_762' title='bbox 2774 4200 3064 4263; x_wconf 90' lang='lat' dir='ltr'>dolorem,</span> <span class='ocrx_word' id='word_1_763' title='bbox 3086 4206 3143 4255; x_wconf 92' lang='lat' dir='ltr'>et</span> <span class='ocrx_word' id='word_1_764' title='bbox 3165 4201 3221 4256; x_wconf 91' lang='lat' dir='ltr'>id</span> <span class='ocrx_word' id='word_1_765' title='bbox 3244 4200 3644 4255; x_wconf 88' lang='lat' dir='ltr'>celebrabitur</span> <span class='ocrx_word' id='word_1_766' title='bbox 3666 4202 3726 4254; x_wconf 92' lang='lat' dir='ltr'>in</span> <span class='ocrx_word' id='word_1_767' title='bbox 3753 4202 3861 4255; x_wconf 85' lang='lat' dir='ltr'>Ec-</span> 
     </span>
    </p>
   </div>
   <div class='ocr_carea' id='block_1_107' title="bbox 2199 4288 3859 4361">
    <p class='ocr_par' dir='ltr' id='par_1_107' title="bbox 2199 4288 3859 4361">
     <span class='ocr_line' id='line_1_107' title="bbox 2199 4288 3859 4361; baseline -0.002 -15"><span class='ocrx_word' id='word_1_768' title='bbox 2199 4290 2379 4346; x_wconf 90' lang='lat' dir='ltr'>clesia</span> <span class='ocrx_word' id='word_1_769' title='bbox 2392 4290 2556 4361; x_wconf 91' lang='lat' dir='ltr'>quod</span> <span class='ocrx_word' id='word_1_770' title='bbox 2580 4291 2672 4359; x_wconf 91' lang='lat' dir='ltr'>pie</span> <span class='ocrx_word' id='word_1_771' title='bbox 2694 4295 2747 4343; x_wconf 90' lang='lat' dir='ltr'>et</span> <span class='ocrx_word' id='word_1_772' title='bbox 2760 4289 3004 4343; x_wconf 88' lang='lat' dir='ltr'>honeste</span> <span class='ocrx_word' id='word_1_773' title='bbox 3020 4288 3369 4344; x_wconf 90' lang='lat' dir='ltr'>celebratur.</span> <span class='ocrx_word' id='word_1_774' title='bbox 3389 4291 3520 4343; x_wconf 86' lang='lat' dir='ltr'>Hac</span> <span class='ocrx_word' id='word_1_775' title='bbox 3534 4289 3766 4344; x_wconf 89' lang='lat' dir='ltr'>interim</span> <span class='ocrx_word' id='word_1_776' title='bbox 3782 4288 3859 4344; x_wconf 89' lang='lat' dir='ltr'>de</span> 
     </span>
    </p>
   </div>
   <div class='ocr_carea' id='block_1_108' title="bbox 2200 4377 3607 4434">
    <p class='ocr_par' dir='ltr' id='par_1_108' title="bbox 2200 4377 3607 4434">
     <span class='ocr_line' id='line_1_108' title="bbox 2200 4377 3607 4434; baseline -0.001 0"><span class='ocrx_word' id='word_1_777' title='bbox 2200 4380 2741 4434; x_wconf 89' lang='lat' dir='ltr'>comessationibus</span> <span class='ocrx_word' id='word_1_778' title='bbox 2776 4384 2829 4433; x_wconf 89' lang='lat' dir='ltr'>et</span> <span class='ocrx_word' id='word_1_779' title='bbox 2854 4378 3239 4433; x_wconf 83' lang='lat' dir='ltr'>ebrietatibus</span> <span class='ocrx_word' id='word_1_780' title='bbox 3272 4377 3432 4432; x_wconf 89' lang='lat' dir='ltr'>dicta</span> <span class='ocrx_word' id='word_1_781' title='bbox 3470 4377 3607 4432; x_wconf 90' lang='lat' dir='ltr'>sint.</span> 
     </span>
    </p>
   </div>
   <div class='ocr_carea' id='block_1_109' title="bbox 2202 4485 3852 4554">
    <p class='ocr_par' dir='ltr' id='par_1_109' title="bbox 2202 4485 3852 4554">
     <span class='ocr_line' id='line_1_109' title="bbox 2202 4485 3852 4554; baseline -0.002 -11"><span class='ocrx_word' id='word_1_782' title='bbox 2202 4488 2428 4543; x_wconf 86' lang='lat' dir='ltr'>CAPUT</span> <span class='ocrx_word' id='word_1_783' title='bbox 2468 4490 2530 4541; x_wconf 92' lang='lat' dir='ltr'>ll.</span> <span class='ocrx_word' id='word_1_784' title='bbox 2572 4518 2641 4527; x_wconf 91' lang='lat'>——</span> <span class='ocrx_word' id='word_1_785' title='bbox 2680 4487 2763 4542; x_wconf 92' lang='lat' dir='ltr'>De</span> <span class='ocrx_word' id='word_1_786' title='bbox 2806 4486 3181 4542; x_wconf 85' lang='lat' dir='ltr'>contentione</span> <span class='ocrx_word' id='word_1_787' title='bbox 3222 4493 3275 4541; x_wconf 86' lang='lat' dir='ltr'>et</span> <span class='ocrx_word' id='word_1_788' title='bbox 3324 4485 3521 4541; x_wconf 83' lang='lat' dir='ltr'>laudis</span> <span class='ocrx_word' id='word_1_789' title='bbox 3561 4487 3852 4554; x_wconf 83' lang='lat' dir='ltr'>appetitu.</span> 
     </span>
    </p>
   </div>
   <div class='ocr_carea' id='block_1_110' title="bbox 2254 4573 3795 4645">
    <p class='ocr_par' dir='ltr' id='par_1_110' title="bbox 2254 4573 3795 4645">
     <span class='ocr_line' id='line_1_110' title="bbox 2254 4573 3795 4645; baseline -0.002 -14"><span class='ocrx_word' id='word_1_790' title='bbox 2254 4577 2550 4643; x_wconf 85' lang='lat' dir='ltr'>Quomodo</span> <span class='ocrx_word' id='word_1_791' title='bbox 2582 4578 2771 4632; x_wconf 85' lang='lat' dir='ltr'>honor</span> <span class='ocrx_word' id='word_1_792' title='bbox 2797 4582 2849 4631; x_wconf 90' lang='lat' dir='ltr'>et</span> <span class='ocrx_word' id='word_1_793' title='bbox 2879 4578 3009 4631; x_wconf 86' lang='lat' dir='ltr'>laus</span> <span class='ocrx_word' id='word_1_794' title='bbox 3047 4573 3081 4630; x_wconf 82' lang='grc' dir='ltr'><em>ἀ</em></span> <span class='ocrx_word' id='word_1_795' title='bbox 3115 4576 3385 4645; x_wconf 65' lang='lat' dir='ltr'>praelatis</span> <span class='ocrx_word' id='word_1_796' title='bbox 3418 4576 3795 4631; x_wconf 88' lang='lat' dir='ltr'>assumenda.</span> 
     </span>
    </p>
   </div>
   <div class='ocr_carea' id='block_1_111' title="bbox 2266 4683 3854 4755">
    <p class='ocr_par' dir='ltr' id='par_1_111' title="bbox 2266 4683 3854 4755">
     <span class='ocr_line' id='line_1_111' title="bbox 2266 4683 3854 4755; baseline -0.001 -17"><span class='ocrx_word' id='word_1_797' title='bbox 2266 4686 2318 4738; x_wconf 90' lang='grc'>7.</span> <span class='ocrx_word' id='word_1_798' title='bbox 2366 4688 2441 4739; x_wconf 91' lang='lat' dir='ltr'>De</span> <span class='ocrx_word' id='word_1_799' title='bbox 2468 4686 2847 4741; x_wconf 90' lang='lat' dir='ltr'>contentione</span> <span class='ocrx_word' id='word_1_800' title='bbox 2875 4689 3071 4740; x_wconf 90' lang='lat' dir='ltr'>autem</span> <span class='ocrx_word' id='word_1_801' title='bbox 3103 4684 3313 4739; x_wconf 88' lang='lat' dir='ltr'>etdolo</span> <span class='ocrx_word' id='word_1_802' title='bbox 3342 4683 3487 4755; x_wconf 91' lang='lat' dir='ltr'>quid</span> <span class='ocrx_word' id='word_1_803' title='bbox 3522 4699 3616 4737; x_wconf 92' lang='lat' dir='ltr'>me</span> <span class='ocrx_word' id='word_1_804' title='bbox 3648 4684 3854 4738; x_wconf 89' lang='lat' dir='ltr'>attinet</span> 
     </span>
    </p>
   </div>
   <div class='ocr_carea' id='block_1_112' title="bbox 2197 4772 3855 4847">
    <p class='ocr_par' dir='ltr' id='par_1_112' title="bbox 2197 4772 3855 4847">
     <span class='ocr_line' id='line_1_112' title="bbox 2197 4772 3855 4847; baseline -0.002 -17"><span class='ocrx_word' id='word_1_805' title='bbox 2197 4775 2411 4841; x_wconf 89' lang='lat' dir='ltr'>dicere,</span> <span class='ocrx_word' id='word_1_806' title='bbox 2437 4775 2682 4847; x_wconf 90' lang='lat' dir='ltr'>quando</span> <span class='ocrx_word' id='word_1_807' title='bbox 2714 4776 2825 4829; x_wconf 90' lang='lat' dir='ltr'>ista</span> <span class='ocrx_word' id='word_1_808' title='bbox 2860 4776 2997 4829; x_wconf 91' lang='lat' dir='ltr'>vitia</span> <span class='ocrx_word' id='word_1_809' title='bbox 3029 4790 3147 4829; x_wconf 88' lang='lat' dir='ltr'>non</span> <span class='ocrx_word' id='word_1_810' title='bbox 3180 4774 3235 4827; x_wconf 90' lang='lat' dir='ltr'>iu</span> <span class='ocrx_word' id='word_1_811' title='bbox 3273 4773 3465 4844; x_wconf 91' lang='lat' dir='ltr'>plebe,</span> <span class='ocrx_word' id='word_1_812' title='bbox 3490 4772 3594 4827; x_wconf 91' lang='lat' dir='ltr'>sed</span> <span class='ocrx_word' id='word_1_813' title='bbox 3626 4773 3684 4827; x_wconf 89' lang='lat' dir='ltr'>in</span> <span class='ocrx_word' id='word_1_814' title='bbox 3714 4788 3855 4827; x_wconf 91' lang='lat' dir='ltr'>nos-</span> 
     </span>
    </p>
   </div>
   <div class='ocr_carea' id='block_1_113' title="bbox 2200 4862 3849 4935">
    <p class='ocr_par' dir='ltr' id='par_1_113' title="bbox 2200 4862 3849 4935">
     <span class='ocr_line' id='line_1_113' title="bbox 2200 4862 3849 4935; baseline -0.002 -14"><span class='ocrx_word' id='word_1_815' title='bbox 2200 4872 2285 4921; x_wconf 91' lang='lat' dir='ltr'>tro</span> <span class='ocrx_word' id='word_1_816' title='bbox 2318 4881 2567 4920; x_wconf 87' lang='lat' dir='ltr'>numero</span> <span class='ocrx_word' id='word_1_817' title='bbox 2600 4865 2875 4935; x_wconf 89' lang='lat' dir='ltr'>graviora</span> <span class='ocrx_word' id='word_1_818' title='bbox 2898 4866 3079 4920; x_wconf 83' lang='lat' dir='ltr'>sunt?</span> <span class='ocrx_word' id='word_1_819' title='bbox 3115 4866 3331 4919; x_wconf 88' lang='lat' dir='ltr'>Horum</span> <span class='ocrx_word' id='word_1_820' title='bbox 3367 4866 3568 4918; x_wconf 87' lang='lat' dir='ltr'>autem</span> <span class='ocrx_word' id='word_1_821' title='bbox 3600 4862 3849 4918; x_wconf 91' lang='lat' dir='ltr'>morbo-</span> 
     </span>
    </p>
   </div>
   <div class='ocr_carea' id='block_1_114' title="bbox 2198 4951 3854 5026">
    <p class='ocr_par' dir='ltr' id='par_1_114' title="bbox 2198 4951 3854 5026">
     <span class='ocr_line' id='line_1_114' title="bbox 2198 4951 3854 5026; baseline -0.001 -17"><span class='ocrx_word' id='word_1_822' title='bbox 2198 4972 2328 5009; x_wconf 91' lang='lat' dir='ltr'>rum</span> <span class='ocrx_word' id='word_1_823' title='bbox 2365 4960 2551 5009; x_wconf 88' lang='lat' dir='ltr'>mater</span> <span class='ocrx_word' id='word_1_824' title='bbox 2578 4954 2859 5026; x_wconf 89' lang='lat' dir='ltr'>superbia</span> <span class='ocrx_word' id='word_1_825' title='bbox 2887 4961 2994 5018; x_wconf 86' lang='lat' dir='ltr'>est,</span> <span class='ocrx_word' id='word_1_826' title='bbox 3029 4959 3083 5009; x_wconf 89' lang='lat' dir='ltr'>et</span> <span class='ocrx_word' id='word_1_827' title='bbox 3113 4953 3389 5008; x_wconf 82' lang='lat' dir='ltr'>humana</span> <span class='ocrx_word' id='word_1_828' title='bbox 3428 4952 3626 5007; x_wconf 88' lang='lat' dir='ltr'>laudis</span> <span class='ocrx_word' id='word_1_829' title='bbox 3659 4951 3854 5007; x_wconf 87' lang='lat' dir='ltr'>avidi-</span> 
     </span>
    </p>
   </div>
   <div class='ocr_carea' id='block_1_115' title="bbox 2198 5042 3847 5117">
    <p class='ocr_par' dir='ltr' id='par_1_115' title="bbox 2198 5042 3847 5117">
     <span class='ocr_line' id='line_1_115' title="bbox 2198 5042 3847 5117; baseline -0.002 -17"><span class='ocrx_word' id='word_1_830' title='bbox 2198 5051 2304 5111; x_wconf 89' lang='lat' dir='ltr'>tas,</span> <span class='ocrx_word' id='word_1_831' title='bbox 2334 5062 2469 5117; x_wconf 90' lang='lat' dir='ltr'>qua</span> <span class='ocrx_word' id='word_1_832' title='bbox 2494 5044 2669 5099; x_wconf 88' lang='lat' dir='ltr'>etiam</span> <span class='ocrx_word' id='word_1_833' title='bbox 2692 5044 3056 5115; x_wconf 88' lang='lat' dir='ltr'>hypocrisim</span> <span class='ocrx_word' id='word_1_834' title='bbox 3084 5060 3239 5114; x_wconf 88' lang='lat' dir='ltr'>sape</span> <span class='ocrx_word' id='word_1_835' title='bbox 3262 5048 3526 5112; x_wconf 84' lang='lat' dir='ltr'>generat.</span> <span class='ocrx_word' id='word_1_836' title='bbox 3559 5042 3699 5097; x_wconf 88' lang='lat' dir='ltr'>Huic</span> <span class='ocrx_word' id='word_1_837' title='bbox 3724 5057 3847 5097; x_wconf 91' lang='lat' dir='ltr'>non</span> 
     </span>
    </p>
   </div>
   <div class='ocr_carea' id='block_1_116' title="bbox 2257 5227 3167 5292">
    <p class='ocr_par' dir='ltr' id='par_1_116' title="bbox 2257 5227 3167 5292">
     <span class='ocr_line' id='line_1_116' title="bbox 2257 5227 3167 5292; baseline 0 -15"><span class='ocrx_word' id='word_1_838' title='bbox 2257 5232 2269 5262; x_wconf 92' lang='grc'>¹</span> <span class='ocrx_word' id='word_1_839' title='bbox 2308 5229 2437 5283; x_wconf 85' lang='lat' dir='ltr'>Mss.</span> <span class='ocrx_word' id='word_1_840' title='bbox 2481 5233 2703 5292; x_wconf 89' lang='lat' dir='ltr'>septem.</span> <span class='ocrx_word' id='word_1_841' title='bbox 2738 5229 2863 5281; x_wconf 71' lang='lat' dir='ltr'>illis.</span> <span class='ocrx_word' id='word_1_842' title='bbox 2893 5227 3010 5283; x_wconf 81' lang='lat' dir='ltr'>Alii,</span> <span class='ocrx_word' id='word_1_843' title='bbox 3042 5228 3167 5277; x_wconf 88' lang='lat' dir='ltr'>illic.</span> 
     </span>
    </p>
   </div>
   <div class='ocr_carea' id='block_1_117' title="bbox 2256 5292 2727 5353">
    <p class='ocr_par' dir='ltr' id='par_1_117' title="bbox 2256 5292 2727 5353">
     <span class='ocr_line' id='line_1_117' title="bbox 2256 5292 2727 5353; baseline -0.002 -14"><span class='ocrx_word' id='word_1_844' title='bbox 2256 5295 2273 5324; x_wconf 80' lang='grc'><em>³</em></span> <span class='ocrx_word' id='word_1_845' title='bbox 2306 5293 2405 5344; x_wconf 79' lang='lat' dir='ltr'>Ms.</span> <span class='ocrx_word' id='word_1_846' title='bbox 2450 5292 2557 5349; x_wconf 80' lang='lat' dir='ltr'>5b.,</span> <span class='ocrx_word' id='word_1_847' title='bbox 2594 5298 2727 5353; x_wconf 83' lang='lat' dir='ltr'>typo.</span> 
     </span>
    </p>
   </div>
   <div class='ocr_carea' id='block_1_118' title="bbox 2256 5352 3257 5416">
    <p class='ocr_par' dir='ltr' id='par_1_118' title="bbox 2256 5352 3257 5416">
     <span class='ocr_line' id='line_1_118' title="bbox 2256 5352 3257 5416; baseline 0.002 -14"><span class='ocrx_word' id='word_1_848' title='bbox 2256 5357 2273 5387; x_wconf 80' lang='grc'><strong>³</strong></span> <span class='ocrx_word' id='word_1_849' title='bbox 2306 5355 2434 5407; x_wconf 87' lang='lat' dir='ltr'>Mss.</span> <span class='ocrx_word' id='word_1_850' title='bbox 2474 5352 2885 5416; x_wconf 25' lang='lat' dir='ltr'>duo,’erogetur.</span> <span class='ocrx_word' id='word_1_851' title='bbox 2919 5352 3037 5409; x_wconf 78' lang='lat' dir='ltr'>Alii,</span> <span class='ocrx_word' id='word_1_852' title='bbox 3066 5359 3257 5415; x_wconf 79' lang='lat' dir='ltr'>eroget.</span> 
     </span>
    </p>
   </div>
   <div class='ocr_carea' id='block_1_119' title="bbox 2257 5416 3853 5479">
    <p class='ocr_par' dir='ltr' id='par_1_119' title="bbox 2257 5416 3853 5479">
     <span class='ocr_line' id='line_1_119' title="bbox 2257 5416 3853 5479; baseline 0 -16"><span class='ocrx_word' id='word_1_853' title='bbox 2257 5418 2326 5476; x_wconf 85' lang='lat' dir='ltr'>(a)</span> <span class='ocrx_word' id='word_1_854' title='bbox 2360 5417 2601 5465; x_wconf 88' lang='lat' dir='ltr'>Aurelius</span> <span class='ocrx_word' id='word_1_855' title='bbox 2641 5417 3074 5479; x_wconf 83' lang='lat' dir='ltr'>Carthagincnsis</span> <span class='ocrx_word' id='word_1_856' title='bbox 3108 5416 3357 5466; x_wconf 79' lang='lat' dir='ltr'>Ecclesia</span> <span class='ocrx_word' id='word_1_857' title='bbox 3390 5416 3675 5479; x_wconf 87' lang='lat' dir='ltr'>episcopus</span> <span class='ocrx_word' id='word_1_858' title='bbox 3709 5427 3853 5479; x_wconf 79' lang='lat' dir='ltr'>crea-</span> 
     </span>
    </p>
   </div>
   <div class='ocr_carea' id='block_1_120' title="bbox 2194 5431 3850 5541">
    <p class='ocr_par' dir='ltr' id='par_1_120' title="bbox 2194 5431 3850 5541">
     <span class='ocr_line' id='line_1_120' title="bbox 2257 5431 3850 5525; baseline 0 -62"><span class='ocrx_word' id='word_1_859' title='bbox 2257 5431 2326 5476; x_wconf 74' lang='grc' dir='ltr'>(α)</span> <span class='ocrx_word' id='word_1_860' title='bbox 2360 5431 2601 5465; x_wconf 70' lang='lat' dir='ltr'>aurelius</span> <span class='ocrx_word' id='word_1_861' title='bbox 2641 5431 3074 5479; x_wconf 67' lang='lat' dir='ltr'>uarmagmcnsxs</span> <span class='ocrx_word' id='word_1_862' title='bbox 3108 5431 3357 5466; x_wconf 67' lang='lat' dir='ltr'>lL&#39;CCleSltD</span> <span class='ocrx_word' id='word_1_863' title='bbox 3390 5431 3675 5525; x_wconf 51' lang='lat' dir='ltr'>episcopus</span> <span class='ocrx_word' id='word_1_864' title='bbox 3709 5431 3850 5465; x_wconf 88' lang='lat' dir='ltr'>crea-</span> 
     </span>
     <span class='ocr_line' id='line_1_121' title="bbox 2194 5477 3850 5541; baseline 0.001 -15"><span class='ocrx_word' id='word_1_865' title='bbox 2194 5482 2279 5527; x_wconf 89' lang='lat' dir='ltr'>tus</span> <span class='ocrx_word' id='word_1_866' title='bbox 2314 5484 2393 5525; x_wconf 89' lang='lat' dir='ltr'>est</span> <span class='ocrx_word' id='word_1_867' title='bbox 2423 5479 2556 5527; x_wconf 85' lang='lat' dir='ltr'>forte</span> <span class='ocrx_word' id='word_1_868' title='bbox 2600 5492 2685 5526; x_wconf 90' lang='lat' dir='ltr'>an.</span> <span class='ocrx_word' id='word_1_869' title='bbox 2728 5480 2835 5533; x_wconf 84' lang='grc'>391,</span> <span class='ocrx_word' id='word_1_870' title='bbox 2868 5484 3007 5528; x_wconf 88' lang='lat' dir='ltr'>certe</span> <span class='ocrx_word' id='word_1_871' title='bbox 3048 5494 3154 5527; x_wconf 91' lang='lat' dir='ltr'>non</span> <span class='ocrx_word' id='word_1_872' title='bbox 3200 5480 3410 5541; x_wconf 84' lang='lat' dir='ltr'>aute39</span> <span class='ocrx_word' id='word_1_873' title='bbox 3462 5494 3472 5533; x_wconf 88' lang='lat'>;</span> <span class='ocrx_word' id='word_1_874' title='bbox 3522 5478 3717 5541; x_wconf 87' lang='lat' dir='ltr'>quippe</span> <span class='ocrx_word' id='word_1_875' title='bbox 3750 5477 3850 5527; x_wconf 87' lang='lat' dir='ltr'>hoc</span> 
     </span>
    </p>
   </div>
   <div class='ocr_carea' id='block_1_121' title="bbox 2193 5540 3851 5605">
    <p class='ocr_par' dir='ltr' id='par_1_121' title="bbox 2193 5540 3851 5605">
     <span class='ocr_line' id='line_1_122' title="bbox 2193 5540 3851 5605; baseline -0.001 -16"><span class='ocrx_word' id='word_1_876' title='bbox 2193 5554 2334 5589; x_wconf 85' lang='lat' dir='ltr'>anno</span> <span class='ocrx_word' id='word_1_877' title='bbox 2352 5546 2658 5605; x_wconf 74' lang='lat' dir='ltr'>antecessor</span> <span class='ocrx_word' id='word_1_878' title='bbox 2688 5542 2853 5605; x_wconf 84' lang='lat' dir='ltr'>ipsius</span> <span class='ocrx_word' id='word_1_879' title='bbox 2884 5542 3190 5605; x_wconf 89' lang='lat' dir='ltr'>Genethlius</span> <span class='ocrx_word' id='word_1_880' title='bbox 3216 5540 3425 5605; x_wconf 70' lang='lat' dir='ltr'>prwfuit</span> <span class='ocrx_word' id='word_1_881' title='bbox 3458 5540 3851 5590; x_wconf 76' lang='lat' dir='ltr'>couc.Cartha-</span> 
     </span>
    </p>
   </div>
   <div class='ocr_carea' id='block_1_122' title="bbox 2192 5604 3845 5675">
    <p class='ocr_par' dir='ltr' id='par_1_122' title="bbox 2192 5604 3845 5675">
     <span class='ocr_line' id='line_1_123' title="bbox 2192 5604 3845 5675; baseline 0 -25"><span class='ocrx_word' id='word_1_882' title='bbox 2192 5605 2399 5675; x_wconf 55' lang='lat' dir='ltr'>giliensi</span> <span class='ocrx_word' id='word_1_883' title='bbox 2415 5604 2472 5650; x_wconf 89' lang='lat' dir='ltr'>ll.</span> <span class='ocrx_word' id='word_1_884' title='bbox 2492 5604 2665 5674; x_wconf 75' lang='lat' dir='ltr'>Atsub</span> <span class='ocrx_word' id='word_1_885' title='bbox 2679 5604 3148 5675; x_wconf 75' lang='lat' dir='ltr'>Aureliohabituui</span> <span class='ocrx_word' id='word_1_886' title='bbox 3168 5604 3615 5675; x_wconf 43' lang='lat' dir='ltr'>cs&#39;tllipppnensc,</span> <span class='ocrx_word' id='word_1_887' title='bbox 3631 5616 3717 5675; x_wconf 72' lang='lat' dir='ltr'>an.</span> 
     </span>
    </p>
   </div>
   <div class='ocr_carea' id='block_1_123' title="bbox 2254 5666 3847 5730">
    <p class='ocr_par' dir='ltr' id='par_1_123' title="bbox 2254 5666 3847 5730">
     <span class='ocr_line' id='line_1_124' title="bbox 2254 5666 3847 5730; baseline -0.001 -17"><span class='ocrx_word' id='word_1_888' title='bbox 2254 5666 2327 5728; x_wconf 89' lang='lat' dir='ltr'>(b)</span> <span class='ocrx_word' id='word_1_889' title='bbox 2356 5666 2434 5716; x_wconf 85' lang='lat' dir='ltr'>Ita</span> <span class='ocrx_word' id='word_1_890' title='bbox 2457 5679 2513 5716; x_wconf 89' lang='lat' dir='ltr'>se</span> <span class='ocrx_word' id='word_1_891' title='bbox 2542 5666 2655 5729; x_wconf 88' lang='lat' dir='ltr'>ipse</span> <span class='ocrx_word' id='word_1_892' title='bbox 2685 5668 2851 5730; x_wconf 87' lang='lat' dir='ltr'>gessit</span> <span class='ocrx_word' id='word_1_893' title='bbox 2883 5668 3216 5730; x_wconf 81' lang='lat' dir='ltr'>Augustinus</span> <span class='ocrx_word' id='word_1_894' title='bbox 3240 5670 3299 5715; x_wconf 89' lang='lat' dir='ltr'>ut</span> <span class='ocrx_word' id='word_1_895' title='bbox 3331 5666 3443 5715; x_wconf 88' lang='lat' dir='ltr'>vid.</span> <span class='ocrx_word' id='word_1_896' title='bbox 3483 5666 3539 5715; x_wconf 90' lang='lat' dir='ltr'>in</span> <span class='ocrx_word' id='word_1_897' title='bbox 3574 5667 3733 5729; x_wconf 82' lang='lat' dir='ltr'>Epist.</span> <span class='ocrx_word' id='word_1_898' title='bbox 3770 5666 3847 5713; x_wconf 79' lang='lat'>29.</span> 
     </span>
    </p>
   </div>
  </div>
