  <div class='ocr_page' id='page_1' title='image "/cluster/home/n/w/nwhite01/storage/ocr_20150623/33/hvd.32044096580568/053.png"; bbox 0 0 4108 6172; ppageno 0'>
   <div class='ocr_carea' id='block_1_1' title="bbox 440 234 3849 300">
    <p class='ocr_par' dir='ltr' id='par_1_1' title="bbox 440 234 3849 300">
     <span class='ocr_line' id='line_1_1' title="bbox 440 234 3849 300; baseline -0.003 0"><span class='ocrx_word' id='word_1_1' title='bbox 440 247 510 300; x_wconf 83' lang='lat'>95</span> <span class='ocrx_word' id='word_1_2' title='bbox 1720 236 1781 290; x_wconf 92' lang='lat' dir='ltr'>s.</span> <span class='ocrx_word' id='word_1_3' title='bbox 1822 234 2207 292; x_wconf 83' lang='lat' dir='ltr'>AUGUSTINI</span> <span class='ocrx_word' id='word_1_4' title='bbox 2248 236 2569 293; x_wconf 86' lang='lat' dir='ltr'>EPISCOPI</span> <span class='ocrx_word' id='word_1_5' title='bbox 3774 247 3849 299; x_wconf 74' lang='lat'>96</span> 
     </span>
    </p>
   </div>
   <div class='ocr_carea' id='block_1_2' title="bbox 440 365 2090 435">
    <p class='ocr_par' dir='ltr' id='par_1_2' title="bbox 440 365 2090 435">
     <span class='ocr_line' id='line_1_2' title="bbox 440 365 2090 435; baseline -0.007 -6"><span class='ocrx_word' id='word_1_6' title='bbox 440 373 500 429; x_wconf 92' lang='lat' dir='ltr'>in</span> <span class='ocrx_word' id='word_1_7' title='bbox 520 390 619 429; x_wconf 92' lang='lat' dir='ltr'>ore</span> <span class='ocrx_word' id='word_1_8' title='bbox 660 379 860 429; x_wconf 86' lang='lat' dir='ltr'>nostro</span> <span class='ocrx_word' id='word_1_9' title='bbox 887 372 1062 427; x_wconf 82' lang='lat' dir='ltr'>debet</span> <span class='ocrx_word' id='word_1_10' title='bbox 1089 369 1371 433; x_wconf 86' lang='lat' dir='ltr'>esse,Est,</span> <span class='ocrx_word' id='word_1_11' title='bbox 1395 372 1500 434; x_wconf 90' lang='lat' dir='ltr'>est,</span> <span class='ocrx_word' id='word_1_12' title='bbox 1537 369 1682 430; x_wconf 89' lang='lat' dir='ltr'>Non,</span> <span class='ocrx_word' id='word_1_13' title='bbox 1710 381 1850 420; x_wconf 91' lang='lat' dir='ltr'>non.</span> <span class='ocrx_word' id='word_1_14' title='bbox 1884 365 2090 435; x_wconf 82' lang='lat' dir='ltr'>Neque</span> 
     </span>
    </p>
   </div>
   <div class='ocr_carea' id='block_1_3' title="bbox 442 454 2088 533">
    <p class='ocr_par' dir='ltr' id='par_1_3' title="bbox 442 454 2088 533">
     <span class='ocr_line' id='line_1_3' title="bbox 442 454 2088 533; baseline -0.006 -14"><span class='ocrx_word' id='word_1_15' title='bbox 442 466 600 519; x_wconf 91' lang='lat' dir='ltr'>enim</span> <span class='ocrx_word' id='word_1_16' title='bbox 620 462 1331 533; x_wconf 81' lang='lat' dir='ltr'>ignoras,autquisquam</span> <span class='ocrx_word' id='word_1_17' title='bbox 1360 457 1672 513; x_wconf 78' lang='lat' dir='ltr'>hominum</span> <span class='ocrx_word' id='word_1_18' title='bbox 1690 454 2088 525; x_wconf 85' lang='lat' dir='ltr'>quinosuovit</span> 
     </span>
    </p>
   </div>
   <div class='ocr_carea' id='block_1_4' title="bbox 441 549 2087 623">
    <p class='ocr_par' dir='ltr' id='par_1_4' title="bbox 441 549 2087 623">
     <span class='ocr_line' id='line_1_4' title="bbox 441 549 2087 623; baseline -0.006 -15"><span class='ocrx_word' id='word_1_19' title='bbox 441 555 694 623; x_wconf 84' lang='lat' dir='ltr'>ignorat,</span> <span class='ocrx_word' id='word_1_20' title='bbox 731 557 986 622; x_wconf 90' lang='lat' dir='ltr'>nequete</span> <span class='ocrx_word' id='word_1_21' title='bbox 1004 566 1134 604; x_wconf 88' lang='lat' dir='ltr'>esse</span> <span class='ocrx_word' id='word_1_22' title='bbox 1154 549 1501 619; x_wconf 83' lang='lat' dir='ltr'>episcopum</span> <span class='ocrx_word' id='word_1_23' title='bbox 1528 562 1750 609; x_wconf 91' lang='lat' dir='ltr'>meum,</span> <span class='ocrx_word' id='word_1_24' title='bbox 1777 560 1968 615; x_wconf 90' lang='lat' dir='ltr'>neque</span> <span class='ocrx_word' id='word_1_25' title='bbox 1995 560 2087 598; x_wconf 89' lang='lat' dir='ltr'>me</span> 
     </span>
    </p>
   </div>
   <div class='ocr_carea' id='block_1_5' title="bbox 438 632 2087 713">
    <p class='ocr_par' dir='ltr' id='par_1_5' title="bbox 438 632 2087 713">
     <span class='ocr_line' id='line_1_5' title="bbox 438 632 2087 713; baseline -0.006 -16"><span class='ocrx_word' id='word_1_26' title='bbox 438 642 852 713; x_wconf 80' lang='lat' dir='ltr'>presbyterum</span> <span class='ocrx_word' id='word_1_27' title='bbox 869 645 1054 694; x_wconf 87' lang='lat' dir='ltr'>tuum.</span> <span class='ocrx_word' id='word_1_28' title='bbox 1080 637 1491 693; x_wconf 89' lang='lat' dir='ltr'>Honorabilem</span> <span class='ocrx_word' id='word_1_29' title='bbox 1523 635 1779 701; x_wconf 80' lang='lat' dir='ltr'>igiturcx</span> <span class='ocrx_word' id='word_1_30' title='bbox 1793 650 1861 688; x_wconf 89' lang='lat' dir='ltr'>ea</span> <span class='ocrx_word' id='word_1_31' title='bbox 1884 632 2087 702; x_wconf 85' lang='lat' dir='ltr'>regula</span> 
     </span>
    </p>
   </div>
   <div class='ocr_carea' id='block_1_6' title="bbox 439 723 2087 800">
    <p class='ocr_par' dir='ltr' id='par_1_6' title="bbox 439 723 2087 800">
     <span class='ocr_line' id='line_1_6' title="bbox 439 723 2087 800; baseline -0.005 -15"><span class='ocrx_word' id='word_1_32' title='bbox 439 736 493 785; x_wconf 87' lang='lat' dir='ltr'>te</span> <span class='ocrx_word' id='word_1_33' title='bbox 508 732 756 785; x_wconf 74' lang='lat' dir='ltr'>libenter</span> <span class='ocrx_word' id='word_1_34' title='bbox 770 729 1026 800; x_wconf 90' lang='lat' dir='ltr'>appello,</span> <span class='ocrx_word' id='word_1_35' title='bbox 1043 745 1165 800; x_wconf 91' lang='lat' dir='ltr'>qua</span> <span class='ocrx_word' id='word_1_36' title='bbox 1179 727 1311 782; x_wconf 86' lang='lat' dir='ltr'>novi</span> <span class='ocrx_word' id='word_1_37' title='bbox 1328 733 1382 781; x_wconf 89' lang='lat' dir='ltr'>te</span> <span class='ocrx_word' id='word_1_38' title='bbox 1397 741 1523 779; x_wconf 86' lang='lat' dir='ltr'>esse</span> <span class='ocrx_word' id='word_1_39' title='bbox 1538 726 1863 786; x_wconf 86' lang='lat' dir='ltr'>hominem,</span> <span class='ocrx_word' id='word_1_40' title='bbox 1880 729 1935 777; x_wconf 90' lang='lat' dir='ltr'>et</span> <span class='ocrx_word' id='word_1_41' title='bbox 1950 723 2087 776; x_wconf 90' lang='lat' dir='ltr'>novi</span> 
     </span>
    </p>
   </div>
   <div class='ocr_carea' id='block_1_7' title="bbox 436 812 2084 885">
    <p class='ocr_par' dir='ltr' id='par_1_7' title="bbox 436 812 2084 885">
     <span class='ocr_line' id='line_1_7' title="bbox 436 812 2084 885; baseline -0.005 -10"><span class='ocrx_word' id='word_1_42' title='bbox 436 820 745 876; x_wconf 90' lang='lat' dir='ltr'>hominem</span> <span class='ocrx_word' id='word_1_43' title='bbox 771 820 842 873; x_wconf 88' lang='lat' dir='ltr'>ad</span> <span class='ocrx_word' id='word_1_44' title='bbox 866 819 1191 885; x_wconf 84' lang='lat' dir='ltr'>imaginem</span> <span class='ocrx_word' id='word_1_45' title='bbox 1210 814 1825 871; x_wconf 87' lang='lat' dir='ltr'>Deietsimilitudinem</span> <span class='ocrx_word' id='word_1_46' title='bbox 1842 812 2084 875; x_wconf 90' lang='lat' dir='ltr'>factum,</span> 
     </span>
    </p>
   </div>
   <div class='ocr_carea' id='block_1_8' title="bbox 438 901 2087 979">
    <p class='ocr_par' dir='ltr' id='par_1_8' title="bbox 438 901 2087 979">
     <span class='ocr_line' id='line_1_8' title="bbox 438 901 2087 979; baseline -0.005 -16"><span class='ocrx_word' id='word_1_47' title='bbox 438 914 492 965; x_wconf 91' lang='lat' dir='ltr'>et</span> <span class='ocrx_word' id='word_1_48' title='bbox 524 910 583 963; x_wconf 92' lang='lat' dir='ltr'>in</span> <span class='ocrx_word' id='word_1_49' title='bbox 615 909 839 963; x_wconf 82' lang='lat' dir='ltr'>honore</span> <span class='ocrx_word' id='word_1_50' title='bbox 861 906 1267 979; x_wconf 90' lang='lat' dir='ltr'>positumipso</span> <span class='ocrx_word' id='word_1_51' title='bbox 1293 905 1499 960; x_wconf 86' lang='lat' dir='ltr'>ordine</span> <span class='ocrx_word' id='word_1_52' title='bbox 1523 904 1729 971; x_wconf 90' lang='lat' dir='ltr'>etjure</span> <span class='ocrx_word' id='word_1_53' title='bbox 1758 907 2006 965; x_wconf 65' lang='lat' dir='ltr'>naturae,</span> <span class='ocrx_word' id='word_1_54' title='bbox 2040 901 2087 955; x_wconf 89' lang='lat' dir='ltr'>si</span> 
     </span>
    </p>
   </div>
   <div class='ocr_carea' id='block_1_9' title="bbox 438 990 2089 1066">
    <p class='ocr_par' dir='ltr' id='par_1_9' title="bbox 438 990 2089 1066">
     <span class='ocr_line' id='line_1_9' title="bbox 438 990 2089 1066; baseline -0.005 -13"><span class='ocrx_word' id='word_1_55' title='bbox 438 1004 637 1054; x_wconf 88' lang='lat' dir='ltr'>tamen</span> <span class='ocrx_word' id='word_1_56' title='bbox 671 997 1054 1065; x_wconf 83' lang='lat' dir='ltr'>intelligendo</span> <span class='ocrx_word' id='word_1_57' title='bbox 1068 1012 1201 1066; x_wconf 65' lang='lat' dir='ltr'>quas</span> <span class='ocrx_word' id='word_1_58' title='bbox 1217 993 1602 1061; x_wconf 85' lang='lat' dir='ltr'>intelligenda</span> <span class='ocrx_word' id='word_1_59' title='bbox 1616 997 1968 1057; x_wconf 87' lang='lat' dir='ltr'>sunt,servet</span> <span class='ocrx_word' id='word_1_60' title='bbox 1982 990 2089 1045; x_wconf 93' lang='lat' dir='ltr'>ho-</span> 
     </span>
    </p>
   </div>
   <div class='ocr_carea' id='block_1_10' title="bbox 435 1080 2089 1153">
    <p class='ocr_par' dir='ltr' id='par_1_10' title="bbox 435 1080 2089 1153">
     <span class='ocr_line' id='line_1_10' title="bbox 435 1080 2089 1153; baseline -0.007 -10"><span class='ocrx_word' id='word_1_61' title='bbox 435 1102 644 1143; x_wconf 91' lang='lat' dir='ltr'>norem</span> <span class='ocrx_word' id='word_1_62' title='bbox 664 1103 859 1141; x_wconf 91' lang='lat' dir='ltr'>suum.</span> <span class='ocrx_word' id='word_1_63' title='bbox 880 1090 1020 1141; x_wconf 82' lang='lat' dir='ltr'>Nam</span> <span class='ocrx_word' id='word_1_64' title='bbox 1039 1085 1115 1138; x_wconf 87' lang='lat' dir='ltr'>ita</span> <span class='ocrx_word' id='word_1_65' title='bbox 1131 1084 1417 1153; x_wconf 88' lang='lat' dir='ltr'>scriptum</span> <span class='ocrx_word' id='word_1_66' title='bbox 1431 1088 1548 1137; x_wconf 87' lang='lat' dir='ltr'>est:</span> <span class='ocrx_word' id='word_1_67' title='bbox 1573 1082 1757 1136; x_wconf 84' lang='lat' dir='ltr'>Homo</span> <span class='ocrx_word' id='word_1_68' title='bbox 1786 1084 1847 1134; x_wconf 76' lang='lat' dir='ltr'>in</span> <span class='ocrx_word' id='word_1_69' title='bbox 1871 1080 2089 1134; x_wconf 78' lang='lat' dir='ltr'>honore</span> 
     </span>
    </p>
   </div>
   <div class='ocr_carea' id='block_1_11' title="bbox 438 1169 2090 1246">
    <p class='ocr_par' dir='ltr' id='par_1_11' title="bbox 438 1169 2090 1246">
     <span class='ocr_line' id='line_1_11' title="bbox 438 1169 2090 1246; baseline -0.005 -14"><span class='ocrx_word' id='word_1_70' title='bbox 438 1179 663 1246; x_wconf 77' lang='lat' dir='ltr'>positus</span> <span class='ocrx_word' id='word_1_71' title='bbox 685 1192 801 1230; x_wconf 82' lang='lat' dir='ltr'>non</span> <span class='ocrx_word' id='word_1_72' title='bbox 822 1175 1120 1231; x_wconf 70' lang='lat' dir='ltr'>intellexit</span> <span class='ocrx_word' id='word_1_73' title='bbox 1148 1196 1164 1241; x_wconf 82' lang='lat'>,-</span> <span class='ocrx_word' id='word_1_74' title='bbox 1189 1177 1566 1239; x_wconf 80' lang='lat' dir='ltr'>comparatus</span> <span class='ocrx_word' id='word_1_75' title='bbox 1596 1170 1972 1241; x_wconf 82' lang='lat' dir='ltr'>estjumentis</span> <span class='ocrx_word' id='word_1_76' title='bbox 1994 1169 2090 1223; x_wconf 82' lang='lat' dir='ltr'>in-</span> 
     </span>
    </p>
   </div>
   <div class='ocr_carea' id='block_1_12' title="bbox 439 1258 2086 1331">
    <p class='ocr_par' dir='ltr' id='par_1_12' title="bbox 439 1258 2086 1331">
     <span class='ocr_line' id='line_1_12' title="bbox 439 1258 2086 1331; baseline -0.005 -11"><span class='ocrx_word' id='word_1_77' title='bbox 439 1265 704 1329; x_wconf 79' lang='lat' dir='ltr'>sensalis,</span> <span class='ocrx_word' id='word_1_78' title='bbox 729 1272 781 1320; x_wconf 80' lang='lat' dir='ltr'>et</span> <span class='ocrx_word' id='word_1_79' title='bbox 808 1264 1011 1318; x_wconf 75' lang='lat' dir='ltr'>similis</span> <span class='ocrx_word' id='word_1_80' title='bbox 1040 1264 1240 1331; x_wconf 82' lang='lat' dir='ltr'>factus</span> <span class='ocrx_word' id='word_1_81' title='bbox 1272 1268 1352 1316; x_wconf 76' lang='lat' dir='ltr'>est</span> <span class='ocrx_word' id='word_1_82' title='bbox 1379 1260 1502 1314; x_wconf 79' lang='lat' dir='ltr'>illis</span> <span class='ocrx_word' id='word_1_83' title='bbox 1534 1260 1710 1330; x_wconf 86' lang='lat' dir='ltr'>(Psal.</span> <span class='ocrx_word' id='word_1_84' title='bbox 1747 1275 1938 1322; x_wconf 81' lang='lat' dir='ltr'>XLVIII,</span> <span class='ocrx_word' id='word_1_85' title='bbox 1974 1258 2086 1329; x_wconf 77' lang='lat' dir='ltr'>2t).</span> 
     </span>
    </p>
   </div>
   <div class='ocr_carea' id='block_1_13' title="bbox 442 1349 2087 1423">
    <p class='ocr_par' dir='ltr' id='par_1_13' title="bbox 442 1349 2087 1423">
     <span class='ocr_line' id='line_1_13' title="bbox 442 1349 2087 1423; baseline -0.004 -14"><span class='ocrx_word' id='word_1_86' title='bbox 442 1358 554 1410; x_wconf 92' lang='lat' dir='ltr'>Cur</span> <span class='ocrx_word' id='word_1_87' title='bbox 583 1370 724 1423; x_wconf 82' lang='lat' dir='ltr'>ergo</span> <span class='ocrx_word' id='word_1_88' title='bbox 747 1359 801 1409; x_wconf 88' lang='lat' dir='ltr'>te</span> <span class='ocrx_word' id='word_1_89' title='bbox 831 1352 1245 1407; x_wconf 91' lang='lat' dir='ltr'>honorabilem</span> <span class='ocrx_word' id='word_1_90' title='bbox 1273 1351 1331 1405; x_wconf 90' lang='lat' dir='ltr'>in</span> <span class='ocrx_word' id='word_1_91' title='bbox 1359 1354 1651 1421; x_wconf 90' lang='lat' dir='ltr'>quantum</span> <span class='ocrx_word' id='word_1_92' title='bbox 1684 1349 1941 1403; x_wconf 91' lang='lat' dir='ltr'>homoes</span> <span class='ocrx_word' id='word_1_93' title='bbox 1970 1363 2087 1402; x_wconf 91' lang='lat' dir='ltr'>non</span> 
     </span>
    </p>
   </div>
   <div class='ocr_carea' id='block_1_14' title="bbox 440 1438 2091 1514">
    <p class='ocr_par' dir='ltr' id='par_1_14' title="bbox 440 1438 2091 1514">
     <span class='ocr_line' id='line_1_14' title="bbox 440 1438 2091 1514; baseline -0.005 -16"><span class='ocrx_word' id='word_1_94' title='bbox 440 1443 759 1514; x_wconf 84' lang='lat' dir='ltr'>appellem,</span> <span class='ocrx_word' id='word_1_95' title='bbox 797 1458 931 1495; x_wconf 91' lang='lat' dir='ltr'>cum</span> <span class='ocrx_word' id='word_1_96' title='bbox 965 1439 1292 1512; x_wconf 84' lang='lat' dir='ltr'>praesertim</span> <span class='ocrx_word' id='word_1_97' title='bbox 1322 1438 1512 1493; x_wconf 90' lang='lat' dir='ltr'>detua</span> <span class='ocrx_word' id='word_1_98' title='bbox 1538 1438 1727 1492; x_wconf 87' lang='lat' dir='ltr'>salute</span> <span class='ocrx_word' id='word_1_99' title='bbox 1759 1442 1935 1508; x_wconf 90' lang='lat' dir='ltr'>atque</span> <span class='ocrx_word' id='word_1_100' title='bbox 1968 1452 2091 1491; x_wconf 87' lang='lat' dir='ltr'>cor-</span> 
     </span>
    </p>
   </div>
   <div class='ocr_carea' id='block_1_15' title="bbox 440 1525 2092 1599">
    <p class='ocr_par' dir='ltr' id='par_1_15' title="bbox 440 1525 2092 1599">
     <span class='ocr_line' id='line_1_15' title="bbox 440 1525 2092 1599; baseline -0.005 -14"><span class='ocrx_word' id='word_1_101' title='bbox 440 1529 721 1594; x_wconf 86' lang='lat' dir='ltr'>rectione,</span> <span class='ocrx_word' id='word_1_102' title='bbox 754 1526 1222 1599; x_wconf 81' lang='lat' dir='ltr'>quandiuinliac</span> <span class='ocrx_word' id='word_1_103' title='bbox 1243 1525 1358 1579; x_wconf 87' lang='lat' dir='ltr'>vita</span> <span class='ocrx_word' id='word_1_104' title='bbox 1383 1541 1465 1589; x_wconf 82' lang='lat' dir='ltr'>es,</span> <span class='ocrx_word' id='word_1_105' title='bbox 1493 1531 1808 1595; x_wconf 88' lang='lat' dir='ltr'>desperare</span> <span class='ocrx_word' id='word_1_106' title='bbox 1842 1539 1961 1577; x_wconf 90' lang='lat' dir='ltr'>non</span> <span class='ocrx_word' id='word_1_107' title='bbox 1990 1539 2092 1577; x_wconf 90' lang='lat' dir='ltr'>au-</span> 
     </span>
    </p>
   </div>
   <div class='ocr_carea' id='block_1_16' title="bbox 439 1612 2089 1683">
    <p class='ocr_par' dir='ltr' id='par_1_16' title="bbox 439 1612 2089 1683">
     <span class='ocr_line' id='line_1_16' title="bbox 439 1612 2089 1683; baseline -0.005 -10"><span class='ocrx_word' id='word_1_108' title='bbox 439 1618 657 1673; x_wconf 84' lang='lat' dir='ltr'>deam?</span> <span class='ocrx_word' id='word_1_109' title='bbox 685 1619 957 1673; x_wconf 78' lang='lat' dir='ltr'>Fratrem</span> <span class='ocrx_word' id='word_1_110' title='bbox 977 1632 1110 1670; x_wconf 91' lang='lat' dir='ltr'>vero</span> <span class='ocrx_word' id='word_1_111' title='bbox 1134 1620 1435 1676; x_wconf 88' lang='lat' dir='ltr'>utvocem,</span> <span class='ocrx_word' id='word_1_112' title='bbox 1460 1629 1579 1667; x_wconf 89' lang='lat' dir='ltr'>non</span> <span class='ocrx_word' id='word_1_113' title='bbox 1606 1617 1657 1667; x_wconf 88' lang='lat' dir='ltr'>te</span> <span class='ocrx_word' id='word_1_114' title='bbox 1676 1612 1815 1666; x_wconf 90' lang='lat' dir='ltr'>latet</span> <span class='ocrx_word' id='word_1_115' title='bbox 1832 1627 2089 1683; x_wconf 72' lang='lat' dir='ltr'>praecep-</span> 
     </span>
    </p>
   </div>
   <div class='ocr_carea' id='block_1_17' title="bbox 443 1701 2095 1772">
    <p class='ocr_par' dir='ltr' id='par_1_17' title="bbox 443 1701 2095 1772">
     <span class='ocr_line' id='line_1_17' title="bbox 443 1701 2095 1772; baseline -0.004 -11"><span class='ocrx_word' id='word_1_116' title='bbox 443 1713 569 1761; x_wconf 89' lang='lat' dir='ltr'>tum</span> <span class='ocrx_word' id='word_1_117' title='bbox 604 1706 775 1762; x_wconf 81' lang='lat' dir='ltr'>nobis</span> <span class='ocrx_word' id='word_1_118' title='bbox 807 1722 934 1760; x_wconf 89' lang='lat' dir='ltr'>esse</span> <span class='ocrx_word' id='word_1_119' title='bbox 973 1704 1271 1771; x_wconf 81' lang='lat' dir='ltr'>divinitus,</span> <span class='ocrx_word' id='word_1_120' title='bbox 1302 1708 1360 1757; x_wconf 89' lang='lat' dir='ltr'>ut</span> <span class='ocrx_word' id='word_1_121' title='bbox 1390 1702 1565 1757; x_wconf 89' lang='lat' dir='ltr'>etiam</span> <span class='ocrx_word' id='word_1_122' title='bbox 1608 1702 1690 1755; x_wconf 83' lang='lat' dir='ltr'>eis</span> <span class='ocrx_word' id='word_1_123' title='bbox 1725 1701 1830 1772; x_wconf 90' lang='lat' dir='ltr'>qui</span> <span class='ocrx_word' id='word_1_124' title='bbox 1872 1704 2095 1765; x_wconf 81' lang='lat' dir='ltr'>negant</span> 
     </span>
    </p>
   </div>
   <div class='ocr_carea' id='block_1_18' title="bbox 442 1789 2093 1861">
    <p class='ocr_par' dir='ltr' id='par_1_18' title="bbox 442 1789 2093 1861">
     <span class='ocr_line' id='line_1_18' title="bbox 442 1789 2093 1861; baseline -0.005 -12"><span class='ocrx_word' id='word_1_125' title='bbox 442 1812 503 1850; x_wconf 91' lang='lat' dir='ltr'>se</span> <span class='ocrx_word' id='word_1_126' title='bbox 529 1796 734 1851; x_wconf 80' lang='lat' dir='ltr'>fratres</span> <span class='ocrx_word' id='word_1_127' title='bbox 761 1799 998 1848; x_wconf 89' lang='lat' dir='ltr'>nostros</span> <span class='ocrx_word' id='word_1_128' title='bbox 1038 1810 1186 1861; x_wconf 83' lang='lat' dir='ltr'>esse,</span> <span class='ocrx_word' id='word_1_129' title='bbox 1211 1792 1506 1855; x_wconf 83' lang='lat' dir='ltr'>dicamus,</span> <span class='ocrx_word' id='word_1_130' title='bbox 1540 1792 1764 1844; x_wconf 87' lang='lat' dir='ltr'>Fratres</span> <span class='ocrx_word' id='word_1_131' title='bbox 1794 1789 1977 1843; x_wconf 83' lang='lat' dir='ltr'>nostri</span> <span class='ocrx_word' id='word_1_132' title='bbox 2008 1806 2093 1843; x_wconf 90' lang='lat' dir='ltr'>es-</span> 
     </span>
    </p>
   </div>
   <div class='ocr_carea' id='block_1_19' title="bbox 442 1879 2096 1951">
    <p class='ocr_par' dir='ltr' id='par_1_19' title="bbox 442 1879 2096 1951">
     <span class='ocr_line' id='line_1_19' title="bbox 442 1879 2096 1951; baseline -0.005 -12"><span class='ocrx_word' id='word_1_133' title='bbox 442 1884 545 1951; x_wconf 88' lang='lat' dir='ltr'>tis;</span> <span class='ocrx_word' id='word_1_134' title='bbox 576 1889 631 1939; x_wconf 91' lang='lat' dir='ltr'>et</span> <span class='ocrx_word' id='word_1_135' title='bbox 680 1885 794 1939; x_wconf 91' lang='lat' dir='ltr'>hoc</span> <span class='ocrx_word' id='word_1_136' title='bbox 836 1883 1214 1936; x_wconf 84' lang='lat' dir='ltr'>vehementer</span> <span class='ocrx_word' id='word_1_137' title='bbox 1237 1881 1392 1935; x_wconf 85' lang='lat' dir='ltr'>valet</span> <span class='ocrx_word' id='word_1_138' title='bbox 1431 1879 1505 1933; x_wconf 89' lang='lat' dir='ltr'>ad</span> <span class='ocrx_word' id='word_1_139' title='bbox 1540 1894 1810 1941; x_wconf 81' lang='lat' dir='ltr'>causam,</span> <span class='ocrx_word' id='word_1_140' title='bbox 1855 1883 2096 1948; x_wconf 89' lang='lat' dir='ltr'>propter</span> 
     </span>
    </p>
   </div>
   <div class='ocr_carea' id='block_1_20' title="bbox 441 1966 2092 2046">
    <p class='ocr_par' dir='ltr' id='par_1_20' title="bbox 441 1966 2092 2046">
     <span class='ocr_line' id='line_1_20' title="bbox 441 1966 2092 2046; baseline -0.004 -20"><span class='ocrx_word' id='word_1_141' title='bbox 441 1991 623 2046; x_wconf 87' lang='lat' dir='ltr'>quam</span> <span class='ocrx_word' id='word_1_142' title='bbox 658 1972 910 2027; x_wconf 88' lang='lat' dir='ltr'>scribere</span> <span class='ocrx_word' id='word_1_143' title='bbox 957 1970 1115 2025; x_wconf 91' lang='lat' dir='ltr'>volui</span> <span class='ocrx_word' id='word_1_144' title='bbox 1174 1969 1535 2025; x_wconf 79' lang='lat' dir='ltr'>Fraternitati</span> <span class='ocrx_word' id='word_1_145' title='bbox 1594 1973 1727 2021; x_wconf 74' lang='lat' dir='ltr'>tuae.</span> <span class='ocrx_word' id='word_1_146' title='bbox 1769 1968 1900 2021; x_wconf 84' lang='lat' dir='ltr'>Jam</span> <span class='ocrx_word' id='word_1_147' title='bbox 1935 1966 2092 2021; x_wconf 90' lang='lat' dir='ltr'>enim</span> 
     </span>
    </p>
   </div>
   <div class='ocr_carea' id='block_1_21' title="bbox 438 2056 2091 2130">
    <p class='ocr_par' dir='ltr' id='par_1_21' title="bbox 438 2056 2091 2130">
     <span class='ocr_line' id='line_1_21' title="bbox 438 2056 2091 2130; baseline -0.005 -13"><span class='ocrx_word' id='word_1_148' title='bbox 438 2063 673 2118; x_wconf 87' lang='lat' dir='ltr'>reddita</span> <span class='ocrx_word' id='word_1_149' title='bbox 702 2062 928 2116; x_wconf 87' lang='lat' dir='ltr'>ratione</span> <span class='ocrx_word' id='word_1_150' title='bbox 955 2076 1061 2115; x_wconf 91' lang='lat' dir='ltr'>cur</span> <span class='ocrx_word' id='word_1_151' title='bbox 1090 2057 1543 2130; x_wconf 69' lang='lat' dir='ltr'>epistolaetalem</span> <span class='ocrx_word' id='word_1_152' title='bbox 1562 2056 2091 2126; x_wconf 62' lang='lat' dir='ltr'>januamfecerim,</span> 
     </span>
    </p>
   </div>
   <div class='ocr_carea' id='block_1_22' title="bbox 439 2150 1546 2222">
    <p class='ocr_par' dir='ltr' id='par_1_22' title="bbox 439 2150 1546 2222">
     <span class='ocr_line' id='line_1_22' title="bbox 439 2150 1546 2222; baseline -0.01 -13"><span class='ocrx_word' id='word_1_153' title='bbox 439 2152 581 2209; x_wconf 84' lang='lat' dir='ltr'>audi</span> <span class='ocrx_word' id='word_1_154' title='bbox 612 2150 1005 2222; x_wconf 86' lang='lat' dir='ltr'>placidissime</span> <span class='ocrx_word' id='word_1_155' title='bbox 1030 2165 1163 2221; x_wconf 73' lang='lat' dir='ltr'>quae</span> <span class='ocrx_word' id='word_1_156' title='bbox 1194 2151 1546 2218; x_wconf 88' lang='lat' dir='ltr'>sequuntur.</span> 
     </span>
    </p>
   </div>
   <div class='ocr_carea' id='block_1_23' title="bbox 506 2235 2094 2313">
    <p class='ocr_par' dir='ltr' id='par_1_23' title="bbox 506 2235 2094 2313">
     <span class='ocr_line' id='line_1_23' title="bbox 506 2235 2094 2313; baseline -0.006 -16"><span class='ocrx_word' id='word_1_157' title='bbox 506 2247 559 2297; x_wconf 85' lang='lat'>2.</span> <span class='ocrx_word' id='word_1_158' title='bbox 580 2244 695 2313; x_wconf 83' lang='lat' dir='ltr'>Ego</span> <span class='ocrx_word' id='word_1_159' title='bbox 713 2256 841 2295; x_wconf 91' lang='lat' dir='ltr'>cum</span> <span class='ocrx_word' id='word_1_160' title='bbox 856 2239 913 2293; x_wconf 93' lang='lat' dir='ltr'>in</span> <span class='ocrx_word' id='word_1_161' title='bbox 932 2240 1042 2293; x_wconf 87' lang='lat' dir='ltr'>ista</span> <span class='ocrx_word' id='word_1_162' title='bbox 1055 2238 1290 2305; x_wconf 80' lang='lat' dir='ltr'>regione</span> <span class='ocrx_word' id='word_1_163' title='bbox 1304 2236 1783 2292; x_wconf 85' lang='lat' dir='ltr'>consuetudinem</span> <span class='ocrx_word' id='word_1_164' title='bbox 1797 2235 2094 2291; x_wconf 90' lang='lat' dir='ltr'>hominum</span> 
     </span>
    </p>
   </div>
   <div class='ocr_carea' id='block_1_24' title="bbox 435 2325 2095 2401">
    <p class='ocr_par' dir='ltr' id='par_1_24' title="bbox 435 2325 2095 2401">
     <span class='ocr_line' id='line_1_24' title="bbox 435 2325 2095 2401; baseline -0.004 -16"><span class='ocrx_word' id='word_1_165' title='bbox 435 2329 750 2401; x_wconf 84' lang='lat' dir='ltr'>lugendam</span> <span class='ocrx_word' id='word_1_166' title='bbox 765 2334 943 2400; x_wconf 89' lang='lat' dir='ltr'>atque</span> <span class='ocrx_word' id='word_1_167' title='bbox 960 2326 1492 2398; x_wconf 83' lang='lat' dir='ltr'>plangendam,qui</span> <span class='ocrx_word' id='word_1_168' title='bbox 1507 2342 1640 2379; x_wconf 89' lang='lat' dir='ltr'>cum</span> <span class='ocrx_word' id='word_1_169' title='bbox 1657 2325 1978 2379; x_wconf 86' lang='lat' dir='ltr'>christiano</span> <span class='ocrx_word' id='word_1_170' title='bbox 1994 2341 2095 2379; x_wconf 91' lang='lat' dir='ltr'>no-</span> 
     </span>
    </p>
   </div>
   <div class='ocr_carea' id='block_1_25' title="bbox 437 2414 2087 2488">
    <p class='ocr_par' dir='ltr' id='par_1_25' title="bbox 437 2414 2087 2488">
     <span class='ocr_line' id='line_1_25' title="bbox 437 2414 2087 2488; baseline -0.005 -13"><span class='ocrx_word' id='word_1_171' title='bbox 437 2419 947 2488; x_wconf 84' lang='lat' dir='ltr'>mineglorientur,</span> <span class='ocrx_word' id='word_1_172' title='bbox 984 2416 1348 2471; x_wconf 85' lang='lat' dir='ltr'>Christianos</span> <span class='ocrx_word' id='word_1_173' title='bbox 1389 2415 1753 2485; x_wconf 88' lang='lat' dir='ltr'>rebaptizare</span> <span class='ocrx_word' id='word_1_174' title='bbox 1769 2430 1887 2467; x_wconf 90' lang='lat' dir='ltr'>non</span> <span class='ocrx_word' id='word_1_175' title='bbox 1921 2414 2087 2468; x_wconf 90' lang='lat' dir='ltr'>dubi-</span> 
     </span>
    </p>
   </div>
   <div class='ocr_carea' id='block_1_26' title="bbox 438 2503 2088 2579">
    <p class='ocr_par' dir='ltr' id='par_1_26' title="bbox 438 2503 2088 2579">
     <span class='ocr_line' id='line_1_26' title="bbox 438 2503 2088 2579; baseline -0.003 -17"><span class='ocrx_word' id='word_1_176' title='bbox 438 2507 808 2579; x_wconf 86' lang='lat' dir='ltr'>tant,quibus</span> <span class='ocrx_word' id='word_1_177' title='bbox 823 2506 1016 2560; x_wconf 84' lang='lat' dir='ltr'>verbis</span> <span class='ocrx_word' id='word_1_178' title='bbox 1032 2512 1286 2575; x_wconf 85' lang='lat' dir='ltr'>poteram</span> <span class='ocrx_word' id='word_1_179' title='bbox 1303 2504 1627 2558; x_wconf 88' lang='lat' dir='ltr'>detestarer</span> <span class='ocrx_word' id='word_1_180' title='bbox 1641 2519 1757 2557; x_wconf 91' lang='lat' dir='ltr'>non</span> <span class='ocrx_word' id='word_1_181' title='bbox 1773 2503 2088 2557; x_wconf 88' lang='lat' dir='ltr'>defuerunt</span> 
     </span>
    </p>
   </div>
   <div class='ocr_carea' id='block_1_27' title="bbox 431 2592 2083 2665">
    <p class='ocr_par' dir='ltr' id='par_1_27' title="bbox 431 2592 2083 2665">
     <span class='ocr_line' id='line_1_27' title="bbox 431 2592 2083 2665; baseline -0.004 -13"><span class='ocrx_word' id='word_1_182' title='bbox 431 2597 775 2652; x_wconf 84' lang='lat' dir='ltr'>laudatores</span> <span class='ocrx_word' id='word_1_183' title='bbox 802 2594 1021 2665; x_wconf 90' lang='lat' dir='ltr'>tui,qui</span> <span class='ocrx_word' id='word_1_184' title='bbox 1049 2594 1190 2647; x_wconf 90' lang='lat' dir='ltr'>mihi</span> <span class='ocrx_word' id='word_1_185' title='bbox 1215 2593 1485 2647; x_wconf 89' lang='lat' dir='ltr'>dicerunt</span> <span class='ocrx_word' id='word_1_186' title='bbox 1510 2599 1561 2648; x_wconf 92' lang='lat' dir='ltr'>te</span> <span class='ocrx_word' id='word_1_187' title='bbox 1590 2593 1699 2647; x_wconf 90' lang='lat' dir='ltr'>ista</span> <span class='ocrx_word' id='word_1_188' title='bbox 1723 2608 1841 2646; x_wconf 92' lang='lat' dir='ltr'>non</span> <span class='ocrx_word' id='word_1_189' title='bbox 1870 2592 2083 2647; x_wconf 87' lang='lat' dir='ltr'>facere.</span> 
     </span>
    </p>
   </div>
   <div class='ocr_carea' id='block_1_28' title="bbox 433 2682 2086 2756">
    <p class='ocr_par' dir='ltr' id='par_1_28' title="bbox 433 2682 2086 2756">
     <span class='ocr_line' id='line_1_28' title="bbox 433 2682 2086 2756; baseline -0.003 -16"><span class='ocrx_word' id='word_1_190' title='bbox 433 2686 860 2756; x_wconf 81' lang='lat' dir='ltr'>Fateor,primo</span> <span class='ocrx_word' id='word_1_191' title='bbox 876 2699 993 2738; x_wconf 92' lang='lat' dir='ltr'>non</span> <span class='ocrx_word' id='word_1_192' title='bbox 1009 2682 1253 2737; x_wconf 87' lang='lat' dir='ltr'>credidi.</span> <span class='ocrx_word' id='word_1_193' title='bbox 1273 2682 1493 2736; x_wconf 80' lang='lat' dir='ltr'>Deinde</span> <span class='ocrx_word' id='word_1_194' title='bbox 1508 2682 1896 2736; x_wconf 88' lang='lat' dir='ltr'>considerans</span> <span class='ocrx_word' id='word_1_195' title='bbox 1912 2698 2086 2752; x_wconf 89' lang='lat' dir='ltr'>posse</span> 
     </span>
    </p>
   </div>
   <div class='ocr_carea' id='block_1_29' title="bbox 432 2771 2085 2839">
    <p class='ocr_par' dir='ltr' id='par_1_29' title="bbox 432 2771 2085 2839">
     <span class='ocr_line' id='line_1_29' title="bbox 432 2771 2085 2839; baseline -0.002 -11"><span class='ocrx_word' id='word_1_196' title='bbox 432 2774 559 2828; x_wconf 87' lang='lat' dir='ltr'>ﬁeri</span> <span class='ocrx_word' id='word_1_197' title='bbox 575 2774 914 2829; x_wconf 89' lang='lat' dir='ltr'>utanimam</span> <span class='ocrx_word' id='word_1_198' title='bbox 928 2773 1255 2827; x_wconf 90' lang='lat' dir='ltr'>humanam</span> <span class='ocrx_word' id='word_1_199' title='bbox 1272 2772 1345 2825; x_wconf 91' lang='lat' dir='ltr'>de</span> <span class='ocrx_word' id='word_1_200' title='bbox 1365 2771 1559 2825; x_wconf 89' lang='lat' dir='ltr'>futura</span> <span class='ocrx_word' id='word_1_201' title='bbox 1584 2772 1700 2825; x_wconf 88' lang='lat' dir='ltr'>vita</span> <span class='ocrx_word' id='word_1_202' title='bbox 1726 2772 2085 2839; x_wconf 83' lang='lat' dir='ltr'>cogitantem</span> 
     </span>
    </p>
   </div>
   <div class='ocr_carea' id='block_1_30' title="bbox 435 2859 2088 2929">
    <p class='ocr_par' dir='ltr' id='par_1_30' title="bbox 435 2859 2088 2929">
     <span class='ocr_line' id='line_1_30' title="bbox 435 2859 2088 2929; baseline -0.002 -13"><span class='ocrx_word' id='word_1_203' title='bbox 435 2861 533 2917; x_wconf 89' lang='lat' dir='ltr'>Dei</span> <span class='ocrx_word' id='word_1_204' title='bbox 550 2863 721 2917; x_wconf 88' lang='lat' dir='ltr'>timor</span> <span class='ocrx_word' id='word_1_205' title='bbox 734 2862 1053 2926; x_wconf 83' lang='lat' dir='ltr'>invaderet,</span> <span class='ocrx_word' id='word_1_206' title='bbox 1079 2865 1141 2914; x_wconf 92' lang='lat' dir='ltr'>ut</span> <span class='ocrx_word' id='word_1_207' title='bbox 1154 2877 1215 2913; x_wconf 88' lang='lat' dir='ltr'>se</span> <span class='ocrx_word' id='word_1_208' title='bbox 1235 2860 1311 2915; x_wconf 92' lang='lat' dir='ltr'>ab</span> <span class='ocrx_word' id='word_1_209' title='bbox 1326 2860 1540 2915; x_wconf 86' lang='lat' dir='ltr'>scelere</span> <span class='ocrx_word' id='word_1_210' title='bbox 1555 2859 1933 2929; x_wconf 86' lang='lat' dir='ltr'>apertissimo</span> <span class='ocrx_word' id='word_1_211' title='bbox 1947 2865 2088 2914; x_wconf 91' lang='lat' dir='ltr'>tem-</span> 
     </span>
    </p>
   </div>
   <div class='ocr_carea' id='block_1_31' title="bbox 432 2948 2086 3021">
    <p class='ocr_par' dir='ltr' id='par_1_31' title="bbox 432 2948 2086 3021">
     <span class='ocr_line' id='line_1_31' title="bbox 432 2948 2086 3021; baseline -0.002 -15"><span class='ocrx_word' id='word_1_212' title='bbox 432 2956 680 3021; x_wconf 85' lang='lat' dir='ltr'>peraret,</span> <span class='ocrx_word' id='word_1_213' title='bbox 715 2950 1042 3020; x_wconf 85' lang='lat' dir='ltr'>gratulatus</span> <span class='ocrx_word' id='word_1_214' title='bbox 1075 2950 1318 3012; x_wconf 85' lang='lat' dir='ltr'>credidi,</span> <span class='ocrx_word' id='word_1_215' title='bbox 1346 2948 1509 3021; x_wconf 91' lang='lat' dir='ltr'>quod</span> <span class='ocrx_word' id='word_1_216' title='bbox 1539 2949 1636 3004; x_wconf 90' lang='lat' dir='ltr'>tali</span> <span class='ocrx_word' id='word_1_217' title='bbox 1671 2950 1978 3020; x_wconf 89' lang='lat' dir='ltr'>proposito</span> <span class='ocrx_word' id='word_1_218' title='bbox 2011 2948 2086 3002; x_wconf 88' lang='lat' dir='ltr'>ab</span> 
     </span>
    </p>
   </div>
   <div class='ocr_carea' id='block_1_32' title="bbox 432 3037 2087 3105">
    <p class='ocr_par' dir='ltr' id='par_1_32' title="bbox 432 3037 2087 3105">
     <span class='ocr_line' id='line_1_32' title="bbox 432 3037 2087 3105; baseline -0.002 -10"><span class='ocrx_word' id='word_1_219' title='bbox 432 3040 687 3095; x_wconf 87' lang='lat' dir='ltr'>Ecclesia</span> <span class='ocrx_word' id='word_1_220' title='bbox 699 3040 991 3095; x_wconf 89' lang='lat' dir='ltr'>catholica</span> <span class='ocrx_word' id='word_1_221' title='bbox 1005 3039 1261 3093; x_wconf 87' lang='lat' dir='ltr'>nolueris</span> <span class='ocrx_word' id='word_1_222' title='bbox 1276 3055 1403 3093; x_wconf 87' lang='lat' dir='ltr'>esse</span> <span class='ocrx_word' id='word_1_223' title='bbox 1420 3037 1586 3092; x_wconf 90' lang='lat' dir='ltr'>nimis</span> <span class='ocrx_word' id='word_1_224' title='bbox 1599 3038 2087 3105; x_wconf 64' lang='lat' dir='ltr'>alienus.Qumre-</span> 
     </span>
    </p>
   </div>
   <div class='ocr_carea' id='block_1_33' title="bbox 428 3126 2088 3198">
    <p class='ocr_par' dir='ltr' id='par_1_33' title="bbox 428 3126 2088 3198">
     <span class='ocr_line' id='line_1_33' title="bbox 428 3126 2088 3198; baseline -0.002 -14"><span class='ocrx_word' id='word_1_225' title='bbox 428 3128 574 3184; x_wconf 93' lang='lat' dir='ltr'>bam</span> <span class='ocrx_word' id='word_1_226' title='bbox 588 3143 730 3183; x_wconf 86' lang='lat' dir='ltr'>sane</span> <span class='ocrx_word' id='word_1_227' title='bbox 746 3129 1129 3183; x_wconf 87' lang='lat' dir='ltr'>occasionam</span> <span class='ocrx_word' id='word_1_228' title='bbox 1144 3127 1419 3198; x_wconf 88' lang='lat' dir='ltr'>loquendi</span> <span class='ocrx_word' id='word_1_229' title='bbox 1434 3132 1721 3192; x_wconf 89' lang='lat' dir='ltr'>tecum,ut</span> <span class='ocrx_word' id='word_1_230' title='bbox 1738 3126 1784 3180; x_wconf 88' lang='lat' dir='ltr'>si</span> <span class='ocrx_word' id='word_1_231' title='bbox 1800 3126 1922 3181; x_wconf 87' lang='lat' dir='ltr'>ﬁeri</span> <span class='ocrx_word' id='word_1_232' title='bbox 1955 3142 2088 3197; x_wconf 90' lang='lat' dir='ltr'>pos-</span> 
     </span>
    </p>
   </div>
   <div class='ocr_carea' id='block_1_34' title="bbox 430 3215 2087 3289">
    <p class='ocr_par' dir='ltr' id='par_1_34' title="bbox 430 3215 2087 3289">
     <span class='ocr_line' id='line_1_34' title="bbox 430 3215 2087 3289; baseline -0.001 -18"><span class='ocrx_word' id='word_1_233' title='bbox 430 3224 611 3283; x_wconf 90' lang='lat' dir='ltr'>set,ea</span> <span class='ocrx_word' id='word_1_234' title='bbox 624 3234 759 3289; x_wconf 67' lang='lat' dir='ltr'>quas</span> <span class='ocrx_word' id='word_1_235' title='bbox 774 3233 957 3288; x_wconf 89' lang='lat' dir='ltr'>parva</span> <span class='ocrx_word' id='word_1_236' title='bbox 990 3221 1361 3271; x_wconf 88' lang='lat' dir='ltr'>remanserat</span> <span class='ocrx_word' id='word_1_237' title='bbox 1391 3216 1661 3283; x_wconf 83' lang='lat' dir='ltr'>internos</span> <span class='ocrx_word' id='word_1_238' title='bbox 1675 3215 1970 3269; x_wconf 86' lang='lat' dir='ltr'>dissensio</span> <span class='ocrx_word' id='word_1_239' title='bbox 1988 3216 2087 3269; x_wconf 89' lang='lat' dir='ltr'>tol-</span> 
     </span>
    </p>
   </div>
   <div class='ocr_carea' id='block_1_35' title="bbox 429 3302 2087 3374">
    <p class='ocr_par' dir='ltr' id='par_1_35' title="bbox 429 3302 2087 3374">
     <span class='ocr_line' id='line_1_35' title="bbox 429 3302 2087 3374; baseline 0 -16"><span class='ocrx_word' id='word_1_240' title='bbox 429 3302 834 3373; x_wconf 90' lang='lat' dir='ltr'>leretur;cum</span> <span class='ocrx_word' id='word_1_241' title='bbox 868 3322 1003 3360; x_wconf 89' lang='lat' dir='ltr'>ecce</span> <span class='ocrx_word' id='word_1_242' title='bbox 1027 3312 1162 3359; x_wconf 90' lang='lat' dir='ltr'>ante</span> <span class='ocrx_word' id='word_1_243' title='bbox 1197 3321 1421 3374; x_wconf 88' lang='lat' dir='ltr'>paucos</span> <span class='ocrx_word' id='word_1_244' title='bbox 1444 3305 1571 3358; x_wconf 90' lang='lat' dir='ltr'>dies</span> <span class='ocrx_word' id='word_1_245' title='bbox 1588 3305 1910 3359; x_wconf 88' lang='lat' dir='ltr'>diaconum</span> <span class='ocrx_word' id='word_1_246' title='bbox 1955 3320 2087 3358; x_wconf 91' lang='lat' dir='ltr'>nos-</span> 
     </span>
    </p>
   </div>
   <div class='ocr_carea' id='block_1_36' title="bbox 430 3392 2084 3463">
    <p class='ocr_par' dir='ltr' id='par_1_36' title="bbox 430 3392 2084 3463">
     <span class='ocr_line' id='line_1_36' title="bbox 430 3392 2084 3463; baseline -0.004 -12"><span class='ocrx_word' id='word_1_247' title='bbox 430 3401 585 3451; x_wconf 87' lang='lat' dir='ltr'>trum</span> <span class='ocrx_word' id='word_1_248' title='bbox 604 3396 1141 3460; x_wconf 79' lang='lat' dir='ltr'>Mutugennensem</span> <span class='ocrx_word' id='word_1_249' title='bbox 1160 3398 1210 3447; x_wconf 90' lang='lat' dir='ltr'>te</span> <span class='ocrx_word' id='word_1_250' title='bbox 1226 3392 1620 3463; x_wconf 89' lang='lat' dir='ltr'>rebaptizasse</span> <span class='ocrx_word' id='word_1_251' title='bbox 1636 3394 1960 3448; x_wconf 87' lang='lat' dir='ltr'>nuntiatum</span> <span class='ocrx_word' id='word_1_252' title='bbox 1976 3397 2084 3447; x_wconf 93' lang='lat' dir='ltr'>est.</span> 
     </span>
    </p>
   </div>
   <div class='ocr_carea' id='block_1_37' title="bbox 432 3481 2087 3552">
    <p class='ocr_par' dir='ltr' id='par_1_37' title="bbox 432 3481 2087 3552">
     <span class='ocr_line' id='line_1_37' title="bbox 432 3481 2087 3552; baseline -0.002 -13"><span class='ocrx_word' id='word_1_253' title='bbox 432 3483 1013 3545; x_wconf 88' lang='lat' dir='ltr'>Doluivehementer,</span> <span class='ocrx_word' id='word_1_254' title='bbox 1049 3488 1103 3535; x_wconf 93' lang='lat' dir='ltr'>et</span> <span class='ocrx_word' id='word_1_255' title='bbox 1137 3481 1289 3535; x_wconf 92' lang='lat' dir='ltr'>illius</span> <span class='ocrx_word' id='word_1_256' title='bbox 1314 3482 1709 3537; x_wconf 89' lang='lat' dir='ltr'>miserabilem</span> <span class='ocrx_word' id='word_1_257' title='bbox 1746 3483 1999 3552; x_wconf 89' lang='lat' dir='ltr'>lapsum,</span> <span class='ocrx_word' id='word_1_258' title='bbox 2033 3489 2087 3537; x_wconf 91' lang='lat' dir='ltr'>et</span> 
     </span>
    </p>
   </div>
   <div class='ocr_carea' id='block_1_38' title="bbox 429 3570 2077 3642">
    <p class='ocr_par' dir='ltr' id='par_1_38' title="bbox 429 3570 2077 3642">
     <span class='ocr_line' id='line_1_38' title="bbox 429 3570 2077 3642; baseline -0.001 -16"><span class='ocrx_word' id='word_1_259' title='bbox 429 3578 619 3636; x_wconf 90' lang='lat' dir='ltr'>tuum,</span> <span class='ocrx_word' id='word_1_260' title='bbox 643 3571 1236 3641; x_wconf 87' lang='lat' dir='ltr'>frater,inopinatum</span> <span class='ocrx_word' id='word_1_261' title='bbox 1253 3570 1461 3624; x_wconf 89' lang='lat' dir='ltr'>scelus.</span> <span class='ocrx_word' id='word_1_262' title='bbox 1496 3571 1635 3625; x_wconf 86' lang='lat' dir='ltr'>Novi</span> <span class='ocrx_word' id='word_1_263' title='bbox 1661 3572 1819 3625; x_wconf 91' lang='lat' dir='ltr'>enim</span> <span class='ocrx_word' id='word_1_264' title='bbox 1848 3587 1981 3642; x_wconf 74' lang='lat' dir='ltr'>qum</span> <span class='ocrx_word' id='word_1_265' title='bbox 2002 3572 2077 3625; x_wconf 89' lang='lat' dir='ltr'>sit</span> 
     </span>
    </p>
   </div>
   <div class='ocr_carea' id='block_1_39' title="bbox 428 3658 2087 3723">
    <p class='ocr_par' dir='ltr' id='par_1_39' title="bbox 428 3658 2087 3723">
     <span class='ocr_line' id='line_1_39' title="bbox 428 3658 2087 3723; baseline 0.001 -7"><span class='ocrx_word' id='word_1_266' title='bbox 428 3660 683 3716; x_wconf 86' lang='lat' dir='ltr'>Ecclesia</span> <span class='ocrx_word' id='word_1_267' title='bbox 696 3660 1007 3715; x_wconf 88' lang='lat' dir='ltr'>catholica.</span> <span class='ocrx_word' id='word_1_268' title='bbox 1028 3662 1236 3714; x_wconf 88' lang='lat' dir='ltr'>Gentes</span> <span class='ocrx_word' id='word_1_269' title='bbox 1271 3669 1409 3713; x_wconf 89' lang='lat' dir='ltr'>sunt</span> <span class='ocrx_word' id='word_1_270' title='bbox 1434 3658 1749 3714; x_wconf 65' lang='lat' dir='ltr'>haereditas</span> <span class='ocrx_word' id='word_1_271' title='bbox 1777 3659 2007 3723; x_wconf 87' lang='lat' dir='ltr'>Christi,</span> <span class='ocrx_word' id='word_1_272' title='bbox 2029 3667 2087 3717; x_wconf 91' lang='lat' dir='ltr'>et</span> 
     </span>
    </p>
   </div>
   <div class='ocr_carea' id='block_1_40' title="bbox 430 3748 2073 3821">
    <p class='ocr_par' dir='ltr' id='par_1_40' title="bbox 430 3748 2073 3821">
     <span class='ocr_line' id='line_1_40' title="bbox 430 3748 2073 3821; baseline -0.001 -16"><span class='ocrx_word' id='word_1_273' title='bbox 430 3748 731 3821; x_wconf 83' lang='lat' dir='ltr'>possessio</span> <span class='ocrx_word' id='word_1_274' title='bbox 756 3749 965 3805; x_wconf 87' lang='lat' dir='ltr'>Christi</span> <span class='ocrx_word' id='word_1_275' title='bbox 998 3749 1231 3803; x_wconf 89' lang='lat' dir='ltr'>termini</span> <span class='ocrx_word' id='word_1_276' title='bbox 1263 3753 1450 3802; x_wconf 68' lang='lat' dir='ltr'>terrae.</span> <span class='ocrx_word' id='word_1_277' title='bbox 1471 3750 1660 3803; x_wconf 86' lang='lat' dir='ltr'>Nostis</span> <span class='ocrx_word' id='word_1_278' title='bbox 1686 3755 1739 3803; x_wconf 90' lang='lat' dir='ltr'>et</span> <span class='ocrx_word' id='word_1_279' title='bbox 1763 3764 1886 3815; x_wconf 93' lang='lat' dir='ltr'>vos,</span> <span class='ocrx_word' id='word_1_280' title='bbox 1913 3750 2073 3805; x_wconf 88' lang='lat' dir='ltr'>autsi</span> 
     </span>
    </p>
   </div>
   <div class='ocr_carea' id='block_1_41' title="bbox 426 3837 2085 3908">
    <p class='ocr_par' dir='ltr' id='par_1_41' title="bbox 426 3837 2085 3908">
     <span class='ocr_line' id='line_1_41' title="bbox 426 3837 2085 3908; baseline -0.001 -13"><span class='ocrx_word' id='word_1_281' title='bbox 426 3854 545 3895; x_wconf 90' lang='lat' dir='ltr'>non</span> <span class='ocrx_word' id='word_1_282' title='bbox 574 3839 781 3902; x_wconf 89' lang='lat' dir='ltr'>nostis,</span> <span class='ocrx_word' id='word_1_283' title='bbox 814 3837 1462 3902; x_wconf 87' lang='lat' dir='ltr'>advertite;facillimea</span> <span class='ocrx_word' id='word_1_284' title='bbox 1484 3837 1813 3892; x_wconf 91' lang='lat' dir='ltr'>volentibus</span> <span class='ocrx_word' id='word_1_285' title='bbox 1828 3839 1961 3892; x_wconf 91' lang='lat' dir='ltr'>sciri</span> <span class='ocrx_word' id='word_1_286' title='bbox 1976 3854 2085 3908; x_wconf 91' lang='lat' dir='ltr'>po-</span> 
     </span>
    </p>
   </div>
   <div class='ocr_carea' id='block_1_42' title="bbox 425 3927 2081 3999">
    <p class='ocr_par' dir='ltr' id='par_1_42' title="bbox 425 3927 2081 3999">
     <span class='ocr_line' id='line_1_42' title="bbox 425 3927 2081 3999; baseline -0.002 -14"><span class='ocrx_word' id='word_1_287' title='bbox 425 3932 555 3986; x_wconf 83' lang='lat' dir='ltr'>test.</span> <span class='ocrx_word' id='word_1_288' title='bbox 572 3929 954 3999; x_wconf 81' lang='lat' dir='ltr'>Rebaptizare</span> <span class='ocrx_word' id='word_1_289' title='bbox 969 3929 1142 3995; x_wconf 82' lang='lat' dir='ltr'>igitur</span> <span class='ocrx_word' id='word_1_290' title='bbox 1155 3927 1501 3982; x_wconf 71' lang='lat' dir='ltr'>haereticum</span> <span class='ocrx_word' id='word_1_291' title='bbox 1517 3927 1810 3982; x_wconf 88' lang='lat' dir='ltr'>hominem</span> <span class='ocrx_word' id='word_1_292' title='bbox 1824 3945 1940 3997; x_wconf 84' lang='lat' dir='ltr'>,qui</span> <span class='ocrx_word' id='word_1_293' title='bbox 1955 3928 2081 3982; x_wconf 66' lang='lat' dir='ltr'>hinc</span> 
     </span>
    </p>
   </div>
   <div class='ocr_carea' id='block_1_43' title="bbox 427 4016 2083 4086">
    <p class='ocr_par' dir='ltr' id='par_1_43' title="bbox 427 4016 2083 4086">
     <span class='ocr_line' id='line_1_43' title="bbox 427 4016 2083 4086; baseline -0.001 -14"><span class='ocrx_word' id='word_1_294' title='bbox 427 4018 757 4073; x_wconf 88' lang='lat' dir='ltr'>sanctitatis</span> <span class='ocrx_word' id='word_1_295' title='bbox 776 4018 949 4083; x_wconf 84' lang='lat' dir='ltr'>signa</span> <span class='ocrx_word' id='word_1_296' title='bbox 980 4016 1309 4085; x_wconf 86' lang='lat' dir='ltr'>perceperit</span> <span class='ocrx_word' id='word_1_297' title='bbox 1332 4034 1459 4086; x_wconf 73' lang='lat' dir='ltr'>quae</span> <span class='ocrx_word' id='word_1_298' title='bbox 1496 4016 1817 4071; x_wconf 85' lang='lat' dir='ltr'>christiana</span> <span class='ocrx_word' id='word_1_299' title='bbox 1841 4016 2083 4072; x_wconf 90' lang='lat' dir='ltr'>tradidit</span> 
     </span>
    </p>
   </div>
   <div class='ocr_carea' id='block_1_44' title="bbox 424 4104 2081 4175">
    <p class='ocr_par' dir='ltr' id='par_1_44' title="bbox 424 4104 2081 4175">
     <span class='ocr_line' id='line_1_44' title="bbox 424 4104 2081 4175; baseline 0.001 -15"><span class='ocrx_word' id='word_1_300' title='bbox 424 4104 1012 4175; x_wconf 87' lang='lat' dir='ltr'>disciplina,omnino</span> <span class='ocrx_word' id='word_1_301' title='bbox 1027 4109 1336 4175; x_wconf 84' lang='lat' dir='ltr'>peccatum</span> <span class='ocrx_word' id='word_1_302' title='bbox 1367 4109 1480 4159; x_wconf 88' lang='lat' dir='ltr'>est:</span> <span class='ocrx_word' id='word_1_303' title='bbox 1508 4104 1873 4175; x_wconf 87' lang='lat' dir='ltr'>rebaptizare</span> <span class='ocrx_word' id='word_1_304' title='bbox 1888 4113 2081 4161; x_wconf 85' lang='lat' dir='ltr'>autem</span> 
     </span>
    </p>
   </div>
   <div class='ocr_carea' id='block_1_45' title="bbox 424 4193 2081 4257">
    <p class='ocr_par' dir='ltr' id='par_1_45' title="bbox 424 4193 2081 4257">
     <span class='ocr_line' id='line_1_45' title="bbox 424 4193 2081 4257; baseline -0.001 -6"><span class='ocrx_word' id='word_1_305' title='bbox 424 4193 809 4257; x_wconf 88' lang='lat' dir='ltr'>catholicum,</span> <span class='ocrx_word' id='word_1_306' title='bbox 830 4193 1341 4247; x_wconf 82' lang='lat' dir='ltr'>immanissimum</span> <span class='ocrx_word' id='word_1_307' title='bbox 1374 4194 1566 4247; x_wconf 90' lang='lat' dir='ltr'>scelus</span> <span class='ocrx_word' id='word_1_308' title='bbox 1580 4200 1686 4247; x_wconf 89' lang='lat' dir='ltr'>est.</span> <span class='ocrx_word' id='word_1_309' title='bbox 1725 4194 1947 4249; x_wconf 90' lang='lat' dir='ltr'>Tamen</span> <span class='ocrx_word' id='word_1_310' title='bbox 1964 4211 2081 4249; x_wconf 91' lang='lat' dir='ltr'>non</span> 
     </span>
    </p>
   </div>
   <div class='ocr_carea' id='block_1_46' title="bbox 425 4282 2081 4354">
    <p class='ocr_par' dir='ltr' id='par_1_46' title="bbox 425 4282 2081 4354">
     <span class='ocr_line' id='line_1_46' title="bbox 425 4282 2081 4354; baseline -0.001 -15"><span class='ocrx_word' id='word_1_311' title='bbox 425 4283 577 4339; x_wconf 87' lang='lat' dir='ltr'>adeo</span> <span class='ocrx_word' id='word_1_312' title='bbox 591 4282 1013 4353; x_wconf 88' lang='lat' dir='ltr'>credens,quia</span> <span class='ocrx_word' id='word_1_313' title='bbox 1028 4282 1099 4335; x_wconf 93' lang='lat' dir='ltr'>de</span> <span class='ocrx_word' id='word_1_314' title='bbox 1128 4287 1177 4337; x_wconf 90' lang='lat' dir='ltr'>te</span> <span class='ocrx_word' id='word_1_315' title='bbox 1204 4282 1346 4337; x_wconf 89' lang='lat' dir='ltr'>mihi</span> <span class='ocrx_word' id='word_1_316' title='bbox 1370 4283 1521 4337; x_wconf 89' lang='lat' dir='ltr'>bene</span> <span class='ocrx_word' id='word_1_317' title='bbox 1547 4299 1901 4354; x_wconf 88' lang='lat' dir='ltr'>persuasum</span> <span class='ocrx_word' id='word_1_318' title='bbox 1929 4291 2081 4339; x_wconf 89' lang='lat' dir='ltr'>tene-</span> 
     </span>
    </p>
   </div>
   <div class='ocr_carea' id='block_1_47' title="bbox 424 4372 2081 4444">
    <p class='ocr_par' dir='ltr' id='par_1_47' title="bbox 424 4372 2081 4444">
     <span class='ocr_line' id='line_1_47' title="bbox 424 4372 2081 4444; baseline 0 -15"><span class='ocrx_word' id='word_1_319' title='bbox 424 4373 588 4438; x_wconf 87' lang='lat' dir='ltr'>bam,</span> <span class='ocrx_word' id='word_1_320' title='bbox 606 4373 1023 4440; x_wconf 89' lang='lat' dir='ltr'>Mutugennam</span> <span class='ocrx_word' id='word_1_321' title='bbox 1042 4372 1163 4442; x_wconf 92' lang='lat' dir='ltr'>ipse</span> <span class='ocrx_word' id='word_1_322' title='bbox 1187 4372 1418 4444; x_wconf 80' lang='lat' dir='ltr'>perrexi</span> <span class='ocrx_word' id='word_1_323' title='bbox 1444 4378 1682 4441; x_wconf 82' lang='lat' dir='ltr'>;eteum</span> <span class='ocrx_word' id='word_1_324' title='bbox 1707 4373 1951 4444; x_wconf 87' lang='lat' dir='ltr'>quidem</span> <span class='ocrx_word' id='word_1_325' title='bbox 1978 4374 2081 4429; x_wconf 89' lang='lat' dir='ltr'>mi-</span> 
     </span>
    </p>
   </div>
   <div class='ocr_carea' id='block_1_48' title="bbox 427 4460 2088 4533">
    <p class='ocr_par' dir='ltr' id='par_1_48' title="bbox 427 4460 2088 4533">
     <span class='ocr_line' id='line_1_48' title="bbox 427 4460 2088 4533; baseline 0.002 -16"><span class='ocrx_word' id='word_1_326' title='bbox 427 4478 627 4517; x_wconf 88' lang='lat' dir='ltr'>serum</span> <span class='ocrx_word' id='word_1_327' title='bbox 644 4460 839 4516; x_wconf 90' lang='lat' dir='ltr'>videre</span> <span class='ocrx_word' id='word_1_328' title='bbox 854 4476 971 4516; x_wconf 90' lang='lat' dir='ltr'>non</span> <span class='ocrx_word' id='word_1_329' title='bbox 998 4462 1182 4533; x_wconf 89' lang='lat' dir='ltr'>potui,</span> <span class='ocrx_word' id='word_1_330' title='bbox 1216 4477 1251 4515; x_wconf 89' lang='lat' dir='ltr'>a</span> <span class='ocrx_word' id='word_1_331' title='bbox 1280 4461 1633 4533; x_wconf 89' lang='lat' dir='ltr'>parentibus</span> <span class='ocrx_word' id='word_1_332' title='bbox 1656 4478 1796 4517; x_wconf 91' lang='lat' dir='ltr'>vero</span> <span class='ocrx_word' id='word_1_333' title='bbox 1818 4462 1946 4533; x_wconf 86' lang='lat' dir='ltr'>ejus</span> <span class='ocrx_word' id='word_1_334' title='bbox 1979 4480 2088 4520; x_wconf 72' lang='lat' dir='ltr'>au&#39;</span> 
     </span>
    </p>
   </div>
   <div class='ocr_carea' id='block_1_49' title="bbox 425 4550 2083 4622">
    <p class='ocr_par' dir='ltr' id='par_1_49' title="bbox 425 4550 2083 4622">
     <span class='ocr_line' id='line_1_49' title="bbox 425 4550 2083 4622; baseline 0.003 -17"><span class='ocrx_word' id='word_1_335' title='bbox 425 4550 547 4605; x_wconf 91' lang='lat' dir='ltr'>divi</span> <span class='ocrx_word' id='word_1_336' title='bbox 576 4551 739 4622; x_wconf 88' lang='lat' dir='ltr'>quod</span> <span class='ocrx_word' id='word_1_337' title='bbox 775 4556 966 4606; x_wconf 87' lang='lat' dir='ltr'>vester</span> <span class='ocrx_word' id='word_1_338' title='bbox 990 4552 1117 4620; x_wconf 87' lang='lat' dir='ltr'>jam</span> <span class='ocrx_word' id='word_1_339' title='bbox 1148 4552 1326 4606; x_wconf 89' lang='lat' dir='ltr'>etiam</span> <span class='ocrx_word' id='word_1_340' title='bbox 1356 4552 1646 4607; x_wconf 86' lang='lat' dir='ltr'>diaconus</span> <span class='ocrx_word' id='word_1_341' title='bbox 1675 4552 1863 4608; x_wconf 88' lang='lat' dir='ltr'>factus</span> <span class='ocrx_word' id='word_1_342' title='bbox 1892 4554 1981 4609; x_wconf 89' lang='lat' dir='ltr'>sit.</span> <span class='ocrx_word' id='word_1_343' title='bbox 2019 4558 2083 4610; x_wconf 90' lang='lat' dir='ltr'>Et</span> 
     </span>
    </p>
   </div>
   <div class='ocr_carea' id='block_1_50' title="bbox 428 4640 2077 4707">
    <p class='ocr_par' dir='ltr' id='par_1_50' title="bbox 428 4640 2077 4707">
     <span class='ocr_line' id='line_1_50' title="bbox 428 4640 2077 4707; baseline 0.002 -14"><span class='ocrx_word' id='word_1_344' title='bbox 428 4643 763 4694; x_wconf 87' lang='lat' dir='ltr'>tamentam</span> <span class='ocrx_word' id='word_1_345' title='bbox 807 4640 1172 4695; x_wconf 85' lang='lat' dir='ltr'>beneadhuc</span> <span class='ocrx_word' id='word_1_346' title='bbox 1196 4640 1383 4695; x_wconf 91' lang='lat' dir='ltr'>detuo</span> <span class='ocrx_word' id='word_1_347' title='bbox 1415 4641 1591 4697; x_wconf 90' lang='lat' dir='ltr'>corde</span> <span class='ocrx_word' id='word_1_348' title='bbox 1625 4643 1837 4707; x_wconf 88' lang='lat' dir='ltr'>sentio,</span> <span class='ocrx_word' id='word_1_349' title='bbox 1861 4647 2077 4698; x_wconf 92' lang='lat' dir='ltr'>uteum</span> 
     </span>
    </p>
   </div>
   <div class='ocr_carea' id='block_1_51' title="bbox 422 4727 1438 4798">
    <p class='ocr_par' dir='ltr' id='par_1_51' title="bbox 422 4727 1438 4798">
     <span class='ocr_line' id='line_1_51' title="bbox 422 4727 1438 4798; baseline -0.002 -14"><span class='ocrx_word' id='word_1_350' title='bbox 422 4727 850 4798; x_wconf 88' lang='lat' dir='ltr'>rebaptizatum</span> <span class='ocrx_word' id='word_1_351' title='bbox 883 4744 1013 4782; x_wconf 91' lang='lat' dir='ltr'>esse</span> <span class='ocrx_word' id='word_1_352' title='bbox 1040 4745 1157 4783; x_wconf 91' lang='lat' dir='ltr'>non</span> <span class='ocrx_word' id='word_1_353' title='bbox 1175 4730 1438 4784; x_wconf 91' lang='lat' dir='ltr'>credam.</span> 
     </span>
    </p>
   </div>
   <div class='ocr_carea' id='block_1_52' title="bbox 496 4816 2081 4890">
    <p class='ocr_par' dir='ltr' id='par_1_52' title="bbox 496 4816 2081 4890">
     <span class='ocr_line' id='line_1_52' title="bbox 496 4816 2081 4890; baseline 0.004 -19"><span class='ocrx_word' id='word_1_354' title='bbox 496 4816 1453 4885; x_wconf 84' lang='lat' dir='ltr'>3.0uarete,fraterdilectissime,</span> <span class='ocrx_word' id='word_1_355' title='bbox 1486 4836 1590 4890; x_wconf 90' lang='lat' dir='ltr'>per</span> <span class='ocrx_word' id='word_1_356' title='bbox 1622 4821 1994 4877; x_wconf 86' lang='lat' dir='ltr'>divinitatem</span> <span class='ocrx_word' id='word_1_357' title='bbox 2026 4827 2081 4877; x_wconf 91' lang='lat' dir='ltr'>et</span> 
     </span>
    </p>
   </div>
   <div class='ocr_carea' id='block_1_53' title="bbox 424 4906 2079 4975">
    <p class='ocr_par' dir='ltr' id='par_1_53' title="bbox 424 4906 2079 4975">
     <span class='ocr_line' id='line_1_53' title="bbox 424 4906 2079 4975; baseline 0.002 -13"><span class='ocrx_word' id='word_1_358' title='bbox 424 4906 859 4963; x_wconf 88' lang='lat' dir='ltr'>humanitatem</span> <span class='ocrx_word' id='word_1_359' title='bbox 874 4907 1103 4961; x_wconf 91' lang='lat' dir='ltr'>Domini</span> <span class='ocrx_word' id='word_1_360' title='bbox 1120 4911 1453 4963; x_wconf 82' lang='lat' dir='ltr'>nostriJesu</span> <span class='ocrx_word' id='word_1_361' title='bbox 1466 4910 1673 4965; x_wconf 90' lang='lat' dir='ltr'>Christi</span> <span class='ocrx_word' id='word_1_362' title='bbox 1712 4910 1987 4975; x_wconf 89' lang='lat' dir='ltr'>obsecro,</span> <span class='ocrx_word' id='word_1_363' title='bbox 2019 4918 2079 4967; x_wconf 91' lang='lat' dir='ltr'>ut</span> 
     </span>
    </p>
   </div>
   <div class='ocr_carea' id='block_1_54' title="bbox 426 4995 2079 5068">
    <p class='ocr_par' dir='ltr' id='par_1_54' title="bbox 426 4995 2079 5068">
     <span class='ocr_line' id='line_1_54' title="bbox 426 4995 2079 5068; baseline 0.003 -16"><span class='ocrx_word' id='word_1_364' title='bbox 426 4997 751 5052; x_wconf 89' lang='lat' dir='ltr'>rescribere</span> <span class='ocrx_word' id='word_1_365' title='bbox 784 4996 926 5051; x_wconf 90' lang='lat' dir='ltr'>mihi</span> <span class='ocrx_word' id='word_1_366' title='bbox 944 4995 1207 5065; x_wconf 86' lang='lat' dir='ltr'>digneris</span> <span class='ocrx_word' id='word_1_367' title='bbox 1239 4997 1382 5068; x_wconf 91' lang='lat' dir='ltr'>quid</span> <span class='ocrx_word' id='word_1_368' title='bbox 1400 5004 1633 5066; x_wconf 83' lang='lat' dir='ltr'>gestum</span> <span class='ocrx_word' id='word_1_369' title='bbox 1669 5000 1761 5066; x_wconf 87' lang='lat' dir='ltr'>sit,</span> <span class='ocrx_word' id='word_1_370' title='bbox 1782 5006 1837 5054; x_wconf 91' lang='lat' dir='ltr'>et</span> <span class='ocrx_word' id='word_1_371' title='bbox 1868 5000 1949 5055; x_wconf 88' lang='lat' dir='ltr'>sic</span> <span class='ocrx_word' id='word_1_372' title='bbox 1988 5017 2079 5057; x_wconf 91' lang='lat' dir='ltr'>re-</span> 
     </span>
    </p>
   </div>
   <div class='ocr_carea' id='block_1_55' title="bbox 424 5084 2077 5152">
    <p class='ocr_par' dir='ltr' id='par_1_55' title="bbox 424 5084 2077 5152">
     <span class='ocr_line' id='line_1_55' title="bbox 424 5084 2077 5152; baseline 0.003 -12"><span class='ocrx_word' id='word_1_373' title='bbox 424 5087 702 5152; x_wconf 86' lang='lat' dir='ltr'>scribere,</span> <span class='ocrx_word' id='word_1_374' title='bbox 741 5092 801 5141; x_wconf 93' lang='lat' dir='ltr'>ut</span> <span class='ocrx_word' id='word_1_375' title='bbox 830 5084 1064 5141; x_wconf 87' lang='lat' dir='ltr'>noveris</span> <span class='ocrx_word' id='word_1_376' title='bbox 1080 5086 1244 5139; x_wconf 90' lang='lat' dir='ltr'>mein</span> <span class='ocrx_word' id='word_1_377' title='bbox 1274 5086 1527 5141; x_wconf 82' lang='lat' dir='ltr'>Ecclesia</span> <span class='ocrx_word' id='word_1_378' title='bbox 1566 5086 1845 5143; x_wconf 87' lang='lat' dir='ltr'>fratribus</span> <span class='ocrx_word' id='word_1_379' title='bbox 1861 5091 2077 5145; x_wconf 90' lang='lat' dir='ltr'>nostris</span> 
     </span>
    </p>
   </div>
   <div class='ocr_carea' id='block_1_56' title="bbox 426 5175 2076 5251">
    <p class='ocr_par' dir='ltr' id='par_1_56' title="bbox 426 5175 2076 5251">
     <span class='ocr_line' id='line_1_56' title="bbox 426 5175 2076 5251; baseline 0.004 -23"><span class='ocrx_word' id='word_1_380' title='bbox 426 5175 918 5245; x_wconf 87' lang='lat' dir='ltr'>epistolamtuam</span> <span class='ocrx_word' id='word_1_381' title='bbox 937 5175 1078 5231; x_wconf 90' lang='lat' dir='ltr'>velle</span> <span class='ocrx_word' id='word_1_382' title='bbox 1094 5176 1351 5231; x_wconf 87' lang='lat' dir='ltr'>recitare.</span> <span class='ocrx_word' id='word_1_383' title='bbox 1386 5177 1556 5241; x_wconf 90' lang='lat' dir='ltr'>Quod</span> <span class='ocrx_word' id='word_1_384' title='bbox 1579 5177 1712 5232; x_wconf 91' lang='lat' dir='ltr'>ideo</span> <span class='ocrx_word' id='word_1_385' title='bbox 1729 5179 1963 5251; x_wconf 89' lang='lat' dir='ltr'>scripsi,</span> <span class='ocrx_word' id='word_1_386' title='bbox 2004 5197 2076 5236; x_wconf 91' lang='lat' dir='ltr'>ne</span> 
     </span>
    </p>
   </div>
   <div class='ocr_carea' id='block_1_57' title="bbox 425 5263 2076 5338">
    <p class='ocr_par' dir='ltr' id='par_1_57' title="bbox 425 5263 2076 5338">
     <span class='ocr_line' id='line_1_57' title="bbox 425 5263 2076 5338; baseline 0.006 -22"><span class='ocrx_word' id='word_1_387' title='bbox 425 5277 563 5317; x_wconf 91' lang='lat' dir='ltr'>cum</span> <span class='ocrx_word' id='word_1_388' title='bbox 596 5263 655 5318; x_wconf 92' lang='lat' dir='ltr'>id</span> <span class='ocrx_word' id='word_1_389' title='bbox 678 5271 885 5335; x_wconf 90' lang='lat' dir='ltr'>postea</span> <span class='ocrx_word' id='word_1_390' title='bbox 918 5265 1173 5321; x_wconf 89' lang='lat' dir='ltr'>facerem</span> <span class='ocrx_word' id='word_1_391' title='bbox 1194 5266 1357 5337; x_wconf 90' lang='lat' dir='ltr'>quod</span> <span class='ocrx_word' id='word_1_392' title='bbox 1386 5282 1478 5321; x_wconf 92' lang='lat' dir='ltr'>me</span> <span class='ocrx_word' id='word_1_393' title='bbox 1513 5283 1633 5322; x_wconf 91' lang='lat' dir='ltr'>non</span> <span class='ocrx_word' id='word_1_394' title='bbox 1651 5285 1917 5338; x_wconf 81' lang='lat' dir='ltr'>sperares</span> <span class='ocrx_word' id='word_1_395' title='bbox 1948 5287 2076 5327; x_wconf 90' lang='lat' dir='ltr'>esse</span> 
     </span>
    </p>
   </div>
   <div class='ocr_carea' id='block_1_58' title="bbox 422 5353 2075 5428">
    <p class='ocr_par' dir='ltr' id='par_1_58' title="bbox 422 5353 2075 5428">
     <span class='ocr_line' id='line_1_58' title="bbox 422 5353 2075 5428; baseline 0.006 -23"><span class='ocrx_word' id='word_1_396' title='bbox 422 5353 1109 5415; x_wconf 81' lang='lat' dir='ltr'>facturum,otienderem</span> <span class='ocrx_word' id='word_1_397' title='bbox 1126 5354 1479 5411; x_wconf 89' lang='lat' dir='ltr'>Charitatem</span> <span class='ocrx_word' id='word_1_398' title='bbox 1496 5359 1979 5428; x_wconf 89' lang='lat' dir='ltr'>tuam,etjustam</span> <span class='ocrx_word' id='word_1_399' title='bbox 2003 5360 2075 5415; x_wconf 92' lang='lat' dir='ltr'>de</span> 
     </span>
    </p>
   </div>
   <div class='ocr_carea' id='block_1_59' title="bbox 426 5441 2077 5518">
    <p class='ocr_par' dir='ltr' id='par_1_59' title="bbox 426 5441 2077 5518">
     <span class='ocr_line' id='line_1_59' title="bbox 426 5441 2077 5518; baseline 0.004 -21"><span class='ocrx_word' id='word_1_400' title='bbox 426 5456 522 5497; x_wconf 90' lang='lat' dir='ltr'>me</span> <span class='ocrx_word' id='word_1_401' title='bbox 546 5441 708 5511; x_wconf 86' lang='lat' dir='ltr'>apud</span> <span class='ocrx_word' id='word_1_402' title='bbox 740 5458 1092 5498; x_wconf 89' lang='lat' dir='ltr'>communes</span> <span class='ocrx_word' id='word_1_403' title='bbox 1142 5448 1366 5501; x_wconf 87' lang='lat' dir='ltr'>amicos</span> <span class='ocrx_word' id='word_1_404' title='bbox 1397 5447 1704 5517; x_wconf 87' lang='lat' dir='ltr'>querelam</span> <span class='ocrx_word' id='word_1_405' title='bbox 1720 5448 2077 5518; x_wconf 80' lang='lat' dir='ltr'>deponeres.</span> 
     </span>
    </p>
   </div>
   <div class='ocr_carea' id='block_1_60' title="bbox 428 5529 2074 5599">
    <p class='ocr_par' dir='ltr' id='par_1_60' title="bbox 428 5529 2074 5599">
     <span class='ocr_line' id='line_1_60' title="bbox 428 5529 2074 5599; baseline 0.01 -19"><span class='ocrx_word' id='word_1_406' title='bbox 428 5529 579 5595; x_wconf 90' lang='lat' dir='ltr'>Quid</span> <span class='ocrx_word' id='word_1_407' title='bbox 606 5544 747 5597; x_wconf 80' lang='lat' dir='ltr'>ergo</span> <span class='ocrx_word' id='word_1_408' title='bbox 788 5536 842 5583; x_wconf 90' lang='lat' dir='ltr'>te</span> <span class='ocrx_word' id='word_1_409' title='bbox 874 5531 1243 5597; x_wconf 89' lang='lat' dir='ltr'>impediatad</span> <span class='ocrx_word' id='word_1_410' title='bbox 1260 5536 1864 5599; x_wconf 90' lang='lat' dir='ltr'>rescribendum,non</span> <span class='ocrx_word' id='word_1_411' title='bbox 1884 5540 2074 5596; x_wconf 89' lang='lat' dir='ltr'>video.</span> 
     </span>
    </p>
   </div>
   <div class='ocr_carea' id='block_1_61' title="bbox 428 5619 2077 5697">
    <p class='ocr_par' dir='ltr' id='par_1_61' title="bbox 428 5619 2077 5697">
     <span class='ocr_line' id='line_1_61' title="bbox 428 5619 2077 5697; baseline 0.008 -23"><span class='ocrx_word' id='word_1_412' title='bbox 428 5620 484 5675; x_wconf 91' lang='lat' dir='ltr'>Si</span> <span class='ocrx_word' id='word_1_413' title='bbox 511 5620 672 5675; x_wconf 89' lang='lat' dir='ltr'>enim</span> <span class='ocrx_word' id='word_1_414' title='bbox 703 5619 1056 5690; x_wconf 87' lang='lat' dir='ltr'>rebaptizas,</span> <span class='ocrx_word' id='word_1_415' title='bbox 1096 5623 1239 5679; x_wconf 90' lang='lat' dir='ltr'>nihil</span> <span class='ocrx_word' id='word_1_416' title='bbox 1267 5631 1353 5681; x_wconf 88' lang='lat' dir='ltr'>est</span> <span class='ocrx_word' id='word_1_417' title='bbox 1376 5626 1541 5697; x_wconf 88' lang='lat' dir='ltr'>quod</span> <span class='ocrx_word' id='word_1_418' title='bbox 1570 5626 1843 5684; x_wconf 88' lang='lat' dir='ltr'>homines</span> <span class='ocrx_word' id='word_1_419' title='bbox 1868 5628 1942 5685; x_wconf 91' lang='lat' dir='ltr'>de</span> <span class='ocrx_word' id='word_1_420' title='bbox 1977 5635 2077 5688; x_wconf 88' lang='lat' dir='ltr'>tuo</span> 
     </span>
    </p>
   </div>
   <div class='ocr_carea' id='block_1_62' title="bbox 2196 365 3851 443">
    <p class='ocr_par' dir='ltr' id='par_1_62' title="bbox 2196 365 3851 443">
     <span class='ocr_line' id='line_1_62' title="bbox 2196 365 3851 443; baseline 0.004 -24"><span class='ocrx_word' id='word_1_421' title='bbox 2196 365 2440 433; x_wconf 84' lang='lat' dir='ltr'>collegio</span> <span class='ocrx_word' id='word_1_422' title='bbox 2456 366 2758 430; x_wconf 88' lang='lat' dir='ltr'>formides,</span> <span class='ocrx_word' id='word_1_423' title='bbox 2788 383 2919 423; x_wconf 90' lang='lat' dir='ltr'>cum</span> <span class='ocrx_word' id='word_1_424' title='bbox 2942 367 3000 423; x_wconf 93' lang='lat' dir='ltr'>id</span> <span class='ocrx_word' id='word_1_425' title='bbox 3018 371 3069 424; x_wconf 93' lang='lat' dir='ltr'>te</span> <span class='ocrx_word' id='word_1_426' title='bbox 3084 369 3447 440; x_wconf 89' lang='lat' dir='ltr'>rescripseris</span> <span class='ocrx_word' id='word_1_427' title='bbox 3480 370 3669 426; x_wconf 82' lang='lat' dir='ltr'>facere</span> <span class='ocrx_word' id='word_1_428' title='bbox 3681 370 3851 443; x_wconf 92' lang='lat' dir='ltr'>quod</span> 
     </span>
    </p>
   </div>
   <div class='ocr_carea' id='block_1_63' title="bbox 2198 454 3852 527">
    <p class='ocr_par' dir='ltr' id='par_1_63' title="bbox 2198 454 3852 527">
     <span class='ocr_line' id='line_1_63' title="bbox 2198 454 3852 527; baseline 0.002 -18"><span class='ocrx_word' id='word_1_429' title='bbox 2198 459 2248 509; x_wconf 87' lang='lat' dir='ltr'>te</span> <span class='ocrx_word' id='word_1_430' title='bbox 2281 454 2562 509; x_wconf 88' lang='lat' dir='ltr'>illifacere</span> <span class='ocrx_word' id='word_1_431' title='bbox 2585 457 2821 511; x_wconf 90' lang='lat' dir='ltr'>etiamsi</span> <span class='ocrx_word' id='word_1_432' title='bbox 2862 457 3049 511; x_wconf 90' lang='lat' dir='ltr'>nolles</span> <span class='ocrx_word' id='word_1_433' title='bbox 3074 458 3373 527; x_wconf 88' lang='lat' dir='ltr'>juberent.</span> <span class='ocrx_word' id='word_1_434' title='bbox 3402 462 3544 515; x_wconf 89' lang='lat' dir='ltr'>Cum</span> <span class='ocrx_word' id='word_1_435' title='bbox 3561 465 3760 514; x_wconf 88' lang='lat' dir='ltr'>autem</span> <span class='ocrx_word' id='word_1_436' title='bbox 3789 459 3852 513; x_wconf 92' lang='lat' dir='ltr'>id</span> 
     </span>
    </p>
   </div>
   <div class='ocr_carea' id='block_1_64' title="bbox 2194 545 3857 615">
    <p class='ocr_par' dir='ltr' id='par_1_64' title="bbox 2194 545 3857 615">
     <span class='ocr_line' id='line_1_64' title="bbox 2194 545 3857 615; baseline 0.004 -18"><span class='ocrx_word' id='word_1_437' title='bbox 2194 545 2435 614; x_wconf 87' lang='lat' dir='ltr'>quantis</span> <span class='ocrx_word' id='word_1_438' title='bbox 2452 546 2712 615; x_wconf 87' lang='lat' dir='ltr'>potueris</span> <span class='ocrx_word' id='word_1_439' title='bbox 2728 546 3107 601; x_wconf 88' lang='lat' dir='ltr'>documentis</span> <span class='ocrx_word' id='word_1_440' title='bbox 3142 546 3485 604; x_wconf 87' lang='lat' dir='ltr'>faciendum</span> <span class='ocrx_word' id='word_1_441' title='bbox 3500 564 3630 603; x_wconf 87' lang='lat' dir='ltr'>esse</span> <span class='ocrx_word' id='word_1_442' title='bbox 3643 548 3857 604; x_wconf 88' lang='lat' dir='ltr'>defen-</span> 
     </span>
    </p>
   </div>
   <div class='ocr_carea' id='block_1_65' title="bbox 2195 633 3858 707">
    <p class='ocr_par' dir='ltr' id='par_1_65' title="bbox 2195 633 3858 707">
     <span class='ocr_line' id='line_1_65' title="bbox 2195 633 3858 707; baseline 0.004 -21"><span class='ocrx_word' id='word_1_443' title='bbox 2195 633 2505 696; x_wconf 91' lang='lat' dir='ltr'>deris,non</span> <span class='ocrx_word' id='word_1_444' title='bbox 2522 633 2713 688; x_wconf 90' lang='lat' dir='ltr'>solum</span> <span class='ocrx_word' id='word_1_445' title='bbox 2731 650 2848 688; x_wconf 91' lang='lat' dir='ltr'>non</span> <span class='ocrx_word' id='word_1_446' title='bbox 2883 635 3338 700; x_wconf 88' lang='lat' dir='ltr'>succensebunt,</span> <span class='ocrx_word' id='word_1_447' title='bbox 3371 637 3474 691; x_wconf 89' lang='lat' dir='ltr'>sed</span> <span class='ocrx_word' id='word_1_448' title='bbox 3491 637 3667 692; x_wconf 89' lang='lat' dir='ltr'>etiam</span> <span class='ocrx_word' id='word_1_449' title='bbox 3698 654 3858 707; x_wconf 74' lang='lat' dir='ltr'>prae-</span> 
     </span>
    </p>
   </div>
   <div class='ocr_carea' id='block_1_66' title="bbox 2195 721 3856 797">
    <p class='ocr_par' dir='ltr' id='par_1_66' title="bbox 2195 721 3856 797">
     <span class='ocr_line' id='line_1_66' title="bbox 2195 721 3856 797; baseline 0.003 -22"><span class='ocrx_word' id='word_1_450' title='bbox 2195 721 2499 776; x_wconf 86' lang='lat' dir='ltr'>dicabunt.</span> <span class='ocrx_word' id='word_1_451' title='bbox 2528 723 2581 777; x_wconf 88' lang='lat' dir='ltr'>Si</span> <span class='ocrx_word' id='word_1_452' title='bbox 2606 729 2804 777; x_wconf 90' lang='lat' dir='ltr'>autem</span> <span class='ocrx_word' id='word_1_453' title='bbox 2822 739 2935 778; x_wconf 91' lang='lat' dir='ltr'>non</span> <span class='ocrx_word' id='word_1_454' title='bbox 2953 724 3856 797; x_wconf 85' lang='lat' dir='ltr'>rebaptizas,arripelibertatem</span> 
     </span>
    </p>
   </div>
   <div class='ocr_carea' id='block_1_67' title="bbox 2196 810 3856 887">
    <p class='ocr_par' dir='ltr' id='par_1_67' title="bbox 2196 810 3856 887">
     <span class='ocr_line' id='line_1_67' title="bbox 2196 810 3856 887; baseline 0.003 -22"><span class='ocrx_word' id='word_1_455' title='bbox 2196 810 2597 875; x_wconf 86' lang='lat' dir='ltr'>cbristianam,</span> <span class='ocrx_word' id='word_1_456' title='bbox 2618 811 2794 867; x_wconf 87' lang='lat' dir='ltr'>frater</span> <span class='ocrx_word' id='word_1_457' title='bbox 2811 815 3140 877; x_wconf 81' lang='lat' dir='ltr'>Maximina,</span> <span class='ocrx_word' id='word_1_458' title='bbox 3159 816 3372 886; x_wconf 88' lang='lat' dir='ltr'>arripe,</span> <span class='ocrx_word' id='word_1_459' title='bbox 3391 831 3597 887; x_wconf 77' lang='lat' dir='ltr'>quaeso</span> <span class='ocrx_word' id='word_1_460' title='bbox 3619 822 3705 880; x_wconf 88' lang='lat' dir='ltr'>te;</span> <span class='ocrx_word' id='word_1_461' title='bbox 3730 831 3856 870; x_wconf 88' lang='lat' dir='ltr'>non</span> 
     </span>
    </p>
   </div>
   <div class='ocr_carea' id='block_1_68' title="bbox 2194 900 3858 975">
    <p class='ocr_par' dir='ltr' id='par_1_68' title="bbox 2194 900 3858 975">
     <span class='ocr_line' id='line_1_68' title="bbox 2194 900 3858 975; baseline 0.002 -20"><span class='ocrx_word' id='word_1_462' title='bbox 2194 900 2850 971; x_wconf 87' lang='lat' dir='ltr'>cujusquamhominis,</span> <span class='ocrx_word' id='word_1_463' title='bbox 2883 902 2939 956; x_wconf 92' lang='lat' dir='ltr'>in</span> <span class='ocrx_word' id='word_1_464' title='bbox 2977 903 3723 975; x_wconf 87' lang='lat' dir='ltr'>contemplationeChristi,</span> <span class='ocrx_word' id='word_1_465' title='bbox 3750 910 3858 959; x_wconf 89' lang='lat' dir='ltr'>aut</span> 
     </span>
    </p>
   </div>
   <div class='ocr_carea' id='block_1_69' title="bbox 2194 990 3852 1064">
    <p class='ocr_par' dir='ltr' id='par_1_69' title="bbox 2194 990 3852 1064">
     <span class='ocr_line' id='line_1_69' title="bbox 2194 990 3852 1064; baseline 0 -21"><span class='ocrx_word' id='word_1_466' title='bbox 2194 990 2715 1059; x_wconf 88' lang='lat' dir='ltr'>reprehensionem</span> <span class='ocrx_word' id='word_1_467' title='bbox 2740 992 3125 1059; x_wconf 89' lang='lat' dir='ltr'>verearis,aut</span> <span class='ocrx_word' id='word_1_468' title='bbox 3139 993 3460 1048; x_wconf 88' lang='lat' dir='ltr'>exhorreas</span> <span class='ocrx_word' id='word_1_469' title='bbox 3476 998 3852 1064; x_wconf 88' lang='lat' dir='ltr'>potestatem.</span> 
     </span>
    </p>
   </div>
   <div class='ocr_carea' id='block_1_70' title="bbox 2194 1077 3856 1147">
    <p class='ocr_par' dir='ltr' id='par_1_70' title="bbox 2194 1077 3856 1147">
     <span class='ocr_line' id='line_1_70' title="bbox 2194 1077 3856 1147; baseline 0.002 -14"><span class='ocrx_word' id='word_1_470' title='bbox 2194 1077 2628 1133; x_wconf 87' lang='lat' dir='ltr'>Transithonor</span> <span class='ocrx_word' id='word_1_471' title='bbox 2641 1079 2741 1147; x_wconf 91' lang='lat' dir='ltr'>buj</span> <span class='ocrx_word' id='word_1_472' title='bbox 2754 1096 2818 1132; x_wconf 91' lang='lat' dir='ltr'>us</span> <span class='ocrx_word' id='word_1_473' title='bbox 2833 1080 3054 1145; x_wconf 64' lang='lat' dir='ltr'>saeculi,</span> <span class='ocrx_word' id='word_1_474' title='bbox 3072 1082 3277 1136; x_wconf 89' lang='lat' dir='ltr'>transit</span> <span class='ocrx_word' id='word_1_475' title='bbox 3290 1081 3557 1137; x_wconf 85' lang='lat' dir='ltr'>ambitio.</span> <span class='ocrx_word' id='word_1_476' title='bbox 3574 1082 3638 1137; x_wconf 90' lang='lat' dir='ltr'>In</span> <span class='ocrx_word' id='word_1_477' title='bbox 3653 1081 3856 1137; x_wconf 89' lang='lat' dir='ltr'>futuro</span> 
     </span>
    </p>
   </div>
   <div class='ocr_carea' id='block_1_71' title="bbox 2198 1167 3859 1237">
    <p class='ocr_par' dir='ltr' id='par_1_71' title="bbox 2198 1167 3859 1237">
     <span class='ocr_line' id='line_1_71' title="bbox 2198 1167 3859 1237; baseline 0.002 -15"><span class='ocrx_word' id='word_1_478' title='bbox 2198 1167 2655 1235; x_wconf 84' lang='lat' dir='ltr'>Christijudicio,</span> <span class='ocrx_word' id='word_1_479' title='bbox 2674 1184 2781 1222; x_wconf 91' lang='lat' dir='ltr'>nec</span> <span class='ocrx_word' id='word_1_480' title='bbox 2795 1168 3012 1223; x_wconf 70' lang='lat' dir='ltr'>absidaa</span> <span class='ocrx_word' id='word_1_481' title='bbox 3026 1170 3311 1237; x_wconf 71' lang='lat' dir='ltr'>gradatee,</span> <span class='ocrx_word' id='word_1_482' title='bbox 3328 1186 3437 1225; x_wconf 91' lang='lat' dir='ltr'>nec</span> <span class='ocrx_word' id='word_1_483' title='bbox 3451 1171 3748 1225; x_wconf 66' lang='lat' dir='ltr'>cathedrae</span> <span class='ocrx_word' id='word_1_484' title='bbox 3763 1187 3859 1225; x_wconf 88' lang='lat' dir='ltr'>ve-</span> 
     </span>
    </p>
   </div>
   <div class='ocr_carea' id='block_1_72' title="bbox 2196 1255 3858 1330">
    <p class='ocr_par' dir='ltr' id='par_1_72' title="bbox 2196 1255 3858 1330">
     <span class='ocr_line' id='line_1_72' title="bbox 2196 1255 3858 1330; baseline 0.002 -21"><span class='ocrx_word' id='word_1_485' title='bbox 2196 1255 2347 1319; x_wconf 64' lang='lat' dir='ltr'>latas,</span> <span class='ocrx_word' id='word_1_486' title='bbox 2366 1272 2472 1310; x_wconf 88' lang='lat' dir='ltr'>nec</span> <span class='ocrx_word' id='word_1_487' title='bbox 2487 1257 3032 1312; x_wconf 87' lang='lat' dir='ltr'>sanctimonialium</span> <span class='ocrx_word' id='word_1_488' title='bbox 3047 1260 3494 1314; x_wconf 86' lang='lat' dir='ltr'>occursantium</span> <span class='ocrx_word' id='word_1_489' title='bbox 3517 1266 3694 1330; x_wconf 90' lang='lat' dir='ltr'>atque</span> <span class='ocrx_word' id='word_1_490' title='bbox 3716 1274 3858 1313; x_wconf 86' lang='lat' dir='ltr'>can-</span> 
     </span>
    </p>
   </div>
   <div class='ocr_carea' id='block_1_73' title="bbox 2199 1345 3857 1415">
    <p class='ocr_par' dir='ltr' id='par_1_73' title="bbox 2199 1345 3857 1415">
     <span class='ocr_line' id='line_1_73' title="bbox 2199 1345 3857 1415; baseline 0.001 -16"><span class='ocrx_word' id='word_1_491' title='bbox 2199 1345 2451 1399; x_wconf 85' lang='lat' dir='ltr'>tantium</span> <span class='ocrx_word' id='word_1_492' title='bbox 2476 1362 2683 1415; x_wconf 76' lang='lat' dir='ltr'>greges</span> <span class='ocrx_word' id='word_1_493' title='bbox 2710 1346 3152 1402; x_wconf 89' lang='lat' dir='ltr'>adhibebuntur</span> <span class='ocrx_word' id='word_1_494' title='bbox 3189 1348 3265 1403; x_wconf 88' lang='lat' dir='ltr'>ad</span> <span class='ocrx_word' id='word_1_495' title='bbox 3293 1347 3721 1412; x_wconf 86' lang='lat' dir='ltr'>defensionem,</span> <span class='ocrx_word' id='word_1_496' title='bbox 3750 1347 3857 1401; x_wconf 92' lang='lat' dir='ltr'>ubi</span> 
     </span>
    </p>
   </div>
   <div class='ocr_carea' id='block_1_74' title="bbox 2198 1434 3856 1505">
    <p class='ocr_par' dir='ltr' id='par_1_74' title="bbox 2198 1434 3856 1505">
     <span class='ocr_line' id='line_1_74' title="bbox 2198 1434 3856 1505; baseline 0.001 -17"><span class='ocrx_word' id='word_1_497' title='bbox 2198 1434 2485 1505; x_wconf 79' lang='lat' dir='ltr'>coeperint</span> <span class='ocrx_word' id='word_1_498' title='bbox 2510 1450 2791 1490; x_wconf 90' lang='lat' dir='ltr'>accusare</span> <span class='ocrx_word' id='word_1_499' title='bbox 2826 1436 3226 1501; x_wconf 68' lang='lat' dir='ltr'>conscientias,</span> <span class='ocrx_word' id='word_1_500' title='bbox 3256 1441 3311 1491; x_wconf 89' lang='lat' dir='ltr'>et</span> <span class='ocrx_word' id='word_1_501' title='bbox 3349 1436 3856 1492; x_wconf 88' lang='lat' dir='ltr'>conscientiarum</span> 
     </span>
    </p>
   </div>
   <div class='ocr_carea' id='block_1_75' title="bbox 2200 1522 3855 1594">
    <p class='ocr_par' dir='ltr' id='par_1_75' title="bbox 2200 1522 3855 1594">
     <span class='ocr_line' id='line_1_75' title="bbox 2200 1522 3855 1594; baseline 0.002 -18"><span class='ocrx_word' id='word_1_502' title='bbox 2200 1522 2728 1594; x_wconf 85' lang='lat' dir='ltr'>arbiterjudicare.</span> <span class='ocrx_word' id='word_1_503' title='bbox 2764 1524 2905 1588; x_wconf 68' lang='lat' dir='ltr'>Quae</span> <span class='ocrx_word' id='word_1_504' title='bbox 2942 1524 3033 1579; x_wconf 93' lang='lat' dir='ltr'>hic</span> <span class='ocrx_word' id='word_1_505' title='bbox 3077 1524 3396 1591; x_wconf 88' lang='lat' dir='ltr'>honorant,</span> <span class='ocrx_word' id='word_1_506' title='bbox 3447 1524 3523 1580; x_wconf 90' lang='lat' dir='ltr'>ibi</span> <span class='ocrx_word' id='word_1_507' title='bbox 3554 1530 3805 1580; x_wconf 88' lang='lat' dir='ltr'>onerant</span> <span class='ocrx_word' id='word_1_508' title='bbox 3840 1541 3855 1589; x_wconf 89' lang='lat'><strong>;</strong></span> 
     </span>
    </p>
   </div>
   <div class='ocr_carea' id='block_1_76' title="bbox 2200 1612 3858 1686">
    <p class='ocr_par' dir='ltr' id='par_1_76' title="bbox 2200 1612 3858 1686">
     <span class='ocr_line' id='line_1_76' title="bbox 2200 1612 3858 1686; baseline 0.001 -20"><span class='ocrx_word' id='word_1_509' title='bbox 2200 1627 2335 1683; x_wconf 73' lang='lat' dir='ltr'>quae</span> <span class='ocrx_word' id='word_1_510' title='bbox 2350 1612 2443 1666; x_wconf 91' lang='lat' dir='ltr'>hic</span> <span class='ocrx_word' id='word_1_511' title='bbox 2458 1612 2738 1677; x_wconf 84' lang='lat' dir='ltr'>relevant,</span> <span class='ocrx_word' id='word_1_512' title='bbox 2774 1612 2851 1667; x_wconf 90' lang='lat' dir='ltr'>ibi</span> <span class='ocrx_word' id='word_1_513' title='bbox 2886 1619 3158 1683; x_wconf 82' lang='lat' dir='ltr'>gravant.</span> <span class='ocrx_word' id='word_1_514' title='bbox 3180 1619 3293 1669; x_wconf 89' lang='lat' dir='ltr'>Ista</span> <span class='ocrx_word' id='word_1_515' title='bbox 3306 1631 3441 1686; x_wconf 70' lang='lat' dir='ltr'>quae</span> <span class='ocrx_word' id='word_1_516' title='bbox 3456 1630 3563 1685; x_wconf 91' lang='lat' dir='ltr'>pro</span> <span class='ocrx_word' id='word_1_517' title='bbox 3588 1620 3858 1684; x_wconf 89' lang='lat' dir='ltr'>tempore</span> 
     </span>
    </p>
   </div>
   <div class='ocr_carea' id='block_1_77' title="bbox 2201 1702 3861 1772">
    <p class='ocr_par' dir='ltr' id='par_1_77' title="bbox 2201 1702 3861 1772">
     <span class='ocr_line' id='line_1_77' title="bbox 2201 1702 3861 1772; baseline 0.002 -17"><span class='ocrx_word' id='word_1_518' title='bbox 2201 1706 2440 1772; x_wconf 88' lang='lat' dir='ltr'>propter</span> <span class='ocrx_word' id='word_1_519' title='bbox 2464 1702 2730 1756; x_wconf 77' lang='lat' dir='ltr'>Ecclesiae</span> <span class='ocrx_word' id='word_1_520' title='bbox 2765 1703 3072 1758; x_wconf 83' lang='lat' dir='ltr'>utilitatem</span> <span class='ocrx_word' id='word_1_521' title='bbox 3100 1703 3311 1758; x_wconf 89' lang='lat' dir='ltr'>honori</span> <span class='ocrx_word' id='word_1_522' title='bbox 3340 1710 3544 1758; x_wconf 91' lang='lat' dir='ltr'>nostro</span> <span class='ocrx_word' id='word_1_523' title='bbox 3574 1702 3861 1758; x_wconf 82' lang='lat' dir='ltr'>exhiben-</span> 
     </span>
    </p>
   </div>
   <div class='ocr_carea' id='block_1_78' title="bbox 2202 1788 3860 1863">
    <p class='ocr_par' dir='ltr' id='par_1_78' title="bbox 2202 1788 3860 1863">
     <span class='ocr_line' id='line_1_78' title="bbox 2202 1788 3860 1863; baseline 0.001 -18"><span class='ocrx_word' id='word_1_524' title='bbox 2202 1788 2721 1855; x_wconf 88' lang='lat' dir='ltr'>tur,defeudentur</span> <span class='ocrx_word' id='word_1_525' title='bbox 2750 1791 2894 1846; x_wconf 89' lang='lat' dir='ltr'>forte</span> <span class='ocrx_word' id='word_1_526' title='bbox 2922 1792 3076 1848; x_wconf 89' lang='lat' dir='ltr'>bona</span> <span class='ocrx_word' id='word_1_527' title='bbox 3115 1793 3511 1863; x_wconf 83' lang='lat' dir='ltr'>conscientia;</span> <span class='ocrx_word' id='word_1_528' title='bbox 3533 1792 3860 1847; x_wconf 81' lang='lat' dir='ltr'>defendere</span> 
     </span>
    </p>
   </div>
   <div class='ocr_carea' id='block_1_79' title="bbox 2202 1881 3113 1945">
    <p class='ocr_par' dir='ltr' id='par_1_79' title="bbox 2202 1881 3113 1945">
     <span class='ocr_line' id='line_1_79' title="bbox 2202 1881 3113 1945; baseline -0.001 -11"><span class='ocrx_word' id='word_1_529' title='bbox 2202 1886 2400 1934; x_wconf 89' lang='lat' dir='ltr'>autem</span> <span class='ocrx_word' id='word_1_530' title='bbox 2426 1896 2544 1934; x_wconf 89' lang='lat' dir='ltr'>non</span> <span class='ocrx_word' id='word_1_531' title='bbox 2579 1881 3113 1945; x_wconf 87' lang='lat' dir='ltr'>poteruntmalam.</span> 
     </span>
    </p>
   </div>
   <div class='ocr_carea' id='block_1_80' title="bbox 2272 1970 3855 2042">
    <p class='ocr_par' dir='ltr' id='par_1_80' title="bbox 2272 1970 3855 2042">
     <span class='ocr_line' id='line_1_80' title="bbox 2272 1970 3855 2042; baseline 0.002 -21"><span class='ocrx_word' id='word_1_532' title='bbox 2272 1970 2322 2023; x_wconf 77' lang='grc'><strong>4.</strong></span> <span class='ocrx_word' id='word_1_533' title='bbox 2346 1970 2512 2037; x_wconf 85' lang='lat' dir='ltr'>Quod</span> <span class='ocrx_word' id='word_1_534' title='bbox 2538 1987 2679 2037; x_wconf 79' lang='lat' dir='ltr'>ergo</span> <span class='ocrx_word' id='word_1_535' title='bbox 2704 1978 2822 2024; x_wconf 88' lang='lat' dir='ltr'>tam</span> <span class='ocrx_word' id='word_1_536' title='bbox 2843 1970 2941 2042; x_wconf 92' lang='lat' dir='ltr'>pio</span> <span class='ocrx_word' id='word_1_537' title='bbox 2961 1977 3015 2026; x_wconf 92' lang='lat' dir='ltr'>et</span> <span class='ocrx_word' id='word_1_538' title='bbox 3030 1976 3151 2026; x_wconf 87' lang='lat' dir='ltr'>tam</span> <span class='ocrx_word' id='word_1_539' title='bbox 3167 1970 3443 2040; x_wconf 85' lang='lat' dir='ltr'>religioso</span> <span class='ocrx_word' id='word_1_540' title='bbox 3459 1971 3661 2025; x_wconf 88' lang='lat' dir='ltr'>animo</span> <span class='ocrx_word' id='word_1_541' title='bbox 3681 1970 3855 2037; x_wconf 87' lang='lat' dir='ltr'>facis,</span> 
     </span>
    </p>
   </div>
   <div class='ocr_carea' id='block_1_81' title="bbox 2204 2059 3855 2130">
    <p class='ocr_par' dir='ltr' id='par_1_81' title="bbox 2204 2059 3855 2130">
     <span class='ocr_line' id='line_1_81' title="bbox 2204 2059 3855 2130; baseline -0.001 -18"><span class='ocrx_word' id='word_1_542' title='bbox 2204 2060 2249 2113; x_wconf 90' lang='lat' dir='ltr'>si</span> <span class='ocrx_word' id='word_1_543' title='bbox 2277 2064 2474 2113; x_wconf 89' lang='lat' dir='ltr'>tamen</span> <span class='ocrx_word' id='word_1_544' title='bbox 2509 2059 2673 2122; x_wconf 88' lang='lat' dir='ltr'>facis,</span> <span class='ocrx_word' id='word_1_545' title='bbox 2709 2066 2771 2114; x_wconf 91' lang='lat' dir='ltr'>ut</span> <span class='ocrx_word' id='word_1_546' title='bbox 2809 2059 3080 2115; x_wconf 70' lang='lat' dir='ltr'>Ecclesiae</span> <span class='ocrx_word' id='word_1_547' title='bbox 3141 2060 3447 2114; x_wconf 68' lang='lat' dir='ltr'>catholicae</span> <span class='ocrx_word' id='word_1_548' title='bbox 3490 2060 3855 2130; x_wconf 89' lang='lat' dir='ltr'>baptismum</span> 
     </span>
    </p>
   </div>
   <div class='ocr_carea' id='block_1_82' title="bbox 2204 2149 3859 2220">
    <p class='ocr_par' dir='ltr' id='par_1_82' title="bbox 2204 2149 3859 2220">
     <span class='ocr_line' id='line_1_82' title="bbox 2204 2149 3859 2220; baseline 0 -18"><span class='ocrx_word' id='word_1_549' title='bbox 2204 2164 2322 2202; x_wconf 89' lang='lat' dir='ltr'>non</span> <span class='ocrx_word' id='word_1_550' title='bbox 2354 2149 2666 2212; x_wconf 90' lang='lat' dir='ltr'>iteres,sed</span> <span class='ocrx_word' id='word_1_551' title='bbox 2690 2149 2989 2220; x_wconf 88' lang='lat' dir='ltr'>approbes</span> <span class='ocrx_word' id='word_1_552' title='bbox 3022 2151 3215 2217; x_wconf 89' lang='lat' dir='ltr'>potius</span> <span class='ocrx_word' id='word_1_553' title='bbox 3247 2155 3534 2220; x_wconf 88' lang='lat' dir='ltr'>tanquam</span> <span class='ocrx_word' id='word_1_554' title='bbox 3563 2150 3737 2202; x_wconf 92' lang='lat' dir='ltr'>unius</span> <span class='ocrx_word' id='word_1_555' title='bbox 3760 2164 3859 2202; x_wconf 83' lang='lat' dir='ltr'>ve-</span> 
     </span>
    </p>
   </div>
   <div class='ocr_carea' id='block_1_83' title="bbox 2202 2236 3857 2309">
    <p class='ocr_par' dir='ltr' id='par_1_83' title="bbox 2202 2236 3857 2309">
     <span class='ocr_line' id='line_1_83' title="bbox 2202 2236 3857 2309; baseline 0 -18"><span class='ocrx_word' id='word_1_556' title='bbox 2202 2236 2451 2292; x_wconf 79' lang='lat' dir='ltr'>rissimae</span> <span class='ocrx_word' id='word_1_557' title='bbox 2483 2242 2709 2302; x_wconf 82' lang='lat' dir='ltr'>matris,</span> <span class='ocrx_word' id='word_1_558' title='bbox 2734 2254 2868 2309; x_wconf 68' lang='lat' dir='ltr'>quae</span> <span class='ocrx_word' id='word_1_559' title='bbox 2895 2238 3177 2292; x_wconf 88' lang='lat' dir='ltr'>omnibus</span> <span class='ocrx_word' id='word_1_560' title='bbox 3204 2238 3499 2308; x_wconf 84' lang='lat' dir='ltr'>gentibus,</span> <span class='ocrx_word' id='word_1_561' title='bbox 3525 2243 3579 2291; x_wconf 92' lang='lat' dir='ltr'>et</span> <span class='ocrx_word' id='word_1_562' title='bbox 3609 2252 3857 2307; x_wconf 86' lang='lat' dir='ltr'>regene-</span> 
     </span>
    </p>
   </div>
   <div class='ocr_carea' id='block_1_84' title="bbox 2202 2326 3854 2396">
    <p class='ocr_par' dir='ltr' id='par_1_84' title="bbox 2202 2326 3854 2396">
     <span class='ocr_line' id='line_1_84' title="bbox 2202 2326 3854 2396; baseline -0.002 -13"><span class='ocrx_word' id='word_1_563' title='bbox 2202 2327 2405 2383; x_wconf 88' lang='lat' dir='ltr'>randis</span> <span class='ocrx_word' id='word_1_564' title='bbox 2434 2327 2960 2396; x_wconf 71' lang='lat' dir='ltr'>praebetsinum,et</span> <span class='ocrx_word' id='word_1_565' title='bbox 2992 2327 3350 2395; x_wconf 85' lang='lat' dir='ltr'>regeneratis</span> <span class='ocrx_word' id='word_1_566' title='bbox 3368 2327 3553 2381; x_wconf 89' lang='lat' dir='ltr'>ubera</span> <span class='ocrx_word' id='word_1_567' title='bbox 3578 2326 3854 2392; x_wconf 85' lang='lat' dir='ltr'>infundit,</span> 
     </span>
    </p>
   </div>
   <div class='ocr_carea' id='block_1_85' title="bbox 2201 2414 3857 2488">
    <p class='ocr_par' dir='ltr' id='par_1_85' title="bbox 2201 2414 3857 2488">
     <span class='ocr_line' id='line_1_85' title="bbox 2201 2414 3857 2488; baseline -0.002 -16"><span class='ocrx_word' id='word_1_568' title='bbox 2201 2422 2488 2488; x_wconf 85' lang='lat' dir='ltr'>tanquam</span> <span class='ocrx_word' id='word_1_569' title='bbox 2529 2417 2704 2471; x_wconf 88' lang='lat' dir='ltr'>unius</span> <span class='ocrx_word' id='word_1_570' title='bbox 2719 2415 3119 2488; x_wconf 89' lang='lat' dir='ltr'>possessionis</span> <span class='ocrx_word' id='word_1_571' title='bbox 3142 2415 3372 2481; x_wconf 84' lang='lat' dir='ltr'>Christi,</span> <span class='ocrx_word' id='word_1_572' title='bbox 3405 2431 3531 2470; x_wconf 89' lang='lat' dir='ltr'>sese</span> <span class='ocrx_word' id='word_1_573' title='bbox 3557 2431 3746 2487; x_wconf 88' lang='lat' dir='ltr'>usque</span> <span class='ocrx_word' id='word_1_574' title='bbox 3778 2414 3857 2469; x_wconf 87' lang='lat' dir='ltr'>ad</span> 
     </span>
    </p>
   </div>
   <div class='ocr_carea' id='block_1_86' title="bbox 2198 2503 3858 2577">
    <p class='ocr_par' dir='ltr' id='par_1_86' title="bbox 2198 2503 3858 2577">
     <span class='ocr_line' id='line_1_86' title="bbox 2198 2503 3858 2577; baseline -0.001 -17"><span class='ocrx_word' id='word_1_575' title='bbox 2198 2512 2362 2560; x_wconf 70' lang='lat' dir='ltr'>terrm</span> <span class='ocrx_word' id='word_1_576' title='bbox 2396 2507 2677 2559; x_wconf 90' lang='lat' dir='ltr'>terminos</span> <span class='ocrx_word' id='word_1_577' title='bbox 2710 2505 3064 2577; x_wconf 86' lang='lat' dir='ltr'>porrigentis</span> <span class='ocrx_word' id='word_1_578' title='bbox 3098 2522 3110 2569; x_wconf 88' lang='lat'><strong>;</strong></span> <span class='ocrx_word' id='word_1_579' title='bbox 3145 2504 3192 2558; x_wconf 89' lang='lat' dir='ltr'>si</span> <span class='ocrx_word' id='word_1_580' title='bbox 3220 2505 3332 2559; x_wconf 90' lang='lat' dir='ltr'>hoc</span> <span class='ocrx_word' id='word_1_581' title='bbox 3374 2520 3508 2558; x_wconf 89' lang='lat' dir='ltr'>vere</span> <span class='ocrx_word' id='word_1_582' title='bbox 3552 2503 3721 2567; x_wconf 82' lang='lat' dir='ltr'>iacis,</span> <span class='ocrx_word' id='word_1_583' title='bbox 3750 2519 3858 2558; x_wconf 88' lang='lat' dir='ltr'>cur</span> 
     </span>
    </p>
   </div>
   <div class='ocr_carea' id='block_1_87' title="bbox 2196 2592 3859 2660">
    <p class='ocr_par' dir='ltr' id='par_1_87' title="bbox 2196 2592 3859 2660">
     <span class='ocr_line' id='line_1_87' title="bbox 2196 2592 3859 2660; baseline -0.002 -11"><span class='ocrx_word' id='word_1_584' title='bbox 2196 2610 2316 2649; x_wconf 90' lang='lat' dir='ltr'>non</span> <span class='ocrx_word' id='word_1_585' title='bbox 2344 2596 2609 2660; x_wconf 90' lang='lat' dir='ltr'>erumpis</span> <span class='ocrx_word' id='word_1_586' title='bbox 2632 2595 2690 2648; x_wconf 88' lang='lat' dir='ltr'>in</span> <span class='ocrx_word' id='word_1_587' title='bbox 2717 2596 3112 2649; x_wconf 85' lang='lat' dir='ltr'>exsultantem</span> <span class='ocrx_word' id='word_1_588' title='bbox 3142 2599 3198 2648; x_wconf 92' lang='lat' dir='ltr'>et</span> <span class='ocrx_word' id='word_1_589' title='bbox 3220 2594 3462 2649; x_wconf 88' lang='lat' dir='ltr'>liberam</span> <span class='ocrx_word' id='word_1_590' title='bbox 3485 2592 3724 2649; x_wconf 82' lang='lat' dir='ltr'>vocem?</span> <span class='ocrx_word' id='word_1_591' title='bbox 3749 2608 3859 2647; x_wconf 92' lang='lat' dir='ltr'>cur</span> 
     </span>
    </p>
   </div>
   <div class='ocr_carea' id='block_1_88' title="bbox 2194 2681 3857 2754">
    <p class='ocr_par' dir='ltr' id='par_1_88' title="bbox 2194 2681 3857 2754">
     <span class='ocr_line' id='line_1_88' title="bbox 2194 2681 3857 2754; baseline -0.002 -16"><span class='ocrx_word' id='word_1_592' title='bbox 2194 2683 2450 2738; x_wconf 67' lang='lat' dir='ltr'>lucerna:</span> <span class='ocrx_word' id='word_1_593' title='bbox 2490 2689 2606 2739; x_wconf 81' lang='lat' dir='ltr'>tuae</span> <span class='ocrx_word' id='word_1_594' title='bbox 2646 2690 2768 2738; x_wconf 91' lang='lat' dir='ltr'>tam</span> <span class='ocrx_word' id='word_1_595' title='bbox 2830 2684 3028 2737; x_wconf 89' lang='lat' dir='ltr'>utilem</span> <span class='ocrx_word' id='word_1_596' title='bbox 3069 2682 3448 2754; x_wconf 86' lang='lat' dir='ltr'>splendorem</span> <span class='ocrx_word' id='word_1_597' title='bbox 3486 2681 3709 2753; x_wconf 88' lang='lat' dir='ltr'>premis</span> <span class='ocrx_word' id='word_1_598' title='bbox 3741 2681 3857 2735; x_wconf 91' lang='lat' dir='ltr'>sub</span> 
     </span>
    </p>
   </div>
   <div class='ocr_carea' id='block_1_89' title="bbox 2198 2770 3855 2843">
    <p class='ocr_par' dir='ltr' id='par_1_89' title="bbox 2198 2770 3855 2843">
     <span class='ocr_line' id='line_1_89' title="bbox 2198 2770 3855 2843; baseline -0.002 -15"><span class='ocrx_word' id='word_1_599' title='bbox 2198 2774 2393 2829; x_wconf 89' lang='lat' dir='ltr'>modio</span> <span class='ocrx_word' id='word_1_600' title='bbox 2414 2774 2441 2829; x_wconf 73' lang='lat' dir='ltr'>‘I</span> <span class='ocrx_word' id='word_1_601' title='bbox 2464 2776 2576 2829; x_wconf 91' lang='lat' dir='ltr'>Cur</span> <span class='ocrx_word' id='word_1_602' title='bbox 2598 2789 2717 2827; x_wconf 92' lang='lat' dir='ltr'>non</span> <span class='ocrx_word' id='word_1_603' title='bbox 2739 2772 3008 2827; x_wconf 88' lang='lat' dir='ltr'>discissis</span> <span class='ocrx_word' id='word_1_604' title='bbox 3043 2778 3221 2843; x_wconf 88' lang='lat' dir='ltr'>atque</span> <span class='ocrx_word' id='word_1_605' title='bbox 3251 2772 3498 2842; x_wconf 90' lang='lat' dir='ltr'>abjectis</span> <span class='ocrx_word' id='word_1_606' title='bbox 3557 2770 3855 2826; x_wconf 91' lang='lat' dir='ltr'>veteribus</span> 
     </span>
    </p>
   </div>
   <div class='ocr_carea' id='block_1_90' title="bbox 2196 2860 3857 2935">
    <p class='ocr_par' dir='ltr' id='par_1_90' title="bbox 2196 2860 3857 2935">
     <span class='ocr_line' id='line_1_90' title="bbox 2196 2860 3857 2935; baseline -0.003 -17"><span class='ocrx_word' id='word_1_607' title='bbox 2196 2863 2447 2935; x_wconf 86' lang='lat' dir='ltr'>pellibus</span> <span class='ocrx_word' id='word_1_608' title='bbox 2478 2862 2696 2918; x_wconf 73' lang='lat' dir='ltr'>timidae</span> <span class='ocrx_word' id='word_1_609' title='bbox 2737 2862 3053 2929; x_wconf 88' lang='lat' dir='ltr'>servitutis,</span> <span class='ocrx_word' id='word_1_610' title='bbox 3088 2862 3409 2917; x_wconf 86' lang='lat' dir='ltr'>christiana</span> <span class='ocrx_word' id='word_1_611' title='bbox 3442 2861 3639 2933; x_wconf 89' lang='lat' dir='ltr'>potius</span> <span class='ocrx_word' id='word_1_612' title='bbox 3670 2860 3857 2914; x_wconf 90' lang='lat' dir='ltr'>indu-</span> 
     </span>
    </p>
   </div>
   <div class='ocr_carea' id='block_1_91' title="bbox 2196 2950 3853 3021">
    <p class='ocr_par' dir='ltr' id='par_1_91' title="bbox 2196 2950 3853 3021">
     <span class='ocr_line' id='line_1_91' title="bbox 2196 2950 3853 3021; baseline -0.003 -14"><span class='ocrx_word' id='word_1_613' title='bbox 2196 2957 2292 3007; x_wconf 86' lang='lat' dir='ltr'>tus</span> <span class='ocrx_word' id='word_1_614' title='bbox 2317 2951 2535 3007; x_wconf 85' lang='lat' dir='ltr'>ﬁducia</span> <span class='ocrx_word' id='word_1_615' title='bbox 2578 2952 2701 3006; x_wconf 65' lang='lat' dir='ltr'>exis</span> <span class='ocrx_word' id='word_1_616' title='bbox 2742 2956 2799 3006; x_wconf 89' lang='lat' dir='ltr'>et</span> <span class='ocrx_word' id='word_1_617' title='bbox 2836 2950 2987 3006; x_wconf 91' lang='lat' dir='ltr'>dicis</span> <span class='ocrx_word' id='word_1_618' title='bbox 3022 2966 3032 3005; x_wconf 94' lang='lat'><strong>:</strong></span> <span class='ocrx_word' id='word_1_619' title='bbox 3072 2953 3191 3019; x_wconf 85' lang='lat' dir='ltr'>Ego</span> <span class='ocrx_word' id='word_1_620' title='bbox 3248 2966 3435 3006; x_wconf 91' lang='lat' dir='ltr'>unum</span> <span class='ocrx_word' id='word_1_621' title='bbox 3480 2950 3853 3021; x_wconf 89' lang='lat' dir='ltr'>baptismum</span> 
     </span>
    </p>
   </div>
   <div class='ocr_carea' id='block_1_92' title="bbox 2197 3038 3857 3110">
    <p class='ocr_par' dir='ltr' id='par_1_92' title="bbox 2197 3038 3857 3110">
     <span class='ocr_line' id='line_1_92' title="bbox 2197 3038 3857 3110; baseline -0.002 -14"><span class='ocrx_word' id='word_1_622' title='bbox 2197 3042 2555 3108; x_wconf 86' lang='lat' dir='ltr'>novi,Patris</span> <span class='ocrx_word' id='word_1_623' title='bbox 2595 3046 2649 3095; x_wconf 90' lang='lat' dir='ltr'>et</span> <span class='ocrx_word' id='word_1_624' title='bbox 2692 3039 2808 3095; x_wconf 86' lang='lat' dir='ltr'>Filii</span> <span class='ocrx_word' id='word_1_625' title='bbox 2838 3046 2892 3093; x_wconf 92' lang='lat' dir='ltr'>et</span> <span class='ocrx_word' id='word_1_626' title='bbox 2922 3038 3169 3110; x_wconf 85' lang='lat' dir='ltr'>Spiritus</span> <span class='ocrx_word' id='word_1_627' title='bbox 3219 3040 3405 3094; x_wconf 91' lang='lat' dir='ltr'>sancti</span> <span class='ocrx_word' id='word_1_628' title='bbox 3448 3040 3689 3094; x_wconf 88' lang='lat' dir='ltr'>nomine</span> <span class='ocrx_word' id='word_1_629' title='bbox 3716 3053 3857 3093; x_wconf 88' lang='lat' dir='ltr'>con-</span> 
     </span>
    </p>
   </div>
   <div class='ocr_carea' id='block_1_93' title="bbox 2197 3128 3854 3201">
    <p class='ocr_par' dir='ltr' id='par_1_93' title="bbox 2197 3128 3854 3201">
     <span class='ocr_line' id='line_1_93' title="bbox 2197 3128 3854 3201; baseline -0.003 -15"><span class='ocrx_word' id='word_1_630' title='bbox 2197 3136 2494 3187; x_wconf 89' lang='lat' dir='ltr'>secratum</span> <span class='ocrx_word' id='word_1_631' title='bbox 2526 3136 2701 3201; x_wconf 90' lang='lat' dir='ltr'>atque</span> <span class='ocrx_word' id='word_1_632' title='bbox 2735 3130 3036 3195; x_wconf 80' lang='lat' dir='ltr'>signatum</span> <span class='ocrx_word' id='word_1_633' title='bbox 3061 3129 3257 3184; x_wconf 86' lang='lat' dir='ltr'>?hanc</span> <span class='ocrx_word' id='word_1_634' title='bbox 3288 3128 3544 3183; x_wconf 90' lang='lat' dir='ltr'>formam</span> <span class='ocrx_word' id='word_1_635' title='bbox 3562 3128 3661 3182; x_wconf 88' lang='lat' dir='ltr'>ubi</span> <span class='ocrx_word' id='word_1_636' title='bbox 3690 3128 3854 3182; x_wconf 90' lang='lat' dir='ltr'>inve-</span> 
     </span>
    </p>
   </div>
   <div class='ocr_carea' id='block_1_94' title="bbox 2197 3216 3855 3289">
    <p class='ocr_par' dir='ltr' id='par_1_94' title="bbox 2197 3216 3855 3289">
     <span class='ocr_line' id='line_1_94' title="bbox 2197 3216 3855 3289; baseline -0.003 -14"><span class='ocrx_word' id='word_1_637' title='bbox 2197 3222 2296 3276; x_wconf 89' lang='lat' dir='ltr'>nio</span> <span class='ocrx_word' id='word_1_638' title='bbox 2340 3235 2579 3275; x_wconf 90' lang='lat' dir='ltr'>necesse</span> <span class='ocrx_word' id='word_1_639' title='bbox 2612 3223 2698 3273; x_wconf 92' lang='lat' dir='ltr'>est</span> <span class='ocrx_word' id='word_1_640' title='bbox 2737 3224 2800 3272; x_wconf 89' lang='lat' dir='ltr'>ut</span> <span class='ocrx_word' id='word_1_641' title='bbox 2838 3218 3200 3289; x_wconf 86' lang='lat' dir='ltr'>approbem;</span> <span class='ocrx_word' id='word_1_642' title='bbox 3233 3234 3353 3273; x_wconf 89' lang='lat' dir='ltr'>non</span> <span class='ocrx_word' id='word_1_643' title='bbox 3406 3216 3647 3271; x_wconf 90' lang='lat' dir='ltr'>destruo</span> <span class='ocrx_word' id='word_1_644' title='bbox 3687 3216 3855 3288; x_wconf 89' lang='lat' dir='ltr'>quod</span> 
     </span>
    </p>
   </div>
   <div class='ocr_carea' id='block_1_95' title="bbox 2195 3306 3852 3377">
    <p class='ocr_par' dir='ltr' id='par_1_95' title="bbox 2195 3306 3852 3377">
     <span class='ocr_line' id='line_1_95' title="bbox 2195 3306 3852 3377; baseline -0.004 -11"><span class='ocrx_word' id='word_1_645' title='bbox 2195 3310 2565 3366; x_wconf 88' lang='lat' dir='ltr'>dominicum</span> <span class='ocrx_word' id='word_1_646' title='bbox 2599 3324 2883 3377; x_wconf 87' lang='lat' dir='ltr'>agnosco,</span> <span class='ocrx_word' id='word_1_647' title='bbox 2919 3323 3036 3361; x_wconf 88' lang='lat' dir='ltr'>non</span> <span class='ocrx_word' id='word_1_648' title='bbox 3077 3307 3327 3363; x_wconf 82' lang='lat' dir='ltr'>exsufﬂo</span> <span class='ocrx_word' id='word_1_649' title='bbox 3368 3306 3644 3362; x_wconf 84' lang='lat' dir='ltr'>vexillum</span> <span class='ocrx_word' id='word_1_650' title='bbox 3694 3306 3852 3376; x_wconf 84' lang='lat' dir='ltr'>regis</span> 
     </span>
    </p>
   </div>
   <div class='ocr_carea' id='block_1_96' title="bbox 2198 3396 3853 3469">
    <p class='ocr_par' dir='ltr' id='par_1_96' title="bbox 2198 3396 3853 3469">
     <span class='ocr_line' id='line_1_96' title="bbox 2198 3396 3853 3469; baseline -0.002 -14"><span class='ocrx_word' id='word_1_651' title='bbox 2198 3401 2333 3455; x_wconf 89' lang='lat' dir='ltr'>mei.</span> <span class='ocrx_word' id='word_1_652' title='bbox 2368 3401 2609 3454; x_wconf 88' lang='lat' dir='ltr'>Vestem</span> <span class='ocrx_word' id='word_1_653' title='bbox 2633 3399 2837 3452; x_wconf 88' lang='lat' dir='ltr'>Christi</span> <span class='ocrx_word' id='word_1_654' title='bbox 2866 3404 2921 3452; x_wconf 91' lang='lat' dir='ltr'>et</span> <span class='ocrx_word' id='word_1_655' title='bbox 2951 3397 3053 3469; x_wconf 92' lang='lat' dir='ltr'>qui</span> <span class='ocrx_word' id='word_1_656' title='bbox 3081 3397 3429 3461; x_wconf 89' lang='lat' dir='ltr'>diviserunt,</span> <span class='ocrx_word' id='word_1_657' title='bbox 3448 3412 3567 3452; x_wconf 90' lang='lat' dir='ltr'>non</span> <span class='ocrx_word' id='word_1_658' title='bbox 3595 3396 3853 3451; x_wconf 87' lang='lat' dir='ltr'>violave-</span> 
     </span>
    </p>
   </div>
   <div class='ocr_carea' id='block_1_97' title="bbox 2196 3486 3851 3565">
    <p class='ocr_par' dir='ltr' id='par_1_97' title="bbox 2196 3486 3851 3565">
     <span class='ocr_line' id='line_1_97' title="bbox 2196 3486 3851 3565; baseline -0.002 -20"><span class='ocrx_word' id='word_1_659' title='bbox 2196 3495 2329 3546; x_wconf 92' lang='lat' dir='ltr'>runt</span> <span class='ocrx_word' id='word_1_660' title='bbox 2360 3489 2555 3559; x_wconf 83' lang='lat' dir='ltr'>(Joan.</span> <span class='ocrx_word' id='word_1_661' title='bbox 2604 3504 2724 3565; x_wconf 66' lang='lat' dir='ltr'>XIX,</span> <span class='ocrx_word' id='word_1_662' title='bbox 2768 3488 2886 3555; x_wconf 73' lang='lat'>24);</span> <span class='ocrx_word' id='word_1_663' title='bbox 2928 3494 2982 3541; x_wconf 90' lang='lat' dir='ltr'>et</span> <span class='ocrx_word' id='word_1_664' title='bbox 3014 3487 3091 3541; x_wconf 93' lang='lat' dir='ltr'>illi</span> <span class='ocrx_word' id='word_1_665' title='bbox 3132 3486 3330 3542; x_wconf 87' lang='lat' dir='ltr'>adhuc</span> <span class='ocrx_word' id='word_1_666' title='bbox 3376 3486 3674 3541; x_wconf 87' lang='lat' dir='ltr'>Christum</span> <span class='ocrx_word' id='word_1_667' title='bbox 3728 3501 3851 3541; x_wconf 89' lang='lat' dir='ltr'>non</span> 
     </span>
    </p>
   </div>
   <div class='ocr_carea' id='block_1_98' title="bbox 2194 3574 3851 3641">
    <p class='ocr_par' dir='ltr' id='par_1_98' title="bbox 2194 3574 3851 3641">
     <span class='ocr_line' id='line_1_98' title="bbox 2194 3574 3851 3641; baseline -0.005 -7"><span class='ocrx_word' id='word_1_668' title='bbox 2194 3582 2667 3634; x_wconf 89' lang='lat' dir='ltr'>resurrecturum</span> <span class='ocrx_word' id='word_1_669' title='bbox 2683 3576 3174 3641; x_wconf 85' lang='lat' dir='ltr'>crediderant,sed</span> <span class='ocrx_word' id='word_1_670' title='bbox 3192 3576 3528 3631; x_wconf 88' lang='lat' dir='ltr'>morientem</span> <span class='ocrx_word' id='word_1_671' title='bbox 3542 3574 3851 3630; x_wconf 87' lang='lat' dir='ltr'>videbant.</span> 
     </span>
    </p>
   </div>
   <div class='ocr_carea' id='block_1_99' title="bbox 2198 3663 3856 3739">
    <p class='ocr_par' dir='ltr' id='par_1_99' title="bbox 2198 3663 3856 3739">
     <span class='ocr_line' id='line_1_99' title="bbox 2198 3663 3856 3739; baseline -0.004 -15"><span class='ocrx_word' id='word_1_672' title='bbox 2198 3668 2251 3725; x_wconf 89' lang='lat' dir='ltr'>Si</span> <span class='ocrx_word' id='word_1_673' title='bbox 2266 3686 2301 3723; x_wconf 71' lang='grc' dir='ltr'>δι</span> <span class='ocrx_word' id='word_1_674' title='bbox 2322 3666 2800 3739; x_wconf 88' lang='lat' dir='ltr'>persecutoribus</span> <span class='ocrx_word' id='word_1_675' title='bbox 2816 3664 2990 3719; x_wconf 88' lang='lat' dir='ltr'>vestis</span> <span class='ocrx_word' id='word_1_676' title='bbox 3010 3681 3125 3718; x_wconf 91' lang='lat' dir='ltr'>non</span> <span class='ocrx_word' id='word_1_677' title='bbox 3155 3666 3464 3719; x_wconf 88' lang='lat' dir='ltr'>conscissa</span> <span class='ocrx_word' id='word_1_678' title='bbox 3478 3672 3561 3719; x_wconf 90' lang='lat' dir='ltr'>est</span> <span class='ocrx_word' id='word_1_679' title='bbox 3590 3663 3856 3736; x_wconf 89' lang='lat' dir='ltr'>penden-</span> 
     </span>
    </p>
   </div>
   <div class='ocr_carea' id='block_1_100' title="bbox 2197 3753 3852 3821">
    <p class='ocr_par' dir='ltr' id='par_1_100' title="bbox 2197 3753 3852 3821">
     <span class='ocr_line' id='line_1_100' title="bbox 2197 3753 3852 3821; baseline -0.003 -9"><span class='ocrx_word' id='word_1_680' title='bbox 2197 3758 2269 3813; x_wconf 90' lang='lat' dir='ltr'>tis</span> <span class='ocrx_word' id='word_1_681' title='bbox 2299 3757 2356 3811; x_wconf 92' lang='lat' dir='ltr'>in</span> <span class='ocrx_word' id='word_1_682' title='bbox 2380 3771 2575 3821; x_wconf 90' lang='lat' dir='ltr'>cruce,</span> <span class='ocrx_word' id='word_1_683' title='bbox 2602 3771 2705 3807; x_wconf 93' lang='lat' dir='ltr'>cur</span> <span class='ocrx_word' id='word_1_684' title='bbox 2728 3771 2763 3809; x_wconf 91' lang='lat' dir='ltr'>a</span> <span class='ocrx_word' id='word_1_685' title='bbox 2786 3753 3135 3809; x_wconf 88' lang='lat' dir='ltr'>Christianis</span> <span class='ocrx_word' id='word_1_686' title='bbox 3167 3754 3487 3808; x_wconf 89' lang='lat' dir='ltr'>destruitur</span> <span class='ocrx_word' id='word_1_687' title='bbox 3513 3768 3852 3808; x_wconf 84' lang='lat' dir='ltr'>sacramen-</span> 
     </span>
    </p>
   </div>
   <div class='ocr_carea' id='block_1_101' title="bbox 2196 3841 3851 3913">
    <p class='ocr_par' dir='ltr' id='par_1_101' title="bbox 2196 3841 3851 3913">
     <span class='ocr_line' id='line_1_101' title="bbox 2196 3841 3851 3913; baseline -0.004 -12"><span class='ocrx_word' id='word_1_688' title='bbox 2196 3852 2320 3901; x_wconf 90' lang='lat' dir='ltr'>tum</span> <span class='ocrx_word' id='word_1_689' title='bbox 2336 3843 2593 3899; x_wconf 89' lang='lat' dir='ltr'>sedentis</span> <span class='ocrx_word' id='word_1_690' title='bbox 2618 3843 2676 3897; x_wconf 91' lang='lat' dir='ltr'>in</span> <span class='ocrx_word' id='word_1_691' title='bbox 2707 3844 2857 3898; x_wconf 75' lang='lat' dir='ltr'>crelo</span> <span class='ocrx_word' id='word_1_692' title='bbox 2882 3845 2908 3899; x_wconf 84' lang='lat'><strong>?</strong></span> <span class='ocrx_word' id='word_1_693' title='bbox 2927 3844 2980 3899; x_wconf 90' lang='lat' dir='ltr'>Si</span> <span class='ocrx_word' id='word_1_694' title='bbox 3016 3844 3224 3897; x_wconf 85' lang='lat' dir='ltr'>veteris</span> <span class='ocrx_word' id='word_1_695' title='bbox 3250 3843 3451 3913; x_wconf 89' lang='lat' dir='ltr'>populi</span> <span class='ocrx_word' id='word_1_696' title='bbox 3478 3841 3851 3913; x_wconf 90' lang='lat' dir='ltr'>temporibus</span> 
     </span>
    </p>
   </div>
   <div class='ocr_carea' id='block_1_102' title="bbox 2192 3932 3851 4005">
    <p class='ocr_par' dir='ltr' id='par_1_102' title="bbox 2192 3932 3851 4005">
     <span class='ocr_line' id='line_1_102' title="bbox 2192 3932 3851 4005; baseline -0.002 -18"><span class='ocrx_word' id='word_1_697' title='bbox 2192 3935 2430 3989; x_wconf 70' lang='lat' dir='ltr'>Judaaus</span> <span class='ocrx_word' id='word_1_698' title='bbox 2458 3949 2677 3995; x_wconf 86' lang='lat' dir='ltr'>essem,</span> <span class='ocrx_word' id='word_1_699' title='bbox 2704 3933 2951 4005; x_wconf 89' lang='lat' dir='ltr'>quando</span> <span class='ocrx_word' id='word_1_700' title='bbox 2980 3932 3296 3987; x_wconf 84' lang='lat' dir='ltr'>aliud&#39;esse</span> <span class='ocrx_word' id='word_1_701' title='bbox 3313 3932 3524 3987; x_wconf 88' lang='lat' dir='ltr'>melius</span> <span class='ocrx_word' id='word_1_702' title='bbox 3559 3946 3677 3986; x_wconf 92' lang='lat' dir='ltr'>non</span> <span class='ocrx_word' id='word_1_703' title='bbox 3712 3946 3851 4002; x_wconf 90' lang='lat' dir='ltr'>pos-</span> 
     </span>
    </p>
   </div>
   <div class='ocr_carea' id='block_1_103' title="bbox 2194 4020 3850 4093">
    <p class='ocr_par' dir='ltr' id='par_1_103' title="bbox 2194 4020 3850 4093">
     <span class='ocr_line' id='line_1_103' title="bbox 2194 4020 3850 4093; baseline -0.003 -14"><span class='ocrx_word' id='word_1_704' title='bbox 2194 4024 2721 4093; x_wconf 87' lang='lat' dir='ltr'>sem,accepissem</span> <span class='ocrx_word' id='word_1_705' title='bbox 2756 4023 2957 4093; x_wconf 90' lang='lat' dir='ltr'>utique</span> <span class='ocrx_word' id='word_1_706' title='bbox 2994 4020 3532 4076; x_wconf 90' lang='lat' dir='ltr'>circumcisionem.</span> <span class='ocrx_word' id='word_1_707' title='bbox 3565 4021 3735 4085; x_wconf 85' lang='lat' dir='ltr'>Quod</span> <span class='ocrx_word' id='word_1_708' title='bbox 3773 4020 3850 4074; x_wconf 87' lang='lat' dir='ltr'>si-</span> 
     </span>
    </p>
   </div>
   <div class='ocr_carea' id='block_1_104' title="bbox 2192 4108 3847 4183">
    <p class='ocr_par' dir='ltr' id='par_1_104' title="bbox 2192 4108 3847 4183">
     <span class='ocr_line' id='line_1_104' title="bbox 2192 4108 3847 4183; baseline -0.004 -15"><span class='ocrx_word' id='word_1_709' title='bbox 2192 4113 2509 4183; x_wconf 85' lang='lat' dir='ltr'>gnaculum</span> <span class='ocrx_word' id='word_1_710' title='bbox 2539 4110 2777 4181; x_wconf 73' lang='lat' dir='ltr'>justitiae</span> <span class='ocrx_word' id='word_1_711' title='bbox 2810 4110 2946 4164; x_wconf 81' lang='lat' dir='ltr'>fidei</span> <span class='ocrx_word' id='word_1_712' title='bbox 2976 4116 3204 4165; x_wconf 89' lang='lat' dir='ltr'>tantum</span> <span class='ocrx_word' id='word_1_713' title='bbox 3238 4110 3337 4165; x_wconf 91' lang='lat' dir='ltr'>illo</span> <span class='ocrx_word' id='word_1_714' title='bbox 3356 4118 3610 4181; x_wconf 89' lang='lat' dir='ltr'>tempore</span> <span class='ocrx_word' id='word_1_715' title='bbox 3642 4108 3847 4175; x_wconf 91' lang='lat' dir='ltr'>valuit,</span> 
     </span>
    </p>
   </div>
   <div class='ocr_carea' id='block_1_105' title="bbox 2192 4198 3847 4273">
    <p class='ocr_par' dir='ltr' id='par_1_105' title="bbox 2192 4198 3847 4273">
     <span class='ocr_line' id='line_1_105' title="bbox 2192 4198 3847 4273; baseline -0.004 -14"><span class='ocrx_word' id='word_1_716' title='bbox 2192 4210 2514 4273; x_wconf 90' lang='lat' dir='ltr'>antequam</span> <span class='ocrx_word' id='word_1_717' title='bbox 2533 4200 2761 4255; x_wconf 89' lang='lat' dir='ltr'>Domini</span> <span class='ocrx_word' id='word_1_718' title='bbox 2780 4206 3166 4255; x_wconf 86' lang='lat' dir='ltr'>evacuaretur</span> <span class='ocrx_word' id='word_1_719' title='bbox 3180 4199 3456 4262; x_wconf 89' lang='lat' dir='ltr'>adventu,</span> <span class='ocrx_word' id='word_1_720' title='bbox 3476 4205 3538 4253; x_wconf 92' lang='lat' dir='ltr'>ut</span> <span class='ocrx_word' id='word_1_721' title='bbox 3558 4198 3847 4253; x_wconf 87' lang='lat' dir='ltr'>infantem</span> 
     </span>
    </p>
   </div>
   <div class='ocr_carea' id='block_1_106' title="bbox 2190 4289 3846 4363">
    <p class='ocr_par' dir='ltr' id='par_1_106' title="bbox 2190 4289 3846 4363">
     <span class='ocr_line' id='line_1_106' title="bbox 2190 4289 3846 4363; baseline -0.002 -15"><span class='ocrx_word' id='word_1_722' title='bbox 2190 4295 2373 4349; x_wconf 86' lang='lat' dir='ltr'>ﬁlium</span> <span class='ocrx_word' id='word_1_723' title='bbox 2390 4292 2573 4363; x_wconf 87' lang='lat' dir='ltr'>Moysi</span> <span class='ocrx_word' id='word_1_724' title='bbox 2587 4292 2841 4363; x_wconf 80' lang='lat' dir='ltr'>Angelus</span> <span class='ocrx_word' id='word_1_725' title='bbox 2854 4292 3252 4363; x_wconf 69' lang='lat' dir='ltr'>prmfocasset,</span> <span class='ocrx_word' id='word_1_726' title='bbox 3270 4289 3381 4344; x_wconf 93' lang='lat' dir='ltr'>nisi</span> <span class='ocrx_word' id='word_1_727' title='bbox 3411 4294 3846 4360; x_wconf 87' lang='lat' dir='ltr'>materarrepto</span> 
     </span>
    </p>
   </div>
   <div class='ocr_carea' id='block_1_107' title="bbox 2190 4378 3846 4451">
    <p class='ocr_par' dir='ltr' id='par_1_107' title="bbox 2190 4378 3846 4451">
     <span class='ocr_line' id='line_1_107' title="bbox 2190 4378 3846 4451; baseline -0.005 -11"><span class='ocrx_word' id='word_1_728' title='bbox 2190 4383 2418 4440; x_wconf 89' lang='lat' dir='ltr'>calculo</span> <span class='ocrx_word' id='word_1_729' title='bbox 2450 4381 2917 4437; x_wconf 90' lang='lat' dir='ltr'>circumcidisset</span> <span class='ocrx_word' id='word_1_730' title='bbox 2948 4396 3221 4451; x_wconf 90' lang='lat' dir='ltr'>puerum,</span> <span class='ocrx_word' id='word_1_731' title='bbox 3245 4386 3299 4433; x_wconf 90' lang='lat' dir='ltr'>et</span> <span class='ocrx_word' id='word_1_732' title='bbox 3328 4378 3443 4433; x_wconf 85' lang='lat' dir='ltr'>huc</span> <span class='ocrx_word' id='word_1_733' title='bbox 3470 4383 3846 4433; x_wconf 87' lang='lat' dir='ltr'>sacramento</span> 
     </span>
    </p>
   </div>
   <div class='ocr_carea' id='block_1_108' title="bbox 2190 4466 3841 4540">
    <p class='ocr_par' dir='ltr' id='par_1_108' title="bbox 2190 4466 3841 4540">
     <span class='ocr_line' id='line_1_108' title="bbox 2190 4466 3841 4540; baseline -0.004 -12"><span class='ocrx_word' id='word_1_734' title='bbox 2190 4473 2601 4528; x_wconf 90' lang='lat' dir='ltr'>imminentem</span> <span class='ocrx_word' id='word_1_735' title='bbox 2618 4471 2937 4540; x_wconf 91' lang='lat' dir='ltr'>perniciem</span> <span class='ocrx_word' id='word_1_736' title='bbox 2950 4466 3511 4539; x_wconf 71' lang='lat' dir='ltr'>depulisset(Exod.</span> <span class='ocrx_word' id='word_1_737' title='bbox 3529 4482 3606 4530; x_wconf 81' lang='grc' dir='ltr'>ιν,</span> <span class='ocrx_word' id='word_1_738' title='bbox 3622 4467 3710 4532; x_wconf 71' lang='lat'>‘24,</span> <span class='ocrx_word' id='word_1_739' title='bbox 3729 4468 3841 4535; x_wconf 82' lang='lat'>25).</span> 
     </span>
    </p>
   </div>
   <div class='ocr_carea' id='block_1_109' title="bbox 2192 4554 3846 4618">
    <p class='ocr_par' dir='ltr' id='par_1_109' title="bbox 2192 4554 3846 4618">
     <span class='ocr_line' id='line_1_109' title="bbox 2192 4554 3846 4618; baseline -0.005 0"><span class='ocrx_word' id='word_1_740' title='bbox 2192 4566 2308 4618; x_wconf 88' lang='lat' dir='ltr'>Hoc</span> <span class='ocrx_word' id='word_1_741' title='bbox 2333 4566 2773 4617; x_wconf 87' lang='lat' dir='ltr'>sacramentum</span> <span class='ocrx_word' id='word_1_742' title='bbox 2793 4556 3566 4614; x_wconf 81' lang='lat' dir='ltr'>etiamJordauemﬂuvium</span> <span class='ocrx_word' id='word_1_743' title='bbox 3591 4554 3846 4611; x_wconf 84' lang='lat' dir='ltr'>refrena-</span> 
     </span>
    </p>
   </div>
   <div class='ocr_carea' id='block_1_110' title="bbox 2189 4646 3842 4717">
    <p class='ocr_par' dir='ltr' id='par_1_110' title="bbox 2189 4646 3842 4717">
     <span class='ocr_line' id='line_1_110' title="bbox 2189 4646 3842 4717; baseline -0.005 -10"><span class='ocrx_word' id='word_1_744' title='bbox 2189 4652 2291 4717; x_wconf 87' lang='lat' dir='ltr'>vit,</span> <span class='ocrx_word' id='word_1_745' title='bbox 2324 4657 2381 4707; x_wconf 92' lang='lat' dir='ltr'>et</span> <span class='ocrx_word' id='word_1_746' title='bbox 2406 4650 2636 4705; x_wconf 78' lang='lat' dir='ltr'>reduxit</span> <span class='ocrx_word' id='word_1_747' title='bbox 2665 4649 2724 4703; x_wconf 92' lang='lat' dir='ltr'>in</span> <span class='ocrx_word' id='word_1_748' title='bbox 2782 4648 3025 4703; x_wconf 86' lang='lat' dir='ltr'>fontem.</span> <span class='ocrx_word' id='word_1_749' title='bbox 3076 4650 3193 4701; x_wconf 87' lang='lat' dir='ltr'>Hoc</span> <span class='ocrx_word' id='word_1_750' title='bbox 3246 4651 3688 4702; x_wconf 86' lang='lat' dir='ltr'>sacramentum</span> <span class='ocrx_word' id='word_1_751' title='bbox 3717 4646 3842 4716; x_wconf 90' lang='lat' dir='ltr'>ipse</span> 
     </span>
    </p>
   </div>
   <div class='ocr_carea' id='block_1_111' title="bbox 2192 4734 3844 4811">
    <p class='ocr_par' dir='ltr' id='par_1_111' title="bbox 2192 4734 3844 4811">
     <span class='ocr_line' id='line_1_111' title="bbox 2192 4734 3844 4811; baseline -0.004 -15"><span class='ocrx_word' id='word_1_752' title='bbox 2192 4742 2495 4801; x_wconf 88' lang='lat' dir='ltr'>Dominus,</span> <span class='ocrx_word' id='word_1_753' title='bbox 2512 4739 2791 4811; x_wconf 89' lang='lat' dir='ltr'>quamvis</span> <span class='ocrx_word' id='word_1_754' title='bbox 2808 4734 3725 4792; x_wconf 84' lang='lat' dir='ltr'>evacuaveritcruciﬁxus.tamen</span> <span class='ocrx_word' id='word_1_755' title='bbox 3743 4749 3844 4789; x_wconf 85' lang='lat' dir='ltr'>na-</span> 
     </span>
    </p>
   </div>
   <div class='ocr_carea' id='block_1_112' title="bbox 2191 4824 3838 4900">
    <p class='ocr_par' dir='ltr' id='par_1_112' title="bbox 2191 4824 3838 4900">
     <span class='ocr_line' id='line_1_112' title="bbox 2191 4824 3838 4900; baseline -0.005 -14"><span class='ocrx_word' id='word_1_756' title='bbox 2191 4835 2282 4886; x_wconf 91' lang='lat' dir='ltr'>tus</span> <span class='ocrx_word' id='word_1_757' title='bbox 2297 4830 2541 4900; x_wconf 88' lang='lat' dir='ltr'>accepit.</span> <span class='ocrx_word' id='word_1_758' title='bbox 2573 4832 2695 4883; x_wconf 78' lang='lat' dir='ltr'>Non</span> <span class='ocrx_word' id='word_1_759' title='bbox 2720 4828 2875 4882; x_wconf 88' lang='lat' dir='ltr'>enim</span> <span class='ocrx_word' id='word_1_760' title='bbox 2905 4824 3215 4895; x_wconf 88' lang='lat' dir='ltr'>signacula</span> <span class='ocrx_word' id='word_1_761' title='bbox 3248 4824 3349 4879; x_wconf 89' lang='lat' dir='ltr'>ilia</span> <span class='ocrx_word' id='word_1_762' title='bbox 3369 4824 3657 4878; x_wconf 88' lang='lat' dir='ltr'>damnata</span> <span class='ocrx_word' id='word_1_763' title='bbox 3680 4830 3838 4889; x_wconf 88' lang='lat' dir='ltr'>sunt,</span> 
     </span>
    </p>
   </div>
   <div class='ocr_carea' id='block_1_113' title="bbox 2188 4913 3841 4987">
    <p class='ocr_par' dir='ltr' id='par_1_113' title="bbox 2188 4913 3841 4987">
     <span class='ocr_line' id='line_1_113' title="bbox 2188 4913 3841 4987; baseline -0.005 -12"><span class='ocrx_word' id='word_1_764' title='bbox 2188 4920 2291 4975; x_wconf 91' lang='lat' dir='ltr'>sed</span> <span class='ocrx_word' id='word_1_765' title='bbox 2308 4916 2752 4973; x_wconf 77' lang='lat' dir='ltr'>succedentibus</span> <span class='ocrx_word' id='word_1_766' title='bbox 2766 4915 3278 4987; x_wconf 77' lang='lat' dir='ltr'>opportunioribus</span> <span class='ocrx_word' id='word_1_767' title='bbox 3292 4913 3687 4967; x_wconf 90' lang='lat' dir='ltr'>decesserunt.</span> <span class='ocrx_word' id='word_1_768' title='bbox 3706 4915 3841 4967; x_wconf 85' lang='lat' dir='ltr'>Nam</span> 
     </span>
    </p>
   </div>
   <div class='ocr_carea' id='block_1_114' title="bbox 2188 5000 3843 5073">
    <p class='ocr_par' dir='ltr' id='par_1_114' title="bbox 2188 5000 3843 5073">
     <span class='ocr_line' id='line_1_114' title="bbox 2188 5000 3843 5073; baseline -0.005 -10"><span class='ocrx_word' id='word_1_769' title='bbox 2188 5010 2334 5063; x_wconf 91' lang='lat' dir='ltr'>sicut</span> <span class='ocrx_word' id='word_1_770' title='bbox 2349 5006 2856 5062; x_wconf 89' lang='lat' dir='ltr'>circumcisionem</span> <span class='ocrx_word' id='word_1_771' title='bbox 2874 5002 3360 5059; x_wconf 88' lang='lat' dir='ltr'>abstulitDomini</span> <span class='ocrx_word' id='word_1_772' title='bbox 3377 5002 3607 5073; x_wconf 90' lang='lat' dir='ltr'>primus</span> <span class='ocrx_word' id='word_1_773' title='bbox 3622 5000 3696 5057; x_wconf 92' lang='lat' dir='ltr'>ad</span> <span class='ocrx_word' id='word_1_774' title='bbox 3707 5016 3843 5057; x_wconf 84' lang='lat' dir='ltr'>ven-</span> 
     </span>
    </p>
   </div>
   <div class='ocr_carea' id='block_1_115' title="bbox 2188 5089 3843 5167">
    <p class='ocr_par' dir='ltr' id='par_1_115' title="bbox 2188 5089 3843 5167">
     <span class='ocr_line' id='line_1_115' title="bbox 2188 5089 3843 5167; baseline -0.004 -14"><span class='ocrx_word' id='word_1_775' title='bbox 2188 5097 2392 5162; x_wconf 88' lang='lat' dir='ltr'>tus,sic</span> <span class='ocrx_word' id='word_1_776' title='bbox 2407 5097 2773 5167; x_wconf 82' lang='lat' dir='ltr'>Baptismum</span> <span class='ocrx_word' id='word_1_777' title='bbox 2790 5094 3015 5150; x_wconf 87' lang='lat' dir='ltr'>auferet</span> <span class='ocrx_word' id='word_1_778' title='bbox 3032 5091 3331 5147; x_wconf 91' lang='lat' dir='ltr'>secundus</span> <span class='ocrx_word' id='word_1_779' title='bbox 3348 5091 3657 5146; x_wconf 86' lang='lat' dir='ltr'>adventus.</span> <span class='ocrx_word' id='word_1_780' title='bbox 3676 5089 3843 5146; x_wconf 89' lang='lat' dir='ltr'>Sicut</span> 
     </span>
    </p>
   </div>
   <div class='ocr_carea' id='block_1_116' title="bbox 2187 5180 3841 5257">
    <p class='ocr_par' dir='ltr' id='par_1_116' title="bbox 2187 5180 3841 5257">
     <span class='ocr_line' id='line_1_116' title="bbox 2187 5180 3841 5257; baseline -0.005 -15"><span class='ocrx_word' id='word_1_781' title='bbox 2187 5187 2343 5242; x_wconf 86' lang='lat' dir='ltr'>enim</span> <span class='ocrx_word' id='word_1_782' title='bbox 2361 5202 2518 5240; x_wconf 90' lang='lat' dir='ltr'>nunc</span> <span class='ocrx_word' id='word_1_783' title='bbox 2532 5190 2933 5257; x_wconf 88' lang='lat' dir='ltr'>posteaquam</span> <span class='ocrx_word' id='word_1_784' title='bbox 2949 5182 3107 5237; x_wconf 89' lang='lat' dir='ltr'>venit</span> <span class='ocrx_word' id='word_1_785' title='bbox 3129 5181 3372 5236; x_wconf 89' lang='lat' dir='ltr'>libertas</span> <span class='ocrx_word' id='word_1_786' title='bbox 3395 5180 3555 5242; x_wconf 81' lang='lat' dir='ltr'>fidei.</span> <span class='ocrx_word' id='word_1_787' title='bbox 3574 5185 3841 5235; x_wconf 85' lang='lat' dir='ltr'>etremo—</span> 
     </span>
    </p>
   </div>
   <div class='ocr_carea' id='block_1_117' title="bbox 2186 5270 3841 5344">
    <p class='ocr_par' dir='ltr' id='par_1_117' title="bbox 2186 5270 3841 5344">
     <span class='ocr_line' id='line_1_117' title="bbox 2186 5270 3841 5344; baseline -0.005 -11"><span class='ocrx_word' id='word_1_788' title='bbox 2186 5282 2310 5333; x_wconf 90' lang='lat' dir='ltr'>tum</span> <span class='ocrx_word' id='word_1_789' title='bbox 2327 5275 2719 5331; x_wconf 88' lang='lat' dir='ltr'>estservitutis</span> <span class='ocrx_word' id='word_1_790' title='bbox 2739 5274 2974 5344; x_wconf 84' lang='lat' dir='ltr'>jugum,</span> <span class='ocrx_word' id='word_1_791' title='bbox 3000 5272 3198 5327; x_wconf 88' lang='lat' dir='ltr'>nullus</span> <span class='ocrx_word' id='word_1_792' title='bbox 3214 5270 3569 5325; x_wconf 87' lang='lat' dir='ltr'>christianus</span> <span class='ocrx_word' id='word_1_793' title='bbox 3584 5270 3841 5324; x_wconf 88' lang='lat' dir='ltr'>circum-</span> 
     </span>
    </p>
   </div>
   <div class='ocr_carea' id='block_1_118' title="bbox 2186 5358 3837 5430">
    <p class='ocr_par' dir='ltr' id='par_1_118' title="bbox 2186 5358 3837 5430">
     <span class='ocr_line' id='line_1_118' title="bbox 2186 5358 3837 5430; baseline -0.006 -9"><span class='ocrx_word' id='word_1_794' title='bbox 2186 5366 2616 5430; x_wconf 87' lang='lat' dir='ltr'>ciditurcarne;</span> <span class='ocrx_word' id='word_1_795' title='bbox 2650 5364 2732 5417; x_wconf 90' lang='lat' dir='ltr'>sic</span> <span class='ocrx_word' id='word_1_796' title='bbox 2776 5367 2911 5417; x_wconf 90' lang='lat' dir='ltr'>tunc</span> <span class='ocrx_word' id='word_1_797' title='bbox 2939 5360 3321 5425; x_wconf 80' lang='lat' dir='ltr'>regnantibus</span> <span class='ocrx_word' id='word_1_798' title='bbox 3343 5359 3518 5429; x_wconf 87' lang='lat' dir='ltr'>justis</span> <span class='ocrx_word' id='word_1_799' title='bbox 3545 5374 3681 5413; x_wconf 91' lang='lat' dir='ltr'>cum</span> <span class='ocrx_word' id='word_1_800' title='bbox 3716 5358 3837 5412; x_wconf 86' lang='lat' dir='ltr'>Do-</span> 
     </span>
    </p>
   </div>
   <div class='ocr_carea' id='block_1_119' title="bbox 2189 5447 3834 5524">
    <p class='ocr_par' dir='ltr' id='par_1_119' title="bbox 2189 5447 3834 5524">
     <span class='ocr_line' id='line_1_119' title="bbox 2189 5447 3834 5524; baseline -0.005 -15"><span class='ocrx_word' id='word_1_801' title='bbox 2189 5456 2370 5517; x_wconf 90' lang='lat' dir='ltr'>mino,</span> <span class='ocrx_word' id='word_1_802' title='bbox 2407 5453 2829 5524; x_wconf 88' lang='lat' dir='ltr'>damnatisque</span> <span class='ocrx_word' id='word_1_803' title='bbox 2856 5451 3069 5521; x_wconf 88' lang='lat' dir='ltr'>impiis,</span> <span class='ocrx_word' id='word_1_804' title='bbox 3092 5466 3267 5505; x_wconf 92' lang='lat' dir='ltr'>nemo</span> <span class='ocrx_word' id='word_1_805' title='bbox 3281 5447 3698 5519; x_wconf 88' lang='lat' dir='ltr'>baptizabitur,</span> <span class='ocrx_word' id='word_1_806' title='bbox 3731 5447 3834 5503; x_wconf 91' lang='lat' dir='ltr'>sed</span> 
     </span>
    </p>
   </div>
   <div class='ocr_carea' id='block_1_120' title="bbox 2187 5536 3834 5614">
    <p class='ocr_par' dir='ltr' id='par_1_120' title="bbox 2187 5536 3834 5614">
     <span class='ocr_line' id='line_1_120' title="bbox 2187 5536 3834 5614; baseline -0.005 -16"><span class='ocrx_word' id='word_1_807' title='bbox 2187 5544 2329 5599; x_wconf 91' lang='lat' dir='ltr'>illud</span> <span class='ocrx_word' id='word_1_808' title='bbox 2346 5543 2505 5614; x_wconf 82' lang='lat' dir='ltr'>quod</span> <span class='ocrx_word' id='word_1_809' title='bbox 2524 5542 2637 5597; x_wconf 89' lang='lat' dir='ltr'>ista</span> <span class='ocrx_word' id='word_1_810' title='bbox 2652 5541 3059 5612; x_wconf 68' lang='lat' dir='ltr'>praeﬁgurant,</span> <span class='ocrx_word' id='word_1_811' title='bbox 3078 5540 3133 5594; x_wconf 93' lang='lat' dir='ltr'>id</span> <span class='ocrx_word' id='word_1_812' title='bbox 3150 5537 3625 5594; x_wconf 90' lang='lat' dir='ltr'>estcircumcisio</span> <span class='ocrx_word' id='word_1_813' title='bbox 3640 5536 3834 5592; x_wconf 92' lang='lat' dir='ltr'>cordis</span> 
     </span>
    </p>
   </div>
   <div class='ocr_carea' id='block_1_121' title="bbox 2188 5626 3833 5697">
    <p class='ocr_par' dir='ltr' id='par_1_121' title="bbox 2188 5626 3833 5697">
     <span class='ocr_line' id='line_1_121' title="bbox 2188 5626 3833 5697; baseline -0.004 -7"><span class='ocrx_word' id='word_1_814' title='bbox 2188 5630 2554 5690; x_wconf 85' lang='lat' dir='ltr'>etmunditia</span> <span class='ocrx_word' id='word_1_815' title='bbox 2567 5630 2938 5687; x_wconf 69' lang='lat' dir='ltr'>conscientiae</span> <span class='ocrx_word' id='word_1_816' title='bbox 2957 5629 3289 5685; x_wconf 86' lang='lat' dir='ltr'>manebitin</span> <span class='ocrx_word' id='word_1_817' title='bbox 3308 5626 3679 5683; x_wconf 68' lang='lat' dir='ltr'>asternum.Si</span> <span class='ocrx_word' id='word_1_818' title='bbox 3694 5642 3833 5697; x_wconf 83' lang='lat' dir='ltr'>ergo</span> 
     </span>
    </p>
   </div>
  </div>
