4108 6172
211 262 282 315 97
1481 259 1985 317 EPISTOLARUM
2026 260 2314 317 CLASSIS
2356 261 2397 316 Ι.
3576 266 3649 322 98

211 380 312 441 illo
328 384 850 458 temporeJudaaus
864 385 1385 453 essem,etveniret
1410 387 1488 442 ad
1512 403 1595 441 me
1621 388 1880 442 Samari-

210 483 408 539 tanus,
445 474 762 545 velletque,
798 473 899 529 illo
930 489 1127 530 errore
1179 475 1457 531 derelicto
1488 492 1667 547 quem
1700 478 1877 531 etiam

212 566 504 621 Dominus
523 563 895 634 improbavit
916 563 1144 629 dicens,
1172 565 1280 619 Vos
1303 566 1570 621 adoratis
1584 567 1739 636 quod
1751 582 1878 622 nes-

208 654 336 709 citis
366 667 390 723 ,'
418 669 528 709 nos
545 654 872 709 adoramus
887 653 1041 724 quod
1057 653 1294 718 scimus,
1317 654 1597 725 quoniam
1612 657 1777 710 salus
1806 670 1881 710 ex

204 743 430 798 Judavis
471 748 557 798 est
587 741 782 812 (Joan.
814 742 1000 811 iv,22)
1034 741 1236 797 :vellet
1270 758 1411 811 ergo
1446 745 1878 808 Samaritanus,

206 848 390 905 quem
404 830 775 888 Samaritani
797 831 1310 902 circumciderant,
1343 832 1466 887 ﬁeri
1495 832 1757 899 Judaeus,
1782 849 1882 888 va-

207 925 546 977 caretcerte
568 920 898 976 iterationis
928 919 1268 986 audacia,et
1308 921 1366 975 id
1394 921 1555 992 quod
1580 922 1741 993 apud
1765 922 1882 976 hae-

204 1012 381 1066 resim
408 1010 638 1065 factum
654 1014 799 1074 erat,
815 1008 980 1081 quod
1005 1016 1368 1082 praeceperat
1392 1010 1564 1076 Deus,
1582 1026 1700 1066 non
1718 1027 1882 1082 repe-

204 1104 322 1155 tere
356 1100 466 1154 sed
511 1098 854 1170 approbare
901 1114 1273 1168 cogeremur.
1338 1099 1509 1163 Quod
1533 1100 1579 1153 si
1610 1100 1669 1154 in
1702 1116 1880 1156 carne

205 1187 508 1243 circumisi
541 1187 800 1242 hominis
814 1202 935 1241 non
949 1187 1277 1243 invenirem
1295 1190 1493 1242 locum
1509 1188 1609 1242 ubi
1632 1189 1881 1245 circum-

204 1277 1016 1346 cisionemrepeterem,quia
1034 1292 1218 1330 unum
1238 1276 1483 1331 estillud
1508 1277 1878 1339 membrum;

206 1365 393 1420 multo
427 1365 636 1420 minus
675 1364 976 1420 invenitur
1020 1364 1184 1419 locus
1240 1365 1299 1420 in
1372 1382 1492 1421 uno
1525 1366 1724 1432 corde,
1778 1367 1882 1422 ubi

206 1455 551 1525 baptismus
586 1454 792 1509 Christi
840 1460 1160 1526 repetatur.
1226 1455 1360 1509 Ideo
1416 1455 1520 1526 qui
1571 1454 1880 1526 duplicare

202 1545 590 1616 Baptismum
618 1542 820 1611 vultis,
844 1559 1086 1599 necesse
1113 1548 1203 1599 est
1227 1538 1478 1599 Omnino
1502 1549 1565 1599 ut
1592 1546 1749 1601 coda
1774 1546 1881 1600 du-

210 1634 393 1706 plicia
420 1632 773 1704 requiratis.

267 1746 319 1796 5.
336 1739 561 1795 Clama
584 1755 726 1809 ergo
744 1745 897 1794 recte
914 1746 966 1796 te
983 1741 1196 1806 facere,
1214 1742 1260 1795 si
1288 1756 1406 1795 non
1423 1740 1759 1812 rebaptizas
1791 1760 1803 1808 ;
1825 1747 1880 1797 et

200 1846 321 1885 non
351 1829 561 1884 solum
582 1830 709 1883 sine
734 1829 1144 1899 trepidatione,
1174 1830 1275 1884 sed
1301 1830 1479 1884 etiam
1498 1846 1632 1885 cum
1657 1830 1879 1898 gaudio

204 1919 345 1974 mihi
377 1918 526 1973 inde
548 1919 828 1973 rescribe.
857 1918 1028 1974 Nulla
1055 1924 1104 1973 te
1125 1925 1363 1974 tuorum
1379 1920 1652 1983 concilia,
1680 1920 1875 1985 frater,

201 2012 567 2064 exterreant.
602 2008 659 2062 Si
681 2007 968 2062 enimhoc
983 2008 1068 2063 eis
1083 2008 1472 2079 displicuerit,
1498 2024 1616 2062 non
1635 2008 1877 2063 suntdi-

199 2098 301 2170 gni
326 2096 437 2168 qui
476 2102 531 2150 te
565 2096 831 2152 habeant
863 2112 876 2162 ;
919 2096 966 2150 si
1001 2102 1191 2152 autem
1232 2097 1541 2167 placuerit,
1580 2096 1876 2151 credimus

201 2186 275 2241 de
292 2185 713 2240 misericordia
730 2186 988 2249 Domini,
1003 2187 1104 2257 qui
1120 2186 1394 2241 timentes
1412 2186 1524 2241 sibi
1542 2186 1873 2257 displicere,

202 2284 378 2331 etcon
389 2280 569 2330 antes
584 2275 820 2345 placere
841 2290 874 2328 n
887 2290 1152 2345 unquam
1168 2275 1405 2340 deserit,
1426 2275 1588 2346 quod
1605 2276 1753 2329 inter
1766 2291 1875 2329 vos

201 2371 254 2419 et
284 2380 402 2420 nos
432 2366 554 2419 cito
574 2380 693 2434 pax
716 2364 825 2419 erit
858 2382 870 2419 :
901 2381 973 2419 ne
996 2365 1503 2434 propterhonores
1519 2369 1771 2429 nOSll'OS,
1802 2364 1875 2418 de

201 2470 322 2526 qua
334 2454 582 2508 sarcina
596 2451 935 2522 periculosa
949 2454 1099 2507 ratio
1112 2453 1651 2517 reddetur,miseraa
1668 2453 1875 2524 plebes

205 2544 518 2598 credentes
534 2541 595 2596 in
611 2541 910 2597 Christum
928 2542 1255 2597 habeantin
1273 2542 1555 2597 domibus
1578 2544 1699 2597 suis
1714 2559 1874 2597 com-

206 2649 423 2687 munes
451 2631 645 2696 cibos,
660 2636 716 2687 et
743 2647 1014 2686 mensam
1031 2632 1241 2687 Christi
1256 2648 1638 2687 communem
1656 2632 1873 2686 habere

204 2738 323 2777 non
354 2721 615 2793 possint.
648 2723 856 2777 Nonne
882 2721 1331 2790 ingemiscimus
1352 2721 1517 2792 quod
1534 2722 1678 2776 viret
1705 2737 1872 2785 uxor,

206 2816 268 2865 ut
290 2810 549 2866 ﬁdeliter
569 2810 946 2881 conjungant
963 2826 1217 2881 corpora
1238 2826 1367 2875 sua,
1388 2810 1592 2880 jurant
1616 2810 1728 2864 sibi
1755 2810 1874 2881 ple-

204 2916 465 2972 rumque
483 2916 592 2972 per
607 2895 932 2965 Christum,
952 2905 1007 2955 et
1022 2900 1208 2971 ipsius
1222 2915 1439 2970 corpus
1456 2900 1662 2955 Christi
1685 2900 1875 2955 diver-

208 3006 276 3043 sa
292 2990 731 3044 communione
748 2988 1086 3044 dilaniant?
1104 2990 1222 3044 Hoc
1242 2993 1474 3044 tantum
1493 2988 1872 3055 scandalum,

208 3084 412 3133 tantus
425 3077 656 3132 diaboli
672 3077 1204 3148 triumphus,tanta
1219 3076 1510 3148 pernicies
1522 3080 1871 3143 animarum,

209 3167 255 3221 si
281 3182 390 3238 per
420 3171 591 3221 tuam
625 3166 1001 3231 modestiam,
1022 3172 1076 3223 et
1107 3167 1510 3238 prudentiam,
1539 3173 1592 3222 et
1613 3168 1876 3223 dilectio-

209 3271 345 3310 nem
379 3270 573 3325 quam
606 3254 900 3310 debemus
926 3256 976 3310 ei
1006 3256 1111 3326 qui
1133 3271 1239 3326 pro
1255 3256 1428 3310 nobis
1446 3271 1624 3310 suum
1640 3256 1875 3326 sangui-

209 3360 347 3399 nem
364 3342 542 3405 fudit,
576 3342 782 3398 ablata
796 3343 869 3397 de
891 3343 1087 3400 medio
1116 3343 1172 3398 in
1188 3345 1277 3399 his
1296 3343 1641 3413 regionibus
1662 3346 1872 3410 fuerit;

208 3434 343 3503 quis
400 3431 663 3503 explicet
693 3432 893 3486 verbis
933 3448 1116 3503 quam
1150 3432 1257 3487 tibi
1291 3433 1553 3503 palmam
1587 3438 1876 3504 praeparet

212 3521 524 3587 Dominus,
560 3524 626 3575 ut
653 3520 732 3576 ad
748 3527 961 3576 caetera
995 3522 1264 3576 membra
1288 3521 1581 3590 sananda,
1609 3538 1743 3593 quae
1771 3539 1876 3594 per

213 3616 397 3665 totam
430 3608 696 3664 Africam
740 3609 1034 3666 labefacta
1074 3610 1488 3665 miserabiliter
1507 3611 1731 3682 jacent,
1757 3627 1792 3667 a
1821 3618 1874 3667 te

210 3699 625 3769 proﬁciscatur
640 3702 763 3754 tam
780 3698 1063 3754 imitabile
1079 3699 1386 3754 medicinae
1399 3699 1828 3755 documentum
1847 3702 1875 3758 ?

213 3789 402 3853 Quam
428 3803 661 3853 vereor,
676 3787 970 3859 quoniam
988 3803 1089 3843 cor
1110 3805 1314 3843 meum
1336 3788 1532 3843 videre
1546 3805 1665 3843 non
1686 3796 1872 3860 potes,

212 3892 283 3931 ne
302 3876 409 3931 tibi
427 3892 570 3930 cum
590 3876 971 3931 insultatione
993 3876 1187 3947 potius
1205 3893 1389 3948 quam
1407 3894 1543 3932 cum
1562 3878 1875 3934 dilectione

208 3965 373 4037 loqui
404 3966 612 4021 videar
647 3965 659 4019 !
698 3965 811 4019 Sed
837 3971 991 4020 certe
1031 3966 1291 4037 amplius
1323 3967 1465 4037 quid
1501 3966 1717 4022 faciam
1753 3984 1873 4022 non

212 4054 477 4119 invenio,
537 4055 651 4108 nisi
708 4060 771 4109 ut
802 4054 1244 4126 inspiciendum
1278 4072 1622 4111 sermonem
1672 4072 1874 4112 meum

213 4144 312 4199 tibi
342 4143 623 4208 offeram,
659 4144 931 4198 animum
963 4148 1098 4199 Deo.

290 4249 669 4305 6.Tollamus
689 4250 761 4305 de
782 4249 1196 4306 medioinania
1212 4251 1465 4321 objecta,
1490 4268 1624 4323 quae
1647 4269 1681 4308 a
1697 4254 1877 4323 parti-

214 4339 651 4411 busimperitis
678 4339 890 4407 jactari
913 4346 1118 4396 contra
1139 4340 1392 4395 invicem
1428 4341 1653 4408 solent;
1691 4350 1876 4398 nectu

215 4427 477 4499 objicias
499 4434 772 4499 tempora
794 4428 1148 4493 Macariana,
1176 4446 1283 4485 uec
1309 4446 1419 4501 ego
1443 4432 1731 4486 saevitiam
1763 4432 1877 4487 (lir-

216 4517 688 4573 cumcellionum
721 4534 735 4573 :
761 4517 809 4572 si
830 4517 944 4574 hoc
975 4518 1050 4574 ad
1076 4524 1128 4574 te
1157 4536 1279 4575 non
1302 4521 1569 4591 pertinet,
1598 4538 1703 4575 nec
1731 4521 1875 4575 illud

218 4608 291 4663 ad
321 4624 442 4662 me.
474 4609 629 4662 Area
662 4607 966 4663 dominica
994 4608 1267 4664 nondum
1284 4609 1566 4665 ventilata
1596 4616 1718 4676 est;
1752 4612 1876 4665 sine

217 4696 400 4767 paleis
431 4713 567 4751 esse
590 4712 709 4752 non
729 4703 940 4768 potest.
975 4700 1088 4752 Nos
1114 4712 1373 4765 oremus,
1408 4705 1584 4771 atque
1621 4715 1876 4768 agamus

219 4793 513 4859 quantum
532 4786 1325 4858 possumus,utfrumentum
1342 4788 1552 4842 simus.
1574 4791 1690 4857 Ego
1705 4790 1776 4844 de
1792 4804 1877 4843 re-

217 4875 520 4947 baptizato
553 4876 811 4931 diacono
843 4881 1044 4931 nostro
1075 4876 1242 4931 silere
1273 4893 1393 4931 non
1424 4894 1672 4949 possum
1709 4894 1719 4934 :
1755 4878 1876 4933 scio

220 4965 377 5021 enim
409 4981 599 5038 quam
634 4965 778 5021 mihi
814 4964 1111 5020 silentium
1141 4966 1541 5036 perniciosum
1606 4968 1697 5022 sit.
1751 4970 1876 5023 Non

222 5055 377 5109 enim
391 5056 592 5125 cogito
604 5056 663 5109 in
678 5054 1095 5109 ecclesiasticis
1110 5055 1439 5110 honoribus
1457 5061 1726 5127 tempora
1738 5072 1876 5110 ven-

221 5148 345 5198 tosa
361 5145 710 5213 transigere,
727 5142 835 5197 sed
850 5144 1043 5212 cogito
1059 5160 1153 5199 me
1168 5145 1414 5217 principi
1433 5150 1734 5215 pastorum
1751 5162 1878 5199 om-

222 5232 386 5286 nium
406 5233 703 5288 rationein
719 5233 793 5286 de
813 5233 1384 5289 commissisovibus
1399 5233 1786 5288 redditurum.
1819 5235 1875 5288 Si

222 5321 366 5376 forte
395 5320 585 5376 nolles
609 5328 671 5375 ut
692 5321 823 5376 haec
848 5320 949 5375 tibi
967 5322 1308 5387 scriberem,
1326 5329 1558 5393 oportet
1583 5328 1652 5391 te,
1675 5321 1871 5387 frater,

223 5411 531 5481 ignoscere
561 5411 763 5465 timori
792 5426 947 5464 meo.
996 5410 1240 5465 Multum
1273 5412 1432 5465 enim
1466 5412 1642 5465 timeo
1675 5426 1749 5465 ne
1784 5426 1877 5465 me

222 5504 448 5553 tacente
472 5506 528 5553 et
548 5499 993 5564 dissimulante,
1019 5499 1820 5571 aliiquoquerebaptizeutur
1843 5516 1877 5557 a

220 5588 411 5643 vobis.
444 5588 686 5644 Decrevi
727 5604 891 5657 ergo,
924 5595 1221 5659 quantum
1256 5588 1404 5643 vires
1434 5593 1490 5644 et
1535 5589 1876 5645 facultatem

223 5676 509 5734 Dominus
524 5676 798 5750 praebere
811 5676 1111 5748 dignatur,
1132 5693 1376 5735 causam
1391 5678 1569 5734 istam
1583 5679 1665 5734 sic
1679 5695 1874 5750 agere,

1993 389 2336 460 utpaciticis
2360 388 2775 444 collationibus
2807 391 3027 446 nostris
3070 406 3281 447 omnes
3323 394 3426 464 qui
3467 394 3645 450 nobis

1989 494 2185 533 comm
2198 478 2455 543 unicant,
2474 480 2743 534 noverint
2765 480 2841 534 ab
2854 480 3181 535 haeresibus
3199 487 3301 536 aut
3316 483 3646 538 schismati-

1989 568 2103 622 bus
2138 573 2428 639 quantum
2458 568 2750 623 catholica
2772 569 2948 623 distet
2970 569 3322 635 Ecclesia,et
3345 578 3641 641 quantum

1991 658 2062 711 sit
2075 655 2345 711 cavenda
2358 656 2647 727 pernicies
2662 657 2749 710 vel
2768 656 3130 711 zizaniorum
3148 658 3237 712 vel
3257 660 3641 728 praecisorum

1990 746 2064 800 de
2094 746 2209 800 vite
2253 745 2480 800 Domini
2522 751 2981 800 sarmentorum.
3026 748 3213 810 Quam
3259 747 3641 803 collationem

1993 850 2226 889 mecum
2256 833 2518 889 silibenti
2553 835 2865 889 animosus
2888 838 3133 904 ceperis,
3154 842 3213 889 ut
3242 837 3642 892 concordibus

1991 922 2165 978 nobis
2185 921 2503 977 amborum
2520 922 2727 976 litterae
2742 921 2980 993 populis
2995 923 3329 991 recitentur,
3354 924 3642 980 ineffabili

1990 1008 2301 1065 exsultabo
2330 1010 2548 1065 laetitia.
2578 1012 2634 1066 Si
2659 1011 2931 1066 autemid
2953 1027 3129 1083 aequo
3174 1012 3379 1066 animo
3402 1029 3520 1068 non
3548 1031 3641 1069 ac-

1990 1100 2159 1171 cipis,
2193 1100 2335 1170 quid
2369 1100 2603 1161 faciam,
2656 1100 2854 1164 frater,
2886 1100 2999 1154 nisi
3032 1106 3092 1155 ut
3113 1105 3430 1172 etquoque
3462 1102 3641 1158 invito

1991 1188 2273 1260 epistolas
2299 1191 2538 1243 nostras
2560 1187 2783 1259 populo
2810 1187 3102 1244 catholico
3128 1189 3342 1259 legam,
3363 1205 3484 1260 quo
3514 1206 3643 1246 esse

1992 1279 2178 1349 possit
2203 1277 2544 1331 instructior
2562 1274 2589 1328 ‘I
2614 1276 2783 1340 Quod
2805 1276 3186 1333 sirescribere
3217 1277 3500 1347 dignatus
3520 1296 3643 1336 non

1990 1366 2193 1430 fueris,
2225 1365 2315 1419 vel
2340 1381 2507 1419 meas
2538 1364 2732 1433 legere
2762 1364 3017 1429 decrevi,
3048 1371 3107 1419 ut
3140 1366 3346 1421 saltem
3367 1367 3643 1423 difﬁden-

1991 1458 2073 1511 tia
2104 1462 2297 1511 vestra
2326 1455 2569 1523 cognita
2599 1454 2942 1525 rebaptizari
2983 1454 3357 1510 erubescant.

2062 1550 2116 1601 7.
2156 1548 2351 1614 Neque
2382 1543 2441 1597 id
2490 1558 2666 1612 agam
2725 1558 2861 1596 cum
2895 1542 3062 1597 miles
3116 1560 3379 1614 praesens
3427 1552 3535 1613 est,
3568 1562 3643 1602 ne

1988 1635 2122 1707 quis
2182 1638 2444 1688 vestrum
2502 1632 2815 1686 arbitretur
2867 1632 3287 1689 tumultuosius
3343 1652 3436 1689 me
3467 1651 3643 1704 agere

1987 1724 2268 1787 voluisse,
2289 1739 2474 1793 quam
2502 1721 2653 1776 ratio
2686 1723 2853 1791 pacis
2884 1721 3184 1777 desiderat
3212 1740 3225 1789 ;
3255 1727 3357 1779 sed
3378 1730 3512 1795 post
3542 1726 3647 1781 ab-

1987 1830 2253 1869 scessum
2287 1812 2506 1875 militis,
2543 1816 2605 1865 ut
2633 1826 2848 1864 omnes
2882 1810 3122 1881 quinos
3157 1812 3409 1868 audiunt
3434 1814 3643 1869 intelli-

1989 1908 2134 1971 gant
2163 1918 2285 1955 non
2312 1902 2427 1955 hoc
2458 1915 2585 1954 esse
2618 1898 2907 1970 propositi
2934 1900 3047 1953 mei
3078 1906 3138 1954 ut
3167 1902 3330 1956 inviti
3370 1902 3646 1959 homines

1987 1992 2065 2046 ad
2121 1991 2484 2062 cujusquam
2548 1988 3034 2044 communionem
3067 1996 3373 2059 cogantur,
3431 1993 3537 2047 sed
3582 1999 3647 2048 ut

1987 2081 2352 2152 quietissime
2385 2077 2796 2150 quaerentibus
2828 2078 3038 2133 veritas
3070 2078 3417 2135 innotescat.
3449 2083 3646 2137 Cessa-

1986 2169 2071 2223 bit
2095 2185 2130 2222 a
2162 2167 2379 2223 nostris
2422 2166 2693 2237 partibus
2724 2171 2910 2220 terror
2943 2167 3360 2237 temporalium
3388 2174 3646 2239 potesta-

1988 2263 2114 2312 tum
2147 2274 2159 2311 :
2195 2261 2382 2311 cesset
2411 2255 2589 2310 etiam
2634 2270 2669 2308 a
2718 2255 2927 2308 vestris
2984 2256 3255 2324 partibus
3300 2261 3481 2312 terror
3506 2274 3645 2313 con-

1988 2352 2367 2416 gregatarum
2394 2343 2968 2399 Circumcellionum.
3004 2344 3080 2398 Re
3111 2359 3386 2413 agamus,
3414 2349 3643 2402 ratione

1987 2452 2262 2504 agamus,
2315 2434 2658 2489 divinarum
2708 2432 3143 2502 Scripturarum
3194 2436 3643 2491 auctoritatibus

1986 2541 2264 2594 agamus,
2290 2524 2471 2595 quieti
2490 2528 2670 2593 atque
2689 2521 2988 2592 tranquilli
3011 2529 3305 2592 quantum
3324 2539 3643 2593 possumus

1984 2621 2279 2683 petamus,
2314 2627 2680 2684 quaeramus,
2718 2609 3047 2681 pulsemus,
3100 2616 3161 2665 ut
3190 2611 3555 2683 accipiamus
3586 2619 3643 2668 et

1983 2702 2385 2763 inveniamus,
2406 2706 2459 2755 et
2474 2700 2774 2771 aperiatur
2788 2698 2981 2764 nobis,
3009 2714 3080 2753 ne
3096 2700 3112 2733 ί
3128 2698 3274 2755 forte
3289 2700 3413 2755 ﬁeri
3433 2701 3640 2772 possit,

1983 2798 2049 2847 ut
2074 2792 2387 2862 adjuvante
2419 2790 2673 2845 Domino
2700 2788 3026 2844 concordes
3059 2796 3311 2845 conatus
3344 2794 3402 2845 et
3427 2792 3642 2847 oratio-

1982 2898 2088 2937 nes
2114 2886 2372 2945 nostras,
2423 2884 2587 2934 tanta
2610 2877 2958 2933 deformitas
2987 2882 3165 2949 atque
3193 2878 3471 2950 impietas
3498 2880 3647 2936 Afri-

1982 2987 2271 3027 canarum
2304 2968 2621 3038 regionum
2652 2968 2726 3022 de
2777 2966 2995 3021 nostris
3026 2968 3193 3022 terris
3225 2968 3473 3039 incipiat
3498 2970 3644 3026 abo-

1979 3059 2104 3115 leri.
2143 3061 2197 3114 Si
2222 3074 2343 3113 non
2374 3057 2567 3112 credis
2590 3055 3073 3126 postdiscessum
3100 3057 3353 3111 militum
3379 3075 3471 3113 me
3494 3059 3643 3115 velle

1982 3164 2174 3218 agere,
2218 3146 2701 3218 postdiscessum
2731 3143 3353 3200 militumturescribe.
3390 3147 3444 3202 Si
3479 3148 3643 3203 enim

1982 3253 2093 3306 ego
2112 3241 2399 3307 praesente
2431 3234 2611 3289 milite
2639 3233 2861 3288 litteras
2888 3249 3052 3287 meas
3075 3233 3267 3301 legere
3294 3235 3519 3306 pOpulo
3543 3252 3649 3292 vo-

1983 3326 2168 3390 luero,
2204 3324 2437 3396 prolata
2465 3322 2716 3393 epistola
2750 3338 2884 3376 mea
2918 3322 3350 3378 demonstrabit
3380 3340 3475 3379 me
3506 3325 3647 3380 ﬁdei

1982 3414 2359 3469 violatorem.
2414 3412 2585 3477 Quod
2634 3410 3040 3466 misericordia
3093 3410 3327 3466 Domini
3358 3419 3648 3470 avertata

1984 3502 2256 3558 moribus
2284 3507 2463 3572 atque
2492 3501 2762 3555 instituto
2778 3515 2933 3562 meo,
2960 3499 3125 3570 quod
3153 3499 3296 3555 mihi
3316 3501 3643 3572 perjugum

1984 3608 2167 3647 suum
2194 3591 2484 3662 inspirare
2514 3589 2799 3658 dignatus
2828 3592 2932 3643 est.

2056 3686 2106 3735 8.
2135 3680 2461 3751 Episcopus
2489 3695 2655 3733 meus
2671 3676 3098 3732 Benevolentiae
3122 3680 3240 3732 tuae
3264 3677 3514 3733 fortasse
3544 3696 3648 3751 po-

1982 3769 2329 3824 tiuslitteras
2361 3767 2637 3830 misisset,
2662 3766 2707 3819 si
2724 3774 3175 3836 essetpraesens,
3201 3773 3425 3837 autego
3442 3767 3540 3822 illo
3556 3768 3647 3823 vel

1977 3858 2225 3929 jubente
2243 3856 2329 3911 vel
2356 3857 2729 3927 permittente
2743 3855 3137 3925 scripsissem.
3157 3854 3269 3910 Sed
3283 3854 3383 3909 illo
3397 3856 3646 3912 absente

1982 3964 2119 4002 cum
2139 3946 2375 4000 diaconi
2396 3944 2783 4015 rebaptizatio
2806 3958 3009 3997 recens
3034 3959 3163 3997 esse
3179 3943 3411 4009 dicitur,
3441 3943 3646 4014 friges-

1982 4052 2112 4090 cere
2142 4034 2650 4104 actionemipsam
2665 4032 2948 4087 dilatione
2981 4046 3100 4086 non
3126 4047 3341 4103 passus
3376 4049 3534 4097 sum,
3568 4034 3645 4089 de

1982 4124 2243 4180 fraterna
2256 4130 2311 4178 et
2324 4139 2460 4177 vera
2478 4126 2663 4177 morte
2678 4121 3050 4176 acerbissimi
3070 4120 3291 4175 doloris
3304 4121 3524 4176 aculeis
3547 4138 3646 4178 ex-

1980 4214 2210 4269 citatus.
2244 4211 2431 4279 Quem
2454 4210 2724 4265 dolorem
2751 4227 2949 4264 meum
2967 4209 3293 4279 adjuvante
3310 4211 3639 4266 misericor-

1982 4304 2082 4360 dia
2104 4309 2159 4359 et
2176 4303 2547 4374 providentia
2565 4301 2818 4365 Domini,
2836 4301 2996 4370 pacis
3017 4298 3271 4355 fortasse
3287 4316 3644 4371 compensa-

1985 4392 2329 4448 tiolenitura
2350 4389 3209 4446 est.DeusetDominusnoster
3247 4388 3348 4443 tibi
3381 4395 3641 4444 mentem

1983 4486 2262 4553 pacatam
2301 4479 2594 4550 inspirare
2625 4477 2920 4546 dignetur,
2968 4476 3216 4532 domine
3254 4476 3643 4533 dilectissime

1984 4571 2184 4626 frater.

2474 4638 2806 4693 EPISTULA
2836 4635 3015 4692 xx1v*
3054 4636 3158 4707 (a).

1984 4729 2281 4786 Paulinus
2315 4727 2528 4797 Alypio
2551 4726 2818 4794 episcopo
2850 4725 2920 4781 de
2956 4723 3124 4798 tibris
3152 4726 3474 4793 Augustini
3497 4744 3639 4798 quos

2054 4801 2294 4868 recepit,
2328 4796 2619 4855 excusans
2652 4798 2811 4869 quod
2860 4796 3041 4851 serius
3074 4800 3303 4869 miserit
3336 4798 3416 4854 ad
3464 4796 3638 4854 illum

2059 4874 2295 4928 Eusebii
2319 4871 2635 4927 Chronica.
2659 4868 2830 4935 Cupit
2854 4868 3080 4923 edoceri
3106 4870 3178 4925 de
3202 4884 3415 4937 genere
3438 4876 3490 4925 et
3516 4871 3637 4926 vita

2053 4943 2260 5013 Alypii
2304 4960 2319 4996 :
2348 4943 2471 5011 ipse
2510 4941 2762 4997 vicissim
2793 4939 2861 5013 de
2908 4954 2967 4995 se
2998 4942 3299 4995 nonnulla
3330 4942 3630 5009 aperiens.

2054 5012 2281 5071 Panem
2315 5030 2495 5068 unum
2536 5013 2689 5068 dono
2728 5012 2926 5069 mittit.

1984 5104 2239 5160 Domino
2302 5104 2507 5157 merito
2560 5100 2912 5163 honorabili,
2966 5107 3023 5154 et
3068 5099 3412 5154 beatissimo
3483 5101 3636 5170 patri

2128 5184 2358 5239 ALYPIO,
2393 5175 2668 5228 Pwuxus
2709 5180 2763 5226 et
2800 5175 3073 5227 THERASIA
3117 5176 3482 5239 peccatores.

2062 5271 2106 5319 t.
2142 5266 2265 5319 Herc
2286 5272 2359 5318 est
2392 5280 2517 5316 vera
2542 5263 2796 5324 Charitas,
2822 5261 2931 5314 haec
2951 5259 3191 5329 perfecta
3220 5258 3461 5324 dilectio,
3479 5277 3637 5331 quam

2048 5375 2058 5401 ¹
2092 5372 2175 5421 Sic
2206 5383 2392 5419 omnes
2410 5369 2551 5424 edd.,
2586 5369 2825 5417 obscure.
2859 5367 3013 5413 Forte
3049 5379 3162 5428 pro,
3206 5379 3285 5423 ne,
3326 5365 3636 5429 legendum,

1984 5451 2077 5485 an.
2118 5435 2219 5489 vel,
2259 5449 2404 5481 num.
2450 5433 2515 5480 M.

2044 5500 2060 5517 ‘
2084 5488 2363 5547 Recensita
2393 5498 2475 5543 est
2502 5493 2569 5542 ad
2602 5508 2648 5539 α.
2680 5490 2875 5552 bn.bg.
2911 5502 2988 5538 cc.
3021 5488 3077 5539 ff.
3118 5505 3167 5553 g.
3195 5504 3282 5553 gv.
3310 5490 3349 5553 j.
3380 5491 3414 5539 Ι.
3444 5506 3495 5540 n.
3533 5507 3572 5541 r.
3598 5507 3641 5541 s.

1986 5561 2070 5609 sb.
2104 5564 2141 5608 t.
2168 5575 2252 5613 vc.
2290 5558 2378 5607 vd.
2408 5557 2543 5605 duos
2574 5568 2621 5603 δ..
2647 5558 2878 5616 quatuor
2900 5567 2949 5600 ν.
2984 5553 3109 5601 etad
3126 5553 3385 5602 Am.Bad.
3417 5554 3638 5604 Er.Lov.

2050 5625 2119 5684 (a)
2158 5622 2298 5671 Alias
2328 5622 2387 5668 35
2414 5632 2579 5684 {quae
2612 5620 2789 5684 autem
2844 5617 2902 5663 24
2930 5619 3043 5664 erat
3074 5630 3217 5665 nunc
3278 5618 3388 5663 201.
3436 5617 3643 5680 Scripta

1987 5679 2089 5736 sub
2107 5679 2207 5733 'ﬁn.
2245 5697 2333 5733 an.
2365 5679 2628 5737 304,'ante
2663 5679 2918 5729 hiemem.
