  <div class='ocr_page' id='page_1' title='image "/cluster/home/n/w/nwhite01/storage/ocr_20150623/33/hvd.32044096580568/055.png"; bbox 0 0 4164 6182; ppageno 0'>
   <div class='ocr_carea' id='block_1_1' title="bbox 435 227 2562 294">
    <p class='ocr_par' dir='ltr' id='par_1_1' title="bbox 435 227 2562 294">
     <span class='ocr_line' id='line_1_1' title="bbox 435 227 2562 294; baseline -0 -8"><span class='ocrx_word' id='word_1_1' title='bbox 435 239 506 294; x_wconf 85' lang='grc'><strong><em>99</em></strong></span> <span class='ocrx_word' id='word_1_2' title='bbox 1714 231 1774 286; x_wconf 91' lang='lat' dir='ltr'><strong><em>S.</em></strong></span> <span class='ocrx_word' id='word_1_3' title='bbox 1817 227 2200 286; x_wconf 83' lang='lat' dir='ltr'><strong><em>AUGUSTINI</em></strong></span> <span class='ocrx_word' id='word_1_4' title='bbox 2243 227 2562 285; x_wconf 86' lang='lat' dir='ltr'><strong><em>EPISCOPI</em></strong></span> 
     </span>
    </p>
   </div>
   <div class='ocr_carea' id='block_1_2' title="bbox 434 357 2084 424">
    <p class='ocr_par' dir='ltr' id='par_1_2' title="bbox 434 357 2084 424">
     <span class='ocr_line' id='line_1_2' title="bbox 434 357 2084 424; baseline -0.005 -4"><span class='ocrx_word' id='word_1_5' title='bbox 434 363 540 420; x_wconf 89' lang='lat' dir='ltr'><strong><em>tibi</em></strong></span> <span class='ocrx_word' id='word_1_6' title='bbox 571 364 718 418; x_wconf 90' lang='lat' dir='ltr'><strong><em>circa</em></strong></span> <span class='ocrx_word' id='word_1_7' title='bbox 747 363 1108 417; x_wconf 70' lang='lat' dir='ltr'><strong><em>humilitatem</em></strong></span> <span class='ocrx_word' id='word_1_8' title='bbox 1127 363 1364 414; x_wconf 89' lang='lat' dir='ltr'><strong><em>nostram</em></strong></span> <span class='ocrx_word' id='word_1_9' title='bbox 1393 359 1560 414; x_wconf 88' lang='lat' dir='ltr'><strong><em>inesse</em></strong></span> <span class='ocrx_word' id='word_1_10' title='bbox 1587 357 1838 424; x_wconf 77' lang='lat' dir='ltr'><strong><em>docuisti,</em></strong></span> <span class='ocrx_word' id='word_1_11' title='bbox 1871 357 2084 412; x_wconf 89' lang='lat' dir='ltr'><strong><em>domine</em></strong></span> 
     </span>
    </p>
   </div>
   <div class='ocr_carea' id='block_1_3' title="bbox 435 447 2084 514">
    <p class='ocr_par' dir='ltr' id='par_1_3' title="bbox 435 447 2084 514">
     <span class='ocr_line' id='line_1_3' title="bbox 435 447 2084 514; baseline -0.005 -5"><span class='ocrx_word' id='word_1_12' title='bbox 435 471 558 509; x_wconf 98' lang='lat' dir='ltr'><strong><em>vere</em></strong></span> <span class='ocrx_word' id='word_1_13' title='bbox 576 459 774 514; x_wconf 73' lang='lat' dir='ltr'><strong><em>sancte,</em></strong></span> <span class='ocrx_word' id='word_1_14' title='bbox 801 458 849 506; x_wconf 91' lang='lat' dir='ltr'><strong><em>et</em></strong></span> <span class='ocrx_word' id='word_1_15' title='bbox 875 451 1067 506; x_wconf 87' lang='lat' dir='ltr'><strong><em>merito</em></strong></span> <span class='ocrx_word' id='word_1_16' title='bbox 1097 449 1392 503; x_wconf 82' lang='lat' dir='ltr'><strong><em>beatissime</em></strong></span> <span class='ocrx_word' id='word_1_17' title='bbox 1415 465 1480 502; x_wconf 84' lang='lat' dir='ltr'><strong><em>ac</em></strong></span> <span class='ocrx_word' id='word_1_18' title='bbox 1503 447 1902 502; x_wconf 71' lang='lat' dir='ltr'><strong><em>desiderabilis.</em></strong></span> <span class='ocrx_word' id='word_1_19' title='bbox 1929 449 2084 502; x_wconf 78' lang='lat' dir='ltr'><strong><em>Acce-</em></strong></span> 
     </span>
    </p>
   </div>
   <div class='ocr_carea' id='block_1_4' title="bbox 433 535 2082 614">
    <p class='ocr_par' dir='ltr' id='par_1_4' title="bbox 433 535 2082 614">
     <span class='ocr_line' id='line_1_4' title="bbox 433 535 2082 614; baseline -0.007 -15"><span class='ocrx_word' id='word_1_20' title='bbox 433 545 616 614; x_wconf 88' lang='lat' dir='ltr'><strong><em>pimus</em></strong></span> <span class='ocrx_word' id='word_1_21' title='bbox 629 543 770 597; x_wconf 89' lang='lat' dir='ltr'><strong><em>enim</em></strong></span> <span class='ocrx_word' id='word_1_22' title='bbox 793 557 890 611; x_wconf 88' lang='lat' dir='ltr'><strong><em>per</em></strong></span> <span class='ocrx_word' id='word_1_23' title='bbox 907 538 1166 593; x_wconf 85' lang='lat' dir='ltr'><strong><em>hominem</em></strong></span> <span class='ocrx_word' id='word_1_24' title='bbox 1179 543 1424 593; x_wconf 82' lang='lat' dir='ltr'><strong><em>nostrum</em></strong></span> <span class='ocrx_word' id='word_1_25' title='bbox 1439 537 1724 591; x_wconf 71' lang='lat' dir='ltr'><strong><em>lulianum</em></strong></span> <span class='ocrx_word' id='word_1_26' title='bbox 1749 536 1810 590; x_wconf 83' lang='lat' dir='ltr'><strong><em>de</em></strong></span> <span class='ocrx_word' id='word_1_27' title='bbox 1845 535 2082 590; x_wconf 80' lang='lat' dir='ltr'><strong><em>Cartha-</em></strong></span> 
     </span>
    </p>
   </div>
   <div class='ocr_carea' id='block_1_5' title="bbox 436 625 2082 703">
    <p class='ocr_par' dir='ltr' id='par_1_5' title="bbox 436 625 2082 703">
     <span class='ocr_line' id='line_1_5' title="bbox 436 625 2082 703; baseline -0.005 -17"><span class='ocrx_word' id='word_1_28' title='bbox 436 633 562 703; x_wconf 90' lang='lat' dir='ltr'><strong><em>gine</em></strong></span> <span class='ocrx_word' id='word_1_29' title='bbox 587 637 957 692; x_wconf 79' lang='lat' dir='ltr'><strong><em>revertentem,</em></strong></span> <span class='ocrx_word' id='word_1_30' title='bbox 991 627 1203 682; x_wconf 80' lang='lat' dir='ltr'><strong><em>litteras</em></strong></span> <span class='ocrx_word' id='word_1_31' title='bbox 1233 634 1438 682; x_wconf 87' lang='lat' dir='ltr'><strong><em>tantam</em></strong></span> <span class='ocrx_word' id='word_1_32' title='bbox 1457 625 1602 680; x_wconf 87' lang='lat' dir='ltr'><strong><em>nobis</em></strong></span> <span class='ocrx_word' id='word_1_33' title='bbox 1627 625 1948 680; x_wconf 83' lang='lat' dir='ltr'><strong><em>Sanctitatis</em></strong></span> <span class='ocrx_word' id='word_1_34' title='bbox 1979 633 2082 679; x_wconf 82' lang='lat' dir='ltr'><strong><em>tute</em></strong></span> 
     </span>
    </p>
   </div>
   <div class='ocr_carea' id='block_1_6' title="bbox 437 716 2081 790">
    <p class='ocr_par' dir='ltr' id='par_1_6' title="bbox 437 716 2081 790">
     <span class='ocr_line' id='line_1_6' title="bbox 437 716 2081 790; baseline -0.005 -14"><span class='ocrx_word' id='word_1_35' title='bbox 437 721 605 776; x_wconf 97' lang='lat' dir='ltr'><strong><em>lucem</em></strong></span> <span class='ocrx_word' id='word_1_36' title='bbox 641 721 941 790; x_wconf 70' lang='lat' dir='ltr'><strong><em>afferentes,</em></strong></span> <span class='ocrx_word' id='word_1_37' title='bbox 983 724 1044 772; x_wconf 87' lang='lat' dir='ltr'><strong><em>ut</em></strong></span> <span class='ocrx_word' id='word_1_38' title='bbox 1085 716 1228 772; x_wconf 89' lang='lat' dir='ltr'><strong><em>nobis</em></strong></span> <span class='ocrx_word' id='word_1_39' title='bbox 1256 717 1574 771; x_wconf 89' lang='lat' dir='ltr'><strong><em>charitatem</em></strong></span> <span class='ocrx_word' id='word_1_40' title='bbox 1611 723 1758 770; x_wconf 86' lang='lat' dir='ltr'><strong><em>tuam</em></strong></span> <span class='ocrx_word' id='word_1_41' title='bbox 1783 732 1888 770; x_wconf 88' lang='lat' dir='ltr'><strong><em>non</em></strong></span> <span class='ocrx_word' id='word_1_42' title='bbox 1912 729 2081 784; x_wconf 91' lang='lat' dir='ltr'><strong><em>agno-</em></strong></span> 
     </span>
    </p>
   </div>
   <div class='ocr_carea' id='block_1_7' title="bbox 432 804 2078 879">
    <p class='ocr_par' dir='ltr' id='par_1_7' title="bbox 432 804 2078 879">
     <span class='ocr_line' id='line_1_7' title="bbox 432 804 2078 879; baseline -0.004 -14"><span class='ocrx_word' id='word_1_43' title='bbox 432 827 598 878; x_wconf 91' lang='lat' dir='ltr'><strong><em>scere,</em></strong></span> <span class='ocrx_word' id='word_1_44' title='bbox 615 809 705 864; x_wconf 91' lang='lat' dir='ltr'><strong><em>sed</em></strong></span> <span class='ocrx_word' id='word_1_45' title='bbox 717 825 1078 879; x_wconf 81' lang='lat' dir='ltr'><strong><em>recognoscere</em></strong></span> <span class='ocrx_word' id='word_1_46' title='bbox 1091 807 1416 860; x_wconf 84' lang='lat' dir='ltr'><strong><em>videremur.</em></strong></span> <span class='ocrx_word' id='word_1_47' title='bbox 1447 805 1587 870; x_wconf 89' lang='lat' dir='ltr'><strong><em>Quia</em></strong></span> <span class='ocrx_word' id='word_1_48' title='bbox 1603 805 1848 859; x_wconf 81' lang='lat' dir='ltr'><strong><em>videlicet</em></strong></span> <span class='ocrx_word' id='word_1_49' title='bbox 1871 821 1936 858; x_wconf 74' lang='lat' dir='ltr'><strong><em>ea:</em></strong></span> <span class='ocrx_word' id='word_1_50' title='bbox 1959 804 2078 872; x_wconf 88' lang='lat' dir='ltr'><strong><em>illo,</em></strong></span> 
     </span>
    </p>
   </div>
   <div class='ocr_carea' id='block_1_8' title="bbox 431 893 2082 972">
    <p class='ocr_par' dir='ltr' id='par_1_8' title="bbox 431 893 2082 972">
     <span class='ocr_line' id='line_1_8' title="bbox 431 893 2082 972; baseline -0.005 -17"><span class='ocrx_word' id='word_1_51' title='bbox 431 899 528 972; x_wconf 88' lang='lat' dir='ltr'><strong><em>qui</em></strong></span> <span class='ocrx_word' id='word_1_52' title='bbox 539 915 631 954; x_wconf 86' lang='lat' dir='ltr'><strong><em>nos</em></strong></span> <span class='ocrx_word' id='word_1_53' title='bbox 643 898 712 953; x_wconf 89' lang='lat' dir='ltr'><strong><em>ab</em></strong></span> <span class='ocrx_word' id='word_1_54' title='bbox 723 897 934 968; x_wconf 83' lang='lat' dir='ltr'><strong><em>origine</em></strong></span> <span class='ocrx_word' id='word_1_55' title='bbox 955 895 1146 950; x_wconf 89' lang='lat' dir='ltr'><strong><em>mundi</em></strong></span> <span class='ocrx_word' id='word_1_56' title='bbox 1151 893 1553 966; x_wconf 76' lang='lat' dir='ltr'><strong><em>prcedestinavit</em></strong></span> <span class='ocrx_word' id='word_1_57' title='bbox 1563 893 1688 956; x_wconf 90' lang='lat' dir='ltr'><strong><em>sibi,</em></strong></span> <span class='ocrx_word' id='word_1_58' title='bbox 1719 893 1964 948; x_wconf 86' lang='lat' dir='ltr'><strong><em>charitas</em></strong></span> <span class='ocrx_word' id='word_1_59' title='bbox 1979 893 2082 947; x_wconf 89' lang='lat' dir='ltr'><strong><em>ista</em></strong></span> 
     </span>
    </p>
   </div>
   <div class='ocr_carea' id='block_1_9' title="bbox 435 983 2082 1057">
    <p class='ocr_par' dir='ltr' id='par_1_9' title="bbox 435 983 2082 1057">
     <span class='ocr_line' id='line_1_9' title="bbox 435 983 2082 1057; baseline -0.005 -13"><span class='ocrx_word' id='word_1_60' title='bbox 435 989 698 1054; x_wconf 87' lang='lat' dir='ltr'><strong><em>manavit,</em></strong></span> <span class='ocrx_word' id='word_1_61' title='bbox 740 987 798 1042; x_wconf 87' lang='lat' dir='ltr'><strong><em>in</em></strong></span> <span class='ocrx_word' id='word_1_62' title='bbox 841 1004 940 1057; x_wconf 87' lang='lat' dir='ltr'><strong><em>quo</em></strong></span> <span class='ocrx_word' id='word_1_63' title='bbox 958 985 1098 1056; x_wconf 90' lang='lat' dir='ltr'><strong><em>facti</em></strong></span> <span class='ocrx_word' id='word_1_64' title='bbox 1121 1001 1302 1040; x_wconf 89' lang='lat' dir='ltr'><strong><em>sumus</em></strong></span> <span class='ocrx_word' id='word_1_65' title='bbox 1330 991 1614 1054; x_wconf 80' lang='lat' dir='ltr'><strong><em>antequam</em></strong></span> <span class='ocrx_word' id='word_1_66' title='bbox 1644 983 1783 1048; x_wconf 88' lang='lat' dir='ltr'><strong><em>nati,</em></strong></span> <span class='ocrx_word' id='word_1_67' title='bbox 1815 983 1944 1053; x_wconf 84' lang='lat' dir='ltr'><strong><em>quia</em></strong></span> <span class='ocrx_word' id='word_1_68' title='bbox 1971 983 2082 1052; x_wconf 88' lang='lat' dir='ltr'><strong><em>ipse</em></strong></span> 
     </span>
    </p>
   </div>
   <div class='ocr_carea' id='block_1_10' title="bbox 431 1071 2086 1150">
    <p class='ocr_par' dir='ltr' id='par_1_10' title="bbox 431 1071 2086 1150">
     <span class='ocr_line' id='line_1_10' title="bbox 431 1071 2086 1150; baseline -0.005 -18"><span class='ocrx_word' id='word_1_69' title='bbox 431 1079 560 1150; x_wconf 87' lang='lat' dir='ltr'><strong><em>fecit</em></strong></span> <span class='ocrx_word' id='word_1_70' title='bbox 588 1095 700 1142; x_wconf 90' lang='lat' dir='ltr'><strong><em>nos,</em></strong></span> <span class='ocrx_word' id='word_1_71' title='bbox 733 1084 782 1131; x_wconf 90' lang='lat' dir='ltr'><strong><em>et</em></strong></span> <span class='ocrx_word' id='word_1_72' title='bbox 813 1093 918 1130; x_wconf 87' lang='lat' dir='ltr'><strong><em>non</em></strong></span> <span class='ocrx_word' id='word_1_73' title='bbox 941 1074 1044 1146; x_wconf 82' lang='lat' dir='ltr'><strong><em>ipsi</em></strong></span> <span class='ocrx_word' id='word_1_74' title='bbox 1075 1091 1168 1128; x_wconf 85' lang='lat' dir='ltr'><strong><em>nos</em></strong></span> <span class='ocrx_word' id='word_1_75' title='bbox 1194 1073 1368 1140; x_wconf 90' lang='lat' dir='ltr'><strong><em>(Psal.</em></strong></span> <span class='ocrx_word' id='word_1_76' title='bbox 1413 1089 1562 1136; x_wconf 78' lang='lat' dir='ltr'><strong><em>xmx,</em></strong></span> <span class='ocrx_word' id='word_1_77' title='bbox 1593 1072 1668 1138; x_wconf 88' lang='lat'><strong><em>3),</em></strong></span> <span class='ocrx_word' id='word_1_78' title='bbox 1700 1071 1792 1142; x_wconf 86' lang='lat' dir='ltr'><strong><em>qui</em></strong></span> <span class='ocrx_word' id='word_1_79' title='bbox 1818 1071 1946 1140; x_wconf 90' lang='lat' dir='ltr'><strong><em>fecit</em></strong></span> <span class='ocrx_word' id='word_1_80' title='bbox 1969 1087 2086 1140; x_wconf 73' lang='lat' dir='ltr'><strong><em>qua:</em></strong></span> 
     </span>
    </p>
   </div>
   <div class='ocr_carea' id='block_1_11' title="bbox 433 1161 2084 1242">
    <p class='ocr_par' dir='ltr' id='par_1_11' title="bbox 433 1161 2084 1242">
     <span class='ocr_line' id='line_1_11' title="bbox 433 1161 2084 1242; baseline -0.007 -17"><span class='ocrx_word' id='word_1_81' title='bbox 433 1170 628 1242; x_wconf 89' lang='lat' dir='ltr'><strong><em>futura</em></strong></span> <span class='ocrx_word' id='word_1_82' title='bbox 638 1172 783 1222; x_wconf 90' lang='lat' dir='ltr'><strong><em>sunt.</em></strong></span> <span class='ocrx_word' id='word_1_83' title='bbox 800 1167 973 1235; x_wconf 84' lang='lat' dir='ltr'><strong><em>Hujus</em></strong></span> <span class='ocrx_word' id='word_1_84' title='bbox 991 1163 1168 1234; x_wconf 82' lang='lat' dir='ltr'><strong><em>igitur</em></strong></span> <span class='ocrx_word' id='word_1_85' title='bbox 1187 1161 1526 1232; x_wconf 65' lang='lat' dir='ltr'><strong><em>praescientia</em></strong></span> <span class='ocrx_word' id='word_1_86' title='bbox 1539 1167 1587 1214; x_wconf 92' lang='lat' dir='ltr'><strong><em>et</em></strong></span> <span class='ocrx_word' id='word_1_87' title='bbox 1608 1177 1764 1231; x_wconf 87' lang='lat' dir='ltr'><strong><em>opere</em></strong></span> <span class='ocrx_word' id='word_1_88' title='bbox 1774 1161 2008 1229; x_wconf 79' lang='lat' dir='ltr'><strong><em>formati</em></strong></span> <span class='ocrx_word' id='word_1_89' title='bbox 2023 1161 2084 1213; x_wconf 88' lang='lat' dir='ltr'><strong><em>in</em></strong></span> 
     </span>
    </p>
   </div>
   <div class='ocr_carea' id='block_1_12' title="bbox 431 1249 2084 1320">
    <p class='ocr_par' dir='ltr' id='par_1_12' title="bbox 431 1249 2084 1320">
     <span class='ocr_line' id='line_1_12' title="bbox 431 1249 2084 1320; baseline -0.007 -6"><span class='ocrx_word' id='word_1_90' title='bbox 431 1256 845 1314; x_wconf 83' lang='lat' dir='ltr'><strong><em>similitudinem</em></strong></span> <span class='ocrx_word' id='word_1_91' title='bbox 865 1253 1198 1308; x_wconf 85' lang='lat' dir='ltr'><strong><em>voluntatum</em></strong></span> <span class='ocrx_word' id='word_1_92' title='bbox 1217 1259 1290 1306; x_wconf 90' lang='lat' dir='ltr'><strong><em>est</em></strong></span> <span class='ocrx_word' id='word_1_93' title='bbox 1312 1251 1570 1306; x_wconf 85' lang='lat' dir='ltr'><strong><em>unitatem</em></strong></span> <span class='ocrx_word' id='word_1_94' title='bbox 1597 1251 1734 1320; x_wconf 86' lang='lat' dir='ltr'><strong><em>ﬁdei</em></strong></span> <span class='ocrx_word' id='word_1_95' title='bbox 1755 1250 1841 1304; x_wconf 87' lang='lat' dir='ltr'><strong><em>vel</em></strong></span> <span class='ocrx_word' id='word_1_96' title='bbox 1853 1249 2084 1304; x_wconf 81' lang='lat' dir='ltr'><strong><em>unitatis</em></strong></span> 
     </span>
    </p>
   </div>
   <div class='ocr_carea' id='block_1_13' title="bbox 432 1341 2082 1420">
    <p class='ocr_par' dir='ltr' id='par_1_13' title="bbox 432 1341 2082 1420">
     <span class='ocr_line' id='line_1_13' title="bbox 432 1341 2082 1420; baseline -0.006 -18"><span class='ocrx_word' id='word_1_97' title='bbox 432 1349 587 1420; x_wconf 87' lang='lat' dir='ltr'><strong><em>ﬁdem</em></strong></span> <span class='ocrx_word' id='word_1_98' title='bbox 597 1345 952 1417; x_wconf 76' lang='lat' dir='ltr'><strong><em>prceveniente</em></strong></span> <span class='ocrx_word' id='word_1_99' title='bbox 979 1342 1228 1396; x_wconf 87' lang='lat' dir='ltr'><strong><em>notitiam</em></strong></span> <span class='ocrx_word' id='word_1_100' title='bbox 1249 1341 1517 1395; x_wconf 88' lang='lat' dir='ltr'><strong><em>charitate</em></strong></span> <span class='ocrx_word' id='word_1_101' title='bbox 1545 1341 1773 1394; x_wconf 72' lang='lat' dir='ltr'><strong><em>connexi</em></strong></span> <span class='ocrx_word' id='word_1_102' title='bbox 1797 1355 1998 1402; x_wconf 89' lang='lat' dir='ltr'><strong><em>sumus,</em></strong></span> <span class='ocrx_word' id='word_1_103' title='bbox 2021 1346 2082 1392; x_wconf 92' lang='lat' dir='ltr'><strong><em>ut</em></strong></span> 
     </span>
    </p>
   </div>
   <div class='ocr_carea' id='block_1_14' title="bbox 431 1429 2081 1502">
    <p class='ocr_par' dir='ltr' id='par_1_14' title="bbox 431 1429 2081 1502">
     <span class='ocr_line' id='line_1_14' title="bbox 431 1429 2081 1502; baseline -0.005 -11"><span class='ocrx_word' id='word_1_104' title='bbox 431 1455 524 1492; x_wconf 87' lang='lat' dir='ltr'><strong><em>nos</em></strong></span> <span class='ocrx_word' id='word_1_105' title='bbox 550 1436 773 1490; x_wconf 86' lang='lat' dir='ltr'><strong><em>invicem</em></strong></span> <span class='ocrx_word' id='word_1_106' title='bbox 795 1441 918 1488; x_wconf 83' lang='lat' dir='ltr'><strong><em>ante</em></strong></span> <span class='ocrx_word' id='word_1_107' title='bbox 947 1431 1252 1502; x_wconf 84' lang='lat' dir='ltr'><strong><em>corporales</em></strong></span> <span class='ocrx_word' id='word_1_108' title='bbox 1281 1437 1582 1500; x_wconf 86' lang='lat' dir='ltr'><strong><em>conspectus</em></strong></span> <span class='ocrx_word' id='word_1_109' title='bbox 1595 1429 2081 1498; x_wconf 83' lang='lat' dir='ltr'><strong><em>revelantespiritu</em></strong></span> 
     </span>
    </p>
   </div>
   <div class='ocr_carea' id='block_1_15' title="bbox 429 1519 2081 1591">
    <p class='ocr_par' dir='ltr' id='par_1_15' title="bbox 429 1519 2081 1591">
     <span class='ocr_line' id='line_1_15' title="bbox 429 1519 2081 1591; baseline -0.005 -10"><span class='ocrx_word' id='word_1_110' title='bbox 429 1541 779 1582; x_wconf 88' lang='lat' dir='ltr'><strong><em>nosceremus.</em></strong></span> <span class='ocrx_word' id='word_1_111' title='bbox 805 1523 1166 1577; x_wconf 88' lang='lat' dir='ltr'><strong><em>Gratulamur</em></strong></span> <span class='ocrx_word' id='word_1_112' title='bbox 1185 1521 1362 1591; x_wconf 89' lang='lat' dir='ltr'><strong><em>itaque</em></strong></span> <span class='ocrx_word' id='word_1_113' title='bbox 1374 1527 1423 1574; x_wconf 92' lang='lat' dir='ltr'><strong><em>et</em></strong></span> <span class='ocrx_word' id='word_1_114' title='bbox 1435 1519 1740 1590; x_wconf 84' lang='lat' dir='ltr'><strong><em>gloriamur</em></strong></span> <span class='ocrx_word' id='word_1_115' title='bbox 1759 1520 1818 1572; x_wconf 90' lang='lat' dir='ltr'><strong><em>in</em></strong></span> <span class='ocrx_word' id='word_1_116' title='bbox 1831 1519 2081 1580; x_wconf 89' lang='lat' dir='ltr'><strong><em>Domino,</em></strong></span> 
     </span>
    </p>
   </div>
   <div class='ocr_carea' id='block_1_16' title="bbox 431 1609 2084 1688">
    <p class='ocr_par' dir='ltr' id='par_1_16' title="bbox 431 1609 2084 1688">
     <span class='ocr_line' id='line_1_16' title="bbox 431 1609 2084 1688; baseline -0.007 -17"><span class='ocrx_word' id='word_1_117' title='bbox 431 1616 524 1688; x_wconf 87' lang='lat' dir='ltr'><strong><em>qui</em></strong></span> <span class='ocrx_word' id='word_1_118' title='bbox 553 1631 692 1670; x_wconf 90' lang='lat' dir='ltr'><strong><em>unus</em></strong></span> <span class='ocrx_word' id='word_1_119' title='bbox 721 1621 878 1683; x_wconf 88' lang='lat' dir='ltr'><strong><em>atque</em></strong></span> <span class='ocrx_word' id='word_1_120' title='bbox 905 1612 1040 1665; x_wconf 87' lang='lat' dir='ltr'><strong><em>idem</em></strong></span> <span class='ocrx_word' id='word_1_121' title='bbox 1073 1611 1264 1680; x_wconf 88' lang='lat' dir='ltr'><strong><em>ubique</em></strong></span> <span class='ocrx_word' id='word_1_122' title='bbox 1292 1615 1568 1664; x_wconf 89' lang='lat' dir='ltr'><strong><em>terrarum</em></strong></span> <span class='ocrx_word' id='word_1_123' title='bbox 1597 1615 1853 1678; x_wconf 87' lang='lat' dir='ltr'><strong><em>aperatur</em></strong></span> <span class='ocrx_word' id='word_1_124' title='bbox 1889 1609 1948 1660; x_wconf 89' lang='lat' dir='ltr'><strong><em>in</em></strong></span> <span class='ocrx_word' id='word_1_125' title='bbox 1969 1609 2084 1661; x_wconf 83' lang='lat' dir='ltr'><strong><em>suis</em></strong></span> 
     </span>
    </p>
   </div>
   <div class='ocr_carea' id='block_1_17' title="bbox 430 1701 2084 1770">
    <p class='ocr_par' dir='ltr' id='par_1_17' title="bbox 430 1701 2084 1770">
     <span class='ocr_line' id='line_1_17' title="bbox 430 1701 2084 1770; baseline -0.006 -11"><span class='ocrx_word' id='word_1_126' title='bbox 430 1705 760 1760; x_wconf 86' lang='lat' dir='ltr'><strong><em>dilectionem</em></strong></span> <span class='ocrx_word' id='word_1_127' title='bbox 775 1719 925 1756; x_wconf 84' lang='lat' dir='ltr'><strong><em>suam</em></strong></span> <span class='ocrx_word' id='word_1_128' title='bbox 937 1701 1160 1770; x_wconf 84' lang='lat' dir='ltr'><strong><em>Spiritu</em></strong></span> <span class='ocrx_word' id='word_1_129' title='bbox 1178 1706 1375 1760; x_wconf 87' lang='lat' dir='ltr'><strong><em>sancto,</em></strong></span> <span class='ocrx_word' id='word_1_130' title='bbox 1393 1715 1548 1768; x_wconf 89' lang='lat' dir='ltr'><strong><em>quem</em></strong></span> <span class='ocrx_word' id='word_1_131' title='bbox 1569 1714 1728 1768; x_wconf 85' lang='lat' dir='ltr'><strong><em>super</em></strong></span> <span class='ocrx_word' id='word_1_132' title='bbox 1741 1715 1821 1751; x_wconf 92' lang='lat' dir='ltr'><strong><em>om</em></strong></span> <span class='ocrx_word' id='word_1_133' title='bbox 1831 1714 1945 1752; x_wconf 90' lang='lat' dir='ltr'><strong><em>nem</em></strong></span> <span class='ocrx_word' id='word_1_134' title='bbox 1955 1714 2084 1750; x_wconf 85' lang='lat' dir='ltr'><strong><em>car-</em></strong></span> 
     </span>
    </p>
   </div>
   <div class='ocr_carea' id='block_1_18' title="bbox 431 1787 2078 1863">
    <p class='ocr_par' dir='ltr' id='par_1_18' title="bbox 431 1787 2078 1863">
     <span class='ocr_line' id='line_1_18' title="bbox 431 1787 2078 1863; baseline -0.005 -14"><span class='ocrx_word' id='word_1_135' title='bbox 431 1811 548 1850; x_wconf 86' lang='lat' dir='ltr'><strong><em>nem</em></strong></span> <span class='ocrx_word' id='word_1_136' title='bbox 573 1793 786 1863; x_wconf 72' lang='lat' dir='ltr'><strong><em>eﬁ&#39;udit,</em></strong></span> <span class='ocrx_word' id='word_1_137' title='bbox 817 1790 1061 1860; x_wconf 84' lang='lat' dir='ltr'><strong><em>ﬂuminis</em></strong></span> <span class='ocrx_word' id='word_1_138' title='bbox 1086 1790 1286 1859; x_wconf 87' lang='lat' dir='ltr'><strong><em>impetu</em></strong></span> <span class='ocrx_word' id='word_1_139' title='bbox 1315 1788 1593 1858; x_wconf 73' lang='lat' dir='ltr'><strong><em>ltt&#39;tiﬁcans</em></strong></span> <span class='ocrx_word' id='word_1_140' title='bbox 1615 1787 1884 1842; x_wconf 87' lang='lat' dir='ltr'><strong><em>civitatem</em></strong></span> <span class='ocrx_word' id='word_1_141' title='bbox 1905 1803 2078 1840; x_wconf 90' lang='lat' dir='ltr'><strong><em>suam.</em></strong></span> 
     </span>
    </p>
   </div>
   <div class='ocr_carea' id='block_1_19' title="bbox 431 1875 2086 1954">
    <p class='ocr_par' dir='ltr' id='par_1_19' title="bbox 431 1875 2086 1954">
     <span class='ocr_line' id='line_1_19' title="bbox 431 1875 2086 1954; baseline -0.006 -15"><span class='ocrx_word' id='word_1_142' title='bbox 431 1883 500 1938; x_wconf 90' lang='lat' dir='ltr'><strong><em>In</em></strong></span> <span class='ocrx_word' id='word_1_143' title='bbox 527 1884 680 1954; x_wconf 88' lang='lat' dir='ltr'><strong><em>cujus</em></strong></span> <span class='ocrx_word' id='word_1_144' title='bbox 707 1889 755 1937; x_wconf 90' lang='lat' dir='ltr'><strong><em>te</em></strong></span> <span class='ocrx_word' id='word_1_145' title='bbox 783 1880 990 1934; x_wconf 84' lang='lat' dir='ltr'><strong><em>civibus</em></strong></span> <span class='ocrx_word' id='word_1_146' title='bbox 1013 1879 1379 1950; x_wconf 83' lang='lat' dir='ltr'><strong><em>principalem</em></strong></span> <span class='ocrx_word' id='word_1_147' title='bbox 1405 1893 1522 1932; x_wconf 90' lang='lat' dir='ltr'><strong><em>cum</em></strong></span> <span class='ocrx_word' id='word_1_148' title='bbox 1532 1875 2086 1947; x_wconf 89' lang='lat' dir='ltr'><strong><em>principibuspopuli</em></strong></span> 
     </span>
    </p>
   </div>
   <div class='ocr_carea' id='block_1_20' title="bbox 429 1966 2082 2041">
    <p class='ocr_par' dir='ltr' id='par_1_20' title="bbox 429 1966 2082 2041">
     <span class='ocr_line' id='line_1_20' title="bbox 429 1966 2082 2041; baseline -0.004 -14"><span class='ocrx_word' id='word_1_149' title='bbox 429 1974 538 2038; x_wconf 90' lang='lat' dir='ltr'><strong><em>sui,</em></strong></span> <span class='ocrx_word' id='word_1_150' title='bbox 571 1973 686 2026; x_wconf 91' lang='lat' dir='ltr'><strong><em>sede</em></strong></span> <span class='ocrx_word' id='word_1_151' title='bbox 701 1969 990 2041; x_wconf 88' lang='lat' dir='ltr'><strong><em>apostolica</em></strong></span> <span class='ocrx_word' id='word_1_152' title='bbox 1015 1969 1210 2022; x_wconf 88' lang='lat' dir='ltr'><strong><em>merito</em></strong></span> <span class='ocrx_word' id='word_1_153' title='bbox 1222 1966 1498 2022; x_wconf 88' lang='lat' dir='ltr'><strong><em>collocavit</em></strong></span> <span class='ocrx_word' id='word_1_154' title='bbox 1518 1983 1740 2036; x_wconf 86' lang='lat' dir='ltr'><strong><em>:nosque</em></strong></span> <span class='ocrx_word' id='word_1_155' title='bbox 1757 1967 1942 2032; x_wconf 87' lang='lat' dir='ltr'><strong><em>etiam,</em></strong></span> <span class='ocrx_word' id='word_1_156' title='bbox 1957 1983 2082 2036; x_wconf 90' lang='lat' dir='ltr'><strong><em>quos</em></strong></span> 
     </span>
    </p>
   </div>
   <div class='ocr_carea' id='block_1_21' title="bbox 431 2056 2082 2128">
    <p class='ocr_par' dir='ltr' id='par_1_21' title="bbox 431 2056 2082 2128">
     <span class='ocr_line' id='line_1_21' title="bbox 431 2056 2082 2128; baseline -0.005 -11"><span class='ocrx_word' id='word_1_157' title='bbox 431 2065 606 2118; x_wconf 67' lang='lat' dir='ltr'><strong><em>erexit</em></strong></span> <span class='ocrx_word' id='word_1_158' title='bbox 621 2061 794 2126; x_wconf 87' lang='lat' dir='ltr'><strong><em>elisos,</em></strong></span> <span class='ocrx_word' id='word_1_159' title='bbox 819 2065 868 2114; x_wconf 91' lang='lat' dir='ltr'><strong><em>et</em></strong></span> <span class='ocrx_word' id='word_1_160' title='bbox 887 2059 948 2113; x_wconf 90' lang='lat' dir='ltr'><strong><em>de</em></strong></span> <span class='ocrx_word' id='word_1_161' title='bbox 964 2065 1118 2113; x_wconf 89' lang='lat' dir='ltr'><strong><em>terra</em></strong></span> <span class='ocrx_word' id='word_1_162' title='bbox 1135 2057 1314 2128; x_wconf 85' lang='lat' dir='ltr'><strong><em>inopes</em></strong></span> <span class='ocrx_word' id='word_1_163' title='bbox 1325 2057 1625 2124; x_wconf 87' lang='lat' dir='ltr'><strong><em>suscitavit,</em></strong></span> <span class='ocrx_word' id='word_1_164' title='bbox 1647 2059 1702 2110; x_wconf 89' lang='lat' dir='ltr'><strong><em>in</em></strong></span> <span class='ocrx_word' id='word_1_165' title='bbox 1719 2062 1901 2112; x_wconf 88' lang='lat' dir='ltr'><strong><em>vestra</em></strong></span> <span class='ocrx_word' id='word_1_166' title='bbox 1915 2056 2082 2110; x_wconf 85' lang='lat' dir='ltr'><strong><em>voluit</em></strong></span> 
     </span>
    </p>
   </div>
   <div class='ocr_carea' id='block_1_22' title="bbox 428 2143 2084 2217">
    <p class='ocr_par' dir='ltr' id='par_1_22' title="bbox 428 2143 2084 2217">
     <span class='ocr_line' id='line_1_22' title="bbox 428 2143 2084 2217; baseline -0.005 -11"><span class='ocrx_word' id='word_1_167' title='bbox 428 2159 573 2206; x_wconf 86' lang='lat' dir='ltr'><strong><em>sorte</em></strong></span> <span class='ocrx_word' id='word_1_168' title='bbox 609 2149 913 2205; x_wconf 88' lang='lat' dir='ltr'><strong><em>numerari.</em></strong></span> <span class='ocrx_word' id='word_1_169' title='bbox 947 2147 1050 2202; x_wconf 88' lang='lat' dir='ltr'><strong><em>Sed</em></strong></span> <span class='ocrx_word' id='word_1_170' title='bbox 1097 2147 1266 2217; x_wconf 89' lang='lat' dir='ltr'><strong><em>magis</em></strong></span> <span class='ocrx_word' id='word_1_171' title='bbox 1293 2147 1644 2216; x_wconf 86' lang='lat' dir='ltr'><strong><em>gratulamur</em></strong></span> <span class='ocrx_word' id='word_1_172' title='bbox 1665 2145 1724 2198; x_wconf 88' lang='lat' dir='ltr'><strong><em>in</em></strong></span> <span class='ocrx_word' id='word_1_173' title='bbox 1773 2161 1832 2200; x_wconf 90' lang='lat' dir='ltr'><strong><em>eo</em></strong></span> <span class='ocrx_word' id='word_1_174' title='bbox 1861 2143 2084 2198; x_wconf 88' lang='lat' dir='ltr'><strong><em>Domini</em></strong></span> 
     </span>
    </p>
   </div>
   <div class='ocr_carea' id='block_1_23' title="bbox 430 2233 2084 2310">
    <p class='ocr_par' dir='ltr' id='par_1_23' title="bbox 430 2233 2084 2310">
     <span class='ocr_line' id='line_1_23' title="bbox 430 2233 2084 2310; baseline -0.005 -14"><span class='ocrx_word' id='word_1_175' title='bbox 430 2256 666 2302; x_wconf 83' lang='lat' dir='ltr'><strong><em>munere,</em></strong></span> <span class='ocrx_word' id='word_1_176' title='bbox 694 2255 800 2310; x_wconf 86' lang='lat' dir='ltr'><strong><em>quo</em></strong></span> <span class='ocrx_word' id='word_1_177' title='bbox 828 2253 919 2292; x_wconf 89' lang='lat' dir='ltr'><strong><em>nos</em></strong></span> <span class='ocrx_word' id='word_1_178' title='bbox 949 2235 1007 2290; x_wconf 88' lang='lat' dir='ltr'><strong><em>in</em></strong></span> <span class='ocrx_word' id='word_1_179' title='bbox 1033 2237 1266 2306; x_wconf 82' lang='lat' dir='ltr'><strong><em>pectoris</em></strong></span> <span class='ocrx_word' id='word_1_180' title='bbox 1293 2235 1374 2288; x_wconf 87' lang='lat' dir='ltr'><strong><em>tui</em></strong></span> <span class='ocrx_word' id='word_1_181' title='bbox 1404 2233 1734 2288; x_wconf 87' lang='lat' dir='ltr'><strong><em>habitatione</em></strong></span> <span class='ocrx_word' id='word_1_182' title='bbox 1765 2233 2084 2303; x_wconf 86' lang='lat' dir='ltr'><strong><em>constituit;</em></strong></span> 
     </span>
    </p>
   </div>
   <div class='ocr_carea' id='block_1_24' title="bbox 429 2323 2084 2402">
    <p class='ocr_par' dir='ltr' id='par_1_24' title="bbox 429 2323 2084 2402">
     <span class='ocr_line' id='line_1_24' title="bbox 429 2323 2084 2402; baseline -0.007 -16"><span class='ocrx_word' id='word_1_183' title='bbox 429 2345 634 2402; x_wconf 86' lang='lat' dir='ltr'><strong><em>quoque</em></strong></span> <span class='ocrx_word' id='word_1_184' title='bbox 673 2329 754 2383; x_wconf 90' lang='lat' dir='ltr'><strong><em>ita</em></strong></span> <span class='ocrx_word' id='word_1_185' title='bbox 805 2326 1090 2382; x_wconf 89' lang='lat' dir='ltr'><strong><em>visceribus</em></strong></span> <span class='ocrx_word' id='word_1_186' title='bbox 1121 2325 1234 2379; x_wconf 86' lang='lat' dir='ltr'><strong><em>tuis</em></strong></span> <span class='ocrx_word' id='word_1_187' title='bbox 1265 2323 1549 2378; x_wconf 83' lang='lat' dir='ltr'><strong><em>insinuare</em></strong></span> <span class='ocrx_word' id='word_1_188' title='bbox 1601 2323 1858 2394; x_wconf 87' lang='lat' dir='ltr'><strong><em>dignatus</em></strong></span> <span class='ocrx_word' id='word_1_189' title='bbox 1887 2329 1982 2388; x_wconf 87' lang='lat' dir='ltr'><strong><em>est,</em></strong></span> <span class='ocrx_word' id='word_1_190' title='bbox 2023 2328 2084 2376; x_wconf 91' lang='lat' dir='ltr'><strong><em>ut</em></strong></span> 
     </span>
    </p>
   </div>
   <div class='ocr_carea' id='block_1_25' title="bbox 427 2412 2082 2492">
    <p class='ocr_par' dir='ltr' id='par_1_25' title="bbox 427 2412 2082 2492">
     <span class='ocr_line' id='line_1_25' title="bbox 427 2412 2082 2492; baseline -0.005 -18"><span class='ocrx_word' id='word_1_191' title='bbox 427 2419 756 2492; x_wconf 80' lang='lat' dir='ltr'><strong><em>peculiarem</em></strong></span> <span class='ocrx_word' id='word_1_192' title='bbox 797 2415 946 2470; x_wconf 90' lang='lat' dir='ltr'><strong><em>nobis</em></strong></span> <span class='ocrx_word' id='word_1_193' title='bbox 981 2413 1274 2468; x_wconf 83' lang='lat' dir='ltr'><strong><em>charitatis</em></strong></span> <span class='ocrx_word' id='word_1_194' title='bbox 1301 2420 1407 2466; x_wconf 82' lang='lat' dir='ltr'><strong><em>tute</em></strong></span> <span class='ocrx_word' id='word_1_195' title='bbox 1434 2413 1686 2482; x_wconf 90' lang='lat' dir='ltr'><strong><em>ﬁduciam</em></strong></span> <span class='ocrx_word' id='word_1_196' title='bbox 1733 2412 2082 2476; x_wconf 84' lang='lat' dir='ltr'><strong><em>vindicemus,</em></strong></span> 
     </span>
    </p>
   </div>
   <div class='ocr_carea' id='block_1_26' title="bbox 434 2501 2084 2578">
    <p class='ocr_par' dir='ltr' id='par_1_26' title="bbox 434 2501 2084 2578">
     <span class='ocr_line' id='line_1_26' title="bbox 434 2501 2084 2578; baseline -0.006 -14"><span class='ocrx_word' id='word_1_197' title='bbox 434 2510 519 2564; x_wconf 85' lang='lat' dir='ltr'><strong><em>his</em></strong></span> <span class='ocrx_word' id='word_1_198' title='bbox 549 2507 746 2578; x_wconf 76' lang='lat' dir='ltr'><strong><em>ofﬁciis</em></strong></span> <span class='ocrx_word' id='word_1_199' title='bbox 775 2513 932 2576; x_wconf 86' lang='lat' dir='ltr'><strong><em>atque</em></strong></span> <span class='ocrx_word' id='word_1_200' title='bbox 961 2501 1272 2558; x_wconf 86' lang='lat' dir='ltr'><strong><em>muneribus</em></strong></span> <span class='ocrx_word' id='word_1_201' title='bbox 1299 2503 1592 2572; x_wconf 85' lang='lat' dir='ltr'><strong><em>provocati,</em></strong></span> <span class='ocrx_word' id='word_1_202' title='bbox 1627 2509 1686 2556; x_wconf 92' lang='lat' dir='ltr'><strong><em>ut</em></strong></span> <span class='ocrx_word' id='word_1_203' title='bbox 1713 2518 1803 2556; x_wconf 88' lang='lat' dir='ltr'><strong><em>nos</em></strong></span> <span class='ocrx_word' id='word_1_204' title='bbox 1832 2501 2084 2572; x_wconf 84' lang='lat' dir='ltr'><strong><em>difﬁden-</em></strong></span> 
     </span>
    </p>
   </div>
   <div class='ocr_carea' id='block_1_27' title="bbox 434 2591 1497 2653">
    <p class='ocr_par' dir='ltr' id='par_1_27' title="bbox 434 2591 1497 2653">
     <span class='ocr_line' id='line_1_27' title="bbox 434 2591 1497 2653; baseline -0.007 0"><span class='ocrx_word' id='word_1_205' title='bbox 434 2605 520 2653; x_wconf 89' lang='lat' dir='ltr'><strong><em>ter</em></strong></span> <span class='ocrx_word' id='word_1_206' title='bbox 543 2603 640 2652; x_wconf 87' lang='lat' dir='ltr'><strong><em>aut</em></strong></span> <span class='ocrx_word' id='word_1_207' title='bbox 677 2595 867 2650; x_wconf 80' lang='lat' dir='ltr'><strong><em>leviter</em></strong></span> <span class='ocrx_word' id='word_1_208' title='bbox 895 2602 942 2649; x_wconf 90' lang='lat' dir='ltr'><strong><em>te</em></strong></span> <span class='ocrx_word' id='word_1_209' title='bbox 963 2609 1146 2648; x_wconf 88' lang='lat' dir='ltr'><strong><em>amare</em></strong></span> <span class='ocrx_word' id='word_1_210' title='bbox 1177 2609 1284 2646; x_wconf 92' lang='lat' dir='ltr'><strong><em>non</em></strong></span> <span class='ocrx_word' id='word_1_211' title='bbox 1315 2591 1497 2646; x_wconf 91' lang='lat' dir='ltr'><strong><em>liceat.</em></strong></span> 
     </span>
    </p>
   </div>
   <div class='ocr_carea' id='block_1_28' title="bbox 503 2680 2084 2756">
    <p class='ocr_par' dir='ltr' id='par_1_28' title="bbox 503 2680 2084 2756">
     <span class='ocr_line' id='line_1_28' title="bbox 503 2680 2084 2756; baseline -0.005 -14"><span class='ocrx_word' id='word_1_212' title='bbox 503 2691 555 2742; x_wconf 85' lang='lat'><strong><em>2.</em></strong></span> <span class='ocrx_word' id='word_1_213' title='bbox 588 2685 902 2756; x_wconf 86' lang='lat' dir='ltr'><strong><em>Accepimus</em></strong></span> <span class='ocrx_word' id='word_1_214' title='bbox 929 2684 1074 2737; x_wconf 90' lang='lat' dir='ltr'><strong><em>enim</em></strong></span> <span class='ocrx_word' id='word_1_215' title='bbox 1105 2681 1313 2752; x_wconf 86' lang='lat' dir='ltr'><strong><em>insigne</em></strong></span> <span class='ocrx_word' id='word_1_216' title='bbox 1339 2682 1674 2752; x_wconf 62' lang='lat' dir='ltr'><strong><em>priecipuum</em></strong></span> <span class='ocrx_word' id='word_1_217' title='bbox 1705 2680 2007 2736; x_wconf 85' lang='lat' dir='ltr'><strong><em>dilectionis</em></strong></span> <span class='ocrx_word' id='word_1_218' title='bbox 2037 2687 2084 2734; x_wconf 89' lang='lat' dir='ltr'><strong><em>et</em></strong></span> 
     </span>
    </p>
   </div>
   <div class='ocr_carea' id='block_1_29' title="bbox 432 2771 2086 2842">
    <p class='ocr_par' dir='ltr' id='par_1_29' title="bbox 432 2771 2086 2842">
     <span class='ocr_line' id='line_1_29' title="bbox 432 2771 2086 2842; baseline -0.005 -10"><span class='ocrx_word' id='word_1_219' title='bbox 432 2774 827 2832; x_wconf 79' lang='lat' dir='ltr'><strong><em>sollicitudinis</em></strong></span> <span class='ocrx_word' id='word_1_220' title='bbox 881 2780 1002 2838; x_wconf 81' lang='lat' dir='ltr'><strong><em>tute,</em></strong></span> <span class='ocrx_word' id='word_1_221' title='bbox 1040 2787 1168 2842; x_wconf 88' lang='lat' dir='ltr'><strong><em>opus</em></strong></span> <span class='ocrx_word' id='word_1_222' title='bbox 1221 2772 1400 2824; x_wconf 87' lang='lat' dir='ltr'><strong><em>sancti</em></strong></span> <span class='ocrx_word' id='word_1_223' title='bbox 1427 2778 1476 2826; x_wconf 90' lang='lat' dir='ltr'><strong><em>et</em></strong></span> <span class='ocrx_word' id='word_1_224' title='bbox 1505 2771 1734 2842; x_wconf 80' lang='lat' dir='ltr'><strong><em>perfecti</em></strong></span> <span class='ocrx_word' id='word_1_225' title='bbox 1773 2773 1832 2824; x_wconf 87' lang='lat' dir='ltr'><strong><em>in</em></strong></span> <span class='ocrx_word' id='word_1_226' title='bbox 1861 2771 2086 2824; x_wconf 91' lang='lat' dir='ltr'><strong><em>Domino</em></strong></span> 
     </span>
    </p>
   </div>
   <div class='ocr_carea' id='block_1_30' title="bbox 434 2860 2088 2934">
    <p class='ocr_par' dir='ltr' id='par_1_30' title="bbox 434 2860 2088 2934">
     <span class='ocr_line' id='line_1_30' title="bbox 434 2860 2088 2934; baseline -0.005 -12"><span class='ocrx_word' id='word_1_227' title='bbox 434 2865 650 2922; x_wconf 79' lang='lat' dir='ltr'><strong><em>Christo</em></strong></span> <span class='ocrx_word' id='word_1_228' title='bbox 661 2865 794 2928; x_wconf 86' lang='lat' dir='ltr'><strong><em>viri,</em></strong></span> <span class='ocrx_word' id='word_1_229' title='bbox 811 2862 1014 2934; x_wconf 85' lang='lat' dir='ltr'><strong><em>fratris</em></strong></span> <span class='ocrx_word' id='word_1_230' title='bbox 1033 2863 1208 2915; x_wconf 88' lang='lat' dir='ltr'><strong><em>nostri</em></strong></span> <span class='ocrx_word' id='word_1_231' title='bbox 1230 2861 1531 2930; x_wconf 86' lang='lat' dir='ltr'><strong><em>Augustini</em></strong></span> <span class='ocrx_word' id='word_1_232' title='bbox 1549 2860 1712 2916; x_wconf 76' lang='lat' dir='ltr'><strong><em>libris</em></strong></span> <span class='ocrx_word' id='word_1_233' title='bbox 1725 2861 1958 2931; x_wconf 87' lang='lat' dir='ltr'><strong><em>quinque</em></strong></span> <span class='ocrx_word' id='word_1_234' title='bbox 1968 2877 2088 2915; x_wconf 91' lang='lat' dir='ltr'><strong><em>con-</em></strong></span> 
     </span>
    </p>
   </div>
   <div class='ocr_carea' id='block_1_31' title="bbox 432 2949 2088 3027">
    <p class='ocr_par' dir='ltr' id='par_1_31' title="bbox 432 2949 2088 3027">
     <span class='ocr_line' id='line_1_31' title="bbox 432 2949 2088 3027; baseline -0.004 -17"><span class='ocrx_word' id='word_1_235' title='bbox 432 2955 654 3027; x_wconf 86' lang='lat' dir='ltr'><strong><em>fectum,</em></strong></span> <span class='ocrx_word' id='word_1_236' title='bbox 687 2954 824 3026; x_wconf 90' lang='lat' dir='ltr'><strong><em>quod</em></strong></span> <span class='ocrx_word' id='word_1_237' title='bbox 853 2953 932 3008; x_wconf 91' lang='lat' dir='ltr'><strong><em>ita</em></strong></span> <span class='ocrx_word' id='word_1_238' title='bbox 949 2952 1220 3005; x_wconf 90' lang='lat' dir='ltr'><strong><em>miramur</em></strong></span> <span class='ocrx_word' id='word_1_239' title='bbox 1245 2957 1400 3020; x_wconf 88' lang='lat' dir='ltr'><strong><em>atque</em></strong></span> <span class='ocrx_word' id='word_1_240' title='bbox 1425 2949 1763 3020; x_wconf 84' lang='lat' dir='ltr'><strong><em>suspicimus,</em></strong></span> <span class='ocrx_word' id='word_1_241' title='bbox 1795 2955 1858 3005; x_wconf 90' lang='lat' dir='ltr'><strong><em>ut</em></strong></span> <span class='ocrx_word' id='word_1_242' title='bbox 1881 2950 2088 3004; x_wconf 86' lang='lat' dir='ltr'><strong><em>dictata</em></strong></span> 
     </span>
    </p>
   </div>
   <div class='ocr_carea' id='block_1_32' title="bbox 432 3037 2088 3110">
    <p class='ocr_par' dir='ltr' id='par_1_32' title="bbox 432 3037 2088 3110">
     <span class='ocr_line' id='line_1_32' title="bbox 432 3037 2088 3110; baseline -0.004 -10"><span class='ocrx_word' id='word_1_243' title='bbox 432 3043 704 3099; x_wconf 89' lang='lat' dir='ltr'><strong><em>divinitus</em></strong></span> <span class='ocrx_word' id='word_1_244' title='bbox 737 3041 900 3097; x_wconf 88' lang='lat' dir='ltr'><strong><em>verba</em></strong></span> <span class='ocrx_word' id='word_1_245' title='bbox 930 3041 1227 3097; x_wconf 89' lang='lat' dir='ltr'><strong><em>credamus.</em></strong></span> <span class='ocrx_word' id='word_1_246' title='bbox 1287 3037 1474 3110; x_wconf 85' lang='lat' dir='ltr'><strong><em>Itaque</em></strong></span> <span class='ocrx_word' id='word_1_247' title='bbox 1503 3039 1700 3108; x_wconf 89' lang='lat' dir='ltr'><strong><em>ﬁducia</em></strong></span> <span class='ocrx_word' id='word_1_248' title='bbox 1739 3039 2088 3110; x_wconf 69' lang='lat' dir='ltr'><strong><em>suscipienda:</em></strong></span> 
     </span>
    </p>
   </div>
   <div class='ocr_carea' id='block_1_33' title="bbox 437 3128 2086 3198">
    <p class='ocr_par' dir='ltr' id='par_1_33' title="bbox 437 3128 2086 3198">
     <span class='ocr_line' id='line_1_33' title="bbox 437 3128 2086 3198; baseline -0.004 -8"><span class='ocrx_word' id='word_1_249' title='bbox 437 3135 588 3190; x_wconf 88' lang='lat' dir='ltr'><strong><em>nobis</em></strong></span> <span class='ocrx_word' id='word_1_250' title='bbox 609 3131 1002 3189; x_wconf 86' lang='lat' dir='ltr'><strong><em>unanimitatis</em></strong></span> <span class='ocrx_word' id='word_1_251' title='bbox 1026 3137 1148 3198; x_wconf 70' lang='lat' dir='ltr'><strong><em>tum,</em></strong></span> <span class='ocrx_word' id='word_1_252' title='bbox 1166 3137 1216 3184; x_wconf 91' lang='lat' dir='ltr'><strong><em>et</em></strong></span> <span class='ocrx_word' id='word_1_253' title='bbox 1230 3129 1308 3184; x_wconf 88' lang='lat' dir='ltr'><strong><em>ad</em></strong></span> <span class='ocrx_word' id='word_1_254' title='bbox 1320 3129 1494 3198; x_wconf 89' lang='lat' dir='ltr'><strong><em>ipsum</em></strong></span> <span class='ocrx_word' id='word_1_255' title='bbox 1506 3128 1738 3182; x_wconf 87' lang='lat' dir='ltr'><strong><em>scribere</em></strong></span> <span class='ocrx_word' id='word_1_256' title='bbox 1753 3129 1872 3182; x_wconf 89' lang='lat' dir='ltr'><strong><em>ausi</em></strong></span> <span class='ocrx_word' id='word_1_257' title='bbox 1883 3145 2086 3193; x_wconf 87' lang='lat' dir='ltr'><strong><em>sumus,</em></strong></span> 
     </span>
    </p>
   </div>
   <div class='ocr_carea' id='block_1_34' title="bbox 431 3218 2086 3292">
    <p class='ocr_par' dir='ltr' id='par_1_34' title="bbox 431 3218 2086 3292">
     <span class='ocr_line' id='line_1_34' title="bbox 431 3218 2086 3292; baseline -0.005 -13"><span class='ocrx_word' id='word_1_258' title='bbox 431 3223 560 3278; x_wconf 88' lang='lat' dir='ltr'><strong><em>dum</em></strong></span> <span class='ocrx_word' id='word_1_259' title='bbox 589 3240 683 3279; x_wconf 90' lang='lat' dir='ltr'><strong><em>nos</em></strong></span> <span class='ocrx_word' id='word_1_260' title='bbox 713 3221 808 3278; x_wconf 87' lang='lat' dir='ltr'><strong><em>illi</em></strong></span> <span class='ocrx_word' id='word_1_261' title='bbox 845 3238 942 3292; x_wconf 91' lang='lat' dir='ltr'><strong><em>per</em></strong></span> <span class='ocrx_word' id='word_1_262' title='bbox 971 3228 1038 3289; x_wconf 89' lang='lat' dir='ltr'><strong><em>te,</em></strong></span> <span class='ocrx_word' id='word_1_263' title='bbox 1073 3227 1122 3274; x_wconf 90' lang='lat' dir='ltr'><strong><em>et</em></strong></span> <span class='ocrx_word' id='word_1_264' title='bbox 1151 3219 1213 3272; x_wconf 93' lang='lat' dir='ltr'><strong><em>de</em></strong></span> <span class='ocrx_word' id='word_1_265' title='bbox 1243 3219 1527 3290; x_wconf 87' lang='lat' dir='ltr'><strong><em>imperitia</em></strong></span> <span class='ocrx_word' id='word_1_266' title='bbox 1565 3218 1906 3282; x_wconf 71' lang='lat' dir='ltr'><strong><em>excusandas,</em></strong></span> <span class='ocrx_word' id='word_1_267' title='bbox 1941 3227 1988 3273; x_wconf 92' lang='lat' dir='ltr'><strong><em>et</em></strong></span> <span class='ocrx_word' id='word_1_268' title='bbox 2017 3218 2086 3272; x_wconf 91' lang='lat' dir='ltr'><strong><em>ad</em></strong></span> 
     </span>
    </p>
   </div>
   <div class='ocr_carea' id='block_1_35' title="bbox 429 3307 2086 3378">
    <p class='ocr_par' dir='ltr' id='par_1_35' title="bbox 429 3307 2086 3378">
     <span class='ocr_line' id='line_1_35' title="bbox 429 3307 2086 3378; baseline -0.006 -8"><span class='ocrx_word' id='word_1_269' title='bbox 429 3313 748 3370; x_wconf 86' lang='lat' dir='ltr'><strong><em>charitatem</em></strong></span> <span class='ocrx_word' id='word_1_270' title='bbox 775 3308 1210 3366; x_wconf 87' lang='lat' dir='ltr'><strong><em>commendandos</em></strong></span> <span class='ocrx_word' id='word_1_271' title='bbox 1231 3308 1608 3378; x_wconf 77' lang='lat' dir='ltr'><strong><em>prtesumimus</em></strong></span> <span class='ocrx_word' id='word_1_272' title='bbox 1635 3324 1649 3371; x_wconf 92' lang='lat'><em>;</em></span> <span class='ocrx_word' id='word_1_273' title='bbox 1676 3307 1811 3361; x_wconf 88' lang='lat' dir='ltr'><strong><em>sicut</em></strong></span> <span class='ocrx_word' id='word_1_274' title='bbox 1839 3313 1888 3361; x_wconf 89' lang='lat' dir='ltr'><strong><em>et</em></strong></span> <span class='ocrx_word' id='word_1_275' title='bbox 1917 3308 2086 3360; x_wconf 90' lang='lat' dir='ltr'><strong><em>omni-</em></strong></span> 
     </span>
    </p>
   </div>
   <div class='ocr_carea' id='block_1_36' title="bbox 427 3397 2088 3471">
    <p class='ocr_par' dir='ltr' id='par_1_36' title="bbox 427 3397 2088 3471">
     <span class='ocr_line' id='line_1_36' title="bbox 427 3397 2088 3471; baseline -0.004 -15"><span class='ocrx_word' id='word_1_276' title='bbox 427 3402 520 3458; x_wconf 89' lang='lat' dir='ltr'><strong><em>bus</em></strong></span> <span class='ocrx_word' id='word_1_277' title='bbox 549 3401 764 3466; x_wconf 85' lang='lat' dir='ltr'><strong><em>sanctis,</em></strong></span> <span class='ocrx_word' id='word_1_278' title='bbox 799 3416 1028 3471; x_wconf 88' lang='lat' dir='ltr'><strong><em>quorum</em></strong></span> <span class='ocrx_word' id='word_1_279' title='bbox 1057 3413 1148 3452; x_wconf 91' lang='lat' dir='ltr'><strong><em>nos</em></strong></span> <span class='ocrx_word' id='word_1_280' title='bbox 1199 3403 1250 3451; x_wconf 91' lang='lat' dir='ltr'><strong><em>et</em></strong></span> <span class='ocrx_word' id='word_1_281' title='bbox 1277 3397 1576 3450; x_wconf 86' lang='lat' dir='ltr'><strong><em>absentium</em></strong></span> <span class='ocrx_word' id='word_1_282' title='bbox 1603 3397 1788 3466; x_wconf 73' lang='lat' dir='ltr'><strong><em>ofﬁciis</em></strong></span> <span class='ocrx_word' id='word_1_283' title='bbox 1824 3397 2088 3466; x_wconf 90' lang='lat' dir='ltr'><strong><em>sospitare</em></strong></span> 
     </span>
    </p>
   </div>
   <div class='ocr_carea' id='block_1_37' title="bbox 431 3485 2089 3562">
    <p class='ocr_par' dir='ltr' id='par_1_37' title="bbox 431 3485 2089 3562">
     <span class='ocr_line' id='line_1_37' title="bbox 431 3485 2089 3562; baseline -0.004 -16"><span class='ocrx_word' id='word_1_284' title='bbox 431 3491 686 3562; x_wconf 88' lang='lat' dir='ltr'><strong><em>dignatus</em></strong></span> <span class='ocrx_word' id='word_1_285' title='bbox 715 3507 783 3555; x_wconf 88' lang='lat' dir='ltr'><strong><em>es,</em></strong></span> <span class='ocrx_word' id='word_1_286' title='bbox 809 3489 937 3560; x_wconf 85' lang='lat' dir='ltr'><strong><em>pari</em></strong></span> <span class='ocrx_word' id='word_1_287' title='bbox 967 3487 1152 3558; x_wconf 88' lang='lat' dir='ltr'><strong><em>procul</em></strong></span> <span class='ocrx_word' id='word_1_288' title='bbox 1176 3485 1642 3540; x_wconf 88' lang='lat' dir='ltr'><strong><em>dubiocuraturus</em></strong></span> <span class='ocrx_word' id='word_1_289' title='bbox 1669 3487 1882 3555; x_wconf 74' lang='lat' dir='ltr'><strong><em>affectu.</em></strong></span> <span class='ocrx_word' id='word_1_290' title='bbox 1901 3493 1958 3540; x_wconf 88' lang='lat' dir='ltr'><strong><em>ut</em></strong></span> <span class='ocrx_word' id='word_1_291' title='bbox 1989 3503 2089 3556; x_wconf 88' lang='lat' dir='ltr'><strong><em>per</em></strong></span> 
     </span>
    </p>
   </div>
   <div class='ocr_carea' id='block_1_38' title="bbox 431 3575 2082 3646">
    <p class='ocr_par' dir='ltr' id='par_1_38' title="bbox 431 3575 2082 3646">
     <span class='ocr_line' id='line_1_38' title="bbox 431 3575 2082 3646; baseline -0.004 -10"><span class='ocrx_word' id='word_1_292' title='bbox 431 3581 788 3637; x_wconf 90' lang='lat' dir='ltr'><strong><em>Sanctitatem</em></strong></span> <span class='ocrx_word' id='word_1_293' title='bbox 817 3585 984 3641; x_wconf 88' lang='lat' dir='ltr'><strong><em>tuam,</em></strong></span> <span class='ocrx_word' id='word_1_294' title='bbox 1001 3576 1200 3632; x_wconf 88' lang='lat' dir='ltr'><strong><em>nostris</em></strong></span> <span class='ocrx_word' id='word_1_295' title='bbox 1223 3575 1448 3630; x_wconf 83' lang='lat' dir='ltr'><strong><em>invicem</em></strong></span> <span class='ocrx_word' id='word_1_296' title='bbox 1470 3575 1782 3631; x_wconf 87' lang='lat' dir='ltr'><strong><em>salutentur</em></strong></span> <span class='ocrx_word' id='word_1_297' title='bbox 1800 3575 2082 3646; x_wconf 88' lang='lat' dir='ltr'><strong><em>obsequiis,</em></strong></span> 
     </span>
    </p>
   </div>
   <div class='ocr_carea' id='block_1_39' title="bbox 432 3665 2088 3736">
    <p class='ocr_par' dir='ltr' id='par_1_39' title="bbox 432 3665 2088 3736">
     <span class='ocr_line' id='line_1_39' title="bbox 432 3665 2088 3736; baseline -0.004 -11"><span class='ocrx_word' id='word_1_298' title='bbox 432 3677 480 3726; x_wconf 92' lang='lat' dir='ltr'><strong><em>et</em></strong></span> <span class='ocrx_word' id='word_1_299' title='bbox 515 3670 572 3724; x_wconf 89' lang='lat' dir='ltr'><strong><em>in</em></strong></span> <span class='ocrx_word' id='word_1_300' title='bbox 592 3669 732 3724; x_wconf 90' lang='lat' dir='ltr'><strong><em>clero</em></strong></span> <span class='ocrx_word' id='word_1_301' title='bbox 760 3667 1078 3722; x_wconf 87' lang='lat' dir='ltr'><strong><em>Sanctitatis</em></strong></span> <span class='ocrx_word' id='word_1_302' title='bbox 1110 3673 1214 3720; x_wconf 81' lang='lat' dir='ltr'><strong><em>tute</em></strong></span> <span class='ocrx_word' id='word_1_303' title='bbox 1241 3666 1475 3730; x_wconf 87' lang='lat' dir='ltr'><strong><em>comites,</em></strong></span> <span class='ocrx_word' id='word_1_304' title='bbox 1507 3671 1554 3718; x_wconf 92' lang='lat' dir='ltr'><strong><em>et</em></strong></span> <span class='ocrx_word' id='word_1_305' title='bbox 1583 3665 1643 3718; x_wconf 90' lang='lat' dir='ltr'><strong><em>in</em></strong></span> <span class='ocrx_word' id='word_1_306' title='bbox 1671 3665 2008 3719; x_wconf 89' lang='lat' dir='ltr'><strong><em>monasteriis</em></strong></span> <span class='ocrx_word' id='word_1_307' title='bbox 2025 3666 2088 3736; x_wconf 87' lang='lat' dir='ltr'><strong><em>ﬁ-</em></strong></span> 
     </span>
    </p>
   </div>
   <div class='ocr_carea' id='block_1_40' title="bbox 433 3754 2086 3826">
    <p class='ocr_par' dir='ltr' id='par_1_40' title="bbox 433 3754 2086 3826">
     <span class='ocr_line' id='line_1_40' title="bbox 433 3754 2086 3826; baseline -0.003 -12"><span class='ocrx_word' id='word_1_308' title='bbox 433 3759 520 3814; x_wconf 86' lang='lat' dir='ltr'><strong><em>dei</em></strong></span> <span class='ocrx_word' id='word_1_309' title='bbox 547 3775 609 3814; x_wconf 89' lang='lat' dir='ltr'><strong><em>ac</em></strong></span> <span class='ocrx_word' id='word_1_310' title='bbox 645 3759 872 3813; x_wconf 88' lang='lat' dir='ltr'><strong><em>virtutis</em></strong></span> <span class='ocrx_word' id='word_1_311' title='bbox 903 3765 1007 3812; x_wconf 73' lang='lat' dir='ltr'><strong><em>tua:</em></strong></span> <span class='ocrx_word' id='word_1_312' title='bbox 1025 3755 1383 3810; x_wconf 62' lang='lat' dir='ltr'><strong><em>aemulatores.</em></strong></span> <span class='ocrx_word' id='word_1_313' title='bbox 1417 3754 1561 3810; x_wconf 87' lang='lat' dir='ltr'><strong><em>Nam</em></strong></span> <span class='ocrx_word' id='word_1_314' title='bbox 1586 3756 1684 3808; x_wconf 86' lang='lat' dir='ltr'><strong><em>etsi</em></strong></span> <span class='ocrx_word' id='word_1_315' title='bbox 1715 3755 1772 3808; x_wconf 91' lang='lat' dir='ltr'><strong><em>in</em></strong></span> <span class='ocrx_word' id='word_1_316' title='bbox 1797 3755 2006 3826; x_wconf 87' lang='lat' dir='ltr'><strong><em>populis</em></strong></span> <span class='ocrx_word' id='word_1_317' title='bbox 2026 3771 2086 3809; x_wconf 92' lang='lat' dir='ltr'><strong><em>ac</em></strong></span> 
     </span>
    </p>
   </div>
   <div class='ocr_carea' id='block_1_41' title="bbox 431 3843 2086 3920">
    <p class='ocr_par' dir='ltr' id='par_1_41' title="bbox 431 3843 2086 3920">
     <span class='ocr_line' id='line_1_41' title="bbox 431 3843 2086 3920; baseline -0.004 -17"><span class='ocrx_word' id='word_1_318' title='bbox 431 3865 594 3920; x_wconf 88' lang='lat' dir='ltr'><strong><em>super</em></strong></span> <span class='ocrx_word' id='word_1_319' title='bbox 614 3847 866 3919; x_wconf 88' lang='lat' dir='ltr'><strong><em>populum</em></strong></span> <span class='ocrx_word' id='word_1_320' title='bbox 891 3862 1038 3916; x_wconf 89' lang='lat' dir='ltr'><strong><em>agas,</em></strong></span> <span class='ocrx_word' id='word_1_321' title='bbox 1071 3861 1188 3899; x_wconf 86' lang='lat' dir='ltr'><strong><em>oves</em></strong></span> <span class='ocrx_word' id='word_1_322' title='bbox 1219 3859 1428 3915; x_wconf 76' lang='lat' dir='ltr'><strong><em>pascuw</em></strong></span> <span class='ocrx_word' id='word_1_323' title='bbox 1469 3843 1693 3897; x_wconf 87' lang='lat' dir='ltr'><strong><em>Domine</em></strong></span> <span class='ocrx_word' id='word_1_324' title='bbox 1719 3859 1903 3914; x_wconf 89' lang='lat' dir='ltr'><strong><em>regens</em></strong></span> <span class='ocrx_word' id='word_1_325' title='bbox 1939 3843 2086 3898; x_wconf 90' lang='lat' dir='ltr'><strong><em>solli-</em></strong></span> 
     </span>
    </p>
   </div>
   <div class='ocr_carea' id='block_1_42' title="bbox 430 3933 2081 4008">
    <p class='ocr_par' dir='ltr' id='par_1_42' title="bbox 430 3933 2081 4008">
     <span class='ocr_line' id='line_1_42' title="bbox 430 3933 2081 4008; baseline -0.004 -15"><span class='ocrx_word' id='word_1_326' title='bbox 430 3938 554 3993; x_wconf 89' lang='lat' dir='ltr'><strong><em>citis</em></strong></span> <span class='ocrx_word' id='word_1_327' title='bbox 583 3937 717 4008; x_wconf 87' lang='lat' dir='ltr'><strong><em>vigil</em></strong></span> <span class='ocrx_word' id='word_1_328' title='bbox 767 3943 951 4007; x_wconf 86' lang='lat' dir='ltr'><strong><em>pastor</em></strong></span> <span class='ocrx_word' id='word_1_329' title='bbox 997 3933 1232 3990; x_wconf 68' lang='lat' dir='ltr'><strong><em>excubiis</em></strong></span> <span class='ocrx_word' id='word_1_330' title='bbox 1255 3951 1276 3986; x_wconf 76' lang='grc' dir='ltr'><strong><em>,ο</em></strong></span> <span class='ocrx_word' id='word_1_331' title='bbox 1305 3941 1488 3987; x_wconf 89' lang='lat' dir='ltr'><strong><em>tamen</em></strong></span> <span class='ocrx_word' id='word_1_332' title='bbox 1518 3933 1850 3988; x_wconf 88' lang='lat' dir='ltr'><strong><em>abdicatione</em></strong></span> <span class='ocrx_word' id='word_1_333' title='bbox 1877 3933 2081 3998; x_wconf 77' lang='lat' dir='ltr'><strong><em>swculi,</em></strong></span> 
     </span>
    </p>
   </div>
   <div class='ocr_carea' id='block_1_43' title="bbox 431 4021 2084 4098">
    <p class='ocr_par' dir='ltr' id='par_1_43' title="bbox 431 4021 2084 4098">
     <span class='ocr_line' id='line_1_43' title="bbox 431 4021 2084 4098; baseline -0.002 -16"><span class='ocrx_word' id='word_1_334' title='bbox 431 4033 480 4083; x_wconf 88' lang='lat' dir='ltr'><strong><em>et</em></strong></span> <span class='ocrx_word' id='word_1_335' title='bbox 509 4027 724 4098; x_wconf 86' lang='lat' dir='ltr'><strong><em>repulsa</em></strong></span> <span class='ocrx_word' id='word_1_336' title='bbox 752 4025 938 4080; x_wconf 88' lang='lat' dir='ltr'><strong><em>carnis</em></strong></span> <span class='ocrx_word' id='word_1_337' title='bbox 970 4040 1031 4078; x_wconf 89' lang='lat' dir='ltr'><strong><em>ac</em></strong></span> <span class='ocrx_word' id='word_1_338' title='bbox 1059 4023 1362 4094; x_wconf 86' lang='lat' dir='ltr'><strong><em>sanguinis,</em></strong></span> <span class='ocrx_word' id='word_1_339' title='bbox 1395 4023 1658 4077; x_wconf 89' lang='lat' dir='ltr'><strong><em>desertum</em></strong></span> <span class='ocrx_word' id='word_1_340' title='bbox 1691 4021 1789 4076; x_wconf 87' lang='lat' dir='ltr'><strong><em>tibi</em></strong></span> <span class='ocrx_word' id='word_1_341' title='bbox 1841 4023 1953 4093; x_wconf 89' lang='lat' dir='ltr'><strong><em>ipse</em></strong></span> <span class='ocrx_word' id='word_1_342' title='bbox 2004 4022 2084 4093; x_wconf 79' lang='lat' dir='ltr'><strong><em>fs-</em></strong></span> 
     </span>
    </p>
   </div>
   <div class='ocr_carea' id='block_1_44' title="bbox 433 4111 1740 4184">
    <p class='ocr_par' dir='ltr' id='par_1_44' title="bbox 433 4111 1740 4184">
     <span class='ocr_line' id='line_1_44' title="bbox 433 4111 1740 4184; baseline -0.005 -14"><span class='ocrx_word' id='word_1_343' title='bbox 433 4117 576 4184; x_wconf 88' lang='lat' dir='ltr'><strong><em>cisti,</em></strong></span> <span class='ocrx_word' id='word_1_344' title='bbox 609 4121 843 4169; x_wconf 88' lang='lat' dir='ltr'><strong><em>secretus</em></strong></span> <span class='ocrx_word' id='word_1_345' title='bbox 869 4131 902 4167; x_wconf 91' lang='lat' dir='ltr'><strong><em>a</em></strong></span> <span class='ocrx_word' id='word_1_346' title='bbox 938 4112 1145 4176; x_wconf 85' lang='lat' dir='ltr'><strong><em>multis,</em></strong></span> <span class='ocrx_word' id='word_1_347' title='bbox 1193 4117 1405 4164; x_wconf 89' lang='lat' dir='ltr'><strong><em>vocatus</em></strong></span> <span class='ocrx_word' id='word_1_348' title='bbox 1445 4111 1505 4163; x_wconf 86' lang='lat' dir='ltr'><strong><em>in</em></strong></span> <span class='ocrx_word' id='word_1_349' title='bbox 1529 4111 1740 4181; x_wconf 86' lang='lat' dir='ltr'><strong><em>paucis.</em></strong></span> 
     </span>
    </p>
   </div>
   <div class='ocr_carea' id='block_1_45' title="bbox 507 4199 2086 4271">
    <p class='ocr_par' dir='ltr' id='par_1_45' title="bbox 507 4199 2086 4271">
     <span class='ocr_line' id='line_1_45' title="bbox 507 4199 2086 4271; baseline -0.003 -11"><span class='ocrx_word' id='word_1_350' title='bbox 507 4208 564 4261; x_wconf 89' lang='lat'><strong><em>3.</em></strong></span> <span class='ocrx_word' id='word_1_351' title='bbox 594 4203 732 4257; x_wconf 90' lang='lat' dir='ltr'><strong><em>Sane</em></strong></span> <span class='ocrx_word' id='word_1_352' title='bbox 761 4202 968 4256; x_wconf 88' lang='lat' dir='ltr'><strong><em>vicario</em></strong></span> <span class='ocrx_word' id='word_1_353' title='bbox 997 4201 1342 4271; x_wconf 88' lang='lat' dir='ltr'><strong><em>aliquatenus</em></strong></span> <span class='ocrx_word' id='word_1_354' title='bbox 1371 4215 1610 4264; x_wconf 88' lang='lat' dir='ltr'><strong><em>munere,</em></strong></span> <span class='ocrx_word' id='word_1_355' title='bbox 1644 4199 1764 4254; x_wconf 88' lang='lat' dir='ltr'><strong><em>licet</em></strong></span> <span class='ocrx_word' id='word_1_356' title='bbox 1783 4217 1881 4270; x_wconf 90' lang='lat' dir='ltr'><strong><em>per</em></strong></span> <span class='ocrx_word' id='word_1_357' title='bbox 1903 4201 2086 4255; x_wconf 87' lang='lat' dir='ltr'><strong><em>omnia</em></strong></span> 
     </span>
    </p>
   </div>
   <div class='ocr_carea' id='block_1_46' title="bbox 435 4288 2087 4364">
    <p class='ocr_par' dir='ltr' id='par_1_46' title="bbox 435 4288 2087 4364">
     <span class='ocr_line' id='line_1_46' title="bbox 435 4288 2087 4364; baseline -0.002 -16"><span class='ocrx_word' id='word_1_358' title='bbox 435 4293 539 4349; x_wconf 89' lang='lat' dir='ltr'><strong><em>tibi</em></strong></span> <span class='ocrx_word' id='word_1_359' title='bbox 553 4293 754 4364; x_wconf 80' lang='lat' dir='ltr'><strong><em>impar,</em></strong></span> <span class='ocrx_word' id='word_1_360' title='bbox 769 4297 828 4347; x_wconf 88' lang='lat' dir='ltr'><strong><em>ut</em></strong></span> <span class='ocrx_word' id='word_1_361' title='bbox 835 4294 1097 4360; x_wconf 87' lang='lat' dir='ltr'><strong><em>jusseras,</em></strong></span> <span class='ocrx_word' id='word_1_362' title='bbox 1115 4289 1344 4360; x_wconf 87' lang='lat' dir='ltr'><strong><em>providi</em></strong></span> <span class='ocrx_word' id='word_1_363' title='bbox 1359 4289 1510 4343; x_wconf 87' lang='lat' dir='ltr'><strong><em>illam</em></strong></span> <span class='ocrx_word' id='word_1_364' title='bbox 1527 4288 1749 4343; x_wconf 85' lang='lat' dir='ltr'><strong><em>Eusebii</em></strong></span> <span class='ocrx_word' id='word_1_365' title='bbox 1761 4290 2087 4344; x_wconf 87' lang='lat' dir='ltr'><strong><em>venerabilis</em></strong></span> 
     </span>
    </p>
   </div>
   <div class='ocr_carea' id='block_1_47' title="bbox 433 4378 2088 4454">
    <p class='ocr_par' dir='ltr' id='par_1_47' title="bbox 433 4378 2088 4454">
     <span class='ocr_line' id='line_1_47' title="bbox 433 4378 2088 4454; baseline -0.002 -18"><span class='ocrx_word' id='word_1_366' title='bbox 433 4383 664 4454; x_wconf 87' lang='lat' dir='ltr'><strong><em>episcopi</em></strong></span> <span class='ocrx_word' id='word_1_367' title='bbox 679 4379 1262 4450; x_wconf 85' lang='lat' dir='ltr'><strong><em>Constantinopolitani</em></strong></span> <span class='ocrx_word' id='word_1_368' title='bbox 1273 4378 1335 4432; x_wconf 91' lang='lat' dir='ltr'><strong><em>de</em></strong></span> <span class='ocrx_word' id='word_1_369' title='bbox 1355 4380 1558 4432; x_wconf 88' lang='lat' dir='ltr'><strong><em>cunctis</em></strong></span> <span class='ocrx_word' id='word_1_370' title='bbox 1579 4379 1904 4449; x_wconf 88' lang='lat' dir='ltr'><strong><em>temporibus</em></strong></span> <span class='ocrx_word' id='word_1_371' title='bbox 1923 4379 2088 4434; x_wconf 86' lang='lat' dir='ltr'><strong><em>histo-</em></strong></span> 
     </span>
    </p>
   </div>
   <div class='ocr_carea' id='block_1_48' title="bbox 435 4469 2084 4541">
    <p class='ocr_par' dir='ltr' id='par_1_48' title="bbox 435 4469 2084 4541">
     <span class='ocr_line' id='line_1_48' title="bbox 435 4469 2084 4541; baseline -0.001 -15"><span class='ocrx_word' id='word_1_372' title='bbox 435 4472 602 4528; x_wconf 89' lang='lat' dir='ltr'><strong><em>riam.</em></strong></span> <span class='ocrx_word' id='word_1_373' title='bbox 622 4471 722 4526; x_wconf 90' lang='lat' dir='ltr'><strong><em>Sed</em></strong></span> <span class='ocrx_word' id='word_1_374' title='bbox 743 4472 800 4525; x_wconf 91' lang='lat' dir='ltr'><strong><em>in</em></strong></span> <span class='ocrx_word' id='word_1_375' title='bbox 814 4469 906 4526; x_wconf 88' lang='lat' dir='ltr'><strong><em>hoc</em></strong></span> <span class='ocrx_word' id='word_1_376' title='bbox 920 4471 1030 4541; x_wconf 88' lang='lat' dir='ltr'><strong><em>fuit</em></strong></span> <span class='ocrx_word' id='word_1_377' title='bbox 1051 4469 1448 4540; x_wconf 85' lang='lat' dir='ltr'><strong><em>obtemperandi</em></strong></span> <span class='ocrx_word' id='word_1_378' title='bbox 1461 4485 1636 4534; x_wconf 89' lang='lat' dir='ltr'><strong><em>mora,</em></strong></span> <span class='ocrx_word' id='word_1_379' title='bbox 1659 4469 1796 4538; x_wconf 89' lang='lat' dir='ltr'><strong><em>quod</em></strong></span> <span class='ocrx_word' id='word_1_380' title='bbox 1807 4469 2084 4526; x_wconf 79' lang='lat' dir='ltr'><strong><em>instructu</em></strong></span> 
     </span>
    </p>
   </div>
   <div class='ocr_carea' id='block_1_49' title="bbox 434 4557 2090 4632">
    <p class='ocr_par' dir='ltr' id='par_1_49' title="bbox 434 4557 2090 4632">
     <span class='ocr_line' id='line_1_49' title="bbox 434 4557 2090 4632; baseline -0.002 -16"><span class='ocrx_word' id='word_1_381' title='bbox 434 4567 545 4626; x_wconf 87' lang='lat' dir='ltr'><strong><em>tuo,</em></strong></span> <span class='ocrx_word' id='word_1_382' title='bbox 577 4563 708 4632; x_wconf 90' lang='lat' dir='ltr'><strong><em>quia</em></strong></span> <span class='ocrx_word' id='word_1_383' title='bbox 734 4560 842 4630; x_wconf 90' lang='lat' dir='ltr'><strong><em>ipse</em></strong></span> <span class='ocrx_word' id='word_1_384' title='bbox 867 4575 973 4614; x_wconf 91' lang='lat' dir='ltr'><strong><em>non</em></strong></span> <span class='ocrx_word' id='word_1_385' title='bbox 1003 4557 1244 4612; x_wconf 87' lang='lat' dir='ltr'><strong><em>haberem</em></strong></span> <span class='ocrx_word' id='word_1_386' title='bbox 1266 4558 1404 4611; x_wconf 89' lang='lat' dir='ltr'><strong><em>hunc</em></strong></span> <span class='ocrx_word' id='word_1_387' title='bbox 1428 4557 1674 4620; x_wconf 89' lang='lat' dir='ltr'><strong><em>codicem,</em></strong></span> <span class='ocrx_word' id='word_1_388' title='bbox 1707 4557 1884 4613; x_wconf 70' lang='lat' dir='ltr'><strong><em>Romae</em></strong></span> <span class='ocrx_word' id='word_1_389' title='bbox 1904 4559 2090 4630; x_wconf 84' lang='lat' dir='ltr'><strong><em>reperi</em></strong></span> 
     </span>
    </p>
   </div>
   <div class='ocr_carea' id='block_1_50' title="bbox 435 4647 2083 4721">
    <p class='ocr_par' dir='ltr' id='par_1_50' title="bbox 435 4647 2083 4721">
     <span class='ocr_line' id='line_1_50' title="bbox 435 4647 2083 4721; baseline -0.001 -17"><span class='ocrx_word' id='word_1_390' title='bbox 435 4651 578 4721; x_wconf 88' lang='lat' dir='ltr'><strong><em>apud</em></strong></span> <span class='ocrx_word' id='word_1_391' title='bbox 607 4655 880 4720; x_wconf 90' lang='lat' dir='ltr'><strong><em>parentem</em></strong></span> <span class='ocrx_word' id='word_1_392' title='bbox 899 4656 1144 4702; x_wconf 87' lang='lat' dir='ltr'><strong><em>nostrum</em></strong></span> <span class='ocrx_word' id='word_1_393' title='bbox 1165 4665 1284 4702; x_wconf 87' lang='lat' dir='ltr'><strong><em>vere</em></strong></span> <span class='ocrx_word' id='word_1_394' title='bbox 1295 4647 1698 4701; x_wconf 73' lang='lat' dir='ltr'><strong><em>sanctissimum</em></strong></span> <span class='ocrx_word' id='word_1_395' title='bbox 1719 4647 2083 4715; x_wconf 82' lang='lat' dir='ltr'><strong><em>Domnionem,</em></strong></span> 
     </span>
    </p>
   </div>
   <div class='ocr_carea' id='block_1_51' title="bbox 438 4735 2084 4810">
    <p class='ocr_par' dir='ltr' id='par_1_51' title="bbox 438 4735 2084 4810">
     <span class='ocr_line' id='line_1_51' title="bbox 438 4735 2084 4810; baseline 0 -18"><span class='ocrx_word' id='word_1_396' title='bbox 438 4739 534 4810; x_wconf 86' lang='lat' dir='ltr'><strong><em>qui</em></strong></span> <span class='ocrx_word' id='word_1_397' title='bbox 557 4737 748 4810; x_wconf 90' lang='lat' dir='ltr'><strong><em>procul</em></strong></span> <span class='ocrx_word' id='word_1_398' title='bbox 773 4737 932 4792; x_wconf 91' lang='lat' dir='ltr'><strong><em>dubio</em></strong></span> <span class='ocrx_word' id='word_1_399' title='bbox 957 4735 1410 4808; x_wconf 80' lang='lat' dir='ltr'><strong><em>promptiusmihi</em></strong></span> <span class='ocrx_word' id='word_1_400' title='bbox 1423 4737 1613 4807; x_wconf 87' lang='lat' dir='ltr'><strong><em>paruit</em></strong></span> <span class='ocrx_word' id='word_1_401' title='bbox 1633 4737 1692 4790; x_wconf 89' lang='lat' dir='ltr'><strong><em>in</em></strong></span> <span class='ocrx_word' id='word_1_402' title='bbox 1707 4737 1798 4791; x_wconf 86' lang='lat' dir='ltr'><strong><em>hoc</em></strong></span> <span class='ocrx_word' id='word_1_403' title='bbox 1819 4737 2084 4806; x_wconf 84' lang='lat' dir='ltr'><strong><em>beneﬁcio,</em></strong></span> 
     </span>
    </p>
   </div>
   <div class='ocr_carea' id='block_1_52' title="bbox 437 4825 2086 4900">
    <p class='ocr_par' dir='ltr' id='par_1_52' title="bbox 437 4825 2086 4900">
     <span class='ocr_line' id='line_1_52' title="bbox 437 4825 2086 4900; baseline -0.002 -16"><span class='ocrx_word' id='word_1_404' title='bbox 437 4827 576 4900; x_wconf 85' lang='lat' dir='ltr'><strong><em>quod</em></strong></span> <span class='ocrx_word' id='word_1_405' title='bbox 602 4827 708 4883; x_wconf 86' lang='lat' dir='ltr'><strong><em>tibi</em></strong></span> <span class='ocrx_word' id='word_1_406' title='bbox 735 4825 1082 4898; x_wconf 84' lang='lat' dir='ltr'><strong><em>deferendum</em></strong></span> <span class='ocrx_word' id='word_1_407' title='bbox 1115 4827 1359 4880; x_wconf 81' lang='lat' dir='ltr'><strong><em>iudicavi</em></strong></span> <span class='ocrx_word' id='word_1_408' title='bbox 1391 4827 1430 4880; x_wconf 77' lang='grc' dir='ltr'><strong><em>ί.</em></strong></span> <span class='ocrx_word' id='word_1_409' title='bbox 1469 4825 1846 4881; x_wconf 80' lang='lat' dir='ltr'><strong><em>Verumtamen</em></strong></span> <span class='ocrx_word' id='word_1_410' title='bbox 1872 4827 2000 4898; x_wconf 89' lang='lat' dir='ltr'><strong><em>quia</em></strong></span> <span class='ocrx_word' id='word_1_411' title='bbox 2037 4833 2086 4881; x_wconf 90' lang='lat' dir='ltr'><strong><em>et</em></strong></span> 
     </span>
    </p>
   </div>
   <div class='ocr_carea' id='block_1_53' title="bbox 439 4915 2082 4988">
    <p class='ocr_par' dir='ltr' id='par_1_53' title="bbox 439 4915 2082 4988">
     <span class='ocr_line' id='line_1_53' title="bbox 439 4915 2082 4988; baseline -0.002 -15"><span class='ocrx_word' id='word_1_412' title='bbox 439 4917 552 4973; x_wconf 92' lang='lat' dir='ltr'><strong><em>loca</em></strong></span> <span class='ocrx_word' id='word_1_413' title='bbox 567 4925 664 4973; x_wconf 88' lang='lat' dir='ltr'><strong><em>tua</em></strong></span> <span class='ocrx_word' id='word_1_414' title='bbox 691 4917 826 4972; x_wconf 91' lang='lat' dir='ltr'><strong><em>mihi</em></strong></span> <span class='ocrx_word' id='word_1_415' title='bbox 861 4917 1168 4988; x_wconf 86' lang='lat' dir='ltr'><strong><em>signiﬁcare</em></strong></span> <span class='ocrx_word' id='word_1_416' title='bbox 1195 4915 1451 4986; x_wconf 89' lang='lat' dir='ltr'><strong><em>dignatus</em></strong></span> <span class='ocrx_word' id='word_1_417' title='bbox 1479 4933 1548 4980; x_wconf 89' lang='lat' dir='ltr'><strong><em>es,</em></strong></span> <span class='ocrx_word' id='word_1_418' title='bbox 1577 4923 1636 4971; x_wconf 89' lang='lat' dir='ltr'><strong><em>ut</em></strong></span> <span class='ocrx_word' id='word_1_419' title='bbox 1663 4917 1774 4986; x_wconf 86' lang='lat' dir='ltr'><strong><em>ipse</em></strong></span> <span class='ocrx_word' id='word_1_420' title='bbox 1803 4917 2082 4984; x_wconf 89' lang='lat' dir='ltr'><strong><em>monuisti,</em></strong></span> 
     </span>
    </p>
   </div>
   <div class='ocr_carea' id='block_1_54' title="bbox 431 5007 2086 5075">
    <p class='ocr_par' dir='ltr' id='par_1_54' title="bbox 431 5007 2086 5075">
     <span class='ocr_line' id='line_1_54' title="bbox 431 5007 2086 5075; baseline -0.001 -12"><span class='ocrx_word' id='word_1_421' title='bbox 431 5008 502 5063; x_wconf 89' lang='lat' dir='ltr'><strong><em>ad</em></strong></span> <span class='ocrx_word' id='word_1_422' title='bbox 525 5007 880 5064; x_wconf 87' lang='lat' dir='ltr'><strong><em>venerabilem</em></strong></span> <span class='ocrx_word' id='word_1_423' title='bbox 907 5007 1463 5070; x_wconf 74' lang='lat' dir='ltr'><strong><em>sociumcoroneetute,</em></strong></span> <span class='ocrx_word' id='word_1_424' title='bbox 1485 5011 1694 5075; x_wconf 88' lang='lat' dir='ltr'><strong><em>patrem</em></strong></span> <span class='ocrx_word' id='word_1_425' title='bbox 1709 5012 1946 5062; x_wconf 89' lang='lat' dir='ltr'><strong><em>nostrum</em></strong></span> <span class='ocrx_word' id='word_1_426' title='bbox 1973 5009 2086 5062; x_wconf 83' lang='lat' dir='ltr'><strong><em>Au-</em></strong></span> 
     </span>
    </p>
   </div>
   <div class='ocr_carea' id='block_1_55' title="bbox 435 5095 2082 5166">
    <p class='ocr_par' dir='ltr' id='par_1_55' title="bbox 435 5095 2082 5166">
     <span class='ocr_line' id='line_1_55' title="bbox 435 5095 2082 5166; baseline -0.001 -14"><span class='ocrx_word' id='word_1_427' title='bbox 435 5097 632 5152; x_wconf 88' lang='lat' dir='ltr'><strong><em>relium</em></strong></span> <span class='ocrx_word' id='word_1_428' title='bbox 661 5097 740 5152; x_wconf 89' lang='lat' dir='ltr'><strong><em>ita</em></strong></span> <span class='ocrx_word' id='word_1_429' title='bbox 760 5097 1098 5166; x_wconf 86' lang='lat' dir='ltr'><strong><em>scripsimus,</em></strong></span> <span class='ocrx_word' id='word_1_430' title='bbox 1113 5103 1172 5149; x_wconf 89' lang='lat' dir='ltr'><strong><em>ut</em></strong></span> <span class='ocrx_word' id='word_1_431' title='bbox 1192 5095 1243 5148; x_wconf 89' lang='lat' dir='ltr'><strong><em>si</em></strong></span> <span class='ocrx_word' id='word_1_432' title='bbox 1253 5111 1396 5148; x_wconf 87' lang='lat' dir='ltr'><strong><em>nunc</em></strong></span> <span class='ocrx_word' id='word_1_433' title='bbox 1415 5095 1460 5148; x_wconf 86' lang='grc' dir='ltr'><em>Η</em></span> <span class='ocrx_word' id='word_1_434' title='bbox 1469 5095 1676 5166; x_wconf 89' lang='lat' dir='ltr'><strong><em>ippone-</em></strong></span> <span class='ocrx_word' id='word_1_435' title='bbox 1688 5097 1834 5166; x_wconf 87' lang='lat' dir='ltr'><strong><em>regio</em></strong></span> <span class='ocrx_word' id='word_1_436' title='bbox 1854 5095 2082 5166; x_wconf 89' lang='lat' dir='ltr'><strong><em>degeres,</em></strong></span> 
     </span>
    </p>
   </div>
   <div class='ocr_carea' id='block_1_56' title="bbox 435 5185 2089 5256">
    <p class='ocr_par' dir='ltr' id='par_1_56' title="bbox 435 5185 2089 5256">
     <span class='ocr_line' id='line_1_56' title="bbox 435 5185 2089 5256; baseline 0.001 -16"><span class='ocrx_word' id='word_1_437' title='bbox 435 5187 532 5241; x_wconf 90' lang='lat' dir='ltr'><strong><em>illo</em></strong></span> <span class='ocrx_word' id='word_1_438' title='bbox 571 5186 671 5240; x_wconf 91' lang='lat' dir='ltr'><strong><em>tibi</em></strong></span> <span class='ocrx_word' id='word_1_439' title='bbox 721 5187 932 5242; x_wconf 88' lang='lat' dir='ltr'><strong><em>litteras</em></strong></span> <span class='ocrx_word' id='word_1_440' title='bbox 975 5193 1204 5250; x_wconf 85' lang='lat' dir='ltr'><strong><em>nostras,</em></strong></span> <span class='ocrx_word' id='word_1_441' title='bbox 1236 5191 1286 5238; x_wconf 89' lang='lat' dir='ltr'><strong><em>et</em></strong></span> <span class='ocrx_word' id='word_1_442' title='bbox 1317 5185 1703 5254; x_wconf 79' lang='lat' dir='ltr'><strong><em>transcriptum</em></strong></span> <span class='ocrx_word' id='word_1_443' title='bbox 1751 5185 2089 5256; x_wconf 86' lang='lat' dir='ltr'><strong><em>Carthagine</em></strong></span> 
     </span>
    </p>
   </div>
   <div class='ocr_carea' id='block_1_57' title="bbox 441 5274 2085 5346">
    <p class='ocr_par' dir='ltr' id='par_1_57' title="bbox 441 5274 2085 5346">
     <span class='ocr_line' id='line_1_57' title="bbox 441 5274 2085 5346; baseline 0 -16"><span class='ocrx_word' id='word_1_444' title='bbox 441 5275 801 5332; x_wconf 90' lang='lat' dir='ltr'><strong><em>membranam</em></strong></span> <span class='ocrx_word' id='word_1_445' title='bbox 831 5279 1052 5331; x_wconf 86' lang='lat' dir='ltr'><strong><em>mittere</em></strong></span> <span class='ocrx_word' id='word_1_446' title='bbox 1069 5275 1414 5346; x_wconf 88' lang='lat' dir='ltr'><strong><em>dignaretur.</em></strong></span> <span class='ocrx_word' id='word_1_447' title='bbox 1445 5274 1594 5340; x_wconf 85' lang='lat' dir='ltr'><strong><em>Quod</em></strong></span> <span class='ocrx_word' id='word_1_448' title='bbox 1609 5279 1660 5329; x_wconf 91' lang='lat' dir='ltr'><strong><em>et</em></strong></span> <span class='ocrx_word' id='word_1_449' title='bbox 1682 5281 1890 5330; x_wconf 87' lang='lat' dir='ltr'><strong><em>sanctos</em></strong></span> <span class='ocrx_word' id='word_1_450' title='bbox 1921 5275 2085 5342; x_wconf 91' lang='lat' dir='ltr'><strong><em>viros,</em></strong></span> 
     </span>
    </p>
   </div>
   <div class='ocr_carea' id='block_1_58' title="bbox 501 5479 2085 5544">
    <p class='ocr_par' dir='ltr' id='par_1_58' title="bbox 501 5479 2085 5544">
     <span class='ocr_line' id='line_1_58' title="bbox 501 5479 2085 5544; baseline -0.001 -14"><span class='ocrx_word' id='word_1_451' title='bbox 501 5485 516 5514; x_wconf 74' lang='grc' dir='ltr'>ί</span> <span class='ocrx_word' id='word_1_452' title='bbox 557 5481 719 5538; x_wconf 84' lang='lat' dir='ltr'><strong><em>Edd.,</em></strong></span> <span class='ocrx_word' id='word_1_453' title='bbox 757 5481 890 5544; x_wconf 80' lang='lat' dir='ltr'><strong><em>quod</em></strong></span> <span class='ocrx_word' id='word_1_454' title='bbox 925 5479 1019 5544; x_wconf 81' lang='lat' dir='ltr'><strong><em>tibi</em></strong></span> <span class='ocrx_word' id='word_1_455' title='bbox 1041 5480 1385 5544; x_wconf 9' lang='lat' dir='ltr'><strong><em>deferendum,</em></strong></span> <span class='ocrx_word' id='word_1_456' title='bbox 1393 5479 1666 5544; x_wconf 81' lang='lat' dir='ltr'><strong><em>judicavit.</em></strong></span> <span class='ocrx_word' id='word_1_457' title='bbox 1703 5479 1825 5544; x_wconf 74' lang='lat' dir='ltr'><strong><em>Mss.</em></strong></span> <span class='ocrx_word' id='word_1_458' title='bbox 1851 5479 1961 5544; x_wconf 68' lang='lat' dir='ltr'><strong><em>duo</em></strong></span> <span class='ocrx_word' id='word_1_459' title='bbox 2015 5495 2085 5538; x_wconf 86' lang='lat' dir='ltr'><strong><em>v.,</em></strong></span> 
     </span>
    </p>
   </div>
   <div class='ocr_carea' id='block_1_59' title="bbox 431 5541 2086 5609">
    <p class='ocr_par' dir='ltr' id='par_1_59' title="bbox 431 5541 2086 5609">
     <span class='ocr_line' id='line_1_59' title="bbox 431 5541 2086 5609; baseline 0 -16"><span class='ocrx_word' id='word_1_460' title='bbox 431 5545 494 5609; x_wconf 85' lang='lat' dir='ltr'><strong><em>ju</em></strong></span> <span class='ocrx_word' id='word_1_461' title='bbox 505 5544 692 5593; x_wconf 88' lang='lat' dir='ltr'><strong><em>dicavi.</em></strong></span> <span class='ocrx_word' id='word_1_462' title='bbox 707 5541 777 5593; x_wconf 69' lang='lat' dir='ltr'><strong><em>Af</em></strong></span> <span class='ocrx_word' id='word_1_463' title='bbox 801 5541 890 5593; x_wconf 76' lang='lat' dir='ltr'><strong><em>alii</em></strong></span> <span class='ocrx_word' id='word_1_464' title='bbox 911 5542 1019 5592; x_wconf 89' lang='lat' dir='ltr'><strong><em>duo</em></strong></span> <span class='ocrx_word' id='word_1_465' title='bbox 1041 5541 1109 5596; x_wconf 58' lang='grc' dir='ltr'><strong><em>νζ</em></strong></span> <span class='ocrx_word' id='word_1_466' title='bbox 1133 5557 1256 5593; x_wconf 89' lang='lat' dir='ltr'><strong><em>cum</em></strong></span> <span class='ocrx_word' id='word_1_467' title='bbox 1277 5541 1536 5592; x_wconf 78' lang='lat' dir='ltr'><strong><em>tredocim</em></strong></span> <span class='ocrx_word' id='word_1_468' title='bbox 1559 5543 1814 5598; x_wconf 78' lang='lat' dir='ltr'><strong><em>enostris,</em></strong></span> <span class='ocrx_word' id='word_1_469' title='bbox 1843 5541 2086 5593; x_wconf 76' lang='lat' dir='ltr'><strong><em>iudicavi.</em></strong></span> 
     </span>
    </p>
   </div>
   <div class='ocr_carea' id='block_1_60' title="bbox 3743 231 3846 287">
    <p class='ocr_par' dir='ltr' id='par_1_60' title="bbox 3743 231 3846 287">
     <span class='ocr_line' id='line_1_60' title="bbox 3743 231 3846 287; baseline 0.01 -1"><span class='ocrx_word' id='word_1_470' title='bbox 3743 231 3846 287; x_wconf 87' lang='grc'><strong><em>100</em></strong></span> 
     </span>
    </p>
   </div>
   <div class='ocr_carea' id='block_1_61' title="bbox 2190 357 3848 430">
    <p class='ocr_par' dir='ltr' id='par_1_61' title="bbox 2190 357 3848 430">
     <span class='ocr_line' id='line_1_61' title="bbox 2190 357 3848 430; baseline 0.001 -18"><span class='ocrx_word' id='word_1_471' title='bbox 2190 375 2316 428; x_wconf 90' lang='lat' dir='ltr'><strong><em>quos</em></strong></span> <span class='ocrx_word' id='word_1_472' title='bbox 2349 357 2550 412; x_wconf 86' lang='lat' dir='ltr'><strong><em>indices</em></strong></span> <span class='ocrx_word' id='word_1_473' title='bbox 2587 357 2879 412; x_wconf 89' lang='lat' dir='ltr'><strong><em>charitatis</em></strong></span> <span class='ocrx_word' id='word_1_474' title='bbox 2903 357 3163 427; x_wconf 84' lang='lat' dir='ltr'><strong><em>ipsorum,</em></strong></span> <span class='ocrx_word' id='word_1_475' title='bbox 3211 363 3306 412; x_wconf 87' lang='lat' dir='ltr'><strong><em>tuo</em></strong></span> <span class='ocrx_word' id='word_1_476' title='bbox 3333 373 3574 412; x_wconf 87' lang='lat' dir='ltr'><strong><em>sermone</em></strong></span> <span class='ocrx_word' id='word_1_477' title='bbox 3603 361 3848 430; x_wconf 86' lang='lat' dir='ltr'><strong><em>cognovi-</em></strong></span> 
     </span>
    </p>
   </div>
   <div class='ocr_carea' id='block_1_62' title="bbox 2191 445 3848 517">
    <p class='ocr_par' dir='ltr' id='par_1_62' title="bbox 2191 445 3848 517">
     <span class='ocr_line' id='line_1_62' title="bbox 2191 445 3848 517; baseline 0.002 -17"><span class='ocrx_word' id='word_1_478' title='bbox 2191 463 2328 510; x_wconf 86' lang='lat' dir='ltr'><strong><em>mus,</em></strong></span> <span class='ocrx_word' id='word_1_479' title='bbox 2373 449 2632 502; x_wconf 88' lang='lat' dir='ltr'><strong><em>Comitem</em></strong></span> <span class='ocrx_word' id='word_1_480' title='bbox 2657 455 2704 502; x_wconf 90' lang='lat' dir='ltr'><strong><em>et</em></strong></span> <span class='ocrx_word' id='word_1_481' title='bbox 2733 445 2996 502; x_wconf 87' lang='lat' dir='ltr'><strong><em>Evodium</em></strong></span> <span class='ocrx_word' id='word_1_482' title='bbox 3021 445 3344 517; x_wconf 80' lang='lat' dir='ltr'><strong><em>rogavimus,</em></strong></span> <span class='ocrx_word' id='word_1_483' title='bbox 3379 454 3436 502; x_wconf 90' lang='lat' dir='ltr'><strong><em>ut</em></strong></span> <span class='ocrx_word' id='word_1_484' title='bbox 3469 447 3576 502; x_wconf 76' lang='lat' dir='ltr'><strong><em>htec</em></strong></span> <span class='ocrx_word' id='word_1_485' title='bbox 3611 445 3848 504; x_wconf 87' lang='lat' dir='ltr'><strong><em>scribere</em></strong></span> 
     </span>
    </p>
   </div>
   <div class='ocr_carea' id='block_1_63' title="bbox 2191 535 3850 606">
    <p class='ocr_par' dir='ltr' id='par_1_63' title="bbox 2191 535 3850 606">
     <span class='ocr_line' id='line_1_63' title="bbox 2191 535 3850 606; baseline 0.002 -17"><span class='ocrx_word' id='word_1_486' title='bbox 2191 536 2302 606; x_wconf 87' lang='lat' dir='ltr'><strong><em>ipsi</em></strong></span> <span class='ocrx_word' id='word_1_487' title='bbox 2333 545 2613 602; x_wconf 89' lang='lat' dir='ltr'><strong><em>curarent,</em></strong></span> <span class='ocrx_word' id='word_1_488' title='bbox 2641 555 2708 592; x_wconf 87' lang='lat' dir='ltr'><strong><em>ne</em></strong></span> <span class='ocrx_word' id='word_1_489' title='bbox 2753 535 2832 590; x_wconf 89' lang='lat' dir='ltr'><strong><em>vel</em></strong></span> <span class='ocrx_word' id='word_1_490' title='bbox 2859 537 3084 606; x_wconf 88' lang='lat' dir='ltr'><strong><em>parenti</em></strong></span> <span class='ocrx_word' id='word_1_491' title='bbox 3117 536 3408 590; x_wconf 85' lang='lat' dir='ltr'><strong><em>Domnioni</em></strong></span> <span class='ocrx_word' id='word_1_492' title='bbox 3447 535 3660 592; x_wconf 89' lang='lat' dir='ltr'><strong><em>diutius</em></strong></span> <span class='ocrx_word' id='word_1_493' title='bbox 3687 539 3850 592; x_wconf 70' lang='lat' dir='ltr'><strong><em>codex</em></strong></span> 
     </span>
    </p>
   </div>
   <div class='ocr_carea' id='block_1_64' title="bbox 2191 625 3850 696">
    <p class='ocr_par' dir='ltr' id='par_1_64' title="bbox 2191 625 3850 696">
     <span class='ocr_line' id='line_1_64' title="bbox 2191 625 3850 696; baseline 0.001 -16"><span class='ocrx_word' id='word_1_494' title='bbox 2191 643 2320 682; x_wconf 88' lang='lat' dir='ltr'><strong><em>suus</em></strong></span> <span class='ocrx_word' id='word_1_495' title='bbox 2341 626 2565 696; x_wconf 80' lang='lat' dir='ltr'><strong><em>deferet,</em></strong></span> <span class='ocrx_word' id='word_1_496' title='bbox 2597 634 2646 682; x_wconf 91' lang='lat' dir='ltr'><strong><em>et</em></strong></span> <span class='ocrx_word' id='word_1_497' title='bbox 2679 625 2781 680; x_wconf 90' lang='lat' dir='ltr'><strong><em>tibi</em></strong></span> <span class='ocrx_word' id='word_1_498' title='bbox 2807 627 3156 681; x_wconf 79' lang='lat' dir='ltr'><strong><em>transmissus</em></strong></span> <span class='ocrx_word' id='word_1_499' title='bbox 3195 626 3312 680; x_wconf 90' lang='lat' dir='ltr'><strong><em>sine</em></strong></span> <span class='ocrx_word' id='word_1_500' title='bbox 3341 627 3648 682; x_wconf 89' lang='lat' dir='ltr'><strong><em>necessitate</em></strong></span> <span class='ocrx_word' id='word_1_501' title='bbox 3667 627 3850 682; x_wconf 86' lang='lat' dir='ltr'><strong><em>redhi-</em></strong></span> 
     </span>
    </p>
   </div>
   <div class='ocr_carea' id='block_1_65' title="bbox 2193 715 2632 770">
    <p class='ocr_par' dir='ltr' id='par_1_65' title="bbox 2193 715 2632 770">
     <span class='ocr_line' id='line_1_65' title="bbox 2193 715 2632 770; baseline 0.005 -2"><span class='ocrx_word' id='word_1_502' title='bbox 2193 715 2348 770; x_wconf 85' lang='lat' dir='ltr'><strong><em>bendi</em></strong></span> <span class='ocrx_word' id='word_1_503' title='bbox 2375 723 2632 770; x_wconf 88' lang='lat' dir='ltr'><strong><em>maneret.</em></strong></span> 
     </span>
    </p>
   </div>
   <div class='ocr_carea' id='block_1_66' title="bbox 2261 805 3848 876">
    <p class='ocr_par' dir='ltr' id='par_1_66' title="bbox 2261 805 3848 876">
     <span class='ocr_line' id='line_1_66' title="bbox 2261 805 3848 876; baseline 0.001 -16"><span class='ocrx_word' id='word_1_504' title='bbox 2261 808 2314 860; x_wconf 78' lang='grc'>4.</span> <span class='ocrx_word' id='word_1_505' title='bbox 2347 805 2673 875; x_wconf 88' lang='lat' dir='ltr'><strong><em>Specialiter</em></strong></span> <span class='ocrx_word' id='word_1_506' title='bbox 2711 813 2888 860; x_wconf 89' lang='lat' dir='ltr'><strong><em>autem</em></strong></span> <span class='ocrx_word' id='word_1_507' title='bbox 2925 806 3018 860; x_wconf 89' lang='lat' dir='ltr'><strong><em>hoc</em></strong></span> <span class='ocrx_word' id='word_1_508' title='bbox 3041 823 3074 859; x_wconf 91' lang='lat' dir='ltr'><strong><em>a</em></strong></span> <span class='ocrx_word' id='word_1_509' title='bbox 3105 812 3154 860; x_wconf 89' lang='lat' dir='ltr'><strong><em>te</em></strong></span> <span class='ocrx_word' id='word_1_510' title='bbox 3181 813 3318 876; x_wconf 90' lang='lat' dir='ltr'><strong><em>peto,</em></strong></span> <span class='ocrx_word' id='word_1_511' title='bbox 3357 805 3608 876; x_wconf 85' lang='lat' dir='ltr'><strong><em>quoniam</em></strong></span> <span class='ocrx_word' id='word_1_512' title='bbox 3635 822 3716 860; x_wconf 90' lang='lat' dir='ltr'><strong><em>me</em></strong></span> <span class='ocrx_word' id='word_1_513' title='bbox 3747 805 3848 861; x_wconf 89' lang='lat' dir='ltr'><strong><em>im-</em></strong></span> 
     </span>
    </p>
   </div>
   <div class='ocr_carea' id='block_1_67' title="bbox 2191 895 3848 966">
    <p class='ocr_par' dir='ltr' id='par_1_67' title="bbox 2191 895 3848 966">
     <span class='ocr_line' id='line_1_67' title="bbox 2191 895 3848 966; baseline 0.001 -18"><span class='ocrx_word' id='word_1_514' title='bbox 2191 901 2478 949; x_wconf 87' lang='lat' dir='ltr'><strong><em>merentem</em></strong></span> <span class='ocrx_word' id='word_1_515' title='bbox 2491 901 2540 950; x_wconf 89' lang='lat' dir='ltr'><strong><em>et</em></strong></span> <span class='ocrx_word' id='word_1_516' title='bbox 2566 895 2940 964; x_wconf 87' lang='lat' dir='ltr'><strong><em>inopinantem</em></strong></span> <span class='ocrx_word' id='word_1_517' title='bbox 2965 896 3446 966; x_wconf 86' lang='lat' dir='ltr'><strong><em>magnotuiamore</em></strong></span> <span class='ocrx_word' id='word_1_518' title='bbox 3467 895 3762 966; x_wconf 86' lang='lat' dir='ltr'><strong><em>complesti,</em></strong></span> <span class='ocrx_word' id='word_1_519' title='bbox 3787 902 3848 950; x_wconf 89' lang='lat' dir='ltr'><strong><em>ut</em></strong></span> 
     </span>
    </p>
   </div>
   <div class='ocr_carea' id='block_1_68' title="bbox 2188 983 3848 1055">
    <p class='ocr_par' dir='ltr' id='par_1_68' title="bbox 2188 983 3848 1055">
     <span class='ocr_line' id='line_1_68' title="bbox 2188 983 3848 1055; baseline 0 -17"><span class='ocrx_word' id='word_1_520' title='bbox 2188 999 2288 1054; x_wconf 90' lang='lat' dir='ltr'><strong><em>pro</em></strong></span> <span class='ocrx_word' id='word_1_521' title='bbox 2319 983 2418 1038; x_wconf 87' lang='lat' dir='ltr'><strong><em>hac</em></strong></span> <span class='ocrx_word' id='word_1_522' title='bbox 2456 983 2688 1038; x_wconf 88' lang='lat' dir='ltr'><strong><em>historia</em></strong></span> <span class='ocrx_word' id='word_1_523' title='bbox 2723 992 3043 1055; x_wconf 88' lang='lat' dir='ltr'><strong><em>temporum,</em></strong></span> <span class='ocrx_word' id='word_1_524' title='bbox 3095 983 3301 1054; x_wconf 88' lang='lat' dir='ltr'><strong><em>referas</em></strong></span> <span class='ocrx_word' id='word_1_525' title='bbox 3329 983 3466 1038; x_wconf 86' lang='lat' dir='ltr'><strong><em>mihi</em></strong></span> <span class='ocrx_word' id='word_1_526' title='bbox 3511 1001 3716 1038; x_wconf 90' lang='lat' dir='ltr'><strong><em>omnem</em></strong></span> <span class='ocrx_word' id='word_1_527' title='bbox 3741 989 3848 1038; x_wconf 58' lang='lat' dir='ltr'><strong><em>tua:</em></strong></span> 
     </span>
    </p>
   </div>
   <div class='ocr_carea' id='block_1_69' title="bbox 2191 1071 3846 1144">
    <p class='ocr_par' dir='ltr' id='par_1_69' title="bbox 2191 1071 3846 1144">
     <span class='ocr_line' id='line_1_69' title="bbox 2191 1071 3846 1144; baseline 0.001 -18"><span class='ocrx_word' id='word_1_528' title='bbox 2191 1071 2510 1128; x_wconf 85' lang='lat' dir='ltr'><strong><em>Sanctitatis</em></strong></span> <span class='ocrx_word' id='word_1_529' title='bbox 2549 1073 2834 1130; x_wconf 89' lang='lat' dir='ltr'><strong><em>historiam</em></strong></span> <span class='ocrx_word' id='word_1_530' title='bbox 2865 1081 2960 1128; x_wconf 88' lang='lat' dir='ltr'><strong><em>:ut</em></strong></span> <span class='ocrx_word' id='word_1_531' title='bbox 2983 1073 3120 1144; x_wconf 88' lang='lat' dir='ltr'><strong><em>quod</em></strong></span> <span class='ocrx_word' id='word_1_532' title='bbox 3145 1075 3162 1108; x_wconf 82' lang='grc'>¹</span> <span class='ocrx_word' id='word_1_533' title='bbox 3189 1089 3376 1144; x_wconf 88' lang='lat' dir='ltr'><strong><em>genus,</em></strong></span> <span class='ocrx_word' id='word_1_534' title='bbox 3407 1073 3548 1128; x_wconf 91' lang='lat' dir='ltr'><strong><em>unde</em></strong></span> <span class='ocrx_word' id='word_1_535' title='bbox 3567 1075 3641 1128; x_wconf 88' lang='lat' dir='ltr'><strong><em>sis</em></strong></span> <span class='ocrx_word' id='word_1_536' title='bbox 3669 1074 3846 1140; x_wconf 86' lang='lat' dir='ltr'><strong><em>domo,</em></strong></span> 
     </span>
    </p>
   </div>
   <div class='ocr_carea' id='block_1_70' title="bbox 2191 1161 3848 1234">
    <p class='ocr_par' dir='ltr' id='par_1_70' title="bbox 2191 1161 3848 1234">
     <span class='ocr_line' id='line_1_70' title="bbox 2191 1161 3848 1234; baseline 0.001 -19"><span class='ocrx_word' id='word_1_537' title='bbox 2191 1168 2346 1216; x_wconf 87' lang='lat' dir='ltr'><strong><em>tanta</em></strong></span> <span class='ocrx_word' id='word_1_538' title='bbox 2376 1169 2590 1217; x_wconf 78' lang='lat' dir='ltr'><strong><em>vocatus</em></strong></span> <span class='ocrx_word' id='word_1_539' title='bbox 2613 1181 2646 1216; x_wconf 91' lang='lat' dir='ltr'><strong><em>a</em></strong></span> <span class='ocrx_word' id='word_1_540' title='bbox 2677 1163 2924 1228; x_wconf 86' lang='lat' dir='ltr'><strong><em>Domino,</em></strong></span> <span class='ocrx_word' id='word_1_541' title='bbox 2957 1161 3144 1234; x_wconf 89' lang='lat' dir='ltr'><strong><em>quibus</em></strong></span> <span class='ocrx_word' id='word_1_542' title='bbox 3169 1163 3414 1218; x_wconf 72' lang='lat' dir='ltr'><strong><em>exordiis</em></strong></span> <span class='ocrx_word' id='word_1_543' title='bbox 3439 1171 3742 1234; x_wconf 87' lang='lat' dir='ltr'><strong><em>segregatus</em></strong></span> <span class='ocrx_word' id='word_1_544' title='bbox 3779 1163 3848 1217; x_wconf 92' lang='lat' dir='ltr'><strong><em>ab</em></strong></span> 
     </span>
    </p>
   </div>
   <div class='ocr_carea' id='block_1_71' title="bbox 2193 1251 3848 1323">
    <p class='ocr_par' dir='ltr' id='par_1_71' title="bbox 2193 1251 3848 1323">
     <span class='ocr_line' id='line_1_71' title="bbox 2193 1251 3848 1323; baseline 0.001 -18"><span class='ocrx_word' id='word_1_545' title='bbox 2193 1259 2346 1306; x_wconf 91' lang='lat' dir='ltr'><strong><em>utero</em></strong></span> <span class='ocrx_word' id='word_1_546' title='bbox 2363 1252 2560 1306; x_wconf 86' lang='lat' dir='ltr'><strong><em>matris</em></strong></span> <span class='ocrx_word' id='word_1_547' title='bbox 2589 1259 2714 1316; x_wconf 82' lang='lat' dir='ltr'><strong><em>tute,</em></strong></span> <span class='ocrx_word' id='word_1_548' title='bbox 2737 1253 2806 1306; x_wconf 89' lang='lat' dir='ltr'><strong><em>ad</em></strong></span> <span class='ocrx_word' id='word_1_549' title='bbox 2831 1259 3056 1306; x_wconf 87' lang='lat' dir='ltr'><strong><em>matrem</em></strong></span> <span class='ocrx_word' id='word_1_550' title='bbox 3083 1251 3326 1322; x_wconf 85' lang='lat' dir='ltr'><strong><em>ﬁliorum</em></strong></span> <span class='ocrx_word' id='word_1_551' title='bbox 3351 1253 3454 1308; x_wconf 91' lang='lat' dir='ltr'><strong><em>Dei</em></strong></span> <span class='ocrx_word' id='word_1_552' title='bbox 3477 1253 3632 1323; x_wconf 85' lang='lat' dir='ltr'><strong><em>prole</em></strong></span> <span class='ocrx_word' id='word_1_553' title='bbox 3655 1254 3848 1309; x_wconf 71' lang='lat' dir='ltr'><strong><em>laetan-</em></strong></span> 
     </span>
    </p>
   </div>
   <div class='ocr_carea' id='block_1_72' title="bbox 2193 1341 3848 1413">
    <p class='ocr_par' dir='ltr' id='par_1_72' title="bbox 2193 1341 3848 1413">
     <span class='ocr_line' id='line_1_72' title="bbox 2193 1341 3848 1413; baseline 0.001 -19"><span class='ocrx_word' id='word_1_554' title='bbox 2193 1347 2312 1406; x_wconf 90' lang='lat' dir='ltr'><strong><em>tem,</em></strong></span> <span class='ocrx_word' id='word_1_555' title='bbox 2331 1341 2590 1412; x_wconf 85' lang='lat' dir='ltr'><strong><em>abjurata</em></strong></span> <span class='ocrx_word' id='word_1_556' title='bbox 2607 1344 2792 1396; x_wconf 89' lang='lat' dir='ltr'><strong><em>carnis</em></strong></span> <span class='ocrx_word' id='word_1_557' title='bbox 2805 1342 3154 1413; x_wconf 87' lang='lat' dir='ltr'><strong><em>etsanguinis</em></strong></span> <span class='ocrx_word' id='word_1_558' title='bbox 3181 1342 3374 1413; x_wconf 88' lang='lat' dir='ltr'><strong><em>stirpe,</em></strong></span> <span class='ocrx_word' id='word_1_559' title='bbox 3395 1342 3706 1408; x_wconf 88' lang='lat' dir='ltr'><strong><em>transieris,</em></strong></span> <span class='ocrx_word' id='word_1_560' title='bbox 3725 1349 3774 1396; x_wconf 88' lang='lat' dir='ltr'><strong><em>et</em></strong></span> <span class='ocrx_word' id='word_1_561' title='bbox 3789 1342 3848 1396; x_wconf 93' lang='lat' dir='ltr'><strong><em>in</em></strong></span> 
     </span>
    </p>
   </div>
   <div class='ocr_carea' id='block_1_73' title="bbox 2191 1431 3850 1501">
    <p class='ocr_par' dir='ltr' id='par_1_73' title="bbox 2191 1431 3850 1501">
     <span class='ocr_line' id='line_1_73' title="bbox 2191 1431 3850 1501; baseline 0.001 -17"><span class='ocrx_word' id='word_1_562' title='bbox 2191 1447 2352 1501; x_wconf 88' lang='lat' dir='ltr'><strong><em>genus</em></strong></span> <span class='ocrx_word' id='word_1_563' title='bbox 2371 1431 2547 1500; x_wconf 89' lang='lat' dir='ltr'><strong><em>regale</em></strong></span> <span class='ocrx_word' id='word_1_564' title='bbox 2566 1438 2614 1486; x_wconf 89' lang='lat' dir='ltr'><strong><em>et</em></strong></span> <span class='ocrx_word' id='word_1_565' title='bbox 2626 1431 2952 1485; x_wconf 87' lang='lat' dir='ltr'><strong><em>sacerdotale</em></strong></span> <span class='ocrx_word' id='word_1_566' title='bbox 2961 1431 3038 1485; x_wconf 90' lang='lat' dir='ltr'><strong><em>sis</em></strong></span> <span class='ocrx_word' id='word_1_567' title='bbox 3057 1431 3376 1497; x_wconf 87' lang='lat' dir='ltr'><strong><em>translatus,</em></strong></span> <span class='ocrx_word' id='word_1_568' title='bbox 3402 1431 3684 1486; x_wconf 87' lang='lat' dir='ltr'><strong><em>edisseras.</em></strong></span> <span class='ocrx_word' id='word_1_569' title='bbox 3699 1431 3850 1498; x_wconf 84' lang='lat' dir='ltr'><strong><em>Quod</em></strong></span> 
     </span>
    </p>
   </div>
   <div class='ocr_carea' id='block_1_74' title="bbox 2193 1519 3852 1591">
    <p class='ocr_par' dir='ltr' id='par_1_74' title="bbox 2193 1519 3852 1591">
     <span class='ocr_line' id='line_1_74' title="bbox 2193 1519 3852 1591; baseline 0.001 -18"><span class='ocrx_word' id='word_1_570' title='bbox 2193 1521 2334 1574; x_wconf 89' lang='lat' dir='ltr'><strong><em>enim</em></strong></span> <span class='ocrx_word' id='word_1_571' title='bbox 2367 1520 2644 1584; x_wconf 87' lang='lat' dir='ltr'><strong><em>indicasti,</em></strong></span> <span class='ocrx_word' id='word_1_572' title='bbox 2663 1521 2780 1590; x_wconf 87' lang='lat' dir='ltr'><strong><em>jam</em></strong></span> <span class='ocrx_word' id='word_1_573' title='bbox 2803 1519 2865 1573; x_wconf 91' lang='lat' dir='ltr'><strong><em>de</em></strong></span> <span class='ocrx_word' id='word_1_574' title='bbox 2887 1520 3218 1574; x_wconf 87' lang='lat' dir='ltr'><strong><em>humilitatis</em></strong></span> <span class='ocrx_word' id='word_1_575' title='bbox 3249 1527 3445 1574; x_wconf 67' lang='lat' dir='ltr'><strong><em>nostra?</em></strong></span> <span class='ocrx_word' id='word_1_576' title='bbox 3465 1521 3681 1574; x_wconf 89' lang='lat' dir='ltr'><strong><em>nomine</em></strong></span> <span class='ocrx_word' id='word_1_577' title='bbox 3703 1520 3852 1591; x_wconf 86' lang='lat' dir='ltr'><strong><em>apud</em></strong></span> 
     </span>
    </p>
   </div>
   <div class='ocr_carea' id='block_1_75' title="bbox 2191 1609 3845 1680">
    <p class='ocr_par' dir='ltr' id='par_1_75' title="bbox 2191 1609 3845 1680">
     <span class='ocr_line' id='line_1_75' title="bbox 2191 1609 3845 1680; baseline 0 -16"><span class='ocrx_word' id='word_1_578' title='bbox 2191 1609 2556 1664; x_wconf 82' lang='lat' dir='ltr'><strong><em>Mediolanum</em></strong></span> <span class='ocrx_word' id='word_1_579' title='bbox 2573 1616 2618 1663; x_wconf 89' lang='lat' dir='ltr'><strong><em>te</em></strong></span> <span class='ocrx_word' id='word_1_580' title='bbox 2641 1609 2908 1674; x_wconf 74' lang='lat' dir='ltr'><strong><em>didicisse,</em></strong></span> <span class='ocrx_word' id='word_1_581' title='bbox 2933 1627 3050 1664; x_wconf 91' lang='lat' dir='ltr'><strong><em>cum</em></strong></span> <span class='ocrx_word' id='word_1_582' title='bbox 3065 1609 3182 1663; x_wconf 90' lang='lat' dir='ltr'><strong><em>illic</em></strong></span> <span class='ocrx_word' id='word_1_583' title='bbox 3203 1609 3538 1674; x_wconf 85' lang='lat' dir='ltr'><strong><em>initiareris,</em></strong></span> <span class='ocrx_word' id='word_1_584' title='bbox 3551 1610 3729 1680; x_wconf 90' lang='lat' dir='ltr'><strong><em>fateor</em></strong></span> <span class='ocrx_word' id='word_1_585' title='bbox 3751 1627 3845 1664; x_wconf 89' lang='lat' dir='ltr'><strong><em>cu-</em></strong></span> 
     </span>
    </p>
   </div>
   <div class='ocr_carea' id='block_1_76' title="bbox 2193 1699 3849 1770">
    <p class='ocr_par' dir='ltr' id='par_1_76' title="bbox 2193 1699 3849 1770">
     <span class='ocr_line' id='line_1_76' title="bbox 2193 1699 3849 1770; baseline 0.001 -18"><span class='ocrx_word' id='word_1_586' title='bbox 2193 1700 2394 1753; x_wconf 86' lang='lat' dir='ltr'><strong><em>riosius</em></strong></span> <span class='ocrx_word' id='word_1_587' title='bbox 2419 1717 2498 1754; x_wconf 90' lang='lat' dir='ltr'><strong><em>me</em></strong></span> <span class='ocrx_word' id='word_1_588' title='bbox 2520 1699 2650 1752; x_wconf 89' lang='lat' dir='ltr'><strong><em>velle</em></strong></span> <span class='ocrx_word' id='word_1_589' title='bbox 2689 1699 3008 1764; x_wconf 89' lang='lat' dir='ltr'><strong><em>condiscere,</em></strong></span> <span class='ocrx_word' id='word_1_590' title='bbox 3063 1705 3122 1752; x_wconf 90' lang='lat' dir='ltr'><strong><em>ut</em></strong></span> <span class='ocrx_word' id='word_1_591' title='bbox 3151 1700 3296 1752; x_wconf 89' lang='lat' dir='ltr'><strong><em>omni</em></strong></span> <span class='ocrx_word' id='word_1_592' title='bbox 3320 1707 3477 1770; x_wconf 90' lang='lat' dir='ltr'><strong><em>parte</em></strong></span> <span class='ocrx_word' id='word_1_593' title='bbox 3509 1705 3556 1754; x_wconf 90' lang='lat' dir='ltr'><strong><em>te</em></strong></span> <span class='ocrx_word' id='word_1_594' title='bbox 3588 1701 3849 1765; x_wconf 91' lang='lat' dir='ltr'><strong><em>noverim,</em></strong></span> 
     </span>
    </p>
   </div>
   <div class='ocr_carea' id='block_1_77' title="bbox 2191 1789 3851 1860">
    <p class='ocr_par' dir='ltr' id='par_1_77' title="bbox 2191 1789 3851 1860">
     <span class='ocr_line' id='line_1_77' title="bbox 2191 1789 3851 1860; baseline 0 -16"><span class='ocrx_word' id='word_1_595' title='bbox 2191 1806 2292 1860; x_wconf 89' lang='lat' dir='ltr'><strong><em>quo</em></strong></span> <span class='ocrx_word' id='word_1_596' title='bbox 2321 1791 2492 1860; x_wconf 88' lang='lat' dir='ltr'><strong><em>magis</em></strong></span> <span class='ocrx_word' id='word_1_597' title='bbox 2520 1790 2792 1859; x_wconf 86' lang='lat' dir='ltr'><strong><em>gratuler,</em></strong></span> <span class='ocrx_word' id='word_1_598' title='bbox 2820 1789 2870 1844; x_wconf 90' lang='lat' dir='ltr'><strong><em>si</em></strong></span> <span class='ocrx_word' id='word_1_599' title='bbox 2901 1807 2932 1842; x_wconf 90' lang='lat' dir='ltr'><strong><em>a</em></strong></span> <span class='ocrx_word' id='word_1_600' title='bbox 2961 1789 3299 1859; x_wconf 88' lang='lat' dir='ltr'><strong><em>suscipiendo</em></strong></span> <span class='ocrx_word' id='word_1_601' title='bbox 3323 1789 3459 1844; x_wconf 88' lang='lat' dir='ltr'><strong><em>mihi</em></strong></span> <span class='ocrx_word' id='word_1_602' title='bbox 3481 1797 3639 1860; x_wconf 87' lang='lat' dir='ltr'><strong><em>patre</em></strong></span> <span class='ocrx_word' id='word_1_603' title='bbox 3667 1797 3851 1844; x_wconf 87' lang='lat' dir='ltr'><strong><em>nostra</em></strong></span> 
     </span>
    </p>
   </div>
   <div class='ocr_carea' id='block_1_78' title="bbox 2193 1877 3850 1947">
    <p class='ocr_par' dir='ltr' id='par_1_78' title="bbox 2193 1877 3850 1947">
     <span class='ocr_line' id='line_1_78' title="bbox 2193 1877 3850 1947; baseline 0.001 -15"><span class='ocrx_word' id='word_1_604' title='bbox 2193 1878 2498 1944; x_wconf 81' lang='lat' dir='ltr'><strong><em>Ambrosio,</em></strong></span> <span class='ocrx_word' id='word_1_605' title='bbox 2527 1881 2610 1932; x_wconf 88' lang='lat' dir='ltr'><strong><em>vel</em></strong></span> <span class='ocrx_word' id='word_1_606' title='bbox 2630 1879 2700 1932; x_wconf 91' lang='lat' dir='ltr'><strong><em>ad</em></strong></span> <span class='ocrx_word' id='word_1_607' title='bbox 2727 1877 2882 1947; x_wconf 85' lang='lat' dir='ltr'><strong><em>ﬁdem</em></strong></span> <span class='ocrx_word' id='word_1_608' title='bbox 2909 1879 3172 1933; x_wconf 87' lang='lat' dir='ltr'><strong><em>invitatus</em></strong></span> <span class='ocrx_word' id='word_1_609' title='bbox 3201 1895 3272 1944; x_wconf 92' lang='lat' dir='ltr'><strong><em>es,</em></strong></span> <span class='ocrx_word' id='word_1_610' title='bbox 3299 1879 3377 1933; x_wconf 88' lang='lat' dir='ltr'><strong><em>vel</em></strong></span> <span class='ocrx_word' id='word_1_611' title='bbox 3398 1879 3466 1933; x_wconf 90' lang='lat' dir='ltr'><strong><em>ad</em></strong></span> <span class='ocrx_word' id='word_1_612' title='bbox 3489 1879 3850 1934; x_wconf 86' lang='lat' dir='ltr'><strong><em>sacerdotium</em></strong></span> 
     </span>
    </p>
   </div>
   <div class='ocr_carea' id='block_1_79' title="bbox 2191 1967 3850 2032">
    <p class='ocr_par' dir='ltr' id='par_1_79' title="bbox 2191 1967 3850 2032">
     <span class='ocr_line' id='line_1_79' title="bbox 2191 1967 3850 2032; baseline 0 -10"><span class='ocrx_word' id='word_1_613' title='bbox 2191 1975 2544 2032; x_wconf 88' lang='lat' dir='ltr'><strong><em>consecratus,</em></strong></span> <span class='ocrx_word' id='word_1_614' title='bbox 2579 1975 2638 2023; x_wconf 90' lang='lat' dir='ltr'><strong><em>ut</em></strong></span> <span class='ocrx_word' id='word_1_615' title='bbox 2676 1967 2912 2022; x_wconf 90' lang='lat' dir='ltr'><strong><em>eumdem</em></strong></span> <span class='ocrx_word' id='word_1_616' title='bbox 2947 1967 3098 2023; x_wconf 88' lang='lat' dir='ltr'><strong><em>ambo</em></strong></span> <span class='ocrx_word' id='word_1_617' title='bbox 3127 1968 3410 2022; x_wconf 90' lang='lat' dir='ltr'><strong><em>videamur</em></strong></span> <span class='ocrx_word' id='word_1_618' title='bbox 3449 1968 3637 2023; x_wconf 89' lang='lat' dir='ltr'><strong><em>habere</em></strong></span> <span class='ocrx_word' id='word_1_619' title='bbox 3669 1974 3850 2024; x_wconf 85' lang='lat' dir='ltr'><strong><em>aucto-</em></strong></span> 
     </span>
    </p>
   </div>
   <div class='ocr_carea' id='block_1_80' title="bbox 2191 2057 3852 2129">
    <p class='ocr_par' dir='ltr' id='par_1_80' title="bbox 2191 2057 3852 2129">
     <span class='ocr_line' id='line_1_80' title="bbox 2191 2057 3852 2129; baseline -0.001 -15"><span class='ocrx_word' id='word_1_620' title='bbox 2191 2075 2326 2114; x_wconf 89' lang='lat' dir='ltr'><strong><em>rem.</em></strong></span> <span class='ocrx_word' id='word_1_621' title='bbox 2358 2058 2498 2114; x_wconf 89' lang='lat' dir='ltr'><strong><em>Nam</em></strong></span> <span class='ocrx_word' id='word_1_622' title='bbox 2518 2075 2606 2129; x_wconf 91' lang='lat' dir='ltr'><strong><em>ego</em></strong></span> <span class='ocrx_word' id='word_1_623' title='bbox 2635 2058 2739 2112; x_wconf 87' lang='lat' dir='ltr'><strong><em>etsi</em></strong></span> <span class='ocrx_word' id='word_1_624' title='bbox 2760 2074 2793 2111; x_wconf 89' lang='lat' dir='ltr'><strong><em>a</em></strong></span> <span class='ocrx_word' id='word_1_625' title='bbox 2825 2057 3088 2128; x_wconf 88' lang='lat' dir='ltr'><strong><em>Delphino</em></strong></span> <span class='ocrx_word' id='word_1_626' title='bbox 3115 2057 3432 2128; x_wconf 82' lang='lat' dir='ltr'><strong><em>Burdegalte</em></strong></span> <span class='ocrx_word' id='word_1_627' title='bbox 3461 2057 3787 2129; x_wconf 76' lang='lat' dir='ltr'><strong><em>baptizatus,</em></strong></span> <span class='ocrx_word' id='word_1_628' title='bbox 3817 2076 3852 2113; x_wconf 92' lang='lat' dir='ltr'><strong><em>a</em></strong></span> 
     </span>
    </p>
   </div>
   <div class='ocr_carea' id='block_1_81' title="bbox 2193 2147 3852 2220">
    <p class='ocr_par' dir='ltr' id='par_1_81' title="bbox 2193 2147 3852 2220">
     <span class='ocr_line' id='line_1_81' title="bbox 2193 2147 3852 2220; baseline -0.001 -16"><span class='ocrx_word' id='word_1_629' title='bbox 2193 2149 2418 2220; x_wconf 89' lang='lat' dir='ltr'><strong><em>Lampia</em></strong></span> <span class='ocrx_word' id='word_1_630' title='bbox 2455 2148 2599 2220; x_wconf 91' lang='lat' dir='ltr'><strong><em>apud</em></strong></span> <span class='ocrx_word' id='word_1_631' title='bbox 2633 2147 2970 2202; x_wconf 88' lang='lat' dir='ltr'><strong><em>Barcilonem</em></strong></span> <span class='ocrx_word' id='word_1_632' title='bbox 2995 2147 3056 2200; x_wconf 90' lang='lat' dir='ltr'><strong><em>in</em></strong></span> <span class='ocrx_word' id='word_1_633' title='bbox 3084 2147 3480 2218; x_wconf 52' lang='lat' dir='ltr'><strong><em>Hispaniaﬁper</em></strong></span> <span class='ocrx_word' id='word_1_634' title='bbox 3509 2149 3852 2218; x_wconf 84' lang='lat' dir='ltr'><strong><em>vimin/lam-</em></strong></span> 
     </span>
    </p>
   </div>
   <div class='ocr_carea' id='block_1_82' title="bbox 2191 2236 3852 2308">
    <p class='ocr_par' dir='ltr' id='par_1_82' title="bbox 2191 2236 3852 2308">
     <span class='ocr_line' id='line_1_82' title="bbox 2191 2236 3852 2308; baseline 0 -16"><span class='ocrx_word' id='word_1_635' title='bbox 2191 2246 2349 2292; x_wconf 73' lang='lat' dir='ltr'><strong><em>mata:</em></strong></span> <span class='ocrx_word' id='word_1_636' title='bbox 2404 2237 2578 2292; x_wconf 88' lang='lat' dir='ltr'><strong><em>subito</em></strong></span> <span class='ocrx_word' id='word_1_637' title='bbox 2623 2236 2808 2308; x_wconf 87' lang='lat' dir='ltr'><strong><em>plebis,</em></strong></span> <span class='ocrx_word' id='word_1_638' title='bbox 2875 2244 3122 2292; x_wconf 89' lang='lat' dir='ltr'><strong><em>sacratus</em></strong></span> <span class='ocrx_word' id='word_1_639' title='bbox 3166 2239 3316 2294; x_wconf 88' lang='lat' dir='ltr'><strong><em>sim:</em></strong></span> <span class='ocrx_word' id='word_1_640' title='bbox 3357 2243 3532 2292; x_wconf 89' lang='lat' dir='ltr'><strong><em>tamen</em></strong></span> <span class='ocrx_word' id='word_1_641' title='bbox 3569 2237 3852 2293; x_wconf 83' lang='lat' dir='ltr'><strong><em>Ambrosii</em></strong></span> 
     </span>
    </p>
   </div>
   <div class='ocr_carea' id='block_1_83' title="bbox 2193 2323 3852 2396">
    <p class='ocr_par' dir='ltr' id='par_1_83' title="bbox 2193 2323 3852 2396">
     <span class='ocr_line' id='line_1_83' title="bbox 2193 2323 3852 2396; baseline 0.001 -17"><span class='ocrx_word' id='word_1_642' title='bbox 2193 2341 2395 2396; x_wconf 89' lang='lat' dir='ltr'><strong><em>semper</em></strong></span> <span class='ocrx_word' id='word_1_643' title='bbox 2423 2331 2474 2380; x_wconf 91' lang='lat' dir='ltr'><strong><em>et</em></strong></span> <span class='ocrx_word' id='word_1_644' title='bbox 2501 2324 2786 2380; x_wconf 89' lang='lat' dir='ltr'><strong><em>dilectione</em></strong></span> <span class='ocrx_word' id='word_1_645' title='bbox 2824 2324 2896 2378; x_wconf 91' lang='lat' dir='ltr'><strong><em>ad</em></strong></span> <span class='ocrx_word' id='word_1_646' title='bbox 2931 2323 3086 2394; x_wconf 85' lang='lat' dir='ltr'><strong><em>ﬁdem</em></strong></span> <span class='ocrx_word' id='word_1_647' title='bbox 3117 2324 3427 2379; x_wconf 87' lang='lat' dir='ltr'><strong><em>innutritus</em></strong></span> <span class='ocrx_word' id='word_1_648' title='bbox 3450 2342 3586 2388; x_wconf 90' lang='lat' dir='ltr'><strong><em>sum,</em></strong></span> <span class='ocrx_word' id='word_1_649' title='bbox 3629 2333 3676 2380; x_wconf 90' lang='lat' dir='ltr'><strong><em>et</em></strong></span> <span class='ocrx_word' id='word_1_650' title='bbox 3709 2342 3852 2380; x_wconf 87' lang='lat' dir='ltr'><strong><em>nunc</em></strong></span> 
     </span>
    </p>
   </div>
   <div class='ocr_carea' id='block_1_84' title="bbox 2195 2413 3850 2485">
    <p class='ocr_par' dir='ltr' id='par_1_84' title="bbox 2195 2413 3850 2485">
     <span class='ocr_line' id='line_1_84' title="bbox 2195 2413 3850 2485; baseline 0.001 -17"><span class='ocrx_word' id='word_1_651' title='bbox 2195 2415 2254 2470; x_wconf 90' lang='lat' dir='ltr'><strong><em>in</em></strong></span> <span class='ocrx_word' id='word_1_652' title='bbox 2292 2414 2584 2468; x_wconf 86' lang='lat' dir='ltr'><strong><em>sacerdotii</em></strong></span> <span class='ocrx_word' id='word_1_653' title='bbox 2611 2413 2804 2468; x_wconf 90' lang='lat' dir='ltr'><strong><em>ordine</em></strong></span> <span class='ocrx_word' id='word_1_654' title='bbox 2831 2414 3139 2484; x_wconf 89' lang='lat' dir='ltr'><strong><em>confoveor.</em></strong></span> <span class='ocrx_word' id='word_1_655' title='bbox 3189 2413 3426 2485; x_wconf 89' lang='lat' dir='ltr'><strong><em>Denique</em></strong></span> <span class='ocrx_word' id='word_1_656' title='bbox 3449 2432 3542 2470; x_wconf 92' lang='lat' dir='ltr'><strong><em>suo</em></strong></span> <span class='ocrx_word' id='word_1_657' title='bbox 3571 2432 3650 2470; x_wconf 92' lang='lat' dir='ltr'><strong><em>me</em></strong></span> <span class='ocrx_word' id='word_1_658' title='bbox 3703 2416 3850 2470; x_wconf 85' lang='lat' dir='ltr'><strong><em>clero</em></strong></span> 
     </span>
    </p>
   </div>
   <div class='ocr_carea' id='block_1_85' title="bbox 2194 2503 3852 2576">
    <p class='ocr_par' dir='ltr' id='par_1_85' title="bbox 2194 2503 3852 2576">
     <span class='ocr_line' id='line_1_85' title="bbox 2194 2503 3852 2576; baseline 0 -17"><span class='ocrx_word' id='word_1_659' title='bbox 2194 2505 2470 2560; x_wconf 86' lang='lat' dir='ltr'><strong><em>vindicare</em></strong></span> <span class='ocrx_word' id='word_1_660' title='bbox 2521 2504 2709 2568; x_wconf 89' lang='lat' dir='ltr'><strong><em>voluit,</em></strong></span> <span class='ocrx_word' id='word_1_661' title='bbox 2767 2511 2826 2559; x_wconf 88' lang='lat' dir='ltr'><strong><em>ut</em></strong></span> <span class='ocrx_word' id='word_1_662' title='bbox 2857 2504 2958 2558; x_wconf 90' lang='lat' dir='ltr'><strong><em>etsi</em></strong></span> <span class='ocrx_word' id='word_1_663' title='bbox 2994 2503 3220 2558; x_wconf 85' lang='lat' dir='ltr'><strong><em>diversis</em></strong></span> <span class='ocrx_word' id='word_1_664' title='bbox 3282 2503 3411 2559; x_wconf 88' lang='lat' dir='ltr'><strong><em>locis</em></strong></span> <span class='ocrx_word' id='word_1_665' title='bbox 3439 2505 3644 2575; x_wconf 84' lang='lat' dir='ltr'><strong><em>degam,</em></strong></span> <span class='ocrx_word' id='word_1_666' title='bbox 3677 2505 3852 2576; x_wconf 88' lang='lat' dir='ltr'><strong><em>ipsius</em></strong></span> 
     </span>
    </p>
   </div>
   <div class='ocr_carea' id='block_1_86' title="bbox 2193 2595 2737 2666">
    <p class='ocr_par' dir='ltr' id='par_1_86' title="bbox 2193 2595 2737 2666">
     <span class='ocr_line' id='line_1_86' title="bbox 2193 2595 2737 2666; baseline 0.002 -16"><span class='ocrx_word' id='word_1_667' title='bbox 2193 2595 2468 2666; x_wconf 82' lang='lat' dir='ltr'><strong><em>presbyter</em></strong></span> <span class='ocrx_word' id='word_1_668' title='bbox 2497 2611 2712 2649; x_wconf 90' lang='lat' dir='ltr'><strong><em>censear</em></strong></span> <span class='ocrx_word' id='word_1_669' title='bbox 2725 2637 2737 2651; x_wconf 94' lang='lat'><strong><em>.</em></strong></span> 
     </span>
    </p>
   </div>
   <div class='ocr_carea' id='block_1_87' title="bbox 2269 2683 3850 2756">
    <p class='ocr_par' dir='ltr' id='par_1_87' title="bbox 2269 2683 3850 2756">
     <span class='ocr_line' id='line_1_87' title="bbox 2269 2683 3850 2756; baseline 0 -16"><span class='ocrx_word' id='word_1_670' title='bbox 2269 2689 2324 2740; x_wconf 84' lang='lat'><strong><em>5.</em></strong></span> <span class='ocrx_word' id='word_1_671' title='bbox 2371 2683 2470 2739; x_wconf 88' lang='lat' dir='ltr'><strong><em>Sed</em></strong></span> <span class='ocrx_word' id='word_1_672' title='bbox 2498 2684 2560 2738; x_wconf 92' lang='lat' dir='ltr'><strong><em>de</em></strong></span> <span class='ocrx_word' id='word_1_673' title='bbox 2597 2701 2676 2738; x_wconf 91' lang='lat' dir='ltr'><strong><em>me</em></strong></span> <span class='ocrx_word' id='word_1_674' title='bbox 2701 2701 2762 2738; x_wconf 88' lang='lat' dir='ltr'><strong><em>ne</em></strong></span> <span class='ocrx_word' id='word_1_675' title='bbox 2803 2683 2932 2753; x_wconf 89' lang='lat' dir='ltr'><strong><em>quid</em></strong></span> <span class='ocrx_word' id='word_1_676' title='bbox 2966 2684 3200 2754; x_wconf 88' lang='lat' dir='ltr'><strong><em>ignores,</em></strong></span> <span class='ocrx_word' id='word_1_677' title='bbox 3231 2683 3368 2738; x_wconf 89' lang='lat' dir='ltr'><strong><em>scias</em></strong></span> <span class='ocrx_word' id='word_1_678' title='bbox 3409 2685 3850 2756; x_wconf 88' lang='lat' dir='ltr'><strong><em>antiquissimum</em></strong></span> 
     </span>
    </p>
   </div>
   <div class='ocr_carea' id='block_1_88' title="bbox 2189 2772 3853 2846">
    <p class='ocr_par' dir='ltr' id='par_1_88' title="bbox 2189 2772 3853 2846">
     <span class='ocr_line' id='line_1_88' title="bbox 2189 2772 3853 2846; baseline 0.001 -18"><span class='ocrx_word' id='word_1_679' title='bbox 2189 2781 2536 2846; x_wconf 89' lang='lat' dir='ltr'><strong><em>peccatorem,</em></strong></span> <span class='ocrx_word' id='word_1_680' title='bbox 2573 2790 2678 2828; x_wconf 89' lang='lat' dir='ltr'><strong><em>non</em></strong></span> <span class='ocrx_word' id='word_1_681' title='bbox 2709 2774 2788 2834; x_wconf 80' lang='lat' dir='ltr'><strong><em>ita</em></strong></span> <span class='ocrx_word' id='word_1_682' title='bbox 2818 2773 2946 2827; x_wconf 91' lang='lat' dir='ltr'><strong><em>olim</em></strong></span> <span class='ocrx_word' id='word_1_683' title='bbox 2977 2772 3038 2826; x_wconf 90' lang='lat' dir='ltr'><strong><em>de</em></strong></span> <span class='ocrx_word' id='word_1_684' title='bbox 3079 2772 3310 2827; x_wconf 89' lang='lat' dir='ltr'><strong><em>tenebris</em></strong></span> <span class='ocrx_word' id='word_1_685' title='bbox 3333 2780 3382 2827; x_wconf 92' lang='lat' dir='ltr'><strong><em>et</em></strong></span> <span class='ocrx_word' id='word_1_686' title='bbox 3421 2773 3612 2828; x_wconf 89' lang='lat' dir='ltr'><strong><em>umbra</em></strong></span> <span class='ocrx_word' id='word_1_687' title='bbox 3661 2775 3853 2830; x_wconf 89' lang='lat' dir='ltr'><strong><em>mortis</em></strong></span> 
     </span>
    </p>
   </div>
   <div class='ocr_carea' id='block_1_89' title="bbox 2195 2862 3852 2934">
    <p class='ocr_par' dir='ltr' id='par_1_89' title="bbox 2195 2862 3852 2934">
     <span class='ocr_line' id='line_1_89' title="bbox 2195 2862 3852 2934; baseline 0 -15"><span class='ocrx_word' id='word_1_688' title='bbox 2195 2864 2462 2926; x_wconf 87' lang='lat' dir='ltr'><strong><em>eductum,</em></strong></span> <span class='ocrx_word' id='word_1_689' title='bbox 2501 2863 2762 2934; x_wconf 87' lang='lat' dir='ltr'><strong><em>spiritum</em></strong></span> <span class='ocrx_word' id='word_1_690' title='bbox 2795 2877 2951 2917; x_wconf 65' lang='lat' dir='ltr'><strong><em>aurm</em></strong></span> <span class='ocrx_word' id='word_1_691' title='bbox 2983 2862 3166 2917; x_wconf 89' lang='lat' dir='ltr'><strong><em>vitalis</em></strong></span> <span class='ocrx_word' id='word_1_692' title='bbox 3191 2863 3450 2922; x_wconf 88' lang='lat' dir='ltr'><strong><em>hausisse.</em></strong></span> <span class='ocrx_word' id='word_1_693' title='bbox 3480 2880 3569 2918; x_wconf 87' lang='lat' dir='ltr'><strong><em>nec</em></strong></span> <span class='ocrx_word' id='word_1_694' title='bbox 3616 2865 3696 2918; x_wconf 89' lang='lat' dir='ltr'><strong><em>ita</em></strong></span> <span class='ocrx_word' id='word_1_695' title='bbox 3723 2864 3852 2919; x_wconf 87' lang='lat' dir='ltr'><strong><em>olim</em></strong></span> 
     </span>
    </p>
   </div>
   <div class='ocr_carea' id='block_1_90' title="bbox 2193 2953 3856 3026">
    <p class='ocr_par' dir='ltr' id='par_1_90' title="bbox 2193 2953 3856 3026">
     <span class='ocr_line' id='line_1_90' title="bbox 2193 2953 3856 3026; baseline 0.001 -18"><span class='ocrx_word' id='word_1_696' title='bbox 2193 2955 2432 3025; x_wconf 87' lang='lat' dir='ltr'><strong><em>posuisse</em></strong></span> <span class='ocrx_word' id='word_1_697' title='bbox 2465 2955 2524 3008; x_wconf 91' lang='lat' dir='ltr'><strong><em>in</em></strong></span> <span class='ocrx_word' id='word_1_698' title='bbox 2549 2959 2740 3008; x_wconf 90' lang='lat' dir='ltr'><strong><em>aratro</em></strong></span> <span class='ocrx_word' id='word_1_699' title='bbox 2752 2958 3276 3020; x_wconf 89' lang='lat' dir='ltr'><strong><em>manum,etcrucem</em></strong></span> <span class='ocrx_word' id='word_1_700' title='bbox 3291 2953 3524 3010; x_wconf 89' lang='lat' dir='ltr'><strong><em>Domini</em></strong></span> <span class='ocrx_word' id='word_1_701' title='bbox 3533 2953 3809 3009; x_wconf 87' lang='lat' dir='ltr'><strong><em>sustulisse</em></strong></span> <span class='ocrx_word' id='word_1_702' title='bbox 3833 2977 3856 3026; x_wconf 88' lang='lat'><strong><em>,-</em></strong></span> 
     </span>
    </p>
   </div>
   <div class='ocr_carea' id='block_1_91' title="bbox 2193 3041 3854 3116">
    <p class='ocr_par' dir='ltr' id='par_1_91' title="bbox 2193 3041 3854 3116">
     <span class='ocr_line' id='line_1_91' title="bbox 2193 3041 3854 3116; baseline 0.001 -18"><span class='ocrx_word' id='word_1_703' title='bbox 2193 3060 2352 3116; x_wconf 88' lang='lat' dir='ltr'><strong><em>quam</em></strong></span> <span class='ocrx_word' id='word_1_704' title='bbox 2391 3049 2450 3098; x_wconf 89' lang='lat' dir='ltr'><strong><em>ut</em></strong></span> <span class='ocrx_word' id='word_1_705' title='bbox 2475 3043 2534 3096; x_wconf 90' lang='lat' dir='ltr'><strong><em>in</em></strong></span> <span class='ocrx_word' id='word_1_706' title='bbox 2561 3041 2720 3111; x_wconf 83' lang='lat' dir='ltr'><strong><em>ﬁnem</em></strong></span> <span class='ocrx_word' id='word_1_707' title='bbox 2743 3043 2993 3113; x_wconf 73' lang='lat' dir='ltr'><strong><em>perferre</em></strong></span> <span class='ocrx_word' id='word_1_708' title='bbox 3015 3041 3299 3108; x_wconf 88' lang='lat' dir='ltr'><strong><em>valeamus,</em></strong></span> <span class='ocrx_word' id='word_1_709' title='bbox 3353 3043 3692 3100; x_wconf 88' lang='lat' dir='ltr'><strong><em>orationibus</em></strong></span> <span class='ocrx_word' id='word_1_710' title='bbox 3744 3044 3854 3100; x_wconf 87' lang='lat' dir='ltr'><strong><em>luis</em></strong></span> 
     </span>
    </p>
   </div>
   <div class='ocr_carea' id='block_1_92' title="bbox 2194 3131 3856 3205">
    <p class='ocr_par' dir='ltr' id='par_1_92' title="bbox 2194 3131 3856 3205">
     <span class='ocr_line' id='line_1_92' title="bbox 2194 3131 3856 3205; baseline -0.001 -16"><span class='ocrx_word' id='word_1_711' title='bbox 2194 3135 2543 3205; x_wconf 86' lang='lat' dir='ltr'><strong><em>adjuvemur.</em></strong></span> <span class='ocrx_word' id='word_1_712' title='bbox 2577 3131 3028 3186; x_wconf 81' lang='lat' dir='ltr'><strong><em>Accumulabitur</em></strong></span> <span class='ocrx_word' id='word_1_713' title='bbox 3057 3133 3163 3186; x_wconf 67' lang='lat' dir='ltr'><strong><em>lucc</em></strong></span> <span class='ocrx_word' id='word_1_714' title='bbox 3193 3133 3407 3187; x_wconf 89' lang='lat' dir='ltr'><strong><em>meritis</em></strong></span> <span class='ocrx_word' id='word_1_715' title='bbox 3431 3135 3772 3200; x_wconf 87' lang='lat' dir='ltr'><strong><em>tuismerces,</em></strong></span> <span class='ocrx_word' id='word_1_716' title='bbox 3803 3135 3856 3188; x_wconf 90' lang='lat' dir='ltr'><strong><em>si</em></strong></span> 
     </span>
    </p>
   </div>
   <div class='ocr_carea' id='block_1_93' title="bbox 2195 3221 3852 3279">
    <p class='ocr_par' dir='ltr' id='par_1_93' title="bbox 2195 3221 3852 3279">
     <span class='ocr_line' id='line_1_93' title="bbox 2195 3221 3852 3279; baseline 0 0"><span class='ocrx_word' id='word_1_717' title='bbox 2195 3225 2504 3279; x_wconf 87' lang='lat' dir='ltr'><strong><em>interventu</em></strong></span> <span class='ocrx_word' id='word_1_718' title='bbox 2519 3227 2608 3277; x_wconf 90' lang='lat' dir='ltr'><strong><em>tuo</em></strong></span> <span class='ocrx_word' id='word_1_719' title='bbox 2635 3238 2800 3276; x_wconf 88' lang='lat' dir='ltr'><strong><em>onera</em></strong></span> <span class='ocrx_word' id='word_1_720' title='bbox 2811 3228 2996 3276; x_wconf 89' lang='lat' dir='ltr'><strong><em>nostra</em></strong></span> <span class='ocrx_word' id='word_1_721' title='bbox 3009 3221 3355 3279; x_wconf 88' lang='lat' dir='ltr'><strong><em>relevaveris.</em></strong></span> <span class='ocrx_word' id='word_1_722' title='bbox 3378 3221 3754 3278; x_wconf 72' lang='lat' dir='ltr'><strong><em>Sanctusenim</em></strong></span> <span class='ocrx_word' id='word_1_723' title='bbox 3771 3225 3852 3278; x_wconf 86' lang='lat' dir='ltr'><strong><em>la-</em></strong></span> 
     </span>
    </p>
   </div>
   <div class='ocr_carea' id='block_1_94' title="bbox 2196 3309 3856 3384">
    <p class='ocr_par' dir='ltr' id='par_1_94' title="bbox 2196 3309 3856 3384">
     <span class='ocr_line' id='line_1_94' title="bbox 2196 3309 3856 3384; baseline 0.001 -16"><span class='ocrx_word' id='word_1_724' title='bbox 2196 3313 2468 3368; x_wconf 90' lang='lat' dir='ltr'><strong><em>borantem</em></strong></span> <span class='ocrx_word' id='word_1_725' title='bbox 2480 3309 2920 3381; x_wconf 85' lang='lat' dir='ltr'><strong><em>adjuvans(quia</em></strong></span> <span class='ocrx_word' id='word_1_726' title='bbox 2935 3309 3172 3364; x_wconf 78' lang='lat' dir='ltr'><strong><em>fratrem</em></strong></span> <span class='ocrx_word' id='word_1_727' title='bbox 3189 3327 3308 3366; x_wconf 89' lang='lat' dir='ltr'><strong><em>non</em></strong></span> <span class='ocrx_word' id='word_1_728' title='bbox 3323 3311 3621 3366; x_wconf 84' lang='lat' dir='ltr'><strong><em>audemus</em></strong></span> <span class='ocrx_word' id='word_1_729' title='bbox 3635 3313 3856 3384; x_wconf 75' lang='lat' dir='ltr'><strong><em>dicere)</em></strong></span> 
     </span>
    </p>
   </div>
   <div class='ocr_carea' id='block_1_95' title="bbox 2195 3400 3856 3474">
    <p class='ocr_par' dir='ltr' id='par_1_95' title="bbox 2195 3400 3856 3474">
     <span class='ocr_line' id='line_1_95' title="bbox 2195 3400 3856 3474; baseline -0.001 -17"><span class='ocrx_word' id='word_1_730' title='bbox 2195 3401 2533 3457; x_wconf 71' lang='lat' dir='ltr'><strong><em>exaltabitur</em></strong></span> <span class='ocrx_word' id='word_1_731' title='bbox 2560 3400 2698 3454; x_wconf 89' lang='lat' dir='ltr'><strong><em>sicut</em></strong></span> <span class='ocrx_word' id='word_1_732' title='bbox 2737 3400 2933 3454; x_wconf 87' lang='lat' dir='ltr'><strong><em>civitas</em></strong></span> <span class='ocrx_word' id='word_1_733' title='bbox 2981 3417 3195 3470; x_wconf 87' lang='lat' dir='ltr'><strong><em>magna.</em></strong></span> <span class='ocrx_word' id='word_1_734' title='bbox 3233 3401 3310 3455; x_wconf 83' lang='lat' dir='ltr'><strong><em>Et</em></strong></span> <span class='ocrx_word' id='word_1_735' title='bbox 3343 3407 3403 3456; x_wconf 89' lang='lat' dir='ltr'><strong><em>tu</em></strong></span> <span class='ocrx_word' id='word_1_736' title='bbox 3439 3401 3656 3472; x_wconf 86' lang='lat' dir='ltr'><strong><em>quidem</em></strong></span> <span class='ocrx_word' id='word_1_737' title='bbox 3689 3419 3856 3474; x_wconf 87' lang='lat' dir='ltr'><strong><em>super</em></strong></span> 
     </span>
    </p>
   </div>
   <div class='ocr_carea' id='block_1_96' title="bbox 2195 3489 3852 3562">
    <p class='ocr_par' dir='ltr' id='par_1_96' title="bbox 2195 3489 3852 3562">
     <span class='ocr_line' id='line_1_96' title="bbox 2195 3489 3852 3562; baseline 0 -16"><span class='ocrx_word' id='word_1_738' title='bbox 2195 3499 2422 3546; x_wconf 89' lang='lat' dir='ltr'><strong><em>montem</em></strong></span> <span class='ocrx_word' id='word_1_739' title='bbox 2447 3491 2644 3544; x_wconf 89' lang='lat' dir='ltr'><strong><em>civitas</em></strong></span> <span class='ocrx_word' id='word_1_740' title='bbox 2679 3489 2950 3560; x_wconf 63' lang='lat' dir='ltr'><strong><em>ludiﬁcata</em></strong></span> <span class='ocrx_word' id='word_1_741' title='bbox 2969 3506 3042 3554; x_wconf 91' lang='lat' dir='ltr'><strong><em>es,</em></strong></span> <span class='ocrx_word' id='word_1_742' title='bbox 3078 3489 3156 3543; x_wconf 90' lang='lat' dir='ltr'><strong><em>vel</em></strong></span> <span class='ocrx_word' id='word_1_743' title='bbox 3175 3507 3394 3545; x_wconf 86' lang='lat' dir='ltr'><strong><em>accensa</em></strong></span> <span class='ocrx_word' id='word_1_744' title='bbox 3415 3507 3578 3562; x_wconf 90' lang='lat' dir='ltr'><strong><em>super</em></strong></span> <span class='ocrx_word' id='word_1_745' title='bbox 3601 3492 3852 3546; x_wconf 88' lang='lat' dir='ltr'><strong><em>candela-</em></strong></span> 
     </span>
    </p>
   </div>
   <div class='ocr_carea' id='block_1_97' title="bbox 2197 3579 3858 3650">
    <p class='ocr_par' dir='ltr' id='par_1_97' title="bbox 2197 3579 3858 3650">
     <span class='ocr_line' id='line_1_97' title="bbox 2197 3579 3858 3650; baseline 0.001 -15"><span class='ocrx_word' id='word_1_746' title='bbox 2197 3581 2352 3636; x_wconf 90' lang='lat' dir='ltr'><strong><em>brum</em></strong></span> <span class='ocrx_word' id='word_1_747' title='bbox 2383 3580 2602 3634; x_wconf 88' lang='lat' dir='ltr'><strong><em>lucerna</em></strong></span> <span class='ocrx_word' id='word_1_748' title='bbox 2627 3579 2682 3632; x_wconf 88' lang='lat' dir='ltr'><strong><em>in</em></strong></span> <span class='ocrx_word' id='word_1_749' title='bbox 2719 3579 3034 3650; x_wconf 89' lang='lat' dir='ltr'><strong><em>septiformi</em></strong></span> <span class='ocrx_word' id='word_1_750' title='bbox 3060 3579 3322 3634; x_wconf 90' lang='lat' dir='ltr'><strong><em>claritate</em></strong></span> <span class='ocrx_word' id='word_1_751' title='bbox 3351 3581 3572 3636; x_wconf 88' lang='lat' dir='ltr'><strong><em>colluces</em></strong></span> <span class='ocrx_word' id='word_1_752' title='bbox 3597 3599 3616 3646; x_wconf 90' lang='lat'><em>;</em></span> <span class='ocrx_word' id='word_1_753' title='bbox 3647 3598 3740 3636; x_wconf 91' lang='lat' dir='ltr'><strong><em>nos</em></strong></span> <span class='ocrx_word' id='word_1_754' title='bbox 3759 3583 3858 3637; x_wconf 90' lang='lat' dir='ltr'><strong><em>sub</em></strong></span> 
     </span>
    </p>
   </div>
   <div class='ocr_carea' id='block_1_98' title="bbox 2195 3667 3858 3740">
    <p class='ocr_par' dir='ltr' id='par_1_98' title="bbox 2195 3667 3858 3740">
     <span class='ocr_line' id='line_1_98' title="bbox 2195 3667 3858 3740; baseline 0.001 -16"><span class='ocrx_word' id='word_1_755' title='bbox 2195 3669 2370 3724; x_wconf 89' lang='lat' dir='ltr'><strong><em>modio</em></strong></span> <span class='ocrx_word' id='word_1_756' title='bbox 2419 3675 2752 3740; x_wconf 83' lang='lat' dir='ltr'><strong><em>peccatorum</em></strong></span> <span class='ocrx_word' id='word_1_757' title='bbox 2784 3667 3146 3722; x_wconf 86' lang='lat' dir='ltr'><strong><em>delitescimus</em></strong></span> <span class='ocrx_word' id='word_1_758' title='bbox 3175 3691 3194 3722; x_wconf 85' lang='lat'><strong><em>.-</em></strong></span> <span class='ocrx_word' id='word_1_759' title='bbox 3219 3669 3386 3722; x_wconf 86' lang='lat' dir='ltr'><strong><em>visita</em></strong></span> <span class='ocrx_word' id='word_1_760' title='bbox 3411 3669 3616 3724; x_wconf 90' lang='lat' dir='ltr'><strong><em>litteris</em></strong></span> <span class='ocrx_word' id='word_1_761' title='bbox 3647 3671 3774 3736; x_wconf 91' lang='lat' dir='ltr'><strong><em>tuis,</em></strong></span> <span class='ocrx_word' id='word_1_762' title='bbox 3807 3679 3858 3726; x_wconf 86' lang='lat' dir='ltr'><strong><em>et</em></strong></span> 
     </span>
    </p>
   </div>
   <div class='ocr_carea' id='block_1_99' title="bbox 2194 3758 3858 3832">
    <p class='ocr_par' dir='ltr' id='par_1_99' title="bbox 2194 3758 3858 3832">
     <span class='ocr_line' id='line_1_99' title="bbox 2194 3758 3858 3832; baseline 0.001 -18"><span class='ocrx_word' id='word_1_763' title='bbox 2194 3760 2377 3832; x_wconf 82' lang='lat' dir='ltr'><strong><em>profer</em></strong></span> <span class='ocrx_word' id='word_1_764' title='bbox 2403 3759 2462 3813; x_wconf 90' lang='lat' dir='ltr'><strong><em>in</em></strong></span> <span class='ocrx_word' id='word_1_765' title='bbox 2493 3759 2657 3814; x_wconf 86' lang='lat' dir='ltr'><strong><em>lucem</em></strong></span> <span class='ocrx_word' id='word_1_766' title='bbox 2689 3760 2747 3812; x_wconf 90' lang='lat' dir='ltr'><strong><em>in</em></strong></span> <span class='ocrx_word' id='word_1_767' title='bbox 2758 3775 2864 3829; x_wconf 88' lang='lat' dir='ltr'><strong><em>qua</em></strong></span> <span class='ocrx_word' id='word_1_768' title='bbox 2877 3759 2983 3828; x_wconf 90' lang='lat' dir='ltr'><strong><em>ipse</em></strong></span> <span class='ocrx_word' id='word_1_769' title='bbox 3004 3758 3261 3827; x_wconf 86' lang='lat' dir='ltr'><strong><em>versaris,</em></strong></span> <span class='ocrx_word' id='word_1_770' title='bbox 3287 3776 3452 3831; x_wconf 89' lang='lat' dir='ltr'><strong><em>super</em></strong></span> <span class='ocrx_word' id='word_1_771' title='bbox 3473 3777 3642 3816; x_wconf 88' lang='lat' dir='ltr'><strong><em>aurea</em></strong></span> <span class='ocrx_word' id='word_1_772' title='bbox 3667 3761 3858 3816; x_wconf 89' lang='lat' dir='ltr'><strong><em>cande-</em></strong></span> 
     </span>
    </p>
   </div>
   <div class='ocr_carea' id='block_1_100' title="bbox 2197 3847 3858 3918">
    <p class='ocr_par' dir='ltr' id='par_1_100' title="bbox 2197 3847 3858 3918">
     <span class='ocr_line' id='line_1_100' title="bbox 2197 3847 3858 3918; baseline 0.001 -14"><span class='ocrx_word' id='word_1_773' title='bbox 2197 3849 2348 3904; x_wconf 88' lang='lat' dir='ltr'><strong><em>labra</em></strong></span> <span class='ocrx_word' id='word_1_774' title='bbox 2389 3847 2727 3918; x_wconf 87' lang='lat' dir='ltr'><strong><em>conspicuus.</em></strong></span> <span class='ocrx_word' id='word_1_775' title='bbox 2763 3847 3004 3918; x_wconf 85' lang='lat' dir='ltr'><strong><em>Eloquia</em></strong></span> <span class='ocrx_word' id='word_1_776' title='bbox 3043 3855 3138 3902; x_wconf 88' lang='lat' dir='ltr'><strong><em>tua</em></strong></span> <span class='ocrx_word' id='word_1_777' title='bbox 3173 3847 3348 3904; x_wconf 88' lang='lat' dir='ltr'><strong><em>lumen</em></strong></span> <span class='ocrx_word' id='word_1_778' title='bbox 3395 3850 3601 3904; x_wconf 87' lang='lat' dir='ltr'><strong><em>semitis</em></strong></span> <span class='ocrx_word' id='word_1_779' title='bbox 3655 3853 3858 3906; x_wconf 89' lang='lat' dir='ltr'><strong><em>nostris</em></strong></span> 
     </span>
    </p>
   </div>
   <div class='ocr_carea' id='block_1_101' title="bbox 2195 3937 3858 4010">
    <p class='ocr_par' dir='ltr' id='par_1_101' title="bbox 2195 3937 3858 4010">
     <span class='ocr_line' id='line_1_101' title="bbox 2195 3937 3858 4010; baseline -0.001 -17"><span class='ocrx_word' id='word_1_780' title='bbox 2195 3945 2378 4004; x_wconf 85' lang='lat' dir='ltr'><strong><em>erunt,</em></strong></span> <span class='ocrx_word' id='word_1_781' title='bbox 2413 3945 2460 3992; x_wconf 92' lang='lat' dir='ltr'><strong><em>et</em></strong></span> <span class='ocrx_word' id='word_1_782' title='bbox 2491 3938 2601 3992; x_wconf 90' lang='lat' dir='ltr'><strong><em>oleo</em></strong></span> <span class='ocrx_word' id='word_1_783' title='bbox 2637 3939 2869 3992; x_wconf 69' lang='lat' dir='ltr'><strong><em>lucernis</em></strong></span> <span class='ocrx_word' id='word_1_784' title='bbox 2923 3943 3027 3990; x_wconf 69' lang='lat' dir='ltr'><strong><em>tua:</em></strong></span> <span class='ocrx_word' id='word_1_785' title='bbox 3065 3937 3504 4008; x_wconf 86' lang='lat' dir='ltr'><strong><em>impinguabitur</em></strong></span> <span class='ocrx_word' id='word_1_786' title='bbox 3541 3947 3702 4010; x_wconf 88' lang='lat' dir='ltr'><strong><em>caput</em></strong></span> <span class='ocrx_word' id='word_1_787' title='bbox 3739 3957 3858 3996; x_wconf 77' lang='lat' dir='ltr'><strong><em>nas-</em></strong></span> 
     </span>
    </p>
   </div>
   <div class='ocr_carea' id='block_1_102' title="bbox 2195 4025 3854 4098">
    <p class='ocr_par' dir='ltr' id='par_1_102' title="bbox 2195 4025 3854 4098">
     <span class='ocr_line' id='line_1_102' title="bbox 2195 4025 3854 4098; baseline 0.002 -16"><span class='ocrx_word' id='word_1_788' title='bbox 2195 4035 2363 4084; x_wconf 90' lang='lat' dir='ltr'><strong><em>trum.</em></strong></span> <span class='ocrx_word' id='word_1_789' title='bbox 2409 4030 2470 4082; x_wconf 78' lang='lat' dir='ltr'><strong><em>Et</em></strong></span> <span class='ocrx_word' id='word_1_790' title='bbox 2499 4027 2829 4082; x_wconf 89' lang='lat' dir='ltr'><strong><em>accendetur</em></strong></span> <span class='ocrx_word' id='word_1_791' title='bbox 2863 4025 3012 4096; x_wconf 84' lang='lat' dir='ltr'><strong><em>ﬁdes,</em></strong></span> <span class='ocrx_word' id='word_1_792' title='bbox 3045 4043 3168 4082; x_wconf 88' lang='lat' dir='ltr'><strong><em>cum</em></strong></span> <span class='ocrx_word' id='word_1_793' title='bbox 3195 4028 3395 4098; x_wconf 86' lang='lat' dir='ltr'><strong><em>spiritu</em></strong></span> <span class='ocrx_word' id='word_1_794' title='bbox 3422 4031 3536 4083; x_wconf 86' lang='lat' dir='ltr'><strong><em>oris</em></strong></span> <span class='ocrx_word' id='word_1_795' title='bbox 3568 4030 3652 4086; x_wconf 88' lang='lat' dir='ltr'><strong><em>tui</em></strong></span> <span class='ocrx_word' id='word_1_796' title='bbox 3679 4030 3854 4086; x_wconf 89' lang='lat' dir='ltr'><strong><em>cibum</em></strong></span> 
     </span>
    </p>
   </div>
   <div class='ocr_carea' id='block_1_103' title="bbox 2193 4116 3339 4187">
    <p class='ocr_par' dir='ltr' id='par_1_103' title="bbox 2193 4116 3339 4187">
     <span class='ocr_line' id='line_1_103' title="bbox 2193 4116 3339 4187; baseline 0 -14"><span class='ocrx_word' id='word_1_797' title='bbox 2193 4117 2389 4174; x_wconf 86' lang='lat' dir='ltr'><strong><em>mentis</em></strong></span> <span class='ocrx_word' id='word_1_798' title='bbox 2417 4123 2465 4170; x_wconf 91' lang='lat' dir='ltr'><strong><em>et</em></strong></span> <span class='ocrx_word' id='word_1_799' title='bbox 2494 4117 2671 4171; x_wconf 87' lang='lat' dir='ltr'><strong><em>lumen</em></strong></span> <span class='ocrx_word' id='word_1_800' title='bbox 2710 4116 2908 4170; x_wconf 73' lang='lat' dir='ltr'><strong><em>animm</em></strong></span> <span class='ocrx_word' id='word_1_801' title='bbox 2933 4119 3339 4187; x_wconf 88' lang='lat' dir='ltr'><strong><em>sumpserimus.</em></strong></span> 
     </span>
    </p>
   </div>
   <div class='ocr_carea' id='block_1_104' title="bbox 2265 4205 3854 4278">
    <p class='ocr_par' dir='ltr' id='par_1_104' title="bbox 2265 4205 3854 4278">
     <span class='ocr_line' id='line_1_104' title="bbox 2265 4205 3854 4278; baseline 0.003 -17"><span class='ocrx_word' id='word_1_802' title='bbox 2265 4207 2324 4262; x_wconf 90' lang='lat'><strong><em>6.</em></strong></span> <span class='ocrx_word' id='word_1_803' title='bbox 2373 4206 2492 4260; x_wconf 70' lang='lat' dir='ltr'><strong><em>Pax</em></strong></span> <span class='ocrx_word' id='word_1_804' title='bbox 2515 4212 2564 4260; x_wconf 92' lang='lat' dir='ltr'><strong><em>et</em></strong></span> <span class='ocrx_word' id='word_1_805' title='bbox 2595 4207 2782 4276; x_wconf 89' lang='lat' dir='ltr'><strong><em>gratia</em></strong></span> <span class='ocrx_word' id='word_1_806' title='bbox 2819 4205 2922 4260; x_wconf 90' lang='lat' dir='ltr'><strong><em>Dei</em></strong></span> <span class='ocrx_word' id='word_1_807' title='bbox 2966 4213 3158 4274; x_wconf 88' lang='lat' dir='ltr'><strong><em>tecum,</em></strong></span> <span class='ocrx_word' id='word_1_808' title='bbox 3189 4213 3238 4260; x_wconf 91' lang='lat' dir='ltr'><strong><em>et</em></strong></span> <span class='ocrx_word' id='word_1_809' title='bbox 3268 4223 3466 4262; x_wconf 89' lang='lat' dir='ltr'><strong><em>corona</em></strong></span> <span class='ocrx_word' id='word_1_810' title='bbox 3479 4209 3720 4278; x_wconf 76' lang='lat' dir='ltr'><strong><em>justititv</em></strong></span> <span class='ocrx_word' id='word_1_811' title='bbox 3749 4209 3854 4265; x_wconf 81' lang='lat' dir='ltr'><strong><em>tibi</em></strong></span> 
     </span>
    </p>
   </div>
   <div class='ocr_carea' id='block_1_105' title="bbox 2195 4294 3852 4367">
    <p class='ocr_par' dir='ltr' id='par_1_105' title="bbox 2195 4294 3852 4367">
     <span class='ocr_line' id='line_1_105' title="bbox 2195 4294 3852 4367; baseline 0.002 -17"><span class='ocrx_word' id='word_1_812' title='bbox 2195 4300 2406 4350; x_wconf 90' lang='lat' dir='ltr'><strong><em>maneat</em></strong></span> <span class='ocrx_word' id='word_1_813' title='bbox 2438 4296 2496 4348; x_wconf 91' lang='lat' dir='ltr'><strong><em>in</em></strong></span> <span class='ocrx_word' id='word_1_814' title='bbox 2515 4294 2602 4349; x_wconf 88' lang='lat' dir='ltr'><strong><em>die</em></strong></span> <span class='ocrx_word' id='word_1_815' title='bbox 2633 4295 2747 4360; x_wconf 84' lang='lat' dir='ltr'><strong><em>illo,</em></strong></span> <span class='ocrx_word' id='word_1_816' title='bbox 2775 4295 2984 4350; x_wconf 89' lang='lat' dir='ltr'><strong><em>domine</em></strong></span> <span class='ocrx_word' id='word_1_817' title='bbox 3011 4304 3189 4367; x_wconf 89' lang='lat' dir='ltr'><strong><em>pater,</em></strong></span> <span class='ocrx_word' id='word_1_818' title='bbox 3219 4297 3409 4351; x_wconf 91' lang='lat' dir='ltr'><strong><em>merito</em></strong></span> <span class='ocrx_word' id='word_1_819' title='bbox 3427 4297 3772 4354; x_wconf 89' lang='lat' dir='ltr'><strong><em>dilectissime</em></strong></span> <span class='ocrx_word' id='word_1_820' title='bbox 3801 4307 3852 4354; x_wconf 91' lang='lat' dir='ltr'><strong><em>et</em></strong></span> 
     </span>
    </p>
   </div>
   <div class='ocr_carea' id='block_1_106' title="bbox 2194 4383 3852 4455">
    <p class='ocr_par' dir='ltr' id='par_1_106' title="bbox 2194 4383 3852 4455">
     <span class='ocr_line' id='line_1_106' title="bbox 2194 4383 3852 4455; baseline 0.004 -17"><span class='ocrx_word' id='word_1_821' title='bbox 2194 4383 2515 4439; x_wconf 86' lang='lat' dir='ltr'><strong><em>venerabilis</em></strong></span> <span class='ocrx_word' id='word_1_822' title='bbox 2543 4391 2590 4439; x_wconf 89' lang='lat' dir='ltr'><strong><em>et</em></strong></span> <span class='ocrx_word' id='word_1_823' title='bbox 2617 4385 3038 4455; x_wconf 72' lang='lat' dir='ltr'><strong><em>exoptatissime.</em></strong></span> <span class='ocrx_word' id='word_1_824' title='bbox 3069 4385 3385 4442; x_wconf 85' lang='lat' dir='ltr'><strong><em>Benedictos</em></strong></span> <span class='ocrx_word' id='word_1_825' title='bbox 3410 4385 3729 4443; x_wconf 87' lang='lat' dir='ltr'><strong><em>Sanctitatis</em></strong></span> <span class='ocrx_word' id='word_1_826' title='bbox 3745 4397 3852 4444; x_wconf 78' lang='lat' dir='ltr'><strong><em>tute</em></strong></span> 
     </span>
    </p>
   </div>
   <div class='ocr_carea' id='block_1_107' title="bbox 2193 4459 3848 4550">
    <p class='ocr_par' dir='ltr' id='par_1_107' title="bbox 2193 4459 3848 4550">
     <span class='ocr_line' id='line_1_107' title="bbox 2193 4459 3848 4550; baseline 0.001 -20"><span class='ocrx_word' id='word_1_827' title='bbox 2193 4474 2408 4530; x_wconf 85' lang='lat' dir='ltr'><strong><em>comites</em></strong></span> <span class='ocrx_word' id='word_1_828' title='bbox 2433 4481 2482 4528; x_wconf 89' lang='lat' dir='ltr'><strong><em>et</em></strong></span> <span class='ocrx_word' id='word_1_829' title='bbox 2503 4473 2860 4538; x_wconf 78' lang='lat' dir='ltr'><strong><em>temulatores,</em></strong></span> <span class='ocrx_word' id='word_1_830' title='bbox 2881 4475 2940 4528; x_wconf 88' lang='lat' dir='ltr'><strong><em>in</em></strong></span> <span class='ocrx_word' id='word_1_831' title='bbox 2961 4459 3434 4546; x_wconf 54' lang='lat' dir='ltr'><strong><em>Dominoffratres,</em></strong></span> <span class='ocrx_word' id='word_1_832' title='bbox 3458 4477 3507 4532; x_wconf 88' lang='lat' dir='ltr'><strong><em>si</em></strong></span> <span class='ocrx_word' id='word_1_833' title='bbox 3527 4477 3848 4550; x_wconf 86' lang='lat' dir='ltr'><strong><em>dignantur,</em></strong></span> 
     </span>
    </p>
   </div>
   <div class='ocr_carea' id='block_1_108' title="bbox 2195 4564 3856 4642">
    <p class='ocr_par' dir='ltr' id='par_1_108' title="bbox 2195 4564 3856 4642">
     <span class='ocr_line' id='line_1_108' title="bbox 2195 4564 3856 4642; baseline 0.004 -25"><span class='ocrx_word' id='word_1_834' title='bbox 2195 4571 2422 4630; x_wconf 66' lang='lat' dir='ltr'><strong><em>nostros,</em></strong></span> <span class='ocrx_word' id='word_1_835' title='bbox 2455 4571 2562 4618; x_wconf 89' lang='lat' dir='ltr'><strong><em>tam</em></strong></span> <span class='ocrx_word' id='word_1_836' title='bbox 2595 4564 2654 4617; x_wconf 89' lang='lat' dir='ltr'><strong><em>in</em></strong></span> <span class='ocrx_word' id='word_1_837' title='bbox 2665 4565 2897 4619; x_wconf 87' lang='lat' dir='ltr'><strong><em>ecclesiis</em></strong></span> <span class='ocrx_word' id='word_1_838' title='bbox 2908 4582 3062 4636; x_wconf 87' lang='lat' dir='ltr'><strong><em>quam</em></strong></span> <span class='ocrx_word' id='word_1_839' title='bbox 3093 4567 3152 4620; x_wconf 89' lang='lat' dir='ltr'><strong><em>in</em></strong></span> <span class='ocrx_word' id='word_1_840' title='bbox 3167 4567 3532 4632; x_wconf 85' lang='lat' dir='ltr'><strong><em>monasteriis,</em></strong></span> <span class='ocrx_word' id='word_1_841' title='bbox 3561 4567 3856 4642; x_wconf 73' lang='lat' dir='ltr'><strong><em>Carthagi-</em></strong></span> 
     </span>
    </p>
   </div>
   <div class='ocr_carea' id='block_1_109' title="bbox 2195 4653 3854 4726">
    <p class='ocr_par' dir='ltr' id='par_1_109' title="bbox 2195 4653 3854 4726">
     <span class='ocr_line' id='line_1_109' title="bbox 2195 4653 3854 4726; baseline 0.003 -18"><span class='ocrx_word' id='word_1_842' title='bbox 2195 4654 2272 4718; x_wconf 87' lang='lat' dir='ltr'><strong><em>ni,</em></strong></span> <span class='ocrx_word' id='word_1_843' title='bbox 2311 4655 2360 4708; x_wconf 87' lang='grc' dir='ltr'><em>Τ</em></span> <span class='ocrx_word' id='word_1_844' title='bbox 2357 4653 2608 4724; x_wconf 78' lang='lat' dir='ltr'><strong><em>hagastte,</em></strong></span> <span class='ocrx_word' id='word_1_845' title='bbox 2643 4653 3089 4724; x_wconf 85' lang='lat' dir='ltr'><strong><em>Hippone-regio,</em></strong></span> <span class='ocrx_word' id='word_1_846' title='bbox 3122 4662 3170 4709; x_wconf 90' lang='lat' dir='ltr'><strong><em>et</em></strong></span> <span class='ocrx_word' id='word_1_847' title='bbox 3197 4657 3322 4710; x_wconf 90' lang='lat' dir='ltr'><strong><em>totis</em></strong></span> <span class='ocrx_word' id='word_1_848' title='bbox 3345 4657 3622 4726; x_wconf 88' lang='lat' dir='ltr'><strong><em>parochiis</em></strong></span> <span class='ocrx_word' id='word_1_849' title='bbox 3643 4659 3754 4712; x_wconf 88' lang='lat' dir='ltr'><strong><em>tuis</em></strong></span> <span class='ocrx_word' id='word_1_850' title='bbox 3770 4665 3854 4712; x_wconf 91' lang='lat' dir='ltr'><strong><em>at-</em></strong></span> 
     </span>
    </p>
   </div>
   <div class='ocr_carea' id='block_1_110' title="bbox 2193 4742 3854 4816">
    <p class='ocr_par' dir='ltr' id='par_1_110' title="bbox 2193 4742 3854 4816">
     <span class='ocr_line' id='line_1_110' title="bbox 2193 4742 3854 4816; baseline 0.002 -20"><span class='ocrx_word' id='word_1_851' title='bbox 2193 4759 2291 4814; x_wconf 88' lang='lat' dir='ltr'><strong><em>que</em></strong></span> <span class='ocrx_word' id='word_1_852' title='bbox 2321 4742 2568 4797; x_wconf 90' lang='lat' dir='ltr'><strong><em>omnibus</em></strong></span> <span class='ocrx_word' id='word_1_853' title='bbox 2588 4743 2815 4813; x_wconf 87' lang='lat' dir='ltr'><strong><em>cognitis</em></strong></span> <span class='ocrx_word' id='word_1_854' title='bbox 2835 4744 3474 4816; x_wconf 87' lang='lat' dir='ltr'><strong><em>tibiperAfricamlocis,</em></strong></span> <span class='ocrx_word' id='word_1_855' title='bbox 3507 4747 3737 4802; x_wconf 88' lang='lat' dir='ltr'><strong><em>Domino</em></strong></span> <span class='ocrx_word' id='word_1_856' title='bbox 3766 4763 3854 4801; x_wconf 89' lang='lat' dir='ltr'><strong><em>ca-</em></strong></span> 
     </span>
    </p>
   </div>
   <div class='ocr_carea' id='block_1_111' title="bbox 2195 4831 3856 4906">
    <p class='ocr_par' dir='ltr' id='par_1_111' title="bbox 2195 4831 3856 4906">
     <span class='ocr_line' id='line_1_111' title="bbox 2195 4831 3856 4906; baseline 0.001 -18"><span class='ocrx_word' id='word_1_857' title='bbox 2195 4831 2386 4888; x_wconf 89' lang='lat' dir='ltr'><strong><em>tholice</em></strong></span> <span class='ocrx_word' id='word_1_858' title='bbox 2423 4833 2734 4898; x_wconf 88' lang='lat' dir='ltr'><strong><em>servientes,</em></strong></span> <span class='ocrx_word' id='word_1_859' title='bbox 2803 4833 2970 4888; x_wconf 90' lang='lat' dir='ltr'><strong><em>multo</em></strong></span> <span class='ocrx_word' id='word_1_860' title='bbox 3035 4835 3230 4904; x_wconf 79' lang='lat' dir='ltr'><strong><em>affectu</em></strong></span> <span class='ocrx_word' id='word_1_861' title='bbox 3258 4842 3306 4889; x_wconf 91' lang='lat' dir='ltr'><strong><em>et</em></strong></span> <span class='ocrx_word' id='word_1_862' title='bbox 3343 4835 3586 4906; x_wconf 85' lang='lat' dir='ltr'><strong><em>obsequio</em></strong></span> <span class='ocrx_word' id='word_1_863' title='bbox 3613 4835 3856 4891; x_wconf 89' lang='lat' dir='ltr'><strong><em>salutari</em></strong></span> 
     </span>
    </p>
   </div>
   <div class='ocr_carea' id='block_1_112' title="bbox 2195 4921 3854 4992">
    <p class='ocr_par' dir='ltr' id='par_1_112' title="bbox 2195 4921 3854 4992">
     <span class='ocr_line' id='line_1_112' title="bbox 2195 4921 3854 4992; baseline 0.004 -18"><span class='ocrx_word' id='word_1_864' title='bbox 2195 4937 2462 4992; x_wconf 89' lang='lat' dir='ltr'><strong><em>rogamus.</em></strong></span> <span class='ocrx_word' id='word_1_865' title='bbox 2505 4921 2570 4977; x_wconf 86' lang='lat' dir='ltr'><strong><em>Si</em></strong></span> <span class='ocrx_word' id='word_1_866' title='bbox 2600 4925 2772 4992; x_wconf 88' lang='lat' dir='ltr'><strong><em>ipsam</em></strong></span> <span class='ocrx_word' id='word_1_867' title='bbox 2799 4922 3347 4980; x_wconf 89' lang='lat' dir='ltr'><strong><em>membranamsancti</em></strong></span> <span class='ocrx_word' id='word_1_868' title='bbox 3377 4925 3697 4982; x_wconf 87' lang='lat' dir='ltr'><strong><em>Domnionis</em></strong></span> <span class='ocrx_word' id='word_1_869' title='bbox 3713 4943 3854 4981; x_wconf 86' lang='lat' dir='ltr'><strong><em>acce-</em></strong></span> 
     </span>
    </p>
   </div>
   <div class='ocr_carea' id='block_1_113' title="bbox 2191 5011 3856 5085">
    <p class='ocr_par' dir='ltr' id='par_1_113' title="bbox 2191 5011 3856 5085">
     <span class='ocr_line' id='line_1_113' title="bbox 2191 5011 3856 5085; baseline 0.004 -22"><span class='ocrx_word' id='word_1_870' title='bbox 2191 5011 2362 5082; x_wconf 87' lang='lat' dir='ltr'><strong><em>peris,</em></strong></span> <span class='ocrx_word' id='word_1_871' title='bbox 2399 5011 2784 5082; x_wconf 87' lang='lat' dir='ltr'><strong><em>transcriptam</em></strong></span> <span class='ocrx_word' id='word_1_872' title='bbox 2817 5012 2965 5067; x_wconf 90' lang='lat' dir='ltr'><strong><em>nobis</em></strong></span> <span class='ocrx_word' id='word_1_873' title='bbox 2999 5014 3274 5068; x_wconf 86' lang='lat' dir='ltr'><strong><em>remittere</em></strong></span> <span class='ocrx_word' id='word_1_874' title='bbox 3301 5015 3626 5085; x_wconf 88' lang='lat' dir='ltr'><strong><em>dignaberis.</em></strong></span> <span class='ocrx_word' id='word_1_875' title='bbox 3657 5017 3728 5071; x_wconf 91' lang='lat' dir='ltr'><strong><em>Et</em></strong></span> <span class='ocrx_word' id='word_1_876' title='bbox 3761 5015 3856 5070; x_wconf 89' lang='lat' dir='ltr'><strong><em>hoc</em></strong></span> 
     </span>
    </p>
   </div>
   <div class='ocr_carea' id='block_1_114' title="bbox 2195 5099 3852 5176">
    <p class='ocr_par' dir='ltr' id='par_1_114' title="bbox 2195 5099 3852 5176">
     <span class='ocr_line' id='line_1_114' title="bbox 2195 5099 3852 5176; baseline 0.003 -23"><span class='ocrx_word' id='word_1_877' title='bbox 2195 5115 2322 5170; x_wconf 88' lang='lat' dir='ltr'><strong><em>rogo</em></strong></span> <span class='ocrx_word' id='word_1_878' title='bbox 2359 5099 2566 5154; x_wconf 88' lang='lat' dir='ltr'><strong><em>scribas</em></strong></span> <span class='ocrx_word' id='word_1_879' title='bbox 2607 5101 2744 5156; x_wconf 87' lang='lat' dir='ltr'><strong><em>mihi</em></strong></span> <span class='ocrx_word' id='word_1_880' title='bbox 2781 5119 2934 5172; x_wconf 89' lang='lat' dir='ltr'><strong><em>quem</em></strong></span> <span class='ocrx_word' id='word_1_881' title='bbox 2985 5101 3238 5174; x_wconf 85' lang='lat' dir='ltr'><strong><em>hymnum</em></strong></span> <span class='ocrx_word' id='word_1_882' title='bbox 3299 5120 3470 5159; x_wconf 90' lang='lat' dir='ltr'><strong><em>meum</em></strong></span> <span class='ocrx_word' id='word_1_883' title='bbox 3525 5106 3852 5176; x_wconf 87' lang='lat' dir='ltr'><strong><em>cognoveris.</em></strong></span> 
     </span>
    </p>
   </div>
   <div class='ocr_carea' id='block_1_115' title="bbox 2193 5189 3852 5264">
    <p class='ocr_par' dir='ltr' id='par_1_115' title="bbox 2193 5189 3852 5264">
     <span class='ocr_line' id='line_1_115' title="bbox 2193 5189 3852 5264; baseline 0.004 -20"><span class='ocrx_word' id='word_1_884' title='bbox 2193 5191 2396 5244; x_wconf 89' lang='lat' dir='ltr'><strong><em>Panem</em></strong></span> <span class='ocrx_word' id='word_1_885' title='bbox 2427 5206 2596 5244; x_wconf 89' lang='lat' dir='ltr'><strong><em>unum</em></strong></span> <span class='ocrx_word' id='word_1_886' title='bbox 2627 5189 2927 5245; x_wconf 86' lang='lat' dir='ltr'><strong><em>Sanctitati</em></strong></span> <span class='ocrx_word' id='word_1_887' title='bbox 2957 5198 3063 5246; x_wconf 71' lang='lat' dir='ltr'><strong><em>tua:</em></strong></span> <span class='ocrx_word' id='word_1_888' title='bbox 3099 5193 3331 5248; x_wconf 88' lang='lat' dir='ltr'><strong><em>unitatis</em></strong></span> <span class='ocrx_word' id='word_1_889' title='bbox 3358 5197 3542 5264; x_wconf 84' lang='lat' dir='ltr'><strong><em>gratia</em></strong></span> <span class='ocrx_word' id='word_1_890' title='bbox 3583 5195 3852 5256; x_wconf 88' lang='lat' dir='ltr'><strong><em>misimus,</em></strong></span> 
     </span>
    </p>
   </div>
   <div class='ocr_carea' id='block_1_116' title="bbox 2195 5277 3856 5350">
    <p class='ocr_par' dir='ltr' id='par_1_116' title="bbox 2195 5277 3856 5350">
     <span class='ocr_line' id='line_1_116' title="bbox 2195 5277 3856 5350; baseline 0.005 -19"><span class='ocrx_word' id='word_1_891' title='bbox 2195 5277 2256 5332; x_wconf 90' lang='lat' dir='ltr'><strong><em>in</em></strong></span> <span class='ocrx_word' id='word_1_892' title='bbox 2315 5295 2416 5350; x_wconf 90' lang='lat' dir='ltr'><strong><em>quo</em></strong></span> <span class='ocrx_word' id='word_1_893' title='bbox 2457 5279 2618 5332; x_wconf 87' lang='lat' dir='ltr'><strong><em>etiam</em></strong></span> <span class='ocrx_word' id='word_1_894' title='bbox 2665 5279 2962 5334; x_wconf 87' lang='lat' dir='ltr'><strong><em>Trinitatis</em></strong></span> <span class='ocrx_word' id='word_1_895' title='bbox 3015 5281 3262 5336; x_wconf 83' lang='lat' dir='ltr'><strong><em>soliditas</em></strong></span> <span class='ocrx_word' id='word_1_896' title='bbox 3323 5284 3654 5338; x_wconf 87' lang='lat' dir='ltr'><strong><em>continetur.</em></strong></span> <span class='ocrx_word' id='word_1_897' title='bbox 3697 5283 3856 5338; x_wconf 82' lang='lat' dir='ltr'><strong><em>Hunc</em></strong></span> 
     </span>
    </p>
   </div>
   <div class='ocr_carea' id='block_1_117' title="bbox 2188 5367 3706 5443">
    <p class='ocr_par' dir='ltr' id='par_1_117' title="bbox 2188 5367 3706 5443">
     <span class='ocr_line' id='line_1_117' title="bbox 2188 5367 3706 5443; baseline 0.005 -22"><span class='ocrx_word' id='word_1_898' title='bbox 2188 5383 2382 5438; x_wconf 87' lang='lat' dir='ltr'><strong><em>panem</em></strong></span> <span class='ocrx_word' id='word_1_899' title='bbox 2407 5367 2672 5438; x_wconf 88' lang='lat' dir='ltr'><strong><em>culogiam</em></strong></span> <span class='ocrx_word' id='word_1_900' title='bbox 2695 5385 2800 5424; x_wconf 89' lang='lat' dir='ltr'><strong><em>esse</em></strong></span> <span class='ocrx_word' id='word_1_901' title='bbox 2831 5375 2888 5424; x_wconf 89' lang='lat' dir='ltr'><strong><em>tu</em></strong></span> <span class='ocrx_word' id='word_1_902' title='bbox 2915 5369 3080 5440; x_wconf 88' lang='lat' dir='ltr'><strong><em>facies</em></strong></span> <span class='ocrx_word' id='word_1_903' title='bbox 3099 5371 3420 5443; x_wconf 87' lang='lat' dir='ltr'><strong><em>dignatione</em></strong></span> <span class='ocrx_word' id='word_1_904' title='bbox 3445 5373 3706 5430; x_wconf 84' lang='lat' dir='ltr'><strong><em>sumendi.</em></strong></span> 
     </span>
    </p>
   </div>
   <div class='ocr_carea' id='block_1_118' title="bbox 2261 5545 3210 5614">
    <p class='ocr_par' dir='ltr' id='par_1_118' title="bbox 2261 5545 3210 5614">
     <span class='ocr_line' id='line_1_118' title="bbox 2261 5545 3210 5614; baseline 0.007 -20"><span class='ocrx_word' id='word_1_905' title='bbox 2261 5547 2272 5574; x_wconf 78' lang='grc' dir='ltr'>ί</span> <span class='ocrx_word' id='word_1_906' title='bbox 2313 5545 2396 5595; x_wconf 87' lang='lat' dir='ltr'><strong><em>Sic</em></strong></span> <span class='ocrx_word' id='word_1_907' title='bbox 2419 5559 2606 5596; x_wconf 87' lang='lat' dir='ltr'><strong><em>omnes</em></strong></span> <span class='ocrx_word' id='word_1_908' title='bbox 2635 5546 2766 5596; x_wconf 83' lang='lat' dir='ltr'><strong><em>Edd.</em></strong></span> <span class='ocrx_word' id='word_1_909' title='bbox 2801 5547 2858 5598; x_wconf 85' lang='lat' dir='ltr'><strong><em>In</em></strong></span> <span class='ocrx_word' id='word_1_910' title='bbox 2879 5549 2966 5606; x_wconf 86' lang='lat' dir='ltr'><strong><em>B.,</em></strong></span> <span class='ocrx_word' id='word_1_911' title='bbox 2998 5551 3102 5614; x_wconf 86' lang='lat' dir='ltr'><strong><em>qui.</em></strong></span> <span class='ocrx_word' id='word_1_912' title='bbox 3139 5551 3210 5601; x_wconf 82' lang='lat' dir='ltr'><strong><em>M.</em></strong></span> 
     </span>
    </p>
   </div>
  </div>
