4108 6172
202 228 293 283 101

678 351 1020 410 EPISTULA
1078 354 1209 408 xxv
1240 354 1255 369 '
1294 352 1396 423 (a).

200 458 460 515 Paulinus
482 460 818 530 Augustino,
843 460 1129 533 exquisitis
1156 476 1274 515 eum
1307 456 1559 513 laudibus
1585 472 1856 511 exornans

262 566 363 620 pro
388 549 632 620 quinque
660 550 776 619 ejus
805 551 1061 605 adversus
1076 548 1397 607 Manichaos
1430 547 1611 612 libris,
1642 562 1770 617 quos
1797 543 1865 600 ab

266 638 467 710 Alypio
506 644 812 710 acceperat.
845 639 1045 694 Panem
1077 639 1191 709 ipsi
1216 638 1354 692 dono
1380 637 1573 692 mittit.

195 740 425 800 Domitio
454 744 638 816 fratri
666 746 930 802 unanimo
959 754 1008 801 et
1030 745 1328 801 venerabili
1359 750 1698 810 Ancusrmo,
1728 744 1862 797 PAU-

595 867 754 907 LINUS
776 858 831 908 et
851 854 1129 908 Tncnssu
1155 857 1470 922 peccatores.

269 973 317 1023 1.
355 967 625 1023 Charitas
662 967 881 1024 Christi
915 985 1028 1039 qua
1054 973 1208 1039 urget
1237 983 1356 1033 nos,
1389 974 1437 1022 et
1468 965 1703 1021 absentes
1738 964 1864 1019 licet

192 1073 289 1129 per
311 1057 594 1112 unitatem
612 1057 743 1128 ﬁdei
760 1056 1111 1129 alligat,ipsa
1134 1056 1391 1129 ﬁduciam
1408 1057 1486 1111 ad
1505 1063 1561 1112 te
1586 1053 1866 1111 scribendi

194 1146 401 1218 pudore
431 1146 659 1219 depulso
685 1147 955 1218 prastitit
989 1153 1176 1218 :teque
1211 1163 1310 1217 per
1330 1146 1542 1202 litteras
1556 1151 1675 1201 tuas
1702 1147 1869 1200 visce-

194 1235 345 1290 ribus
374 1235 520 1290 meis
550 1235 853 1301 intimavit,
867 1241 1061 1307 quaset
1079 1234 1488 1291 descholasticis
1498 1235 1866 1304 facultatibus

196 1326 496 1396 efﬂuentes,
524 1331 583 1380 et
610 1324 679 1379 de
706 1324 1007 1381 caelestibus
1035 1325 1181 1396 fovis
1204 1325 1405 1394 dulces,
1431 1331 1496 1380 ut
1520 1325 1717 1379 anima
1742 1341 1867 1380 mea

197 1414 427 1469 medicas
453 1420 505 1468 et
531 1414 775 1479 altrices,
791 1416 850 1469 in
874 1416 1115 1487 quinque
1135 1413 1298 1470 libris
1321 1414 1540 1469 interim
1553 1422 1720 1480 teneo,
1738 1428 1868 1485 quos

197 1520 411 1559 munere
426 1501 754 1558 benedictiet
767 1502 1091 1558 venerabilis
1104 1503 1262 1559 nobis
1277 1504 1513 1575 episcopi
1532 1503 1709 1559 nostri
1737 1504 1781 1557 Α
1793 1502 1865 1574 ly-

196 1593 290 1663 pii,
324 1608 437 1647 non
465 1609 572 1663 pro
601 1599 785 1647 nostra
815 1593 1170 1648 instructione
1200 1600 1431 1656 tantum,
1464 1593 1553 1647 sed
1580 1595 1742 1647 etiam
1763 1609 1867 1664 pro

196 1680 455 1737 Ecclesia
484 1681 789 1737 multarum
817 1681 1039 1737 urbium
1077 1681 1324 1738 utilitate
1365 1682 1712 1753 suscepimus.
1761 1682 1867 1747 Hos

197 1772 374 1843 igitur
402 1788 557 1827 nunc
586 1771 756 1830 libros
778 1772 998 1827 lectioni
1015 1772 1175 1827 habeo
1204 1794 1225 1842 ;
1251 1773 1311 1826 in
1338 1772 1423 1826 his
1448 1789 1526 1827 me
1542 1772 1742 1829 oblecto
1765 1773 1867 1842 ;de

197 1861 277 1915 his
302 1861 490 1917 cibum
516 1862 692 1932 capio,
721 1878 827 1916 non
859 1861 1021 1917 illum
1060 1864 1155 1933 qui
1183 1862 1346 1928 perit,
1374 1861 1462 1916 sed
1481 1861 1574 1933 qui
1611 1869 1868 1933 operatur

198 1951 315 2005 vita
340 1957 572 2005 aterna
592 1949 954 2005 substantiam
976 1967 1078 2021 per
1102 1949 1256 2021 ﬁdem
1283 1957 1543 2016 nostram,
1574 1967 1677 2021 qua
1690 1967 1868 2005 accor-

198 2054 465 2111 poramur
501 2041 568 2093 in
616 2039 838 2095 Christo
893 2040 1018 2095 Jesu
1066 2039 1290 2095 Domino
1320 2047 1504 2095 nostro
1535 2057 1552 2095 :
1596 2057 1712 2095 cum
1739 2040 1868 2112 ﬁdes

198 2136 406 2196 nostra,
447 2146 571 2201 qua
596 2129 908 2184 visibilium
930 2130 1228 2200 negligens,
1266 2128 1635 2185 invisibilibus
1664 2130 1863 2194 inhiat,

200 2236 288 2291 per
309 2220 653 2274 charitatem
674 2218 859 2273 omnia
879 2218 1165 2275 secundum
1190 2220 1473 2274 veritatem
1490 2220 1868 2292 omnipotentis

203 2308 299 2363 Dei
325 2308 659 2376 credentem,
688 2307 888 2362 litteris
926 2313 983 2363 et
1009 2308 1265 2379 exemplis
1290 2308 1535 2379 ﬁdelium
1555 2308 1860 2365 roboretur.

202 2399 243 2454 Ο
266 2415 387 2453 rere
419 2398 506 2453 sal
524 2405 713 2464 terra,
744 2398 1163 2469 quopracordia
1186 2405 1371 2453 nostro
1391 2415 1453 2452 ne
1472 2399 1679 2470 possint
1701 2399 1869 2454 seculi

200 2504 480 2543 vanescere
504 2504 719 2551 errore,
765 2487 1105 2543 condiuntur
1131 2489 1149 2542 Ι
1184 2488 1230 2542 0
1261 2488 1481 2542 lucerna
1510 2488 1669 2559 digne
1696 2505 1866 2559 supra

204 2577 589 2633 candelame
614 2577 861 2632 Ecclesia
883 2578 1083 2647 posita,
1119 2592 1239 2648 qua
1278 2578 1382 2632 late
1411 2576 1688 2633 catholicis
1708 2578 1863 2632 urbi-

205 2666 374 2722 busde
402 2665 727 2739 septiformi
758 2664 947 2737 lychno
992 2672 1211 2738 pastum
1271 2666 1380 2720 oleo
1439 2667 1648 2721 latitia
1691 2667 1865 2722 lumen

203 2756 500 2827 effundens,
529 2754 723 2810 densas
762 2754 886 2810 licet
910 2755 1287 2811 hareticorum
1326 2755 1589 2826 caligines
1618 2754 1864 2820 discutis,

205 2854 249 2901 et
270 2846 443 2901 lucem
472 2845 735 2900 veritatis
763 2862 798 2899 a
843 2844 1159 2914 confusione
1212 2844 1558 2901 tenebrarum
1590 2845 1868 2917 splendore

201 2935 443 3006 clariﬁci
464 2935 739 2990 sermonis
767 2932 1060 2992 enubilas!

271 3030 323 3080 2.
367 3024 547 3089 Fida,
570 3025 759 3095 frater
781 3023 1418 3089 unanime,admirabilis
1440 3024 1497 3078 in
1529 3024 1755 3080 Christo
1767 3024 1870 3079 Do-

206 3116 348 3169 mino
394 3122 443 3169 et
477 3112 841 3184 suscipiende,
874 3130 1031 3183 quam
1052 3112 1417 3183 familiariter
1446 3115 1757 3185 agnoverim
1795 3121 1864 3178 te,

203 3211 402 3275 quanto
420 3203 676 3258 admirer
689 3211 925 3274 stupore,
945 3219 1105 3274 quam
1116 3220 1308 3275 magno
1328 3221 1508 3259 amore
1524 3204 1867 3275 complectar,

200 3296 294 3365 qui
318 3292 570 3366 quotidie
589 3291 850 3363 colloquio
882 3292 1202 3347 litterarum
1224 3299 1443 3349 tuarum
1460 3294 1644 3366 fruor,
1683 3302 1731 3349 et
1757 3293 1870 3348 oris

199 3386 279 3439 tui
306 3384 525 3454 spiritu
549 3398 754 3437 vescor.
784 3381 853 3437 0s
873 3382 1013 3437 enim
1033 3388 1185 3438 tuum
1202 3383 1440 3454 ﬁstulam
1478 3401 1628 3454 aqua
1667 3384 1799 3439 viva
1819 3392 1871 3439 et

200 3489 392 3527 venam
434 3472 614 3543 fontis
641 3471 833 3526 aterni
861 3473 1056 3526 merito
1084 3471 1342 3537 dixerim,
1373 3473 1503 3544 quia
1521 3474 1663 3543 tfons
1686 3474 1746 3527 in
1776 3480 1824 3528 te
1848 3475 1866 3508 ¹

207 3579 364 3633 aqua
390 3561 655 3615 salientis
688 3563 747 3615 in
772 3567 942 3616 vitam
971 3568 1226 3617 aternam
1269 3561 1521 3617 Christus
1570 3563 1784 3632 effectus
1807 3570 1881 3618 est

206 3651 386 3720 (Joan.
418 3667 502 3715 Iv,
537 3652 648 3721 14).
677 3650 853 3720 Cujus
872 3650 1142 3705 desiderio
1170 3650 1349 3706 sitivit
1373 3651 1434 3705 in
1461 3658 1509 3706 te
1537 3652 1723 3706 anima
1748 3668 1879 3718 mea,

204 3747 252 3795 et
280 3740 531 3795 ubertate
558 3741 649 3794 tui
672 3740 921 3809 ﬂuminis
948 3739 1226 3795 inebriari
1247 3748 1397 3795 terra
1419 3758 1532 3796 mea
1555 3741 1880 3812 concupivit.

206 3827 431 3900 Ideoque
454 3846 577 3884 cum
610 3828 705 3884 hoc
728 3829 1101 3885 Pentateucho
1129 3838 1221 3886 tuo
1238 3837 1427 3885 contra
1456 3831 1780 3887 Manichaos
1806 3848 1886 3886 me

202 3919 335 3973 satis
356 3920 695 3986 armaveris,
720 3918 769 3972 si
798 3920 930 3989 quia
976 3920 1041 3973 in
1079 3920 1217 3974 alios
1252 3937 1455 3992 quoque
1505 3920 1672 3975 hostes
1711 3920 1885 3975 catho-

204 4007 323 4063 lica
346 4007 488 4079 ﬁdei
507 4007 824 4062 munimina
843 4009 1182 4079 comparasti
1204 4010 1356 4080 (quia
1382 4009 1546 4064 hostis
1576 4016 1772 4071 noster.
1795 4012 1888 4067 cui

204 4096 355 4151 mille
388 4095 619 4151 nocendi
647 4104 816 4161 artes,
856 4104 969 4152 tam
1008 4098 1187 4153 variis
1218 4099 1603 4170 expugnandus
1633 4107 1710 4155 est
1742 4099 1882 4166 telis,

206 4203 367 4257 quam
398 4193 679 4257 oppugnat
704 4186 974 4260 insidiis),
998 4204 1173 4260 quaso
1190 4204 1439 4260 promere
1460 4189 1594 4243 mihi
1617 4189 1679 4244 de
1706 4206 1886 4244 arma-

208 4277 487 4332 mentario
517 4284 632 4339 tuo,
665 4282 715 4330 et
753 4277 1010 4348 conferre
1056 4294 1164 4332 non
1198 4277 1404 4333 abnuas
1441 4296 1596 4332 arma
1621 4278 1875 4350 iustitia.

202 4364 334 4420 Sum
364 4368 515 4420 enim
544 4365 865 4430 laboriosus,
886 4367 1051 4421 etiam
1072 4383 1213 4423 nunc
1241 4367 1337 4423 sub
1365 4385 1556 4439 magno
1581 4385 1745 4423 onere
1767 4384 1887 4438 pec-

204 4462 362 4510 cator
401 4460 447 4520 ³,
478 4462 762 4510 veteranus
796 4455 852 4509 in
896 4472 1121 4511 numero
1147 4465 1509 4527 peccatorum,
1550 4457 1643 4513 sed
1677 4465 1882 4513 aterno

204 4546 327 4616 regi
354 4560 526 4599 novus
551 4544 613 4599 in
653 4561 876 4616 corpore
903 4546 1018 4602 tiro
1042 4546 1288 4604 militia.
1329 4546 1665 4618 Sapientiam
1694 4547 1885 4609 mundi

207 4636 377 4689 miser
403 4635 676 4706 hucusque
699 4634 936 4690 miratus
959 4651 1097 4703 sum,
1120 4644 1169 4691 et
1194 4653 1293 4708 per
1318 4636 1541 4692 inutiles
1562 4637 1774 4693 litteras
1802 4654 1886 4693 re-

210 4723 600 4795 probatamque
620 4724 984 4795 prudentiam
1008 4726 1118 4781 Deo
1134 4726 1336 4782 stultus
1347 4734 1395 4782 et
1420 4734 1600 4782 mutus
1618 4727 1723 4798 fui.
1738 4728 1887 4784 Post-

210 4830 367 4884 quam
400 4814 704 4869 inveteravi
732 4814 881 4869 inter
910 4815 1162 4870 inimicos
1190 4832 1345 4882 meos,
1376 4824 1425 4871 et
1456 4817 1627 4871 vanni
1658 4817 1718 4871 in
1747 4821 1885 4889 cogi-

213 4903 519 4959 tationibus
549 4904 701 4969 meis,
738 4904 916 4959 levavi
943 4904 1136 4960 oculos
1158 4922 1296 4960 meos
1323 4905 1385 4959 in
1412 4913 1631 4973 montes,
1665 4906 1736 4960 ad
1748 4923 1885 4978 ρτιε.

213 5000 365 5064 cepta
391 4991 526 5064 legis
552 5000 602 5049 et
630 4993 832 5064 gratia
859 4992 998 5049 dona
1018 4995 1316 5067 suscipiens
1342 5012 1359 5049 :
1392 4995 1538 5051 unde
1562 4995 1698 5051 mihi
1721 4996 1886 5051 auxi-

278 5200 295 5264 ¹ν
308 5198 395 5264 Sjc
408 5197 534 5247 Mss.
550 5196 858 5264 duodecim.
869 5200 936 5249 At
950 5198 1087 5249 Edd.
1103 5199 1317 5264 habent.
1327 5200 1448 5264 quia
1460 5202 1575 5263 fons
1588 5201 1706 5249 vita
1720 5214 1883 5264 aqua.

285 5263 305 5293 ⁸
338 5261 461 5309 Mss.
491 5264 721 5324 septem,
759 5260 852 5309 sub
903 5276 1089 5324 magno
1136 5260 1349 5311 honore—
1374 5260 1625 5325 peccator.
1679 5260 1827 5313 Unde
1858 5276 1885 5312 e

219 5321 394 5373 Vatia.
407 5359 421 5379 ,
454 5321 594 5371 mere
616 5328 961 5384 peccatorum.

279 5362 961 5451 ²“[ξὲὲόξὶι’ςῖγῗιῖἱῦἷᾞὲᾆὲ
1010 5386 1097 5436 ad.
1126 5362 1179 5436 ᾗ.
1214 5386 1285 5449 bg
1315 5387 1386 5437 bl.
1420 5387 1513 5442 bn.
1554 5402 1601 5451 cf.
1634 5387 1793 5451 00.11:.
1833 5402 1884 5451 ε.

218 5454 306 5561 ἓξ.
333 5448 451 5561 ἔον,
473 5447 521 5498 Ξ.
557 5448 640 5498 sb.
673 5461 759 5498 vc.
779 5447 870 5497 vd.
888 5448 1026 5499 duos
1045 5463 1090 5499 ει.
1114 5447 1353 5514 (ιιιὶῃρυθ
1380 5465 1429 5501 v.
1454 5455 1505 5501 et
1530 5450 1597 5500 ad
1622 5452 1739 5499 Am.
1760 5447 1885 5500 Bad.

293 5547 304 5558 .
409 5526 460 5560 ν.

282 5576 350 5636 (α)
376 5574 524 5624 Alias
543 5574 617 5647 .31
651 5587 664 5622 :
702 5586 825 5637 qua
871 5577 1054 5625 autem
1087 5575 1147 5623 25
1178 5578 1309 5633 erat,
1345 5590 1489 5626 nunc
1537 5577 1645 5626 195.
1683 5576 1891 5640 Scripta

231 5648 346 5687 cum
375 5649 679 5702 supenore.

1459 219 1964 280 EPISTOLARUM
2004 219 2291 277 CLASSIS
2336 219 2376 274 Ι.

3521 223 3624 279 102

1974 346 2109 402 lium
2136 348 2283 403 venit
2308 363 2340 400 a
2370 345 2613 409 Domino,
2641 345 2734 418 qui
2759 361 2863 400 non
2881 347 3172 402 secundum
3198 346 3513 420 iniquitates
3536 365 3626 403 re-

1971 436 2234 504 tribuens,
2269 435 2605 490 illuminavit
2634 451 2840 501 cacum,
2874 434 3031 491 solvit
3047 437 3419 506 compeditum,
3442 438 3623 495 humi-

1972 525 2134 580 liavit
2162 532 2394 581 erectum
2429 525 2579 594 male,
2612 531 2670 579 ut
2700 525 2928 595 erigeret
2951 523 3300 581 humiliatum
3323 528 3431 599 pie.

2043 618 2095 670 3.
2128 615 2337 685 Sequor
2377 614 2576 685 igitur,
2608 630 2713 667 non
2739 613 2903 683 aquis
2931 614 3104 669 adhuc
3137 615 3402 685 passibus,
3429 633 3624 688 magna

1962 703 2238 775 justorum
2258 704 2483 774 vestigia
2506 703 2560 757 si
2568 703 2763 773 possim
2774 703 3113 759 orationibus
3125 706 3319 759 vestris
3329 705 3625 777 apprehen-

1972 792 2118 853 dere.
2152 793 2210 847 in
2233 809 2334 864 quo
2366 792 2468 847 Dei
2496 790 3307 862 miserationibusapprehensus
3328 811 3464 849 sum.
3489 795 3623 866 Rege

1973 898 2097 953 ergo
2122 882 2412 953 parvulum
2433 881 2494 936 in
2529 887 2681 936 terra
2702 888 3023 952 reptantem,
3056 888 3104 936 et
3127 883 3239 937 tuis
3247 883 3514 953 gressibus
3541 883 3627 938 in-

1970 969 2125 1042 gredi
2153 970 2293 1026 doce.
2326 970 2466 1027 Nolo
2495 969 2637 1025 enim
2662 986 2740 1024 me
2766 968 3065 1040 corporalis
3089 976 3242 1025 ortus
3271 971 3440 1042 magis
3467 988 3626 1043 quam

1970 1059 2285 1132 spiritualis
2315 1068 2541 1114 exortus
2565 1065 2718 1115 atate
2746 1058 3064 1115 consideres.
3099 1060 3305 1131 Quippe
3333 1067 3460 1115 atas
3489 1060 3627 1117 mihi

1972 1148 2255 1205 secundum
2288 1165 2501 1204 carnem
2529 1166 2589 1203 ea
2600 1150 2717 1219 jam
2754 1156 2847 1213 est,
2876 1164 2981 1219 qua
3010 1148 3124 1219 fuit
3144 1148 3236 1203 ille
3265 1149 3337 1203 ad
3357 1150 3628 1221 Apostolis

1974 1237 2033 1291 in
2060 1244 2221 1309 porta
2240 1236 2506 1309 Speciosa,
2527 1238 2677 1293 verbi
2690 1243 2947 1309 potestate
2961 1243 3186 1292 sanatus
3216 1239 3361 1310 (Act.
3393 1255 3472 1305 III,
3501 1241 3555 1306 7,
3580 1248 3627 1296 et

1975 1342 2055 1393 1v,
2082 1331 2190 1397 22).
2226 1328 2289 1382 In
2315 1327 2593 1383 natalibus
2630 1334 2806 1381 autem
2846 1327 3063 1391 anima,
3097 1326 3249 1382 illius
3277 1328 3453 1384 adhuc
3488 1329 3629 1384 mihi

1977 1423 2175 1489 tempus
2198 1417 2451 1488 infantia
2481 1424 2576 1483 est,
2612 1433 2728 1488 qua
2760 1416 3046 1471 intentatis
3077 1416 3292 1472 Christo
3316 1417 3630 1474 vulneribus

1976 1506 2268 1571 immolata,
2294 1506 2456 1577 digno
2470 1506 2730 1577 sanguine
2746 1506 2878 1577 agni
2895 1506 3168 1560 victimam
3182 1507 3563 1577 pracucurrit,
3579 1516 3629 1563 et

1976 1595 2301 1651 dominicam
2330 1595 2619 1666 auspicata
2649 1601 2727 1649 est
2756 1595 3078 1665 passionem.
3111 1596 3284 1666 Atque
3314 1595 3431 1650 ideo
3451 1604 3510 1651 ut
3540 1596 3631 1651 in-

1976 1687 2180 1756 fantem
2204 1684 2378 1739 adhuc
2404 1683 2563 1739 verbo
2606 1683 2709 1737 Dei
2746 1691 2797 1738 et
2820 1683 3110 1754 spirituali
3149 1690 3304 1739 atate
3331 1684 3628 1752 lactentem,

1974 1773 2140 1828 educa
2169 1773 2343 1828 verbis
2373 1775 2503 1836 tuis,
2532 1772 2785 1828 uberibus
2822 1772 2968 1843 ﬁdei,
3003 1773 3305 1843 sapientia,
3337 1773 3634 1830 charitatis

1977 1863 2292 1919 inhiantem.
2327 1864 2395 1919 Si
2414 1863 2651 1933 ofﬁcium
2677 1878 2951 1917 commune
2979 1862 3304 1927 consideras,
3329 1863 3508 1933 frater
3530 1880 3582 1918 es
3611 1879 3632 1929 ;

1973 1954 2024 2009 si
2048 1954 2422 2009 maturitatem
2442 1952 2650 2023 ingenii
2672 1952 2758 2007 tui
2776 1957 3106 2007 etsensuum.
3122 1953 3428 2023 patermihi
3446 1954 3634 2019 es,etsi

1971 2043 2112 2113 forte
2141 2043 2215 2097 sis
2239 2059 2346 2096 avo
2365 2042 2585 2111 junior,
2613 2042 2744 2112 quia
2773 2048 2820 2096 te
2845 2041 2916 2095 ad
2946 2042 3320 2096 maturitatem
3370 2042 3559 2098 meriti
3583 2049 3632 2097 et

1976 2132 2223 2187 honorem
2245 2131 2518 2185 seniorum
2537 2131 2790 2200 provexit
2821 2132 2833 2164 ¹
2860 2130 3124 2200 juvenem
3153 2146 3287 2185 cana
3316 2130 3632 2203 prudentia.

1977 2221 2116 2276 Fove
2132 2220 2309 2291 igitur
2328 2227 2375 2275 et
2406 2219 2699 2275 corrobora
2730 2236 2810 2274 me
2832 2219 2889 2274 in
2911 2219 3084 2274 sacris
3105 2220 3357 2286 Litteris,
3385 2228 3434 2276 et
3460 2220 3630 2291 spiri-

1975 2309 2214 2366 tualibus
2247 2309 2467 2375 studiis,
2501 2316 2757 2380 tempore,
2786 2316 2845 2364 ut
2884 2308 3027 2372 dixi,
3058 2316 3341 2375 recentem,
3369 2316 3421 2364 et
3449 2309 3511 2364 ob
3541 2309 3635 2365 hoc

1975 2408 2088 2472 post
2107 2400 2261 2471 longa
2272 2399 2620 2463 discrimina,
2646 2405 2768 2469 post
2788 2400 2959 2453 multa
2973 2398 3292 2470 naufragia,
3312 2415 3410 2454 usu
3422 2398 3632 2465 rudem,

1975 2490 2199 2545 vixdum
2218 2506 2250 2543 a
2266 2490 2521 2559 ﬂuctibus
2549 2490 2728 2544 seculi
2745 2496 3114 2561 emergentem,
3141 2495 3200 2543 tu
3219 2489 3314 2559 qui
3341 2487 3637 2558 jamsolido

1977 2579 2163 2635 littore
2205 2579 2546 2644 constitutus,
2578 2585 2691 2633 tuto
2712 2579 2733 2613 ²
2763 2579 2943 2649 excipe
2971 2580 3118 2644 sinu,
3170 2585 3229 2634 ut
3260 2579 3319 2632 in
3355 2585 3521 2650 portu
3547 2595 3635 2633 sa-

1979 2669 2125 2734 lutis,
2154 2669 2202 2724 si
2229 2669 2453 2740 dignum
2478 2675 2660 2740 putas,
2702 2668 2916 2740 pariter
2944 2668 3273 2740 navigemus.
3307 2668 3523 2723 Interea
3558 2685 3639 2723 me

1976 2758 2038 2814 de
2057 2757 2319 2830 periculis
2348 2758 2472 2813 vita
2494 2758 2659 2812 istius
2682 2764 2730 2813 et
2758 2758 3034 2829 profundo
3056 2765 3394 2829 peccatorum
3420 2756 3639 2812 evadere

1977 2851 2256 2913 nitentem,
2308 2846 2649 2903 orationibus
2687 2848 2801 2903 tuis
2839 2855 3092 2919 tanquam
3118 2846 3303 2903 tabula
3330 2848 3556 2914 sustine,
3578 2854 3637 2903 ut

1977 2937 2045 2992 de
2071 2937 2164 2992 hoc
2194 2938 2388 2992 mundo
2416 2938 2579 3008 quasi
2608 2936 2673 2991 de
2694 2936 2995 3008 naufragio
3023 2936 3200 2991 nudus
3236 2936 3476 2992 evadam.

2048 3030 2101 3081 4.
2144 3026 2355 3081 Idcirco
2379 3026 2521 3080 enim
2542 3042 2623 3080 me
2642 3025 2819 3079 levare
2843 3026 3094 3090 sarcinis,
3113 3033 3164 3080 et
3176 3027 3506 3081 vestimentis
3519 3042 3640 3080 one-

1980 3115 2231 3171 rantibus
2262 3132 2463 3171 exuere
2495 3115 2710 3181 curavi,
2743 3120 2802 3170 ul
2834 3115 3089 3169 undosum
3112 3115 3225 3183 hoc,
3246 3132 3347 3186 quo
3372 3116 3519 3169 inter
3545 3131 3641 3169 nos

1980 3214 2029 3261 et
2044 3206 2213 3261 Deum
2225 3205 2452 3276 peccatis
2469 3205 2855 3260 interlatranti
2859 3204 2955 3259 bus
2965 3210 3198 3276 separat,
3216 3205 3499 3275 prasentis
3514 3205 3639 3259 vita
3746 3270 3753 3277 .

1979 3295 2174 3360 salum,
2188 3295 2334 3349 omni
2354 3294 2555 3349 amictu
2567 3295 2773 3359 carnis,
2791 3300 2840 3348 et
2856 3311 2988 3348 cura
3008 3293 3641 3365 dieisequentis,jubente

1981 3392 2030 3440 et
2069 3385 2362 3456 adjuvante
2409 3383 2628 3439 Christo
2677 3383 2962 3454 expeditus
2993 3391 3222 3439 enatem.
3262 3384 3443 3454 Neque
3474 3382 3533 3437 id
3561 3398 3643 3437 me

1984 3476 2272 3546 perfecisse
2297 3474 2505 3545 glorior
2537 3490 2555 3537 ;
2592 3472 2730 3544 quod
2753 3473 2851 3527 etsi
2861 3472 3097 3544 gloriari
3104 3489 3324 3543 possem,
3342 3474 3401 3526 in
3414 3471 3661 3535 Domino,

1988 3564 2284 3635 gloriarer,
2312 3564 2467 3634 cujus
2496 3570 2571 3617 est
2594 3563 2871 3634 perficere,
2902 3561 3040 3633 quod
3059 3562 3209 3617 nobis
3238 3563 3445 3633 adjacet
3465 3561 3594 3616 velle
3623 3574 3645 3618 .'

1986 3653 2078 3709 sed
2129 3653 2454 3723 concupiscit
2509 3652 2681 3706 adhuc
2719 3651 2907 3706 anima
2960 3668 3073 3706 mea
3100 3651 3407 3707 desiderare
3429 3651 3648 3722 judicia

1994 3743 2241 3798 Domini.
2291 3741 2421 3797 Vide
2457 3740 2668 3812 quando
2697 3748 3018 3811 assequatur
3044 3742 3232 3811 effectu
3258 3741 3365 3796 Dei
3394 3740 3643 3795 volunta-

1992 3838 2091 3887 tem
2112 3833 2154 3897 ³,
2170 3831 2266 3902 qui
2282 3830 2458 3885 adhuc
2484 3831 2655 3901 ipsum
2668 3829 2979 3883 desiderare
2990 3829 3279 3884 desiderat.
3306 3830 3461 3893 Quod
3482 3830 3540 3883 in
3566 3845 3648 3884 me

1990 3929 2168 3977 tamen
2188 3927 2285 3988 est,
2316 3919 2490 3973 dilexi
2544 3919 2781 3974 decorem
2837 3917 3021 3973 domus
3047 3924 3262 3984 sancta,
3303 3925 3351 3973 et
3381 3925 3646 3989 quantum

1989 4011 2049 4066 in
2074 4027 2154 4065 me
2190 4010 2325 4081 fuit,
2345 4009 2600 4080 elegeram
2628 4006 2871 4079 abjectus
2884 4024 2993 4063 esse
3023 4007 3085 4062 in
3102 4007 3254 4063 domo
3280 4009 3527 4063 Domini.
3545 4008 3647 4063 Sed

1989 4101 2081 4156 cui
2106 4099 2312 4171 placuit
2341 4115 2619 4171 segregare
2662 4114 2747 4153 me
2782 4096 2849 4152 ab
2876 4104 3033 4153 utero
3069 4097 3268 4153 matris
3294 4114 3440 4165 mea,
3493 4105 3543 4154 et
3576 4097 3647 4153 ab

1989 4189 2240 4245 amicitia
2270 4188 2459 4243 carnis
2489 4194 2538 4243 et
2558 4186 2841 4258 sanguinis
2868 4187 2947 4241 ad
2972 4188 3210 4258 gratiam
3236 4204 3387 4243 suam
3408 4188 3646 4256 trahere,

1993 4278 2161 4335 eidem
2190 4278 2397 4349 placuit
2423 4277 2635 4348 inopem
2666 4294 2747 4332 me
2784 4276 2958 4331 omnis
2987 4276 3108 4331 boni
3134 4278 3342 4342 meriti,
3380 4279 3645 4333 suscitare

1991 4367 2052 4423 de
2071 4375 2223 4423 terra
2234 4373 2283 4420 et
2304 4366 2365 4421 de
2393 4366 2513 4422 lacu
2530 4365 2903 4434 miseriarum,
2927 4382 2989 4421 ac
3008 4365 3075 4422 de
3104 4366 3214 4422 luto
3239 4366 3388 4435 facis
3401 4365 3647 4433 educere,

1990 4463 2051 4512 ut
2088 4457 2376 4514 collocaret
2408 4473 2486 4510 me
2513 4472 2633 4510 cum
2669 4454 3016 4527 principibus
3066 4456 3261 4527 populi
3288 4457 3395 4521 sui,
3437 4463 3487 4511 et
3514 4472 3654 4527 par-

1990 4553 2095 4601 tem
2121 4563 2290 4602 meam
2311 4545 2370 4600 in
2400 4552 2495 4601 tua
2509 4550 2650 4599 sorte
2675 4551 2915 4614 poneret,
2947 4550 3008 4599 ut
3030 4550 3081 4598 te
3097 4553 3392 4614 prastante
3412 4545 3647 4611 meritis,

1989 4637 2172 4709 ofﬁcio
2193 4638 2424 4691 sociatus
2460 4650 2707 4706 aquarer
2729 4635 2770 4686 ³.

2063 4731 2115 4782 5.
2148 4726 2567 4796 Prasumptione
2584 4724 2883 4793 igiturnon
2912 4738 3051 4789 mea,
3078 4722 3167 4777 sed
3190 4723 3395 4794 placito
3418 4729 3470 4778 et
3495 4722 3648 4778 ordi-
3668 4730 3697 4747 λ

1989 4815 2207 4872 natione
2224 4814 2468 4878 Domini,
2495 4811 2893 4868 Fraternitatis
2904 4822 3010 4866 tua
3026 4812 3156 4867 mihi
3172 4812 3342 4885 fadus
3356 4827 3647 4882 usurpans,

2052 5015 2067 5045 ί
2099 5010 2230 5060 Edd.
2265 5025 2276 5059 :
2313 5011 2376 5057 Te
2397 5008 2465 5057 ad
2482 5010 2833 5058 maturitatem
2860 5008 3037 5056 meriti
3060 5006 3228 5057 honor
3250 5006 3508 5055 seniorem
3520 5019 3647 5067 pro-

1990 5075 2127 5123 vexit
2158 5079 2202 5123 et
2256 5073 2519 5135 juvenem.
2587 5072 2744 5135 Μέθη
2772 5084 2966 5119 novem
2995 5084 3004 5117 :
3042 5069 3250 5135 Honore
3282 5068 3558 5135 seniorum.
3583 5071 3655 5135 At

1992 5136 2183 5186 melius
2199 5131 2307 5184 dtio
2350 5134 2519 5184 Vatic.
2560 5149 2572 5180 :
2613 5133 2682 5182 Et
2727 5133 2970 5182 honorem
3013 5132 3271 5179 seniorum
3306 5131 3539 5192 provexit
3570 5132 3652 5194 ju-

1988 5213 2164 5249 venem
2175 5239 2187 5251 .

2051 5265 2071 5295 ²
2095 5262 2178 5311 Sic
2206 5261 2261 5310 in
2292 5258 2466 5309 editis.
2494 5258 2695 5321 AtMss.
2735 5257 2973 5321 plerique
3008 5254 3155 5303 :Jam
3181 5255 3239 5321 in
3266 5254 3432 5304 solido
3461 5255 3649 5306 littore.

1991 5324 2268 5374 constitisti
2297 5326 2419 5377 toto.
2452 5325 2556 5373 etc.
2598 5316 2911 5384 [constitistg
2946 5321 3074 5384 tuto,
3105 5316 3227 5380 etc.]

2054 5388 2073 5419 ³
2098 5386 2251 5435 Edd.:
2273 5384 2586 5447 Assequatur
2599 5380 2833 5447 effectum
2864 5380 2961 5447 Dei
2978 5380 3322 5447 voluntatum.
3349 5380 3469 5431 Mss.
3499 5381 3605 5447 duo
3634 5397 3646 5429 :

1994 5448 2238 5498 Effectum
2277 5447 2367 5497 Dei
2402 5442 2682 5498 voluntate.
2722 5442 2822 5491 Alii
2854 5443 2962 5492 duo
2995 5457 3005 5491 :
3034 5442 3125 5491 Dei
3140 5444 3476 5498 voluntatem.
3508 5445 3654 5495 Unus

1994 5524 2021 5560 e
2042 5505 2243 5559 ’νεῦρα
2280 5509 2475 5572 Eff‘ectu
2508 5507 2594 5572 dei
2618 5505 2949 5572 voluntatem.
2982 5505 3133 5555 Hunc
3168 5508 3465 5572 sequimur.

2057 5575 2074 5605 ⁸
2108 5570 2477 5622 ΟἰεῐθτοξΜελ
2503 5570 2677 5632 Ofﬁcio
2706 5573 2913 5618 senatus
2951 5583 3197 5633 aquarer,
3234 5570 3287 5618 id
3321 5573 3402 5619 est
3431 5581 3652 5619 munere

1986 5649 2021 5700 p
2053 5634 2439 5698 resbyteratus.
