4164 6182
460 217 558 272 103
1736 212 1797 268 S.
1842 212 2223 269 AUGUSTINI
2268 212 2585 269 EPISCOPI

459 348 611 396 tanto
644 340 900 411 indignus
923 339 1117 393 honore
1149 354 1227 392 me
1255 338 1487 407 dignor;
1513 340 1639 408 quia
1661 344 1710 393 te
1739 355 1836 408 pro
1861 346 1955 393 tua
1982 355 2103 393 san-

459 434 645 486 ctitate
676 438 819 485 certo
856 430 983 492 scio,
1011 444 1134 481 nam
1163 428 1388 481 veritate
1417 428 1581 497 sapis,
1616 444 1721 482 non
1754 428 1869 481 alta
1895 445 2099 497 sapere,

459 522 546 577 sed
594 519 885 573 humilibus
931 533 1245 587 congruere.
1279 517 1503 587 Ideoque
1548 525 1796 587 prompte
1834 524 1882 571 et
1913 517 2104 571 intime

458 617 797 680 recepturum
816 623 969 677 spero
996 606 1316 661 charitatem
1338 606 1666 661 humilitatis
1691 614 1905 669 nostrae,
1946 622 2104 677 quam

454 699 662 770 quidem
706 698 823 767 jam
876 698 1133 766 recepisse
1166 702 1212 750 te
1254 712 1350 766 per
1381 695 1745 750 beatissimum
1783 694 2104 749 sacerdotem

456 786 713 858 Alypium
758 787 909 856 (quia
946 785 1231 855 dignatur)
1266 792 1472 855 patrem
1511 792 1774 849 nostrum,
1800 784 2020 853 conﬁdo.
2054 784 2104 837 Is

454 877 597 932 enim
622 877 737 930 sine
756 875 917 929 dubio
958 874 1019 929 de
1058 892 1109 929 se
1139 874 1240 929 tibi
1264 875 1562 944 exemplum
1591 874 1821 945 praebuit
1853 890 1943 927 nos
1981 880 2105 927 ante

454 966 713 1020 notitiam
737 972 784 1018 et
805 981 972 1033 supra
1000 963 1253 1017 meritum
1272 963 1664 1033 diligendi,qui
1688 963 1980 1033 incognitas
2000 962 2107 1016 sibi

455 1072 569 1119 nos,
603 1062 649 1108 et
683 1055 973 1125 longinqua
1000 1054 1106 1107 soli
1128 1053 1204 1106 vel
1228 1053 1331 1106 sali
1354 1052 1756 1123 intercapedine
1774 1052 2101 1122 disparatos,

455 1144 664 1215 spiritu
691 1160 827 1197 verte
851 1142 1174 1205 dilectionis,
1191 1142 1285 1212 qui
1306 1141 1496 1211 ubique
1522 1150 1569 1195 et
1586 1148 1831 1211 penetrat
1861 1149 1909 1195 et
1930 1141 2102 1209 effun-

456 1233 631 1296 ditur,
671 1240 720 1286 et
751 1232 928 1285 videre
957 1230 1227 1301 diligendo
1248 1231 1446 1300 potuit,
1475 1238 1521 1284 et
1553 1230 1871 1300 alloquendo
1898 1230 2106 1300 pertin.

455 1338 595 1391 gere.
629 1321 737 1374 Hic
758 1319 906 1373 nobis
931 1319 1117 1390 prima
1142 1320 1372 1387 affectus
1398 1320 1485 1373 sui
1505 1318 1899 1383 documenta,et
1925 1317 2106 1372 chari-

457 1411 587 1465 tatis
613 1418 718 1465 tua:
738 1412 967 1480 pignora
998 1409 1055 1463 in
1081 1408 1397 1478 supradicto
1420 1408 1579 1478 digno
1604 1425 1821 1462 munere
1840 1408 2104 1461 librorum

456 1499 622 1554 dedit.
658 1501 729 1553 Et
750 1506 947 1570 quanto
964 1498 1485 1567 studuitimpendio,
1509 1505 1566 1552 ut
1591 1498 1939 1551 Sanctitatem
1957 1504 2105 1551 tuam

455 1605 561 1643 non
604 1589 770 1651 ipsius
800 1594 1011 1641 tantum
1034 1587 1233 1650 verbis,
1256 1586 1345 1639 sed
1368 1587 1583 1657 plenius
1610 1586 1909 1657 eloquentia
1930 1593 1977 1639 et
2002 1585 2105 1654 ﬁde

455 1684 549 1732 tua
578 1679 839 1747 cognitam
855 1694 958 1730 non
979 1693 1240 1746 possemus
1254 1693 1438 1729 amare
1466 1676 1808 1729 mediocriter
1829 1682 2104 1743 tantopere

455 1784 667 1823 curasse
697 1767 929 1821 eumdem
957 1766 1242 1829 credimus,
1262 1774 1321 1820 ut
1354 1783 1443 1819 nos
1472 1766 1706 1819 vicissim
1726 1766 1896 1835 ipsius
1922 1766 2105 1818 imita-

457 1858 599 1912 tione
627 1856 923 1927 plurimum
962 1856 1181 1926 diligas.
1229 1856 1423 1909 Gratia
1457 1855 1559 1908 Dei
1587 1862 1775 1920 tecum,
1823 1862 1881 1908 ut
1906 1861 2000 1919 est,
2044 1855 2105 1907 in

458 1954 719 2002 (sternunt
750 1953 958 1999 maneat
998 1952 1261 2014 optamus,
1294 1944 1473 2013 frater
1526 1945 1582 1997 in
1617 1944 1835 1999 Christo
1868 1944 2105 2000 Domino

456 2034 1089 2100 unanime,venerabilis,
1123 2034 1651 2088 desiderantissime:
1686 2040 1847 2088 totam
1868 2032 2099 2096 domum,

456 2132 505 2179 et
531 2142 736 2180 omnem
762 2125 1029 2188 comitem,
1064 2130 1111 2177 et
1160 2123 1533 2177 wmulatorem
1555 2124 1614 2176 in
1644 2122 1870 2176 Domino
1906 2122 2104 2176 sancti-

458 2216 589 2269 tatis
618 2218 722 2268 tuw
745 2213 985 2283 plurimo
1003 2212 1379 2281 fraternitatis
1410 2212 1682 2266 unanima:
1700 2210 1997 2265 salutamus
2020 2210 2103 2280 af-

457 2304 622 2374 fectu.
653 2303 853 2356 Panem
884 2318 1073 2365 unum,
1105 2318 1255 2371 quem
1294 2301 1685 2355 unanimitatis
1718 2300 1925 2354 indicio
1952 2300 2103 2354 misi-

458 2409 574 2447 mus
598 2392 862 2447 charitati
900 2399 1028 2455 tum,
1056 2406 1306 2459 rogamus
1342 2390 1651 2460 accipiendo
1689 2389 1976 2444 benedicas.

943 2507 1271 2562 EPISTULA
1297 2506 1452 2560 XXVI
1483 2506 1622 2577 ‘(a).

460 2614 800 2685 Augustinus
854 2614 1157 2669 Licentium
1198 2614 1453 2684 juvenem
1518 2613 1744 2668 nobilem
1789 2621 1836 2668 et
1875 2614 2102 2679 doctum,

533 2705 800 2776 quondam
828 2704 996 2774 ipsius
1012 2702 1363 2772 discipulum,
1395 2703 1652 2757 hortatur
1670 2703 1742 2757 ad
1766 2704 1966 2757 mundi
1979 2720 2108 2757 con-

531 2802 808 2867 temptum,
849 2793 1071 2847 abutens
1115 2792 1184 2845 ad
1232 2793 1329 2847 hoc
1372 2794 1543 2863 ipsius
1582 2793 1817 2847 Licentii
1844 2795 2102 2858 carmine,

526 2885 663 2957 quod
686 2884 763 2938 ad
786 2890 1161 2954 praeceptorem
1188 2882 1498 2952 scripserat.

956 3015 1204 3055 LICENTIO
1253 3015 1604 3055 AUGUSTINUS.

535 3140 581 3190 l.
600 3134 709 3189 Vix
730 3133 916 3205 reperi
940 3132 1323 3188 occasionem
1346 3133 1641 3187 scribendi
1667 3134 1769 3188 tibi
1801 3150 1813 3198 ;
1839 3133 1973 3204 quis
1987 3150 2106 3188 cre-

456 3225 601 3281 dat?
635 3224 744 3280 Sed
774 3223 1129 3277 mihitamen
1148 3222 1469 3277 Licentium
1486 3238 1723 3277 necesse
1738 3224 2101 3277 estcredere.

455 3314 601 3369 Nolo
629 3319 682 3368 te
729 3328 940 3367 causas
987 3311 1366 3381 rationesque
1416 3311 1637 3376 rimari,
1681 3328 1817 3383 qua:
1873 3312 2101 3367 etiamsi

454 3402 623 3459 reddi
654 3406 919 3473 possent,
964 3399 1103 3453 fidei
1135 3404 1357 3464 tamen,
1391 3416 1511 3470 qua
1546 3401 1689 3455 mihi
1730 3401 1946 3465 credis,
1981 3417 2100 3456 non

456 3508 559 3548 eas
600 3490 811 3545 debeo.
836 3491 983 3543 Nam
1008 3494 1063 3542 et
1085 3488 1305 3543 litteras
1324 3494 1455 3543 tuas
1476 3504 1593 3543 non
1619 3505 1722 3560 per
1748 3505 1848 3543 eas
1870 3491 2092 3560 accepi,

456 3597 562 3652 per
591 3595 746 3651 quos
778 3594 1021 3650 possem
1069 3577 1287 3648 scripta
1331 3577 1659 3632 redhibere.
1714 3578 1854 3645 Quae
1904 3587 2102 3634 autem

454 3668 651 3741 petisti
693 3674 755 3722 ut
785 3673 1066 3739 peterem,
1110 3666 1312 3721 curavi
1338 3682 1442 3737 per
1468 3668 1779 3739 epistolam
1808 3674 2102 3740 quantum

454 3757 855 3831 promendum
904 3759 915 3790 ¹
970 3755 1316 3826 videbatur;
1367 3758 1469 3811 sed
1526 3757 1665 3828 quid
1700 3758 1994 3814 effecerim
2042 3764 2101 3813 tu

452 3847 693 3903 videris.
745 3845 916 3911 Quod
966 3846 1009 3899 si
1054 3845 1322 3899 nondum
1377 3844 1648 3901 effectum
1695 3852 1801 3911 est,
1837 3847 1925 3902 vel
1965 3864 2098 3902 cum

454 3937 659 4002 sciero,
697 3951 875 4005 agam
926 3934 1268 3997 instantius,
1304 3934 1387 3988 vel
1430 3952 1565 3989 cum
1608 3952 1814 3990 rursus
1846 3937 1969 4008 ipse
2002 3936 2103 3990 ad-

450 4026 773 4082 monueris.
794 4025 1085 4078 Hactenus
1104 4040 1236 4093 quae
1258 4024 1437 4093 hujus
1460 4025 1587 4079 vitae
1602 4025 1838 4079 vincula
1858 4031 2104 4096 perstre-

452 4120 623 4187 punt,
658 4120 851 4168 tecum
884 4112 1114 4166 locutus
1155 4114 1300 4166 sim:
1339 4128 1496 4166 nunc
1528 4115 1727 4183 paucis
1745 4114 1948 4186 accipe
1974 4131 2103 4185 pec-

454 4204 594 4259 toris
627 4204 739 4257 mei
776 4208 959 4257 aestus
1010 4200 1084 4256 de
1135 4216 1239 4271 spe
1276 4205 1375 4255 tua
1411 4218 1528 4255 non
1568 4204 1922 4269 transitoria,
1951 4220 2103 4276 quo-

452 4308 595 4347 nam
629 4289 811 4345 modo
842 4290 937 4345 via
964 4288 1061 4342 tibi
1104 4293 1366 4359 patescat
1388 4291 1445 4343 in
1480 4291 1685 4345 Deum.

521 4387 573 4436 2.
613 4381 680 4436 Mi
712 4378 951 4443 Licenti,
994 4378 1172 4433 etiam
1215 4383 1394 4449 atque
1428 4380 1605 4435 etiam
1642 4387 2014 4437 recusantem
2048 4389 2102 4437 et

456 4470 875 4525 formidantem
909 4466 1229 4537 compedes
1262 4468 1577 4537 sapientiae,
1610 4470 1789 4524 timeo
1830 4476 1884 4525 te
1925 4470 2102 4525 rebus

452 4558 797 4614 mortalibus
811 4556 1163 4611 validissime
1177 4556 1729 4627 etperniciosissime
1760 4560 2098 4631 compediri.

460 4650 608 4702 Nam
625 4646 915 4717 sapientia
931 4661 1084 4716 quos
1106 4644 1301 4715 primo
1316 4646 1663 4715 alligaverit,
1679 4653 1731 4702 et
1758 4650 2102 4704 exercitato-

456 4736 559 4792 riis
574 4735 938 4806 quibusdam
954 4734 1259 4789 laboribus
1273 4735 1446 4789 edom
1459 4736 1624 4802 uerit,
1640 4737 1811 4792 solvit
1828 4745 2032 4810 postea
2054 4741 2097 4811 ³,

452 4823 840 4894 liberatisque
854 4838 982 4877 sese
995 4822 1178 4877 donat
1193 4824 1269 4877 ad
1286 4823 1599 4879 fruendum
1620 4843 1632 4891 ;
1658 4832 1711 4882 et
1737 4844 1890 4898 quos
1906 4831 2100 4900 primo

459 4912 889 4985 temporalibus
911 4910 1162 4965 nexibus
1193 4912 1529 4981 erudiverit,
1564 4922 1695 4985 post
1727 4918 1959 4973 aeternis
1978 4936 2100 4975 am-

454 5003 724 5076 plexibus
750 5001 953 5073 alligat
982 5016 1135 5071 ;quo
1153 5000 1390 5055 vinculo
1414 5004 1860 5073 necjucundius
1882 5025 1989 5063 nec
2012 5026 2075 5064 so

508 5184 521 5213 ι
554 5182 674 5243 Mss.
712 5185 836 5234 tres,
868 5180 1153 5243 petendum.
1196 5178 1291 5243 Alii
1311 5179 1566 5243 plerique,
1588 5186 1941 5243 promendum.

512 5242 677 5350 'bb‘lss.
708 5242 1133 5305 quattuordecim,
1168 5241 1326 5289 solvet
1350 5241 1606 5304 post—eapf.
1644 5249 1965 5308 amplexibus
1988 5252 2101 5299 alli-

512 5339 514 5347 ι
554 5320 567 5350 ι
600 5344 608 5350 .

484 5305 608 5352 abit.

450 5318 707 5431 {uigiliam
734 5366 1139 5431 emendavimus
1187 5380 1286 5426 ope
1316 5366 1446 5416 Cdd.
1479 5383 1527 5415 a.
1578 5368 1664 5431 bg.
1698 5369 1769 5418 bl.
1807 5371 1895 5420 bn.
1934 5389 1977 5422 c.
2023 5390 2097 5424 cc.

450 5428 505 5497 ff.
544 5441 732 5497 g.‘gv.
836 5427 972 5497 l._n.
1020 5443 1065 5477 r.
1105 5444 1153 5477 s.
1188 5433 1271 5477 sb.
1333 5434 1374 5483 t.
1434 5444 1511 5479 vc.
1547 5427 1643 5484 vd:
1674 5434 1909 5497 quinque
1947 5452 1994 5483 ν.
2051 5442 2102 5486 et

450 5488 568 5538 Am}
604 5488 733 5541 Bad.
768 5488 853 5537 Br.
880 5490 1004 5538 Lov.

517 5552 748 5625 (a)r\lias
780 5554 839 5625 βε)
867 5566 875 5598 ;
901 5557 1239 5625 (ιυιξξλρλιιιξηι
1273 5555 1332 5625 36
1381 5559 1511 5610 erat,
1552 5570 1692 5625 nunc
1744 5560 1849 5625 123.
1896 5561 2103 5625 Scripta

446 5620 584 5674 forte
614 5615 831 5664 ineunte
860 5627 947 5663 an.
993 5616 1101 5670 395,
1140 5619 1189 5664 et
1219 5617 1383 5666 missa
1408 5632 1530 5666 cum
1573 5621 1799 5682 cpistola
1828 5615 2100 5687 sequente.

3767 217 3869 273 104

2213 338 2391 392 lidius
2407 338 2651 408 cogitari
2669 337 3003 411 quidquam
3017 343 3227 411 potest.
3245 339 3439 395 Prima
3451 340 3578 395 haec
3590 340 3872 413 aliquan-

2214 426 2401 481 tulum
2434 428 2585 483 dura
2600 443 2727 482 esse
2754 428 3041 483 conﬁteor
3075 428 3203 493 ;illa
3217 444 3352 485 vero
3368 428 3575 484 ultima
3590 446 3697 485 nec
3716 430 3871 485 dura

2213 515 2645 587 dixerim,quia
2667 517 3167 572 dulcissimasunt
3194 533 3335 582 ;nec
3364 517 3743 589 mollia,quia
3774 519 3870 573 ﬁr-

2216 605 2663 676 missima;quid
2704 606 2877 677 igitur
2909 607 3023 661 nisi
3044 606 3206 677 quod
3233 605 3351 662 dici
3383 623 3503 662 non
3527 612 3740 679 potest,
3759 608 3867 663 sed

2214 693 2369 747 credi
2388 700 2584 749 tamen
2600 700 2653 749 et
2668 696 2891 766 sperari
2918 696 2968 750 ei
2983 695 3172 750 amari
3198 696 3438 766 potest?
3470 696 3715 752 Vincula
3728 712 3869 753 vero

2212 782 2393 852 hujus
2410 783 2612 838 mundi
2645 783 3026 854 asperitatem
3041 782 3265 839 habent
3297 800 3495 840 veram
3521 786 3871 856 jucundita-

2217 877 2331 927 tem
2348 871 2549 927 falsam
2580 888 2592 937 ;
2609 878 2830 927 certum
2849 870 3143 937 dolorem,
3160 872 3444 928 incertam
3468 873 3864 945 voluptatem;

2214 959 2433 1015 durum
2460 960 2749 1024 laborem,
2791 962 3061 1016 timidam
3106 963 3368 1032 quietem
3404 978 3416 1024 ;
3451 978 3577 1017 rem
3620 962 3867 1034 plenam

2218 1050 2490 1112 miseriae,
2506 1066 2672 1121 spem
2690 1050 3075 1105 beatitudinis
3092 1050 3355 1107 inanem.
3372 1051 3553 1106 Hisne
3578 1056 3636 1106 tu
3656 1053 3868 1107 inseris

2214 1145 2269 1192 et
2300 1137 2519 1193 collum
2554 1144 2608 1192 et
2642 1155 2860 1194 manus
2910 1145 2964 1193 et
3018 1139 3219 1210 pedes,
3253 1156 3389 1194 cntn
3440 1145 3495 1194 et
3533 1139 3868 1195 honoribus

2215 1226 2635 1296 hujuscemodi
2717 1228 3025 1297 subjugari
3094 1227 3357 1294 affectas,
3426 1234 3480 1283 et
3548 1228 3705 1285 facta
3766 1235 3865 1285 tua

2215 1330 2335 1368 non
2362 1314 2531 1369 aliter
2570 1315 2874 1370 fructuosa
2902 1316 3223 1381 existimas,
3247 1322 3303 1372 et
3333 1315 3529 1371 ambis
3552 1317 3865 1383 inhaerere,

2214 1419 2334 1474 quo
2375 1421 2493 1459 non
2532 1404 2711 1458 modo
2743 1404 3026 1459 invitatus
3066 1406 3169 1459 sed
3202 1421 3311 1461 nec
3350 1406 3699 1476 compulsus
3726 1406 3867 1478 qui-

2214 1495 2351 1548 dem
2383 1494 2465 1547 ire
2496 1494 2753 1548 debuisti
2782 1493 2809 1547 ‘I
2838 1493 2941 1549 Hic
2982 1500 3042 1548 tu
3074 1494 3327 1550 fortasse
3352 1495 3683 1551 Terentiani
3710 1495 3867 1550 servi

2216 1582 2359 1637 mihi
2390 1598 2747 1653 responsum
2781 1582 3016 1637 dederis
3051 1600 3063 1636 :

2465 1671 2592 1727 Ohe,
2618 1676 2675 1719 tu
2703 1671 2865 1719 verba
2894 1671 3076 1719 fundis
3112 1670 3194 1720 hic
3223 1672 3488 1735 sapientia
3520 1674 3531 1719 Ι

2898 1751 3196 1811 (Terentius
3234 1752 3287 1799 in
3317 1752 3614 1814 Adelphis.)

2213 1834 2375 1902 Cape
2398 1831 2573 1901 igitur
2608 1836 2666 1886 ut
2699 1831 2953 1887 fundam
2979 1832 3374 1903 potiusquam
3395 1831 3730 1889 effundam.
3755 1836 3870 1888 Aut

2212 1922 2257 1975 si
2291 1936 2402 1990 ego
2430 1926 2626 1986 canto,
2660 1926 2722 1974 tu
2745 1928 2944 1976 autem
2977 1921 3055 1976 ad
3084 1920 3265 1976 aliam
3298 1938 3507 1976 vocem
3526 1922 3733 1988 saltas,
3758 1938 3868 1977 nec

2214 2011 2297 2065 sic
2338 2010 2583 2082 quidem
2620 2026 2713 2063 me
2740 2011 3003 2078 paenitet.
3041 2010 3225 2064 Habet
3264 2010 3422 2064 enim
3458 2026 3629 2065 suam
3663 2010 3867 2066 hilari-

2213 2104 2392 2155 tatem
2419 2099 2551 2169 ipsa
2580 2100 2865 2168 cantatio,
2911 2100 3089 2154 etiam
3130 2104 3267 2153 cum
3300 2098 3378 2154 ad
3422 2114 3557 2154 eam
3590 2100 3867 2155 membra

2212 2204 2334 2243 non
2369 2192 2588 2249 movet,
2624 2188 2717 2242 cui
2751 2188 2926 2259 plena
2956 2187 3260 2243 charitatis
3294 2187 3697 2243 modulatione
3729 2204 3868 2244 can-

2214 2282 2386 2332 tatur.
2426 2276 2979 2348 Verbaquaedamin
3002 2276 3396 2348 epistolistuis
3412 2292 3505 2332 me
3532 2282 3863 2342 moverunt,

2214 2368 2321 2421 sed
2352 2367 2425 2421 de
2464 2366 2554 2420 his
2596 2372 2869 2435 tractare,
2909 2382 3047 2420 cum
3080 2367 3372 2421 factorum
3408 2367 3659 2438 vitasque
3688 2366 3866 2422 totius

2214 2460 2329 2511 tuae
2360 2472 2503 2511 cura
2533 2460 2847 2527 excoquat,
2878 2455 3145 2526 ineptum
3188 2455 3412 2526 putavi.

2310 2561 2531 2609 Carmen
2566 2562 2638 2621 (a)
2676 2560 2889 2609 Lieentii
2919 2560 2985 2608 ad
3018 2562 3361 2622 Augustinum
3392 2567 3769 2623 praeceptorem.

2278 2644 2323 2689 3.
2353 2644 2595 2690 Arcanum
2630 2641 2865 2689 Varronis
2898 2642 2987 2689 iter
3017 2642 3279 2690 scrutando
3299 2642 3528 2699 profundi

2281 2703 2414 2767 Mens
2440 2704 2601 2755 hebet,
2629 2704 2985 2767 adversamque
3019 2705 3150 2763 fugit
3179 2704 3451 2767 conterrita
3470 2705 3642 2753 lucem.

2280 2766 2375 2814 Nec
2410 2768 2610 2822 mirum,
2641 2764 2764 2829 jacet
2797 2764 2960 2815 omnis
2991 2768 3119 2815 enim
3157 2781 3265 2815 mea
3293 2781 3409 2829 cura
3444 2766 3631 2829 legendi

2277 2830 2345 2877 Te
2371 2843 2467 2877 non
2492 2828 2883 2884 dante’manum,
2917 2837 2964 2876 et
2996 2843 3289 2892 consurgere
3319 2828 3424 2877 sola
3448 2840 3663 2879 veretur.

2279 2892 2402 2938 Nam
2429 2893 2571 2939 simul
2606 2900 2657 2939 ut
2688 2894 2919 2953 perplexa
2941 2892 3031 2939 viri
3058 2891 3341 2954 compendia
3369 2893 3494 2939 tanti

2282 2954 2490 3003 Volvere
2512 2954 2664 3001 suasit
2689 2967 2845 3009 amor,
2878 2967 3141 3016 sacrosque
3176 2956 3415 3013 attingere
3440 2968 3632 3010 sensus,

2278 3016 2401 3079 Quis
2429 3017 2688 3064 numerum
2719 3017 2851 3065 dedit
2883 3017 2967 3065 ille
2998 3023 3155 3069 tonos,
3189 3018 3525 3079 mundumque
3555 3017 3776 3067 tonando

2279 3078 2513 3142 Disseruit
2537 3092 2727 3142 canere,
2766 3088 2812 3127 et
2842 3079 3018 3142 pariles
3048 3080 3229 3141 agitare
3252 3078 3470 3135 choreas,

2277 3140 2525 3204 Implicuit
2555 3141 2697 3188 varia
2726 3140 2949 3189 nostrum
2979 3140 3181 3204 caligine
3215 3148 3398 3204 pectus,

2278 3203 2578 3267 lnduxitque
2613 3204 2777 3252 animo
2808 3218 2965 3267 rerum
3006 3203 3235 3267 violentia
3266 3203 3463 3267 nubem.

2276 3266 2393 3338 l‘nde
2428 3265 2903 3338 ﬁgurarumpositas
2937 3268 3044 3313 sine
3067 3266 3273 3338 pul‘jere
3297 3266 3479 3338 formas

2277 3328 2427 3392 Posce
2451 3326 2639 3385 amens,
2673 3326 2895 3392 aliasque
2917 3326 3087 3391 graves
3115 3326 3309 3376 offendo
3336 3328 3583 3377 tenebras.

2276 3391 2349 3453 Ad
2376 3403 2616 3438 summam
2647 3392 2680 3445 ί,
2716 3391 2956 3439 astrOrnm
2992 3403 3167 3439 causas
3186 3391 3440 3453 clarosque
3471 3397 3676 3448 meatus,

2274 3452 2520 3515 Obscuros
2544 3467 2755 3511 quorum
2786 3453 2869 3501 ille
2894 3453 3015 3501 situs
3047 3468 3130 3515 per
3150 3452 3317 3502 nubila
3346 3452 3596 3502 iitunstrat.

2275 3514 2353 3577 Sic
2373 3516 2503 3577 jacui
2535 3523 2731 3571 nutans,
2758 3524 2810 3563 ut
2842 3516 2988 3563 talem
3014 3514 3215 3563 omnino
3240 3516 3449 3571 ruinam,

2275 3574 2480 3640 Nec—qui
2516 3590 2604 3625 nos
2634 3577 2860 3639 prohibet
2890 3577 3106 3625 latebras
3140 3592 3403 3640 agnoscere
3437 3578 3563 3635 cmli,

2276 3638 2373 3687 Nec
2408 3638 2617 3701 persona
2641 3638 2787 3689 daret
2818 3642 3092 3688 iunctorum
3123 3638 3241 3688 freta
3269 3641 3504 3689 cavernis.

2275 3702 2450 3766 ljrotea
2478 3716 2697 3766 namque
2720 3703 2884 3766 ierunt
2906 3710 3123 3751 veterum
3149 3711 3425 3751 commenta
3456 3701 3734 3766 Pelasgum,

2275 3763 2366 3822 Qui
2399 3764 2517 3812 dum
2545 3763 2771 3812 sollicitis
2796 3779 2909 3827 non,
2933 3766 3039 3812 vult
3068 3766 3256 3827 aperire
3290 3766 3469 3818 futura,

2275 3828 2481 3890 Spumat
2515 3840 2648 3890 aper,
2674 3827 2779 3875 fluit
2815 3826 2966 3883 unda,
3004 3826 3167 3876 fremit
3202 3828 3296 3885 leo,
3328 3827 3501 3875 sibilat
3522 3829 3713 3889 anguis,

2274 3889 2777 3953 captumaliquandor
2799 3902 2962 3938 tamen
2988 3890 3037 3937 in
3061 3904 3435 3953 munerarparva
3472 3889 3742 3938 volucrum.

2275 3951 2354 4001 At
2376 3951 2516 4007 mibi,
2548 3953 2633 4014 qui
2665 3952 2873 4000 nimium
2900 3954 3030 4000 curis
3057 3951 3359 4014 gravioribus
3385 3966 3554 4013 angor,

2278 4013 2440 4078 Qulcia
2466 4013 2681 4077 quaeque
2714 4016 2913 4069 animus,
2943 4013 3199 4078 subdulcia
3237 4015 3419 4077 pabula
3444 4028 3637 4078 quaero,

2276 4075 2509 4125 Varronis
2533 4075 2766 4139 responsa
2791 4078 2960 4129 latent,
2996 4076 3138 4135 Quod
3167 4075 3387 4187 sugplice
3420 4075 3564 4125 cantu

2276 4139 2568 4187 Praesidium
2592 4141 2926 4187 nvmnhamve
2950 4153 3108 4187 rorem
3144 4147 3190 4187 et
3258 4140 3427 4187 umina
3460 4153 3564 4187 nosc

2276 4139 2568 4187 Praesidium
2592 4141 2926 4202 nymphamve
2950 4153 3108 4200 rogem
3144 4147 3190 4188 et
3219 4139 3427 4202 flumina
3460 4153 3651 4202 poscam
3676 4139 3703 4187 7

2276 4205 2349 4275 Δξι]
2383 4209 2435 4275 ις.
2459 4216 2573 4275 voce
2606 4200 2792 4275 vocem,
2818 4202 2941 4275 clari
2960 4216 3103 4273 quem
3136 4212 3291 4275 rector
3314 4200 3509 4275 Olympi

2276 4263 2517 4312 Fontibus
2547 4266 2789 4312 infantum
2814 4263 3053 4325 praefecit,
3083 4273 3129 4311 et
3154 4265 3321 4314 abdita
3341 4263 3497 4326 jussit

2276 4326 2509 4390 chrtate
2534 4328 2684 4375 animi
2713 4329 2849 4390 longe
2877 4335 3062 4375 ructare
3091 4326 3279 4375 ﬂuenta
3300 4327 3325 4374 9

2275 4389 2417 4438 Ferto
2450 4392 2673 4452 magister
2693 4389 2852 4451 Opem,
2891 4404 2943 4436 ac
2973 4397 3023 4437 tu
3063 4398 3114 4437 tu
3145 4404 3205 4452 ne
3231 4389 3397 4437 desere
3421 4389 3548 4452 vires

2276 4450 2547 4507 Invalidas,
2573 4450 2859 4515 mecumque
2894 4464 3057 4500 sacras
3083 4451 3365 4515 subvertere
3386 4450 3553 4515 glebas

2273 4515 2437 4586 incipe
2471 4529 2481 4561 :
2512 4524 2703 4586 tempus
2732 4514 2879 4571 enim,
2908 4516 3105 4586 nisime
3132 4514 3353 4586 mortalia
3372 4514 3575 4586 fallunt,

2276 4575 2493 4641 [_.abitur,
2520 4578 2567 4625 in
2604 4579 2899 4641 seniumque
2934 4578 3102 4626 trahit.
3133 4576 3243 4625 Tibi
3274 4575 3650 4641 noster_Apollo

2274 4638 2435 4702 Cordo,
2453 4641 2622 4701 replet,
2653 4638 2929 4702 patremque
2959 4654 3104 4688 suum
3138 4647 3419 4702 patremque
3438 4638 3641 4687 deorum

2274 4700 2528 4765 Conciliat,
2554 4700 2809 4765 legemque
2840 4700 3035 4756 bonam,
3061 4716 3326 4765 pacemque
3339 4700 3610 4765 cruentam

2274 4764 2535 4818 Monstrat,
2568 4763 2618 4812 et
2638 4763 2846 4813 abducto
2877 4763 3118 4813 velamine
3153 4763 3341 4825 singula
3362 4764 3548 4825 pandit.

2274 4826 2461 4891 Viginti
2486 4840 2710 4875 emensus
2736 4841 2849 4875 nam
2881 4829 3051 4891 longos
3073 4828 3276 4876 forsitan
3296 4826 3439 4874 orbes

2272 4889 2396 4953 §olis
2426 4903 2548 4953 eras,
2582 4905 2688 4938 cum
2724 4898 2768 4937 te
2800 4891 2927 4939 ratio
2952 4887 3278 4953 pulcherrima
3302 4887 3492 4953 mundi,

2274 4950 2425 5015 Ditior
2450 4952 2686 5015 imperiis,
2706 4962 2754 5000 et
2784 4950 2972 5001 nectare
3002 4952 3190 5001 dulcior
3216 4952 3352 4999 omni

2272 5012 2539 5088 gerripuit:
2569 5015 2832 5088 statuitque
2854 5030 3046 5077 vagum,
3077 5015 3331 5088 medioque
3353 5013 3546 5088 locavit,

2272 5076 2513 5140 anibus
2550 5078 2675 5126 unde
2706 5075 2855 5125 aciem
2890 5075 3057 5140 posses
3087 5075 3335 5126 intendere
3364 5075 3528 5125 rebus.

2274 5137 2313 5203 ρ
2341 5138 2483 5203 bone,
2514 5153 2657 5203 carpe
2688 5141 2777 5203 iter
2806 5137 3066 5194 annorum,
3096 5140 3339 5203 sapientia
3360 5146 3608 5203 quantum

2275 5200 2456 5249 Crescit
2486 5200 2650 5250 amore
2682 5202 2776 5253 sui.
2799 5202 3053 5251 inveniens
3075 5200 3203 5249 nova
3224 5200 3435 5250 culmina
3460 5213 3669 5263 semper.

2275 5264 2419 5327 Perge
2449 5264 2576 5312 viam
2609 5279 2707 5327 qua
2738 5273 2781 5312 te
2807 5263 2999 5313 soboles
3029 5265 3258 5323 prmclara
3279 5264 3500 5311 tonantis

2274 5326 2521 5381 Perducit,
2552 5326 2773 5375 sternens
2805 5327 2851 5373 in
2893 5327 3065 5388 planos
3096 5328 3251 5375 ardua
3282 5339 3499 5387 campos.

2276 5388 2334 5452 Et
2363 5402 2470 5435 cum
2500 5390 2729 5437 luciferas
2749 5390 3015 5451 przecordia
3042 5404 3213 5452 vesper
3229 5390 3277 5436 in
3314 5396 3449 5452 ortus

2274 5448 2540 5508 Distulerit,
2570 5448 2894 5515 sanctumque
2929 5465 3073 5513 super
3108 5448 3413 5501 benedtxerit
3438 5450 3613 5513 ignem,

2272 5568 2283 5597 ¹
2322 5566 2446 5613 Mss.
2477 5570 2600 5621 tres,
2631 5568 2911 5616 adsumam.
2946 5569 3059 5618 Non
3095 5569 3249 5619 male.

2274 5628 2346 5689 (a)
2376 5629 2519 5678 Alias
2556 5630 2792 5693 Epistola
2824 5646 2905 5679 χι..
