4108 6172
68 57 699 150 ῃ

135 177 213 233 103
1332 178 1836 236 EPISTOIARUM
1880 176 2166 237 CLASSIS
2209 176 2277 235 II.

180 306 245 352 Sis
274 316 449 367 memor
474 298 577 367 ipse
602 300 698 351 mei
731 317 742 350 :
778 301 999 367 bibulam
1028 303 1115 366 qui
1148 305 1331 367 ponitis
1360 320 1528 355 aurem

181 366 372 428 Legibus
401 366 612 428 invictis,
645 365 928 414 contundite
962 365 1162 427 pectora
1190 366 1385 427 palmis,

180 425 371 476 Ste'rnite
403 425 619 490 membra
643 429 768 490 solo,
797 425 1086 490 meritosque
1111 425 1232 477 ciete
1268 430 1478 485 dolores,

179 490 226 537 Et
254 489 504 553 prohibete
529 490 684 545 nefas,
716 489 842 537 Deus
866 489 1073 552 imperat
1093 491 1325 540 omnibus
1353 507 1527 547 unum,

181 553 400 601 Admonet
424 553 643 607 antistes,
676 560 979 615 venturaque
1012 553 1219 602 fulmina
1247 558 1262 585 ¹
1296 563 1495 603 terrent.

180 614 214 663 Ο
241 616 353 662 mihi
376 624 641 663 transactes
671 624 861 663 revocet
893 616 934 662 si
951 616 1154 677 pristina
1186 616 1311 664 soles

184 676 392 725 [artificis
424 690 598 725 aurora
636 677 779 733 retis,
812 692 934 740 quos
954 676 1118 740 libera
1155 685 1314 727 tecum

181 742 281 788 Otia
309 747 562 795 tentantes,
595 748 641 787 et
670 739 876 787 candida
896 740 1013 800 jura
1052 739 1311 797 bonorum,

180 801 409 864 Duximus
440 801 588 849 italiae
611 801 796 864 medio.
830 810 1115 864 montesque
1142 818 1227 864 per
1250 803 1374 851 altos
1405 804 1416 849 l

180 862 270 927 lion
301 878 373 927 me
403 865 527 911 dura
552 863 658 925 gelu
682 864 1001 927 prohiberent
1034 862 1213 927 Frigora
1237 879 1375 919 cano,

180 924 263 990 Nec
293 926 394 973 fera
424 924 695 990 tempestas
713 926 1027 988 Zephyrum,
1061 924 1380 990 fremitusque
1410 926 1592 983 Borini,

183 989 289 1045 Quin
319 997 398 1036 tua
422 989 633 1052 sollicito
664 1003 934 1051 premerem
970 990 1177 1051 vestigia
1207 989 1374 1052 passu.

184 1053 270 1097 Hoc
297 1058 499 1113 opusiut
526 1049 707 1111 jubeas
734 1058 935 1106 tantum,
964 1049 1295 1113 cruor—irriget
1317 1059 1469 1107 artus,

183 1112 377 1161 Solstitio
398 1112 606 1165 Neuros.
638 1113 817 1161 bruma
846 1112 1138 1161 sectabimur
1174 1112 1371 1162 Istrum.

186 1178 356 1235 Ignotus
389 1174 632 1239 Garamas
661 1176 816 1224 solvet
847 1176 966 1223 mihi
1000 1174 1190 1223 vincula
1218 1177 1372 1239 gentis
1405 1176 1439 1223 ³.

184 1239 535 1301 Xampasosque
560 1238 690 1301 lacus
727 1238 919 1300 fugiens
959 1238 1244 1301 Hypaneius
1269 1239 1428 1286 amnis
1463 1239 1480 1266 ³

185 1299 461 1361 Callipidum
492 1299 750 1362 Scythicas
782 1299 973 1347 resonat
1001 1299 1265 1361 spumosus
1296 1307 1355 1349 ad
1389 1301 1565 1350 undas.

189 1363 350 1411 Ibimus
382 1370 428 1410 et
456 1362 662 1416 Leucos,
688 1377 789 1423 qua
818 1363 995 1410 Leucia
1018 1363 1137 1410 solis
1164 1363 1212 1410 in
1242 1373 1380 1411 ortus

188 1424 397 1473 Tenditur
431 1439 442 1471 :
474 1434 525 1472 et
556 1427 680 1472 vasti
712 1426 904 1473 deserta
934 1426 1190 1475 cacumina
1220 1426 1379 1480 Cassi,

188 1488 317 1545 Queis
342 1486 673 1548 Epidamneas
700 1497 868 1549 (equal
901 1487 994 1534 sibi
1029 1487 1195 1535 Cassia
1221 1502 1385 1549 rupes,

191 1550 304 1621 gods
336 1551 672 1621 quiescentem
697 1563 940 1621 auroram.
970 1563 1238 1621 currusque
1268 1552 1475 1604 solutos,

190 1611 481 1674 Sopitamque
512 1612 640 1660 diem
670 1612 827 1660 media
854 1611 946 1659 sub
969 1620 1105 1660 nocte
1132 1611 1362 1667 viderem,

190 1674 245 1736 'I‘e
272 1672 505 1722 suadente
538 1682 700 1736 petam
743 1689 753 1721 :
778 1688 865 1722 nec
897 1674 1024 1721 enim
1057 1674 1199 1723 labor
1222 1683 1303 1722 aut
1328 1682 1485 1723 metus
1514 1672 1651 1722 ullus

191 1734 344 1792 Terret,
374 1736 454 1799 ubi
484 1734 715 1783 insontes
743 1736 972 1794 precibus
1000 1738 1131 1784 Deus
1161 1736 1518 1799 auditapertis.

193 1799 241 1845 Et
266 1813 379 1846 nunc
409 1798 740 1846 Romulidum
768 1800 908 1846 sedes
938 1808 983 1845 et
1008 1800 1175 1846 inania
1207 1799 1321 1846 tecti

195 1860 407 1924 Quimina,
433 1860 799 1922 bacchatasque
830 1862 1023 1924 domus.
1060 1875 1311 1924 vanosque
1346 1859 1583 1908 tumultus

198 1922 475 1977 Desererem,
515 1932 559 1970 et
589 1930 717 1971 totus
738 1923 886 1971 semel
918 1924 967 1969 in
991 1931 1070 1970 tua
1101 1922 1244 1971 corda
1274 1924 1510 1977 venirem,

198 1984 245 2047 Ni
271 2000 394 2032 mens
422 1987 657 2047 coniugio
690 1984 979 2033 incumbens
1015 1986 1242 2034 retineret
1268 1995 1479 2034 euntem.

197 2046 321 2111 Crede
354 2049 488 2101 meis.
518 2046 557 2095 ⁷ο
590 2046 750 2111 docte,
784 2047 939 2111 malis,
973 2061 1183 2111 veroque
1212 2047 1386 2103 dolori,

199 2109 312 2173 Quod
331 2112 427 2158 sine
458 2118 505 2158 te
527 2110 699 2173 nullos
737 2110 1027 2173 promittunt
1057 2109 1261 2158 carbasa
1292 2119 1478 2173 portus,

200 2171 700 2236 [Erramusqueprocul
736 2171 930 2236 turbata
966 2186 1046 2236 per
1076 2171 1433 2234 aequora—vitae.

204 2233 461 2297 Praecipites
490 2235 652 2283 densa
676 2234 821 2283 veluti
849 2233 1053 2297 caligine.
1080 2233 1262 2288 nautae,

201 2296 311 2355 Quos
331 2294 434 2344 uror
454 2299 708 2351 australis,
734 2294 1017 2344 stridens'et
1042 2297 1189 2344 ﬂatus
1224 2297 1287 2345 ab
1325 2294 1453 2344 Euro

204 2360 402 2413 Perculit,
430 2369 477 2408 et
513 2358 674 2421 raptis
697 2361 910 2421 privavit
942 2359 1089 2407 turbo
1115 2357 1405 2421 magistris;

204 2421 403 2484 Protinus
430 2419 669 2484 abruptis
698 2419 864 2469 miseri
899 2424 1163 2469 volvuntur
1192 2419 1239 2469 in
1270 2419 1449 2468 undis:

204 2482 289 2532 Non
315 2484 435 2532 forus
461 2480 767 2546 aut'proras,
801 2497 896 2532 non
924 2484 1073 2531 lintea
1103 2484 1279 2546 deinde
1308 2480 1546 2546 procellas

203 2545 321 2594 Ferre
343 2547 511 2601 valent,
549 2544 782 2609 ratioque
811 2548 938 2606 jacet
971 2545 1243 2609 stupefacta
1271 2544 1469 2609 regendi
1500 2558 1515 2592 :

206 2609 268 2670 Sic
293 2623 360 2655 me
393 2617 571 2657 ventus
600 2607 719 2668 agit,
755 2607 1065 2670 volvuntque
1085 2607 1342 2670 cupidinis
1365 2615 1515 2655 aestus

204 2668 246 2717 In
268 2686 381 2718 mare
411 2670 720 2725 letbiferum,
751 2685 840 2719 nec
875 2668 1015 2717 terra:
1044 2671 1267 2732 protinus
1301 2668 1505 2718 absunt.

204 2732 277 2780 Sed
298 2748 471 2781 mecum
498 2741 753 2794 reputans,
788 2742 873 2779 tua
906 2731 1115 2780 candida
1150 2731 1315 2787 verba,
1344 2732 1589 2794 magister,

206 2794 300 2841 Hazc
326 2796 468 2857 magis
498 2808 613 2844 esse
638 2809 745 2843 reor
777 2794 867 2843 tibi
896 2795 1088 2842 credere
1113 2809 1122 2840 :
1152 2794 1328 2857 callida
1358 2808 1433 2843 res
1460 2802 1548 2848 est,

206 2857 376 2921 Decipit,
398 2856 561 2921 atque
576 2857 769 2921 animus
792 2857 987 2905 molitur
1014 2857 1132 2921 retia
1163 2856 1357 2905 nostris.

202 2918 667 2981 Praeteritos'oblitus
697 2920 845 2975 enim,
880 2919 1147 2981 praesentia
1183 2927 1365 2981 przesto

203 2980 316 3043 .Vunc
336 2982 433 3035 tibi,
458 2984 628 3036 chare,
665 2990 747 3030 tuo
782 2980 1030 3029 nos’nunc
1059 2984 1119 3029 de
1155 2980 1343 3043 pectore
1372 2981 1514 3043 lapsi.

204 3042 288 3092 lien
312 3045 421 3107 mihi
441 3058 540 3107 quo
577 3044 717 3097 ferar,
743 3044 872 3107 unde
895 3042 1037 3092 velim
1062 3044 1150 3091 tibi
1182 3044 1395 3107 pandere
1420 3042 1634 3092 mentem
1667 3042 1679 3090 l

204 3108 307 3169 ante
334 3106 422 3155 sub
446 3105 600 3166 (Egeo
631 3105 872 3169 aptabunt
900 3108 915 3137 ⁴
952 3107 1031 3168 pia
1060 3105 1194 3169 tecta
1212 3105 1489 3169 palumbes.

204 3166 249 3231 ξι
268 3182 392 3216 versa
416 3166 1023 3231 balcyoneicomponetin
1048 3166 1227 3217 arbore
1253 3169 1392 3217 nidos
1425 3183 1436 3225 ;

206 3229 409 3279 Esuriens
433 3231 616 3279 vitulos
639 3230 737 3279 alet
770 3229 882 3279 ante
913 3232 1066 3280 leaena
1091 3244 1342 3293 sequaces,

206 3294 336 3356 atque
366 3294 577 3355 impasta
606 3294 689 3341 diu
722 3300 911 3341 teneros
949 3294 1061 3356 lupa
1090 3293 1269 3356 nutriet
1288 3306 1464 3355 agnos.

207 3353 513 3419 Nutantesque
530 3357 640 3403 suis
672 3356 885 3404 divisum
919 3353 1135 3419 partibus
1159 3353 1345 3419 orbem,

207 3420 284 3465 Aut
306 3418 520 3467 Barcdeus
552 3420 652 3467 alet
682 3422 897 3471 taurum,
922 3418 1014 3466 aut
1046 3418 1300 3479 Hyrcania
1328 3431 1502 3466 sauros
1534 3419 1552 3449 ⁵
1582 3428 1595 3473 ;

210 3483 314 3544 ante
342 3480 596 3544 Thyesteis
628 3481 806 3528 iterum
839 3480 963 3528 male
991 3482 1155 3544 territa
1191 3480 1391 3535 mensis,

210 3540 450 3605 Interrupt'a
477 3544 581 3592 dies
613 3544 810 3605 refugus
829 3551 1053 3591 vanescet
1076 3543 1125 3589 in
1157 3551 1293 3605 ortus
1321 3558 1333 3598 ;

208 3604 310 3667 ante
337 3604 521 3654 dabunt
547 3604 743 3654 imbres
762 3606 939 3659 Nilum,
968 3619 1117 3667 super
1146 3604 1521 3667 cetberagdamm

211 3665 436 3730 Errabant,
472 3676 763 3730 montesque
787 3676 974 3721 canent,
1004 3665 1049 3715 et
1076 3665 1284 3714 flumina
1309 3666 1562 3727 plaudent,

210 3726 340 3785 Quam
367 3731 480 3779 mihi
513 3738 629 3793 post
664 3726 849 3793 tergum
878 3731 1073 3778 veniant
1099 3737 1184 3777 tua
1214 3726 1367 3793 dona,
1398 3730 1642 3793 magister.

211 3794 495 3862 ércetauaor.
516 3791 860 3862 ‘cOpulamque
890 3800 1016 3862 tenet
1040 3791 1315 3862 communis
1342 3791 1549 3839 honesti.

211 3852 295 3917 llic.
326 3853 396 3903 hic
420 3852 847 3917 regnat'amicitim
877 3854 1021 3903 decus
1053 3853 1192 3903 hoste
1220 3853 1407 3916 fugato.

210 3911 310 3981 3am
331 3911 495 3980 neque'
510 3926 714 3981 prOpter
746 3929 865 3981 Opes
900 3917 1094 3973 vitreas,
1121 3911 1391 3979 aurumque
1415 3913 1612 3981 rebelle,

212 3975 439 4041 .‘lunglmu's
466 3975 700 4027 assensus
729 3975 1005 4026 animorum
1037 3995 1048 4025 :
1081 3994 1195 4027 nam
1230 3975 1388 4041 neque
1409 3977 1554 4041 vulgi

214 4038 485 4104 .‘ios'fortuna
512 4056 684 4094 ruens,
712 4055 823 4104 qua:
858 4050 1049 4104 separat
1081 4043 1253 4104 ardua,
1273 4038 1457 4104 junxit.

215 4055 485 4089 .vosiortuna
512 4056 684 4094 ruens,
712 4055 823 4104 quas
858 4055 1049 4104 separat
1081 4055 1253 4093 ardua,
1298 4055 1375 4089 un:

215 4102 289 4166 Sed
315 4102 447 4166 labor
473 4104 709 4152 interiora
745 4103 924 4164 legens,
964 4104 1162 4166 vulgata
1179 4055 1375 4155 libellis,

216 4165 348 4226 Atque
375 4164 553 4214 animis
586 4165 786 4214 inventa
809 4166 923 4219 tuis,
961 4173 1006 4213 et
1036 4164 1198 4213 nobile
1224 4165 1401 4225 dogma

214 4225 437 4290 I_ndictum,
461 4237 732 4289 contraque
761 4230 922 4276 bonus
951 4241 1187 4290 reSponsa
1211 4227 1423 4279 relatus.

217 4286 262 4351 Et
289 4303 384 4337 mea
412 4286 907 4351 Calliopefquamvis
932 4299 977 4338 te
1002 4286 1224 4338 cominus
1248 4290 1400 4337 altum

217 4350 409 4407 Horreat,
440 4362 483 4401 et
506 4350 675 4401 vultus
695 4350 982 4405 abscondat,
1011 4352 1183 4400 inutile
1212 4355 1425 4399 tractans
1453 4366 1465 4405 ;

216 4410 301 4477 llos
325 4422 496 4469 tamen,
528 4416 623 4464 hoc
646 4415 803 4463 animi
835 4416 1071 4477 vinclum,
1096 4427 1353 4477 nexusque
1382 4412 1569 4469 ﬁdeles,

217 4471 306 4539 s'jon
327 4480 406 4539 qui
426 4478 663 4527 montosis
689 4477 909 4525 ﬁrmatas
937 4476 1138 4539 rupibus
1163 4471 1311 4539 Alpes

222 4534 370 4602 fregit,
397 4549 444 4588 et
466 4541 664 4588 Italicas
685 4540 865 4602 pressit
889 4534 1272 4602 curn-muenibus
1298 4536 1462 4602 urbes,

222 4598 475 4663 Rumperet,
508 4610 597 4650 aut
626 4598 794 4650 nostro
821 4610 1018 4650 terreret
1052 4600 1225 4650 robore
1260 4600 1557 4663 quidquam.

222 4659 279 4709 Ite
304 4659 458 4724 procul
496 4664 666 4713 latices
704 4664 904 4713 tumidis
932 4664 1234 4711 anfractibus
1264 4659 1375 4715 Oxi.

222 4726 303 4789 aut
328 4726 386 4771 ab
414 4727 732 4789 Aremphzeis
757 4726 1027 4789 Rhipbaaos
1055 4733 1139 4789 aut
1161 4725 1341 4789 Oppida
1365 4724 1526 4787 Caspi.

224 4784 583 4853 Qimmeriasque'
612 4792 782 4853 domos
807 4784 1072 4853 sejungere
1096 4784 1299 4853 ﬂumine
1323 4784 1503 4853 largo:

226 4847 580 4915 {iubentiumque
608 4852 777 4913 plagae,
807 4847 991 4915 Pontus
1018 4848 1325 4915 quas‘obruit
1351 4847 1531 4915 Helles,

228 4907 404 4977 Europa;
428 4907 580 4977 atque
608 4907 741 4963 'Asi'ae
772 4915 911 4976 longe
939 4907 1219 4977 discrimina
1246 4912 1467 4977 tendant.

230 4970 371 5039 {ianus
395 4970 540 5024 boum
582 4990 663 5036 per
682 4970 963 5039 utrumque
986 4975 1116 5039 latus
1144 4977 1367 5039 armenta
1390 4973 1598 5036 fatigans

228 5032 399 5085 Finibus
428 5032 638 5087 abscidit
666 5032 913 5087 Thalari'6
944 5037 1148 5086 Dodona
1183 5036 1439 5093 Molossos,

227 5154 388 5222 llud”
411 5159 631 5219 ﬂumina
663 5160 785 5207 Mss.
813 5160 1070 5222 quinque,
1104 5158 1346 5221 fulmina.

230 5218 365 5273 'Bad.
398 5218 447 5269 et
477 5222 593 5275 Er.,
624 5222 812 5269 Gcrris.

230 5279 377 5348 (Mss.
412 5284 650 5348 plerique
687 5299 697 5332 ε

183 5339 252 5387 ubi
276 5339 479 5394 amarus.

232 5407 383 5472 Nidd.
422 5423 611 5457 omnes
648 5424 656 5457 :
685 5409 963 5472 Optabunt,
1008 5412 1227 5471 excepto
1263 5406 1415 5457 Corb.
1462 5406 1551 5471 qui
1585 5406 1741 5456 habet
1773 5420 1785 5455 :

188 5469 411 5539 aptabant.
446 5472 635 5520 Melius
667 5469 981 5583 gptabunt].

234 5541 248 5557 ο
275 5528 409 5583 Edd..
437 5538 629 5583 tauros.
720 5549 791 5583 ss.
828 5534 981 5583 decen

234 5532 248 5557 ⁵
275 5528 409 5590 Edd.,
437 5538 629 5583 tauros.
667 5528 791 5583 Mss.
828 5528 1029 5590 decem,
1061 5548 1259 5583 tauros.

234 5590 396 5650 ‘Edd.,
432 5596 599 5645 lateri.
622 5596 746 5646 Mss.
778 5596 1034 5662 plerique,
1071 5596 1281 5647 thalari.

364 5692 596 5752 Peraea.
638 5695 887 5786 XXXIII.

741 5284 1109 5346 Xamparosquc
1139 5283 1275 5330 lacus
1317 5282 1516 5345 fugiens
1545 5281 1788 5345 Hypanis

3400 176 3507 239 106

1918 307 2264 371 Qognatosque
2294 307 2484 371 Arabas
2510 307 2537 355 9
2558 320 2647 356 nec
2674 307 2807 371 pacis
2835 306 2993 371 fiedus
3018 307 3230 356 amicum

1921 368 2153 418 Sidonios
2177 368 2303 417 inter
2328 369 2510 417 mansit
2543 368 2851 431 regnumque
2886 370 3140 430 Pelopum,

1921 432 2288 495 SacrilegOSque
2320 432 2547 495 Phryges.
2581 433 2805 495 quamvis
2836 446 2923 493 pro
2954 440 3168 493 tempore
3196 432 3380 480 cunctis

1921 494 2149 565 lniospitio
2175 494 2430 542 commune
2464 495 2569 542 fuit.
2599 494 2722 552 Quid
2759 495 2968 565 denique
2995 496 3197 565 fratrum

1926 555 2210 611 Dissidium,
2239 570 2528 619 pugnasque
2562 570 2732 603 canam
2763 557 2788 603 ?
2817 555 2933 617 quid
2954 555 3157 604 honesta
3186 566 3444 619 parentum

1924 619 2163 682 Yerbera,
2192 618 2309 682 quid
2342 626 2547 666 matrum
2579 619 2753 682 furias,
2792 625 3027 682 natosque
3057 618 3294 680 superbos
3326 619 3351 665 7

1924 680 2008 729 Est
2026 682 2171 730 etiam
2196 680 2427 743 superum
2454 694 2652 728 concors
2682 680 2929 727 discordia
2954 694 3129 743 rerum,

1921 746 2110 807 Totque
2141 742 2297 791 fluunt
2322 743 2457 798 ritus,
2496 750 2616 807 quot
2647 742 2731 807 dat
2760 742 2998 807 sententia
3028 744 3172 803 leges.

1924 805 2172 854 Nec‘tenet
2205 819 2331 853 unus
2365 805 2525 860 amor,
2554 819 2649 854 non
2685 806 2725 853 si
2757 805 2878 853 mihi
2908 818 3157 851 murmura
3186 813 3380 851 centum

1924 868 2011 930 Det
2040 867 2235 930 Boreas,
2264 867 2559 930 totidemque
2589 868 2795 921 animas.
2829 874 3118 928 centumque
3150 880 3250 930 per
3266 879 3352 914 ora

1924 928 2111 992 Lingua
2138 927 2296 992 rigens
2325 927 2584 992 adamante
2609 930 2795 985 fremat,
2832 927 3097 977 memorare
3128 927 3301 976 valebo

1923 991 2042 1050 Qua:
2073 991 2259 1040 sociata
2289 991 2426 1053 prius
2459 1001 2676 1041 veterum
2710 1002 2885 1040 natura
2923 993 3137 1038 locorum

1927 1054 2143 1107 Distulit,
2175 1063 2220 1102 et
2240 1054 2377 1102 tereti
2407 1053 2597 1103 limavit
2626 1055 2787 1117 glarea
2812 1054 3010 1101 mnu-io.

1926 1117 2022 1165 Sed
2043 1131 2131 1164 nos
2165 1125 2415 1179 praetereo,
2452 1116 2585 1178 quod
2617 1113 2678 1164 ab
2702 1130 2805 1179 una
2843 1114 3151 1179 exsurgimus
3180 1113 3324 1168 urbe,

1926 1179 2065 1239 Quod
2096 1177 2269 1226 domus
2293 1194 2391 1226 una
2422 1179 2544 1231 tulit.
2584 1178 2717 1240 quod
2746 1178 2986 1237 sanguine
3023 1177 3261 1240 tanginiur
3290 1189 3389 1224 uno

1927 1238 2193 1294 Seclorum,
2231 1241 2497 1289 christiana
2527 1238 2646 1288 ﬁdes
2671 1240 2950 1295 connexuit,
2990 1247 3036 1286 et
3069 1238 3202 1301 quod

1927 1303 2025 1352 Nos
2056 1304 2148 1350 iter
2173 1304 2465 1351 immensum
2498 1302 2822 1355 disterminat,
2860 1309 2906 1349 et
2932 1302 3073 1363 plaga
3098 1301 3234 1363 ponti

1928 1365 2167 1417 Interfusa
2189 1373 2379 1413 coercet
2412 1381 2425 1419 ;
2455 1378 2592 1412 amor
2617 1365 2879 1412 contemnit
2911 1372 3197 1424 utrumque.

1930 1426 2129 1479 Gaudia
2158 1428 2243 1488 qui
2273 1441 2508 1488 spernens
2533 1426 2801 1480 oculorum,
2834 1425 3207 1488 semperamico

1931 1441 2129 1479 Gaudia
2195 1441 2243 1475 ut
2273 1441 2508 1488 spernens
2533 1441 2801 1480 oculorum,
2834 1441 3029 1487 semper
3050 1441 3190 1472 amtcr

1931 1489 2135 1539 Absenti
2158 1441 2335 1537 ﬁnitur
2366 1503 2377 1545 ;
2411 1488 2645 1552 quoniam
2681 1490 2738 1537 de
2770 1488 2911 1552 corde
2939 1486 3190 1552 profundo

1932 1554 2142 1606 Pendet,
2178 1559 2225 1600 et
2252 1547 2459 1599 internae
2486 1552 2685 1599 rimatur
2715 1547 3083 1613 pabularﬁbrze.

1932 1616 2119 1684 Interea
2144 1614 2339 1684 venient
2359 1628 2685 1684 quascumque
2720 1612 2881 1684 futura
2910 1612 3147 1661 bonorum

1932 1677 2127 1739 Scripta
2152 1673 2391 1724 salutiferi
2421 1673 2679 1731 sermonis,
2709 1684 2752 1723 et
2784 1673 2869 1722 illa
2896 1688 3110 1734 priorum

1933 1733 2299 1801 Equiparanda
2325 1739 2468 1801 favis,
2501 1747 2734 1801 reputans
2768 1751 2880 1800 qum
2901 1733 3105 1799 pectore
3134 1733 3189 1801 in_
3216 1733 3334 1787 alto.

1932 1796 2230 1863 Conceptum
2264 1801 2313 1848 in
2338 1800 2494 1849 lucem
2525 1796 2757 1848 vomuisti
2784 1796 3061 1863 nectareum
3098 1796 3210 1851 mel,

1935 1861 2232 1912 Praesentem
2260 1864 2365 1917 ipsa
2402 1863 2520 1911 mihi
2552 1871 2594 1909 te
2616 1862 2835 1917 reddent,
2868 1862 2909 1909 si
2940 1861 3060 1909 mihi
3088 1872 3271 1908 morem

1933 1926 2170 1979 Gesseris,
2196 1934 2253 1988 et
2277 1922 2429 1988 libros
2455 1925 2632 1988 quibus
2662 1925 2711 1972 in
2738 1929 2785 1973 te
2808 1922 3211 1988 lentagreeumbit

1933 1988 2123 2037 Musica
2153 1986 2426 2043 tradideris,
2458 1984 2570 2034 nam
2606 1987 2769 2035 ferveo
2799 1994 2924 2034 totus
2953 1986 3004 2033 in
3034 1984 3170 2036 illos,

1934 2054 2128 2103 Annua.
2160 2050 2227 2097 sic
2256 2048 2397 2098 nobis
2423 2063 2592 2097 verum
2616 2050 2801 2097 ratione
2819 2056 3049 2107 patescat,

1935 2113 2012 2161 Sic
2038 2112 2149 2176 plus
2170 2110 2545 2176 Eridanoﬂuat,
2576 2119 2621 2159 et
2651 2112 2870 2176 contagia
2896 2110 3065 2157 mundi

1934 2170 2272 2238 Neq'uicquam
2295 2174 2501 2222 volitent
2530 2173 2681 2221 nostri
2706 2170 2883 2221 circum
2913 2185 3030 2220 arva
3058 2170 3237 2219 coloni.

1943 2254 2094 2327 4(a).
2114 2254 2168 2310 Si
2196 2270 2398 2309 versus
2422 2259 2557 2307 tuus
2582 2251 3266 2307 momentisinordinatis
3288 2263 3523 2320 perver-

1875 2361 1976 2399 sus
1988 2343 2214 2412 esset,si
2239 2342 2361 2397 suis
2375 2340 2607 2411 legibus
2620 2357 2740 2395 nou
2754 2339 3007 2404 staret,si
3024 2337 3316 2393 mensuris
3333 2337 3523 2407 impa-

1874 2434 2032 2488 ribus
2043 2447 2217 2487 aures
2229 2429 2517 2486 auditoris
2530 2427 2877 2497 offenderet,
2892 2428 3143 2500 puderet
3158 2432 3211 2482 te
3223 2431 3397 2491 certe,
3414 2440 3524 2481 nec

1875 2520 2164 2583 differres,
2182 2520 2615 2575 necdesisteres
2629 2517 3161 2581 doneeordinares,
3177 2516 3520 2585 corrigeres,

1878 2617 2461 2680 statueres,aequares
2475 2624 2710 2664 versum
2728 2606 3209 2671 tuum,discendo
3222 2604 3527 2675 etagendo

1876 2705 2062 2756 artem
2080 2699 2384 2753 metricam
2399 2698 2687 2754 acerrimo
2704 2697 2921 2763 studio,
2936 2702 2991 2751 et
3003 2695 3208 2751 labore
3221 2693 3487 2767 quolibet
3510 2710 3524 2747 ε

1875 2789 2020 2861 quid
2044 2805 2181 2843 cum
2203 2788 2576 2844 inordinatus
2598 2788 2723 2859 ipse
2750 2785 3124 2858 perverteris,
3141 2783 3527 2855 cumlegibus

1878 2879 1977 2934 Dei
2010 2878 2091 2933 tui
2114 2879 2239 2949 ipse
2263 2892 2383 2931 non
2402 2882 2543 2939 stas,
2568 2891 2763 2947 neque
2785 2876 2842 2929 in
2867 2875 3103 2943 agenda
3127 2874 3245 2928 vita
3261 2871 3528 2927 honestis

1877 2972 2118 3022 tuorum
2151 2967 2325 3031 votis,
2354 2970 2410 3020 et
2434 2965 2572 3020 huic
2603 2965 2717 3035 ipsi
2743 2963 3062 3019 eruditioni
3094 2968 3207 3017 tute
3237 2960 3524 3028 concinis,

1876 3054 2277 3127 abjiciendum
2310 3058 2451 3125 post
2481 3058 2709 3122 tergum
2751 3056 2927 3123 putas
2959 3055 3015 3106 et
3046 3049 3472 3120 uegligendum
3500 3049 3530 3104 γ

1877 3144 2053 3210 Quasi
2070 3158 2188 3216 pra:
2204 3158 2351 3198 sono
2367 3142 2581 3213 lingua:
2596 3146 2709 3197 tua:
2723 3141 2800 3194 sis
2815 3139 2919 3194 tibi
2940 3138 3124 3201 vilior,
3150 3143 3203 3192 et
3217 3138 3531 3207 incompo-

1878 3234 2003 3288 sitis
2054 3231 2325 3287 moribus
2373 3230 2538 3303 quod
2568 3229 2823 3285 offendis
2853 3244 3028 3284 aures
3090 3227 3187 3281 Dei
3214 3226 3404 3281 levius
3435 3226 3527 3288 sit,

1878 3338 2062 3394 quam
2107 3322 2156 3375 si
2193 3319 2606 3392 incompositis
2663 3317 2912 3389 syllabis
2968 3316 3081 3372 tuis
3139 3314 3531 3385 grammatica

1879 3415 2256 3466 succenserel
2286 3408 2626 3464 auctoritas.
2662 3407 2878 3464 Scribis
2912 3424 2925 3461 :

1942 3500 1982 3549 Ο
2014 3500 2133 3547 mihi
2159 3505 2429 3547 transactos
2462 3504 2658 3545 revocet
2686 3495 2727 3544 si
2762 3496 2970 3549 pristina
2994 3494 3128 3543 soles

1943 3562 2175 3610 Laetificis
2206 3574 2386 3609 aurora
2415 3560 2553 3615 rotis,
2581 3572 2706 3622 quos
2735 3558 2887 3622 libera
2922 3566 3079 3606 tecum

1941 3624 2052 3673 Otia
2084 3631 2343 3678 tentantes,
2378 3629 2425 3671 et
2453 3621 2665 3671 candida
2690 3621 2803 3682 jura
2832 3621 3095 3682 bonorum,

1942 3687 2181 3736 Duximus
2207 3685 2363 3733 Italiae
2386 3685 2570 3743 medio,
2601 3680 2894 3747 montesque
2918 3695 3006 3744 per
3036 3680 3160 3729 altos
3194 3694 3206 3733 ;

1947 3750 2050 3797 Non
2078 3762 2155 3796 me
2186 3747 2308 3795 dura
2348 3748 2457 3809 gelu
2487 3744 3010 3809 proliiberentﬁrigora
3046 3756 3187 3809 cano_,

1947 3762 2050 3797 rion
2078 3762 2155 3796 me
2186 3762 2308 3795 uura
2348 3762 2457 3809 gelu
2520 3762 2803 3794 rumperent
2834 3762 3010 3803 rrrgora
3046 3762 3187 3796 cano,

1944 3812 2045 3882 ljec
2073 3811 2174 3882 fera
2203 3817 2461 3882 tempestas
2486 3762 2765 3870 Ecphyrum
2801 3807 3127 3882 fremitusque
3161 3803 3340 3855 Borim,

1942 3872 2073 3932 Quin
2100 3880 2181 3920 tua
2202 3869 2410 3919 sollicito
2444 3869 2709 3931 premerem
2747 3869 2949 3931 vestigia
2983 3880 3152 3930 passu.

1944 3935 2048 3983 Hoc
2078 3947 2220 3997 opus,
2247 3942 2299 3981 ut
2319 3933 2498 3995 jubeas
2532 3939 2744 3979 tantum.

1952 4018 2034 4071 Me
2058 4016 2364 4079 miserum,
2382 4014 2430 4067 si
2457 4028 2568 4082 ego
2592 4027 2713 4066 non
2734 4010 2943 4081 jubeo,
2974 4016 3164 4065 etnon
3183 4022 3335 4076 cogo
3349 4011 3549 4078 atque;

1880 4106 2131 4177 impero,
2156 4103 2202 4157 si
2233 4119 2353 4158 non
2370 4117 2518 4173 rogo
2531 4117 2600 4156 ac
2614 4099 2905 4172 supplico.
2924 4099 3035 4155 Sed
3051 4098 3097 4153 si
3110 4114 3285 4153 aures
3303 4103 3415 4151 tute
3428 4095 3531 4150 ad-

1882 4210 2089 4249 versus
2113 4208 2275 4247 meas
2299 4207 2470 4246 voces
2487 4189 2705 4246 clausas
2730 4194 2886 4253 sunt,
2907 4190 2991 4244 ori
3019 4193 3121 4243 tuo
3137 4191 3395 4260 pateant,
3428 4202 3531 4255 pa-

1885 4287 2045 4338 teant
2063 4281 2430 4338 carminituo
2460 4296 2473 4345 ;
2508 4278 2727 4334 exaudi
2758 4276 3394 4349 teipsnm,durissime,
3424 4275 3531 4328 im-

1884 4370 2253 4434 manissime,
2282 4366 2797 4431 surdissime.0uo
2822 4365 2963 4420 mihi
2989 4365 3256 4433 linguam
3285 4378 3531 4419 auream

1887 4465 1943 4515 et
1960 4476 2061 4514 cor
2086 4458 2343 4513 ferreum
2358 4458 2384 4511 ?
2405 4456 2625 4528 quibus
2645 4472 2753 4525 ego
2772 4470 2888 4509 non
2914 4453 3298 4518 carminibus,
3316 4451 3421 4506 sed
3452 4451 3531 4507 la-

1888 4547 2352 4604 mentationibus
2390 4545 2685 4600 sufﬁciam
2711 4544 2995 4616 plangere
3025 4542 3292 4597 carmina
3321 4547 3441 4604 tua,
3476 4541 3536 4596 iu

1888 4638 2109 4711 quibus
2134 4636 2325 4704 video,
2358 4650 2543 4706 quam
2580 4632 3049 4704 animam,quod
3075 4631 3381 4701 ingenium
3415 4646 3537 4686 non

1890 4726 2033 4782 mihi
2051 4722 2706 4796 liceatapprehendere,
2731 4726 2789 4777 et
2814 4720 3125 4776 immolare
3146 4721 3264 4776 Deo
3284 4726 3487 4775 nostro
3511 4720 3539 4775 ‘t

1891 4818 2211 4887 Exspectas
2238 4819 2301 4867 ut
2322 4811 2714 4883 egojnbeam,
2738 4809 3043 4874 sisbonus,
3074 4810 3152 4864 sis
3172 4811 3431 4881 quietus,
3458 4810 3537 4862 sis

1890 4901 2663 4975 beatus;quasiquidquam
2683 4899 3059 4955 mibidierum
3074 4900 3298 4969 gratius
3314 4898 3539 4952 illuces-

1892 5000 2003 5059 cat,
2028 5009 2214 5065 quam
2239 4991 2549 5059 utingenio
2565 4994 2663 5045 tuo
2676 4988 2907 5044 frnarin
2922 4988 3195 5051 Domino,
3210 4992 3311 5042 aut
3325 5000 3455 5039 vere
3474 4988 3540 5038 tu

1893 5083 2326 5153 nesciasquam
2342 5086 2395 5135 te
2422 5079 2680 5134 esuriam
2699 5084 2753 5134 et
2772 5078 2989 5141 sitiam,
3008 5081 3111 5131 aut
3132 5092 3251 5130 non
3280 5073 3538 5143 hocipso

1892 5172 1952 5227 id
1980 5171 2244 5227 carmine
2273 5169 2531 5225 fatearis.
2557 5170 2787 5222 Revoca
2804 5166 3075 5221 animum
3098 5162 3539 5234 quoistascrip-

1896 5261 2213 5325 sisti,nuuc
2229 5257 2501 5313 mihidic:
2520 5258 2824 5325 Hoc0pus,
2841 5254 3119 5323 utjubeas
3134 5254 3542 5307 tantum.Ecce

1890 5352 2126 5423 jnssum
2143 5365 2343 5404 meum
2361 5364 2373 5402 :
2390 5346 2469 5401 da
2483 5346 2714 5409 mihite,
2730 5344 2903 5397 sihoc
2920 5357 3072 5412 opus
3086 5346 3416 5397 esttantum
3435 5358 3448 5407 ;
3464 5340 3544 5396 da

1896 5440 2150 5496 Domino
2180 5452 2315 5493 meo
2346 5444 2417 5505 te,
2438 5436 2543 5507 qui
2568 5432 2837 5489 omnium
2853 5436 3124 5486 nostrum
3139 5430 3423 5486 dominus
3437 5435 3543 5502 est,

1960 5592 2031 5656 (a)
2064 5590 2207 5641 Alias
2232 5587 2469 5654 Epistola
2501 5588 2579 5636 Η.

2958 5683 3260 5756 (Quane)
