4164 6182
480 214 580 277 10⁸7

471 344 575 419 qui
606 342 709 399 tibi
730 337 872 395 illud
900 324 1484 419 donavitingenium.
1499 322 1647 376 Nam
1666 326 1778 385 ego
1800 309 2116 419 sum;

473 389 589 491 Bisi
611 445 815 487 servus
841 431 1094 495 tuusper
1118 418 1339 490 ipsum,
1365 415 1421 467 et
1449 418 1768 466 conservus
1800 398 1911 455 sub
1935 397 2063 467 ipso
2094 389 2122 447 ‘i

620 486 706 575 an
721 519 846 589 ipse
862 528 978 568 non
1025 486 1195 563 ubst?
1208 504 1347 561 audi
1364 496 1747 568 Evangelium
1764 510 1776 547 :
1791 486 2013 550 Stabat,
2035 486 2120 589 in:

476 572 837 684 quibit—esas,
871 607 923 657 et
954 572 1255 656 ctamabat
1287 592 1611 684 (Joanxvu,
1642 585 1737 653 37)
1772 597 1785 635 :
1832 578 2027 634 Venite
2046 572 2125 684 ait

475 663 566 756 :ne
578 709 773 753 omnes
786 691 889 764 qui
903 686 1191 745 laboratis
1206 689 1259 739 et
1273 663 1508 737 onerati
1527 675 1741 737 estis,et
1758 685 1861 739 ego
1875 682 1973 722 vos
1995 663 2125 730 reﬁ-

477 790 651 846 ciam.
685 759 1119 849 Tottitejugum
1137 786 1327 828 meum
1351 781 1529 837 super
1550 778 1671 829 vos,
1686 768 1737 818 et
1760 759 1966 813 discite
1982 768 2018 810 α
2039 766 2128 807 me

478 878 619 950 quia
630 872 788 929 mitis
801 886 929 925 sum
945 874 996 923 et
1013 861 1253 920 humilis
1269 854 1466 923 corde,
1481 861 1533 912 et
1548 849 1854 909 invenietis
1870 841 2128 915 requiem

481 938 793 1024 animabus
809 958 1036 1015 vestris.
1051 954 1270 1022 Jugum
1284 948 1437 1004 enim
1466 958 1657 999 meum
1676 942 1801 995 tene
1814 941 1915 996 est,
1941 938 1995 989 et
2006 942 2130 986 sar-

482 1056 617 1110 cina
648 1067 779 1107 mea
815 1046 952 1103 levis
987 1050 1092 1100 est.
1129 1037 1374 1112 (Matth.
1414 1048 1493 1098 x1,
1527 1028 1732 1099 28-30).
1765 1023 1825 1080 Si
1855 1024 1983 1079 hmo
2009 1031 2129 1074 non

485 1142 830 1202 audiuntur,
863 1140 965 1192 aut
993 1146 1174 1202 usque
1207 1128 1284 1184 ad
1316 1140 1492 1181 aures
1519 1118 1866 1179 audiuntur,
1894 1123 2134 1181 exspec-

483 1238 673 1293 tasne,
693 1224 931 1290 Licenti,
946 1226 1011 1277 ut
1026 1201 1394 1288 Augustinus
1403 1211 1912 1283 jubeatconservo
1926 1215 2059 1263 suo,
2080 1201 2136 1251 et

484 1336 605 1376 non
635 1317 879 1389 plangat
900 1310 1096 1383 potius
1122 1307 1339 1362 frustra
1357 1299 1566 1372 jubere
1581 1292 1902 1351 Dominum
1916 1303 2095 1343 suum
2119 1302 2131 1349 ;

485 1412 608 1465 imo
638 1380 762 1461 non
786 1380 1021 1474 jubere,
1045 1396 1150 1451 sed
1171 1394 1417 1450 invitare
1440 1394 1495 1444 et
1510 1399 1719 1456 rogare
1735 1380 2137 1453 quodammo-

486 1499 585 1563 do,
610 1499 676 1551 ut
703 1465 807 1565 qui
833 1465 1109 1548 laborant
1132 1478 1473 1540 reﬁciantur
1491 1472 1567 1533 ab
1590 1491 1660 1530 eo
1681 1472 1709 1530 ?
1740 1469 1851 1528 Sed
1870 1465 2140 1523 videlicet

487 1556 813 1643 fortissimo
842 1586 899 1636 et
932 1572 1263 1650 prmﬁdenti
1294 1570 1467 1633 collo,
1505 1567 1718 1637 jugum
1747 1557 1954 1615 mundi
1992 1556 2138 1626 jugo

489 1674 699 1732 Christi
724 1676 813 1725 est
843 1663 1169 1739 jucundius
1198 1679 1211 1717 :
1248 1660 1349 1731 qui
1378 1657 1424 1712 si
1446 1652 1717 1711 laborare
1744 1661 1854 1704 nos
1885 1649 2139 1715 cogeret,

490 1764 629 1819 vide
654 1763 792 1833 quis
822 1732 1078 1826 cogeret,
1114 1766 1234 1824 qua
1267 1745 1539 1804 mercede
1593 1744 1847 1810 cogeret.
1885 1734 2044 1790 Vade
2084 1732 2141 1787 in

493 1827 913 1922 Campaniam,
943 1842 1103 1899 disce
1135 1838 1438 1896 Paulinum
1470 1830 1777 1902 egregium
1798 1827 2140 1881 etsanctum

495 1941 595 1997 Dei
628 1910 1104 2003 servum,iquam
1148 1926 1439 1998 grandem
1470 1921 1694 1978 fastum
1734 1913 1916 1970 seculi
1943 1910 2143 1981 hujus,

495 2033 662 2085 tanto
685 2022 1081 2096 generosiora,
1098 2021 1323 2090 quanto
1340 2010 1652 2068 humiliore
1669 2003 2148 2062 cerviceincunc-

496 2089 1045 2174 tanter'excusserit,
1072 2089 1136 2162 ut
1145 2121 1279 2161 eam
1299 2093 1984 2163 subderetChristijugo,
2001 2089 2150 2144 sicut

498 2203 794 2267 subdidit;
818 2207 873 2255 et
888 2213 1048 2253 nunc
1064 2196 1163 2250 illo
1180 2191 1553 2248 moderatore
1567 2184 1790 2241 itineris
1804 2182 1895 2235 sui
1910 2176 2147 2251 quietus

496 2301 553 2350 et
583 2291 888 2348 modestus
915 2285 1186 2341 exsultat.
1212 2282 1385 2346 Vade,
1409 2281 1572 2333 disce
1595 2274 1812 2346 quibus
1829 2268 2045 2340 opibus
2067 2267 2153 2320 in-

499 2381 654 2454 genii
708 2376 1001 2436 sacriﬂcla
1053 2371 1249 2428 laudis
1294 2370 1345 2423 ei
1398 2365 1629 2429 offerat,
1688 2359 2012 2416 refundens
2070 2355 2151 2410 illi

499 2445 797 2543 quidquid
837 2465 977 2521 boni
1036 2461 1265 2530 accepit
1302 2472 1368 2511 ex
1399 2453 1521 2517 illo,
1558 2467 1631 2507 ne
1660 2451 1891 2505 amittat
1923 2445 2149 2513 omnia,

503 2540 550 2615 si
580 2540 703 2615 non
733 2557 793 2611 in
833 2570 904 2610 eo
929 2555 1181 2624 reponat
1213 2564 1247 2603 a
1276 2558 1399 2617 quo
1428 2545 1554 2599 haec
1583 2540 1790 2596 habet.

575 2652 625 2704 θ.
642 2645 790 2712 Quid
809 2621 1027 2699 mstuas
1048 2639 1078 2693 γ
1095 2637 1239 2710 quid
1252 2631 1547 2690 ﬂuctuas?
1560 2629 1703 2701 quid
1718 2621 2158 2694 imaginationi-

503 2738 618 2793 bus
639 2733 1010 2790 mortiferaru
1022 2744 1077 2783 m
1096 2726 1472 2796 voluptatum
1486 2733 1691 2776 aurem
1705 2712 2155 2775 accommodas,

506 2830 563 2881 et
594 2824 807 2880 avertis
825 2837 860 2877 a
885 2819 1061 2876 nobis
1083 2817 1110 2871 ?
1137 2813 1511 2873 Mentiuntur,
1546 2805 1902 2867 moriuntur,
1926 2802 1985 2856 in
2009 2816 2160 2855 mor-

509 2921 629 2970 tem
650 2911 914 2968 trahunt.
948 2905 1332 2965 Mentiuntur,
1378 2897 1622 2954 Licenti:
1655 2895 1753 2951 Sic
1775 2893 1960 2955 nobis,
1990 2887 2161 2944 sicuti

509 3006 701 3073 optas,
733 3013 933 3056 verum
966 2994 1201 3051 ratione
1231 2993 1489 3059 patescat
1522 2999 1541 3055 ,'
1591 2984 1688 3040 Sic
1716 2984 1851 3052 plus
1880 2980 2162 3036 Eredano

507 3066 683 3162 ﬂuat.
709 3090 833 3144 Non
848 3085 990 3140 dicit
1011 3094 1215 3137 verum
1232 3078 1344 3132 nisi
1370 3075 1589 3130 Veritas
1608 3088 1620 3128 :
1642 3072 1905 3128 Christus
1917 3066 2166 3123 estveri-

516 3185 603 3235 tas
630 3196 645 3249 ;
679 3175 997 3231 veniamus
1022 3171 1100 3225 ad
1123 3182 1282 3231 eum,
1317 3180 1389 3220 ne
1416 3163 1782 3219 laboremus.
1818 3159 2027 3229 Utipse
2055 3170 2165 3209 nos

512 3247 759 3333 reﬁciat,
787 3263 1067 3320 tollamus
1076 3260 1289 3329 jugum
1306 3256 1435 3326 ejus
1460 3264 1782 3323 supernos,
1798 3247 2166 3303 etdiscamus

513 3356 592 3412 ab
619 3370 690 3411 eo
728 3352 1015 3425 quoniam
1044 3346 1197 3403 mitis
1227 3349 1315 3398 est
1337 3351 1391 3398 et
1422 3340 1661 3397 humilis
1687 3337 1883 3401 corde,
1915 3340 1971 3389 et
1998 3335 2166 3388 inve-

517 3422 1045 3511 niemusirequiem
1076 3430 1397 3490 animabus
1449 3429 1683 3484 nostris.
1732 3428 1951 3493 Jugum
2008 3422 2167 3477 enim

517 3532 643 3604 ejus
675 3531 806 3586 lene
828 3510 932 3592 est,
962 3522 1274 3581 etsarcina
1295 3518 1426 3590 ejus
1447 3518 1590 3572 levis
1622 3520 1726 3569 est.
1749 3512 1957 3569 Ornari
1988 3510 2166 3565 abste

518 3618 797 3676 diabolus
837 3613 1071 3688 quierit.
1106 3612 1163 3668 Si
1194 3608 1441 3664 calicem
1469 3618 1717 3661 aureum
1747 3600 2077 3657 invenisses
2108 3598 2167 3653 in

519 3717 695 3774 terra,
728 3687 985 3763 donares
1025 3702 1189 3758 illum
1226 3696 1496 3755 Ecclesiae
1518 3693 1638 3749 Dei.
1673 3689 1961 3762 Accepisti
1989 3704 2026 3743 a
2053 3687 2169 3742 Deo

519 3799 830 3867 ingenium
862 3790 1250 3866 spiritualiter
1277 3800 1545 3847 aureum,
1592 3786 1649 3838 et
1687 3780 1992 3836 ministras
2031 3777 2171 3832 inde

519 3866 886 3950 libidinibus,
947 3882 1092 3938 etin
1145 3878 1244 3934 illo
1275 3884 1497 3932 satanas
1530 3872 1815 3945 propinas
1861 3869 2122 3940 teipsum
2159 3866 2169 3919 !

518 3976 666 4046 Noli,
699 3975 948 4031 obsecro
983 3988 996 4037 ;
1037 3971 1118 4024 sic
1145 3965 1472 4038 aliquando
1499 3962 1719 4017 sentias
1746 3972 1930 4031 quam
1957 3958 2173 4012 misero

519 4070 577 4121 et
603 4045 945 4120 miserando
986 4062 1222 4131 pectore
1255 4059 1380 4109 hac
1408 4050 1744 4122 scripserim
1770 4065 1783 4114 ;
1816 4052 1872 4103 et
1902 4045 2176 4101 miserea-

522 4156 604 4210 ris
631 4152 759 4223 jam
788 4149 923 4214 mei,
968 4148 1017 4202 si
1052 4145 1155 4201 tibi
1196 4141 1437 4198 viluisti.

987 4257 1316 4318 EPlSTOLA
1352 4254 1533 4311 xxvu
1564 4254 1583 4275 δ
1608 4251 1711 4325 (a).

523 4381 895 4454 Augustinus
928 4377 1208 4441 Paulino,
1242 4374 1602 4442 amplectens
1636 4368 1802 4424 illius
1834 4367 2176 4424 benevolen-

596 4474 761 4535 tiam,
782 4476 834 4527 et
847 4475 1121 4525 mutuum
1146 4466 1465 4520 declarans
1484 4457 2085 4516 amoremmonnulta
2108 4456 2180 4511 de

597 4559 971 4618 Romaniano
993 4562 1046 4612 et
1072 4558 1115 4609 Α
1130 4555 1314 4623 typio,
1340 4565 1446 4607 nec
1471 4564 1590 4604 non
1614 4549 1685 4603 de
1702 4546 1985 4613 Licentia,
2008 4546 2179 4614 cuius

596 4648 760 4706 atati
792 4644 1083 4702 metuebat
1100 4658 1171 4698 ne
1188 4645 1451 4711 vergeret
1479 4638 1558 4694 ad
1576 4653 1643 4693 ea
1656 4650 1787 4706 quae
1798 4641 1931 4689 sunt
1948 4633 2178 4689 mundi.

526 4755 781 4814 Domino
813 4768 946 4808 vere
1006 4755 1215 4806 sancto
1263 4752 1321 4803 et
1369 4741 1717 4804 venerabili,
1766 4748 1822 4798 et
1872 4742 2091 4798 eximia
2120 4740 2179 4797 in

596 4844 826 4902 Christo
850 4840 1026 4897 laude
1056 4836 1460 4912 prasdlcando,
1523 4833 1684 4889 fratri
1717 4835 1970 4897 PAULINO,
2003 4834 2183 4886 Ancu-

597 4947 807 4997 srmus,
848 4931 908 4986 in
949 4929 1201 4985 Domino
1229 4924 1503 4981 salutem.

602 5048 652 5100 t.
696 5041 739 5098 Ο
769 5038 928 5096 bone
979 5035 1067 5090 vir
1123 5040 1178 5089 et
1224 5033 1381 5089 bone
1423 5028 1621 5095 frater,
1651 5027 1881 5084 latebas
1914 5026 2181 5082 animam

529 5144 727 5190 meam
756 5131 847 5186 :et
875 5126 928 5183 ei
950 5124 1082 5181 dico
1108 5118 1386 5178 uttoleret
1406 5118 1570 5193 quod
1590 5118 1788 5175 adhuc
1812 5117 1955 5172 lates
1978 5113 2183 5171 oculos

528 5235 719 5288 meos,
735 5225 791 5273 et
816 5218 914 5273 vix
929 5215 1076 5271 mihi
1091 5211 1462 5283 obtemperat
1484 5225 1495 5265 :
1514 5209 1635 5264 imo
1653 5220 1772 5263 non
1787 5207 2180 5275 obtemperat.

591 5414 611 5435 '
641 5411 920 5462 Recensita
942 5415 1021 5460 est
1046 5410 1111 5459 ad
1136 5424 1183 5457 α.
1210 5406 1297 5471 bg.
1336 5404 1464 5456 bl.c.
1495 5418 1578 5471 cc._
1600 5402 1653 5471 ff.
1672 5416 1755 5464 gv.
1842 5414 1894 5471 n_.
1918 5402 2077 5471 rLs.t_.
2102 5413 2182 5449 vc.

532 5475 621 5526 vd.
646 5476 783 5547 duos
800 5486 847 5522 a.
867 5473 1002 5547 dpos
1026 5474 1105 5521 sb.
1125 5463 1433 5547 quinque};
1449 5471 1498 5518 et
1516 5467 1601 5547 ad.
1620 5463 1757 5520 Αωη
1777 5463 1925 5547 Ba‘th,
1942 5465 2040 5547 ΕΞ..
2057 5464 2183 5547 hev.

567 5540 670 5611 .(a)
699 5536 843 5611 alias
871 5536 931 5611 ξε
964 5527 1335 5611 ;quaa;ai_ite'm
1370 5534 1428 5584 27
1473 5534 1605 5586 erat,
1654 5540 1799 5577 nunc
1836 5528 1948 5576 165.
1981 5527 2189 5590 Scripta

533 5597 677 5655 circa
710 5600 984 5648 ineuntem
1008 5610 1095 5646 an.
1127 5597 1242 5650 395,

1739 187 1795 243 S.
1838 174 2221 240 AUGUSTINI
2264 166 2583 226 EPISCOPI

3782 145 3882 203 108

2232 300 2318 353 Au
2350 311 2487 351 vero
2518 291 2764 350 tolerat?
2783 291 2896 345 Cur
2921 297 3061 355 ergo
3075 298 3171 339 me
3193 276 3496 337 excruciat
3517 272 3885 331 desiderium

2232 388 2316 443 tui
2330 384 2491 457 apud
2513 385 2709 454 ipsam
2724 381 2884 435 intus
2901 369 3207 432 animam?
3220 372 3364 426 Nam
3381 368 3430 421 si
3445 363 3746 421 molestias
3761 374 3890 417 oor-

2233 450 2661 548 porispaterer,
2684 476 2740 525 et
2760 468 2805 521 si
2829 482 2947 521 non
2974 460 3385 536 perturbarent
3401 456 3743 527 aequitatem
3761 450 3890 506 ani-

2236 566 2321 622 mi
2346 564 2483 627 mei,
2504 559 2802 616 recteillas
2827 556 3073 611 tolerare
3095 550 3317 605 dicerer
3340 562 3354 611 ;
3379 559 3515 601 cum
3537 550 3736 598 autem
3767 554 3891 595 non

2238 669 2410 725 aequo
2434 652 2637 707 animo
2660 648 2782 702 fero
2804 642 2968 716 quod
2987 648 3039 697 te
3060 654 3181 695 non
3200 636 3394 697 video,
3413 628 3783 689 intolerabile
3806 634 3896 683 est

2240 718 2418 797 ist-am
2441 737 2746 811 appellare
2768 732 3161 790 tolerantiam.
3183 726 3301 781 Sed
3318 722 3565 796 quando
3583 728 3641 776 tu
3656 718 3790 775 talis
3804 733 3890 781 es,

2240 846 2372 886 esse
2398 805 2596 883 sine-te
2613 826 2858 880 fortasse
2880 815 3313 876 intolerabilius
3336 811 3703 868 toleraretur.
3734 805 3894 862 Bene

2241 928 2328 976 est
2353 934 2512 988 ergo,
2536 915 2681 988 quia
2705 928 2882 985 aequo
2904 910 3108 966 animo
3124 905 3271 961 ferre
3284 918 3408 959 non
3429 914 3700 972 possum,
3730 894 3899 969 quod

2244 1011 2293 1064 si
2322 987 2497 1080 aequo
2528 987 2732 1060 animo
2764 1001 2999 1063 ferrem,
3030 1011 3200 1067 asquo
3226 992 3429 1049 animo
3461 987 3740 1044 ferendus
3772 998 3898 1040 non

2244 1114 2457 1153 essem.
2492 1094 2701 1150 Mirum
2733 1094 2841 1154 est,
2893 1085 2999 1143 sed
3038 1090 3238 1141 tamen
3272 1095 3503 1143 verum,
3546 1073 3709 1147 quod
3754 1071 3899 1128 mihi

2245 1188 2498 1244 accidit:
2527 1182 2700 1239 doleo
2722 1178 2884 1251 quod
2910 1184 2962 1231 te
2976 1190 3095 1230 non
3123 1172 3318 1238 video,
3347 1176 3401 1224 et
3427 1182 3519 1223 me
3537 1168 3664 1237 ipse
3686 1174 3903 1219 conso-

2244 1276 2397 1332 latur
2427 1272 2618 1328 dolor.
2635 1269 2719 1325 Ita
2735 1265 2879 1323 mihi
2902 1262 3173 1335 displicet
3187 1257 3466 1318 fortitudo
3480 1270 3600 1328 qua
3618 1254 3905 1324 patienter

2245 1365 2431 1419 fertur
2444 1359 2711 1416 absentia
2725 1358 3040 1415 bonorum,
3055 1350 3220 1406 sicuti
3237 1366 3318 1403 es.
3336 1347 3485 1400 Nam
3505 1342 3594 1399 etJ
3606 1342 3903 1397 erusalem

2248 1453 2507 1508 futuram
2522 1448 2938 1503 desideramus
2957 1442 3477 1513 utique,etquanto
3493 1428 3902 1504 impatientius

2251 1542 2664 1597 desideramus
2692 1538 2906 1608 ipsam,
2964 1537 3128 1587 tanto
3183 1527 3503 1599 patientius
3538 1520 3903 1577 sustinemus

2252 1631 2455 1687 omnia
2470 1635 2711 1700 propter
2724 1625 2937 1695 ipsam.
2955 1620 3092 1685 Quis
3105 1619 3282 1687 igitur
3298 1618 3487 1686 potest
3506 1627 3625 1666 non
3642 1608 3905 1680 gaudere

2253 1726 2306 1774 te
2321 1695 2557 1781 viso,'ut
2584 1695 2771 1785 possit
2795 1708 3063 1783 quandiu
3089 1712 3141 1761 te
3164 1721 3283 1760 non
3314 1702 3492 1766 videt,
3519 1715 3637 1755 nou
3661 1695 3902 1751 dolere!

2253 1811 2400 1876 Ergo
2420 1810 2691 1860 neutrum
2717 1814 2983 1873 possum,
3018 1802 3073 1851 et
3097 1795 3385 1867 quoniam
3418 1792 3462 1843 si
3493 1802 3763 1860 possem,
3794 1786 3910 1840 im-

2258 1898 2509 1953 maniter
2541 1907 2800 1965 possem,
2833 1902 2951 1943 non
2993 1900 3167 1957 posse
3216 1880 3493 1943 delector,
3524 1883 3701 1948 atque
3734 1873 3793 1929 in
3836 1889 3907 1929 eo

2257 1985 2420 2058 quod
2452 1982 2713 2037 delector
2741 1975 3101 2033 nonnullum
3154 1971 3432 2026 solatium
3464 1973 3572 2022 est.
3602 1966 3909 2021 Dolentem

2256 2078 2456 2146 itaque
2480 2086 2574 2127 me
2594 2085 2711 2125 nou
2740 2063 3120 2127 sedatus,sed
3149 2052 3914 2116 consideratusconsolatur

2258 2140 2448 2219 dolor.
2480 2168 2559 2215 Ne
2590 2154 3014 2230 reprehendas,
3046 2166 3272 2223 quasso,
3306 2144 3601 2202 sanctiore
3624 2140 3914 2212 gravitate

2260 2269 2382 2325 qua
2409 2229 2711 2323 tirevales,
2741 2252 2796 2299 et
2826 2244 2991 2299 dicas
3023 2254 3143 2295 non
3175 2244 3329 2294 recte
3372 2252 3464 2291 me
3495 2233 3716 2296 dolere,
3749 2229 3915 2302 quod

2262 2342 2459 2397 adhuc
2476 2346 2529 2393 te
2550 2352 2669 2392 non
2691 2334 2981 2399 noverim,
3001 2344 3138 2385 cum
3153 2327 3422 2383 animum
3439 2319 3580 2378 mihi
3598 2328 3784 2383 tuum.
3804 2319 3916 2373 hoc

2263 2437 2353 2487 est
2388 2431 2652 2500 teipsum
2703 2425 3041 2479 interiorem
3086 2414 3502 2488 aspiciendum
3550 2408 3914 2483 patefeceri.

2265 2520 2417 2585 Quid
2432 2496 2591 2573 enim
2606 2514 2653 2570 si
2670 2512 2901 2584 uspiam
2922 2515 2973 2562 te
2989 2506 3079 2561 vel
3094 2506 3152 2560 in
3170 2512 3400 2561 terrena
3414 2507 3513 2557 tua
3530 2497 3762 2555 civitate
3777 2496 3919 2551 didi-

2266 2612 2477 2663 cissem
2506 2606 2749 2660 fratrem
2784 2609 2838 2656 et
2864 2601 3203 2653 dilectorem
3238 2608 3462 2659 meum,
3503 2596 3559 2645 et
3593 2594 3825 2643 tantum
3858 2585 3919 2639 in

2266 2697 2518 2751 Domino
2551 2690 2807 2748 actalem
2827 2689 3041 2753 virum,
3061 2683 3369 2740 nullumne
3387 2694 3478 2734 me
3492 2677 3758 2734 dolorem
3789 2689 3923 2728 sen-

2270 2801 2478 2840 surum
2512 2783 2695 2837 fuisse
2726 2776 3120 2837 arbitrareris,
3155 2772 3200 2826 si
3229 2786 3345 2826 non
3380 2769 3602 2822 sinerer
3626 2780 3800 2821 nosse
3817 2764 3923 2818 do-

2272 2892 2434 2931 mum
2488 2879 2650 2927 tuam
2678 2869 2705 2924 ?
2736 2864 3050 2932 Quomodo
3091 2876 3232 2929 ergo
3288 2870 3409 2913 non
3441 2855 3699 2917 doleam,
3757 2851 3926 2924 quod

2270 2962 2544 3020 nondum
2576 2958 2789 3015 faciem
2849 2960 3011 3011 tuam
3044 2950 3204 3015 novi,
3238 2949 3351 3004 hoc
3392 2949 3480 3001 est
3509 2944 3761 3001 domum
3800 2942 3926 2997 ani-

2273 3069 2386 3109 mai
2418 3059 2554 3113 tuae,
2581 3064 2767 3119 quam
2810 3044 2962 3099 sicut
2994 3056 3189 3096 meam
3226 3035 3420 3093 novi?

2344 3147 2397 3196 2.
2434 3142 2562 3209 Legi
2588 3138 2745 3193 enim
2777 3134 2998 3189 litteras
3022 3138 3154 3185 tuas
3177 3127 3424 3183 ﬂuentes
3440 3125 3529 3179 lac
3551 3129 3607 3177 et
3627 3120 3759 3185 mel,
3780 3134 3931 3191 prae-

2274 3208 2531 3287 ferentes
2549 3225 2990 3297 simplicitatem
3017 3218 3213 3274 cordis
3231 3216 3336 3279 tui,
3365 3216 3425 3270 in
3446 3229 3567 3285 qua
3584 3210 3799 3283 quieris
3821 3208 3932 3264 Do-

2275 3321 2508 3375 minum
2542 3296 2801 3370 sentiens
2826 3311 2898 3365 de
2926 3309 3023 3364 illo
3043 3308 3100 3362 in
3126 3306 3411 3368 bonitate,
3440 3307 3493 3357 et
3511 3296 3930 3356 afferentes'ei

2276 3408 2599 3464 claritatem
2614 3412 2668 3458 et
2692 3403 3004 3457 honorem.
3025 3398 3313 3463 Legerunt
3341 3391 3572 3454 fratres.
3588 3396 3645 3444 et
3665 3384 3933 3457 gaudent

2276 3494 2720 3564 infatigabiliter
2748 3500 2803 3545 et
2826 3486 3222 3553 ineﬁabiliter,
3259 3490 3377 3538 tam
3412 3480 3695 3535 uberibus
3720 3480 3777 3532 et
3807 3482 3930 3530 tam

2274 3562 2699 3640 excellentibus
2723 3578 2898 3633 donis
2916 3576 3034 3639 Dei,
3072 3570 3391 3628 bonistuis.
3423 3562 3935 3638 Quotquoteasle-

2277 3678 2507 3745 gerunt,
2537 3670 2796 3741 rapiunt,
2827 3666 2970 3737 quia
2987 3663 3301 3735 rapiuntur
3319 3675 3454 3714 cum
3482 3656 3700 3726 legunt.
3734 3655 3926 3718 Quam

2277 3761 2478 3818 suavis
2507 3760 2655 3815 odor
2683 3754 2914 3819 Christi,
2935 3760 2989 3808 et
3009 3766 3194 3823 quam
3216 3748 3437 3819 fragrat
3458 3762 3529 3801 ex
3550 3745 3652 3808 eis,
3673 3742 3787 3797 dici
3806 3756 3924 3796 non

2277 3858 2493 3925 potest.
2512 3849 2623 3904 “1&3
2638 3848 2840 3902 litteras
2855 3859 2991 3898 cum
3020 3847 3074 3895 te
3097 3840 3353 3895 oﬂerunt
3378 3841 3440 3891 ut
3454 3834 3725 3897 videaris,
3740 3845 3932 3903 quan-

2280 3948 2406 3998 tum
2439 3955 2548 3994 nos
2574 3939 2831 3991 excitant
2859 3938 2919 3987 ut
2949 3930 3237 4003 quseraris
3270 3940 3443 3992 ;nam
3474 3929 3530 3979 et
3562 3919 3929 3993 perspicabi-

2279 4031 2395 4085 lem
2421 4027 2646 4084 faciunt
2662 4032 2719 4080 et
2739 4017 3217 4078 desiderabilem.
3234 4018 3468 4082 Quanto
3487 4012 3643 4068 enim
3671 4025 3933 4081 pris-sen-

2283 4120 2423 4175 tiam
2465 4124 2630 4171 tuam
2661 4111 2837 4168 nobis
2899 4105 3354 4180 quodammodo
3406 4101 3706 4164 exhibent,
3769 4102 3932 4154 tanto

2284 4207 2617 4262 absentiam
2633 4217 2743 4256 nos
2764 4199 2914 4254 ferre
2937 4214 3056 4251 non
3085 4195 3305 4250 sinunt.
3331 4195 3548 4247 Amant
3574 4196 3627 4244 te
3643 4203 3851 4243 omnes
3872 4186 3934 4240 in

2283 4296 2387 4365 eis,
2413 4300 2469 4350 et
2485 4292 2677 4349 amari
2690 4291 2796 4345 abs
2821 4293 2873 4342 te
2888 4286 3153 4358 cupiunt.
3174 4283 3472 4339 Laudatur
3484 4277 3939 4334 etbenedicetur

2289 4390 2458 4450 Deus,
2491 4382 2661 4452 cujus
2689 4376 2879 4448 gratia
2905 4380 2965 4431 tu
2997 4374 3129 4430 talis
3144 4390 3225 4428 es.
3254 4371 3334 4427 Ibi
3354 4365 3936 4430 excitatiirtihristus,

2286 4484 2349 4530 ut
2370 4480 2577 4527 ventos
2604 4475 2661 4525 et
2685 4468 2877 4523 maria
2899 4466 2997 4522 tibi
3020 4463 3258 4536 placare
3279 4461 3550 4532 dignetur
3578 4452 3841 4512 tendenti
3863 4453 3939 4508 ad

2287 4562 2665 4619 stabilitatem
2685 4572 2878 4612 suam.
2915 4554 3153 4610 Videtur
3174 4567 3209 4606 a
3230 4548 3565 4619 legentibus
3595 4543 3673 4600 ibi
3692 4543 3936 4613 oonjux,

2286 4669 2407 4708 non
2422 4653 2545 4705 dux
2558 4650 2577 4683 ²
2606 4646 2682 4703 ad
2698 4642 3007 4701 mollitiem
3022 4641 3147 4696 viro
3161 4655 3291 4705 suo,
3311 4636 3419 4692 sed
3432 4635 3510 4692 ad
3529 4631 3939 4691 fortitudinem

2285 4740 2471 4796 redux
2495 4739 2553 4793 in
2580 4751 2721 4792 ossa
2747 4734 2855 4790 viri
2882 4733 3005 4802 sui;
3038 4744 3223 4802 quam
3252 4729 3310 4783 in
3340 4732 3502 4781 tuam
3527 4724 3816 4779 unitatem
3848 4735 3942 4774 re-

2286 4832 2530 4885 dactam
2561 4832 2616 4882 et
2645 4820 2960 4887 redditam,
2985 4824 3038 4875 et
3071 4814 3477 4889 spiritualibus
3513 4810 3616 4869 tibi
3647 4818 3807 4866 tanto
3840 4807 3943 4863 tir-

2287 4917 2599 4982 mioribus,
2633 4918 2851 4986 quanto
2891 4909 3245 4966 castioribus
3278 4905 3531 4961 nexibus
3573 4898 3941 4972 copulatam,

2290 5007 2501 5063 ofﬁciis
2532 5010 2741 5060 vestras
2775 4997 3082 5057 Sanctitati
3109 4992 3340 5058 debitis,
3375 4990 3434 5047 in
3472 4995 3528 5046 te
3557 5002 3676 5046 uno
3706 4986 3945 5043 resalu-

2291 5103 2489 5152 tamus
2512 5099 2551 5147 ³.
2588 5092 2669 5148 lbi
2703 5090 2863 5146 cedri
2891 5088 3093 5143 Libani
3122 5085 3198 5141 ad
3221 5091 3439 5140 terram
3466 5080 3776 5153 depositas,
3801 5083 3857 5132 et
3884 5075 3945 5130 in

2354 5276 2367 5303 ¹
2400 5274 2460 5322 In
2494 5272 2649 5329 Edd.,
2680 5268 2997 5333 afﬁrmant
3034 5265 3168 5333 Mss._
3201 5260 3497 5333 sexdecim,
3521 5258 3805 5333 afferentes.

2338 5338 2371 5408 ,ι
2401 5321 2487 5408 Sic
2512 5336 2565 5382 21
2600 5321 2738 5408 Mss."
2757 5332 2822 5401 At
2848 5329 3052 5408 vulgati
3086 5326 3285 5408 habent
3316 5340 3327 5373 :
3356 5325 3421 5408 qd
3453 5321 3784 5408 stapilttatem
3800 5331 3949 5365 suam

2293 5400 2554 5461 dignetur.
2587 5396 2670 5445 lbi
2699 5395 2887 5455 conjua;
2918 5388 3185 5445 «scitatur,
3227 5403 3332 5435 non
3362 5388 3479 5439 dux,
3501 5389 3600 5433 etc.

2352 5464 2371 5492 ³
2405 5460 2461 5509 In
2492 5460 2636 5521 prius
2669 5455 2797 5521 Edd.
2829 5468 2930 5502 uno
2952 5468 3041 5521 ore
3067 5451 3371 5521 satutanius.
3408 5446 3583 5521 ln_Ms.
3603 5458 3725 5521 uno
3755 5440 3948 5521 Vut‘ic"

2292 5502 2980 5571 una'ZiniIE-eiazmamm.
3018 5520 3086 5565 At
3131 5516 3186 5565 in
3238 5512 3359 5562 aliis
3384 5511 3563 5565 vatic.,
3586 5507 3788 5571 tribus,
3814 5507 3871 5554 et
3893 5502 3950 5552 in

2296 5568 2603 5652 quindecim
2635 5581 2814 5632 Gallic.
2857 5576 3140 5631 exhibetur
3166 5574 3323 5627 lectio
3358 5586 3521 5639 quam
3555 5568 3823 5635 eligimus.
