4164 6182
180 182 293 240 109

168 322 331 364 arcta
357 307 645 363 fabricam
671 306 1029 380 compagine
1047 300 1349 363 charitatis
1372 312 1603 374 erectae,
1624 307 1835 363 mundi

168 398 358 467 hujus
390 396 606 452 ﬂuctus
655 396 1097 468 imputribiiiter
1155 402 1377 452 secant.
1415 397 1495 451 ibi
1553 396 1739 467 gloria
1776 402 1837 453 ut

167 488 536 558 acquiratur,
569 485 989 549 contemnitur,
1021 492 1075 540 et
1098 486 1361 540 mundus
1386 492 1447 540 ut
1472 487 1833 553 obtineatur,

168 575 555 646 relinquitur.
593 574 676 630 lbi
722 574 973 646 parvuli,
1037 575 1155 629 sive
1206 574 1385 629 etiam
1425 575 1836 646 grandiusculi

169 664 274 717 tilii
308 662 634 734 Babylonis
682 663 984 718 eliduntur
1036 663 1113 718 ad
1156 670 1403 734 petram,
1447 664 1589 719 vitia
1619 664 1838 719 scilicet

171 752 553 808 confusionis
606 752 1017 824 superbiaeque
1049 753 1348 807 secularis.

238 842 296 895 3.
324 844 455 896 Haec
473 848 651 913 atque
682 841 1028 912 hujusmodi
1049 844 1412 897 suavissima
1431 848 1487 897 et
1509 842 1838 898 sacratissi-

175 948 278 987 ma
292 930 853 1003 spectaculalitterie
867 935 979 985 tua:
995 932 1838 1002 priebentlegentibus;litterm

174 1021 311 1083 illas,
331 1020 542 1074 litteras
563 1019 701 1073 fidei
718 1034 835 1074 non
852 1020 1027 1084 θείω,
1042 1019 1245 1076 litteras
1262 1022 1384 1093 spei
1412 1021 1609 1089 boum,
1638 1022 1839 1077 litterae

174 1126 346 1182 purae
400 1109 721 1163 cbaritatis.
758 1108 1074 1175 Quomodo
1124 1111 1297 1164 nobis
1349 1110 1632 1165 anhelant
1681 1114 1839 1166 sitim

172 1203 425 1260 tuam.et
440 1198 796 1252 desiderium
812 1197 1237 1270 defectumque
1253 1200 1471 1254 animae
1490 1208 1601 1255 tuae
1620 1201 1677 1254 in
1693 1202 1843 1255 atria

176 1288 419 1342 Domini
448 1286 459 1339 !
489 1286 635 1357 quid
650 1288 871 1341 amoris
894 1288 1841 1361 sanctissimispii'anthuantam

173 1376 551 1448 opulentiam
583 1376 792 1430 sinceri
825 1377 1021 1431 cordis
1052 1382 1379 1432 exmstuant
1413 1376 1425 1432 i
1479 1394 1633 1449 quas
1660 1382 1844 1447 agunt

178 1465 537 1535 gratiasDeo
569 1465 1085 1536 lquasimpetrant
1106 1468 1263 1521 aDeo
1293 1465 1304 1520 l
1330 1465 1666 1522 Blandiores
1683 1474 1841 1532 sunt,

173 1570 250 1609 an
267 1553 641 1609 ardentiores
658 1572 671 1619 ;
691 1553 1130 1617 luminosiores,
1150 1571 1224 1609 au
1254 1555 1672 1612 facundiores?
1692 1556 1846 1621 Quid

178 1646 341 1699 enim
384 1649 496 1706 est,
527 1642 691 1714 quod
732 1642 812 1697 ita
852 1658 962 1697 nos
989 1643 1353 1709 mulcent,ita
1391 1645 1727 1701 accendunt
1768 1647 1847 1703 ita

178 1732 544 1803 complunnt
560 1738 614 1786 et
637 1732 715 1786 ita
731 1747 957 1787 serenae
973 1733 1290 1805 suntfquid
1311 1739 1639 1805 est,qureso
1656 1741 1728 1798 te,
1744 1740 1847 1793 aut

179 1822 330 1896 quid
364 1821 469 1876 tibi
502 1836 610 1893 pro
658 1822 740 1877 eis
773 1822 1123 1893 rependam,
1177 1823 1286 1877 nisi
1318 1824 1461 1895 quia
1504 1828 1658 1878 totus
1713 1836 1846 1879 sum

184 1921 325 1966 tuus
354 1912 415 1967 iu
448 1926 520 1966 eo
545 1911 716 1981 cujus
741 1917 897 1966 totus
928 1926 993 1967 es
1022 1909 1049 1965 τ
1080 1912 1133 1966 Si
1165 1926 1377 1983 parum
1401 1916 1510 1978 est,
1541 1912 1672 1984 plus
1693 1920 1848 1967 certe

186 2015 311 2056 non
340 2000 557 2055 habeo.
580 2002 662 2055 Tu
690 2005 884 2055 autem
908 2000 1094 2055 fecisti
1129 2005 1331 2055 utnon
1356 2002 1497 2056 mihi
1532 2015 1745 2073 parum
1771 2001 1849 2056 vi-

187 2090 427 2157 deatur,
444 2090 546 2161 qui
570 2105 664 2145 me
686 2088 743 2144 in
765 2088 866 2144 illa
889 2088 1145 2160 epistola
1172 2089 1641 2147 tantislaudibus
1661 2091 1850 2145 hono-

188 2194 322 2234 rare
344 2178 625 2248 dignatus
651 2194 733 2243 es,
768 2184 980 2234 utcum
1013 2178 1111 2233 tibi
1137 2195 1228 2234 me
1258 2180 1528 2243 refuudo,
1559 2178 1607 2233 si
1639 2194 1849 2252 parum

187 2267 305 2322 hoc
333 2274 559 2337 putem,
577 2266 682 2321 tibi
710 2282 828 2321 non
853 2265 1175 2322 credidisse
1191 2269 1529 2323 convincar.
1548 2264 1734 2322 Pudet
1755 2280 1849 2321 me

186 2357 438 2427 quidem
471 2362 701 2411 tantum
724 2355 864 2411 boni
890 2354 962 2411 de
985 2371 1078 2411 me
1109 2355 1367 2421 credere,
1395 2356 1498 2411 sed
1524 2355 1661 2428 plus
1693 2356 1850 2428 piget

191 2444 297 2500 tibi
327 2459 448 2499 non
474 2444 732 2499 credere.
753 2447 845 2499 Est
867 2444 1029 2517 quod
1053 2443 1271 2501 faciam
1298 2461 1310 2498 :
1340 2461 1460 2501 non
1488 2461 1579 2500 me
1608 2444 1850 2499 credam

190 2534 374 2588 talem
403 2531 1161 2607 qualemputas,quoniam
1186 2549 1307 2590 non
1324 2548 1591 2605 agnosco
1614 2551 1631 2599 ;
1656 2539 1710 2589 et
1727 2548 1853 2588 cre-

186 2622 333 2677 dam
364 2639 459 2677 me
481 2622 590 2677 abs
616 2628 666 2678 te
694 2622 1193 2694 diligi,quoniam
1223 2630 1414 2679 sentio
1442 2629 1498 2679 et
1519 2624 1694 2695 plane
1716 2638 1853 2695 per-

187 2712 345 2782 cipio
379 2731 392 2769 :
428 2712 511 2767 ita
538 2726 643 2767 uec
674 2712 733 2766 in
760 2727 852 2767 me
883 2713 1257 2776 temerarius,
1287 2728 1395 2767 nec
1424 2711 1554 2767 inte
1582 2713 1852 2783 ingratus

191 2802 458 2857 extitero.
495 2803 724 2857 Etcum
761 2817 856 2857 me
884 2802 983 2856 tibi
1016 2805 1206 2857 totum
1248 2801 1453 2867 oﬂ'ero,
1489 2818 1703 2873 parum
1734 2816 1852 2857 non

191 2896 283 2945 est
310 2907 323 2945 ε
359 2888 550 2945 offero
579 2891 739 2946 enim
765 2904 946 2963 quem
982 2889 1502 2946 vehementissime
1525 2890 1719 2960 diligis
1749 2906 1763 2955 ;
1799 2894 1855 2946 et

194 2978 404 3045 offero,
421 2981 467 3033 si
495 2995 613 3034 non
628 2980 869 3051 qualem
890 2995 981 3035 me
999 2994 1129 3035 esse
1145 2978 1470 3048 arbitraris,
1486 2996 1625 3035 cum
1654 2990 1851 3036 tamen

195 3083 301 3139 pro
330 3082 477 3139 quo.
513 3073 576 3123 ut
604 3068 736 3124 talis
765 3082 892 3124 esse
922 3084 1151 3124 merear
1171 3069 1529 3140 depreceris.
1548 3072 1665 3125 Hoc
1695 3070 1851 3125 enim

199 3158 395 3227 magis
421 3158 549 3228 jam
579 3164 715 3230 peto
733 3158 937 3226 facias,
962 3173 1035 3213 ne
1064 3159 1261 3213 minus
1292 3165 1465 3230 optes
1495 3158 1639 3214 mihi
1676 3156 1852 3229 adjici

196 3247 272 3302 ad
304 3247 365 3302 id
396 3245 564 3318 quod
580 3260 739 3314 sum,
766 3246 912 3303 dum
946 3262 1041 3303 me
1063 3248 1373 3303 existimas
1394 3248 1522 3317 jam
1537 3262 1669 3303 esse
1690 3245 1853 3319 quod

200 3352 319 3393 BOD
344 3351 503 3392 sum.

266 3429 323 3482 4.
354 3429 502 3482 Ecce
519 3427 907 3482 cbarissimus
940 3440 1107 3481 mens
1139 3428 1319 3491 est,et
1348 3426 1424 3482 ab
1447 3426 1685 3482 ineunte
1715 3425 1857 3483 ado-

197 3515 485 3572 lescentia
505 3516 651 3571 mihi
682 3514 1048 3571 familiariter
1064 3514 1552 3588 amicissimus(a)
1585 3516 1857 3588 quihanc

200 3606 663 3660 Eximietatitnas
685 3618 755 3661 ac
788 3606 1300 3677 praestantissimae
1328 3604 1602 3661 Charitati
1636 3608 1859 3676 epistoé

198 3694 320 3749 iam
334 3693 826 3765 apportat.liujus
842 3710 1060 3749 nomen
1074 3694 1231 3750 estin
1248 3692 1517 3750 librode’
1538 3692 1853 3764 Religione,

198 3799 381 3855 quem
405 3790 503 3838 tua
545 3785 1162 3855 Sanctitas,quautum
1187 3783 1394 3839 litteris
1419 3782 1857 3850 indicas,liben-

202 3873 434 3926 tissime
456 3872 597 3941 legit
616 3886 627 3925 :
646 3871 835 3927 factus
848 3877 931 3927 est
948 3874 1105 3928 enim
1122 3873 1219 3927 tibi
1243 3872 1423 3929 etiam
1444 3875 1588 3928 tanti
1606 3874 1732 3939 viri,
1754 3872 1855 3945 qui

201 3961 304 4015 tibi
350 3974 490 4014 cum
527 3961 703 4025 misit,
737 3960 1261 4017 commendatione
1288 3961 1630 4031 jucundior.
1662 3964 1859 4033 Neque

202 4057 405 4105 tamen
432 4049 571 4104 huic
598 4054 718 4105 tam
749 4050 1237 4105 familiariamico
1258 4065 1391 4105 meo
1424 4051 1597 4106 velim
1628 4050 1859 4114 credas,

203 4154 343 4211 quas
360 4140 437 4194 de
472 4155 565 4193 me
596 4139 743 4194 forte
768 4139 1025 4194 laudans
1055 4139 1275 4195 dixerit.
1296 4141 1461 4196 Sensi
1490 4138 1649 4195 enim
1681 4142 1861 4195 etiam

204 4231 407 4299 ipsum
436 4243 595 4300 sape
618 4242 735 4283 non
753 4228 1307 4293 mentiendistudio,
1335 4229 1439 4283 sed
1466 4229 1865 4301 amandipro-

206 4320 501 4390 pensione
524 4316 640 4372 falli
659 4317 1050 4386 judicantem,
1072 4318 1410 4373 etarbitrari
1421 4317 1547 4389 jam
1575 4335 1667 4373 me
1696 4333 1866 4375 acce-

206 4408 370 4479 pisse
383 4406 916 4478 quedam,quibus
932 4406 1292 4478 accipiendis
1306 4422 1341 4463 ει
1363 4408 1614 4463 Domino
1629 4416 1865 4480 patente

208 4511 310 4551 ore
342 4495 875 4551 cordisiuhiarem.
895 4497 957 4550 Et
985 4498 1031 4549 si
1057 4496 1253 4551 hocin
1269 4511 1337 4551 os
1354 4512 1577 4564 meum,
1598 4498 1731 4569 quis
1747 4512 1867 4552 non

208 4586 495 4656 conjiciat
510 4588 737 4654 quanta
754 4584 829 4638 de
845 4598 940 4639 me
954 4584 1199 4639 absente
1220 4584 1663 4657 melioraquam
1681 4587 1869 4642 verio-

210 4688 277 4728 ra
308 4674 483 4728 ltetus
501 4672 819 4728 effundat?
842 4673 1155 4729 Librorum
1186 4680 1383 4729 autem
1413 4682 1752 4729 nostrorum
1772 4690 1868 4730 co-

212 4763 376 4833 piam
391 4758 572 4817 faciet
588 4762 909 4817 venerabili
925 4762 1123 4817 studio
1140 4768 1238 4817 tuo
1260 4785 1269 4817 :
1292 4778 1429 4817 nam
1446 4764 1646 4818 nescio
1663 4779 1756 4819 me
1771 4763 1872 4819 ali-

210 4851 515 4922 quid,sive
530 4851 606 4905 ad
620 4864 826 4905 eorum
842 4852 945 4923 qui
957 4854 1123 4905 extra
1138 4850 1452 4906 Ecclesium
1470 4853 1565 4906 Dei
1584 4851 1873 4917 sunt,sive

212 4941 291 4995 ad
316 4954 495 4994 aures
524 4939 770 4994 fratrum
791 4941 1123 5010 scripsisse,
1143 4940 1307 5012 quod
1334 4941 1461 5011 ipse
1484 4956 1603 4996 non
1635 4941 1869 4997 habeat.

213 5028 331 5084 Sed
346 5036 561 5082 tucum
576 5028 829 5098 legis,mi
849 5034 1050 5084 sancte
1068 5029 1327 5093 Pauline,
1346 5044 1463 5085 non
1482 5035 1533 5084 te
1548 5031 1626 5086 ita
1639 5030 1876 5102 rapiant

210 5131 349 5189 qua!
360 5132 471 5190 per
482 5123 751 5173 nostram
766 5116 1170 5173 inﬁrmitatem
1187 5120 1400 5173 veritas
1414 5119 1693 5191 loquitur,
1712 5127 1772 5176 ut
1804 5135 1875 5176 ea

212 5221 355 5280 quin
368 5209 497 5278 ipse
523 5213 734 5277 loquor
764 5208 963 5262 minus
983 5206 1296 5278 diligenter
1312 5208 1587 5265 advertas
1608 5224 1621 5275 ;
1639 5222 1712 5265 ne
1729 5209 1873 5265 dum

274 5454 430 5523 ‘Edd.
442 5456 522 5513 ,ιιι
534 5472 657 5523 vera
670 5454 1023 5523 Religionem
1038 5457 1161 5523 Mss.
1181 5460 1369 5523 viginti
1385 5464 1569 5523 carent
1588 5473 1879 5517 voce,vere.

214 5583 242 5631 7
279 5520 787 5632 (Sugamanienns.
808 5520 1061 5572 nudatus
1079 5522 1135 5571 in
1152 5520 1341 5573 tibide
1362 5522 1498 5573 Vere.
1520 5522 1813 5587 Religione,
1831 5536 1877 5575 c.

1412 170 1923 236 EPISTOLABUM
1966 174 2258 238 CLASSIS
2300 178 2370 238 ii.

3500 184 3601 240 MO

1946 308 2161 363 avidus
2175 306 2380 365 hauris
2404 309 2565 365 bona
2585 314 2641 366 et
2666 315 2826 367 recta
2852 316 2989 382 quas
3017 309 3461 377 dataministro,
3478 322 3601 367 non

1946 414 2079 453 ores
2101 412 2204 469 pro
2237 399 2489 469 peccatis
2501 400 2773 455 eterratis
2798 400 3074 471 quaaipse
3089 403 3416 455 committo.
3436 403 3497 455 In
3513 400 3603 455 his

1947 488 2106 542 enim
2132 500 2261 559 qua:
2286 488 2388 542 tibi
2415 491 2586 551 recte,
2622 489 2670 543 si
2692 490 3032 555 adverteris,
3057 489 3474 559 displicebunt,
3493 503 3604 559 ego

1947 576 2527 647 ipsecouepicior;in
2555 572 2647 631 his
2674 582 2877 631 autem
2895 588 3029 648 quas
3061 592 3162 647 per
3184 578 3605 649 donumSpiri-

1948 670 2043 719 tus
2057 664 2219 737 quod
2236 666 2701 736 accepisti,recte
2715 665 2818 719 tibi
2835 664 3140 736 placentin
3155 666 3320 721 libris
3334 665 3603 730 meis,ille

1947 753 2369 817 amandus,il|e
2386 754 2799 825 priedioandus
2812 755 3264 826 estapudquem
3278 762 3365 809 est
3379 754 3511 809 fons
3527 758 3605 809 vi-

1949 848 2101 905 taa,et
2118 843 2174 896 in
2192 842 2602 912 oujuelumiue
2618 843 2957 897 videbimus
2989 842 3190 897 lumen
3212 843 3399 913 (Psal.
3424 856 3601 911 xxxv,

1951 932 2061 1001 10),
2090 929 2570 999 sinemuigmate,
2595 930 2698 986 sed
2714 928 2860 986 facie
2874 929 2950 987 ad
2966 930 3198 995 faciem,
3230 944 3389 985 nunc
3403 938 3603 986 autem

1950 1021 2010 1075 iu
2028 1021 2347 1089 aenigmate
2363 1020 2631 1075 videmus
2645 1022 2689 1089 (l
2706 1023 2843 1077 Cor.
2862 1032 2982 1085 xiii,
3002 1022 3111 1090 l2).
3130 1021 3191 1074 in
3208 1021 3299 1074 his
3312 1035 3454 1087 ergo
3467 1032 3603 1090 quae

1950 1112 2076 1180 ipse
2130 1110 2201 1164 de
2247 1111 2422 1164 veteri
2470 1109 2760 1165 fermento
2800 1110 3088 1172 eructavi,
3125 1125 3262 1163 cum
3294 1123 3366 1163 ea
3400 1110 3604 1178 legens

1952 1212 2237 1268 agnosco,
2257 1214 2349 1254 me
2381 1200 2581 1270 iudico
2607 1215 2741 1254 cum
2761 1200 2995 1265 dolore;
3017 1200 3074 1253 in
3107 1199 3201 1253 his
3220 1212 3360 1253 vero
3378 1213 3514 1269 quae
3532 1197 3606 1251 de

1953 1304 2167 1360 azymo
2182 1288 2526 1343 sinceritatis
2542 1292 2597 1343 et
2621 1288 2879 1343 veritatis
2904 1288 3081 1343 domo
3097 1288 3193 1341 Dei
3211 1287 3355 1354 dixi,
3376 1286 3608 1341 exsulto

1953 1395 2091 1433 cuni
2110 1386 2382 1432 tremore.
2400 1378 2550 1442 Quid
2564 1379 2721 1432 enim
2738 1377 3054 1445 habemus,
3070 1376 3232 1447 quod
3250 1391 3368 1430 non
3384 1376 3613 1445 accepi-

1958 1482 2091 1521 mus
2115 1467 2141 1519 ‘f
2167 1466 2405 1521 Atenim
2428 1466 2633 1521 melior
2653 1473 2740 1521 est
2759 1468 2863 1537 qui
2884 1467 3216 1535 majoribus
3242 1474 3297 1519 et
3321 1465 3612 1535 pluribus,

1955 1558 2255 1627 quamqui
2282 1556 2615 1609 minoribus
2636 1562 2691 1609 et
2715 1555 3101 1625 paucioribus
3123 1556 3297 1609 donis
3332 1555 3426 1608 Dei
3450 1553 3615 1606 dives

1956 1646 2221 1710 est.Quis
2237 1644 2452 1714 negat?
2466 1644 2570 1699 sed
2600 1660 2806 1698 rursus
2833 1644 3045 1698 melius
3076 1647 3181 1706 est,
3220 1642 3306 1696 vel
3327 1642 3399 1696 de
3425 1654 3612 1712 parvo

1959 1734 2057 1789 Dei
2088 1733 2250 1789 dono
2278 1734 2499 1802 gratias
2522 1731 2637 1804 ipsi
2663 1746 2859 1803 agere,
2891 1745 3076 1804 quam
3107 1730 3217 1785 sibi
3246 1731 3342 1802 agi
3370 1745 3609 1799 magno.

1960 1827 2091 1878 Hinc
2115 1827 2176 1877 ut
2201 1836 2271 1878 ex
2294 1820 2497 1877 animo
2512 1836 2751 1893 semper
2774 1822 3081 1885 confitear,
3114 1833 3435 1890 meumque
3456 1834 3559 1873 cor
3577 1830 3615 1872 a

1955 1912 2164 1982 lingua
2195 1926 2329 1966 mea
2360 1922 2478 1966 non
2510 1911 2799 1975 dissouet,
2832 1922 2939 1965 ora
2965 1924 3074 1981 pro
3095 1924 3209 1973 me,
3245 1909 3438 1963 frater.
3474 1907 3608 1970 Ora,

1957 2001 2226 2066 obsecro,
2247 2005 2435 2055 utnon
2452 1999 2686 2055 laudari
2704 1999 2927 2064 volens,
2945 1998 3048 2053 sed
3068 1998 3321 2054 laudans
3338 1997 3611 2050 invocem

1959 2092 2300 2155 Dominum,
2332 2096 2387 2144 et
2416 2089 2494 2143 ab
2516 2088 2771 2143 inimicis
2805 2088 2952 2143 meis
2981 2088 3179 2142 salvus
3202 2100 3319 2140 ero.

2031 2184 2083 2235 it.
2109 2181 2207 2233 Est
2229 2179 2409 2232 etiam
2440 2178 2599 2233 aliud
2622 2192 2744 2249 quo
2762 2178 2939 2231 istum
2962 2176 3203 2231 fratrem
3230 2174 3489 2245 amplius
3520 2172 3611 2227 di-

1957 2268 2108 2341 ligas
2141 2287 2153 2326 :
2187 2280 2326 2323 nam
2362 2273 2448 2322 est
2481 2274 2775 2338 cognatus
2806 2264 3176 2329 venerabilis,
3210 2271 3266 2318 et
3288 2276 3422 2317 vere
3456 2262 3611 2316 beati

1958 2356 2222 2429 episcopi
2250 2355 2465 2427 Alypii,
2496 2366 2679 2426 quem
2712 2359 2832 2409 toto
2860 2361 3097 2425 pectore
3128 2350 3525 2423 amplecteris,
3557 2354 3614 2404 et

1958 2445 2196 2509 merito;
2216 2461 2355 2499 nam
2368 2444 2647 2516 quisquis
2664 2446 2736 2497 de
2750 2442 2848 2498 illo
2870 2442 2995 2496 viro
3012 2442 3266 2512 benigne
3280 2440 3522 2508 cogitat,
3539 2438 3613 2492 de

1956 2549 2181 2603 magna
2203 2533 2300 2588 Dei
2327 2532 2756 2601 misericordia,
2780 2538 2836 2586 et
2858 2530 2933 2585 de
2960 2531 3338 2585 mirabilibus
3362 2528 3457 2582 Dei
3489 2543 3616 2581 mu-

1956 2625 2199 2679 neribus
2238 2624 2475 2691 cogitat.
2518 2622 2722 2692 itaque
2780 2636 2916 2676 cum
2978 2620 3221 2689 legisset
3269 2618 3615 2689 petitionem

1959 2719 2144 2776 tuam,
2176 2726 2301 2785 qua
2314 2710 2648 2766 desiderare
2666 2710 3013 2766 teindicasti
3032 2716 3091 2764 ut
3121 2708 3429 2763 historiam
3444 2720 3617 2760 suam

1959 2801 2063 2857 tibi
2100 2803 2338 2866 scribat,
2382 2810 2437 2855 et
2464 2801 2703 2854 volebat
2738 2800 2933 2854 facere
2982 2803 3222 2869 propter
3269 2795 3613 2850 benevoleu.

1960 2892 2103 2944 tiam
2124 2896 2310 2953 tuam,
2345 2893 2399 2943 et
2423 2887 2661 2942 uolebat
2682 2892 2923 2957 propter
2944 2882 3366 2938 verecundiam
3400 2898 3572 2935 suam
3602 2896 3615 2935 2

1958 2990 2140 3049 quem
2159 2992 2294 3032 cum
2310 2978 2570 3031 viderem
2587 2977 2735 3029 inter
2752 2988 3020 3029 amorem
3042 2978 3455 3044 pudoremque
3468 2969 3618 3024 ﬂuc-

1962 3072 2101 3122 tuan
2111 3073 2222 3121 tein
2234 3080 2329 3127 ,on
2342 3080 2408 3119 us
2420 3066 2500 3120 ab
2512 3065 2611 3119 illo
2624 3065 2682 3119 in
2697 3064 2979 3117 humeros
2996 3077 3161 3116 meos
3177 3059 3615 3125 transtuli;nam

1958 3155 2073 3210 hoc
2086 3156 2419 3209 mihietiam
2436 3152 3073 3225 perepis‘tolamjuSsit.
3112 3149 3237 3205 Cito
3252 3164 3416 3217 ergo,
3442 3149 3486 3199 si
3505 3145 3617 3201 Dos

1960 3245 2160 3298 minus
2176 3244 2684 3312 adjuverit,totum
2698 3240 2985 3312 Alypium
3003 3240 3257 3291 inseram
3276 3234 3618 3306 praecordiis

1960 3336 2243 3399 tuis;uem
2259 3332 2371 3387 hoc
2384 3346 2517 3386 sum
2533 3344 2647 3399 ego
2665 3332 2925 3385 maxime
2940 3330 3265 3393 veritus,ue
3278 3324 3370 3379 ille
3392 3336 3618 3378 verere-

1961 3429 2053 3477 tur
2069 3423 2298 3494 aperire
2314 3421 2665 3493 omniaquae
2696 3419 2754 3473 in
2776 3432 2915 3473 eum
2944 3418 3232 3471 Dominus
3254 3412 3525 3475 contulit,
3545 3424 3621 3466 ne

1963 3511 2139 3567 alicui
2157 3512 2352 3565 minus
2367 3509 2713 3579 intelligenti
2729 3510 2872 3580 (non
2888 3507 3045 3562 enim
3064 3506 3170 3561 abs
3188 3512 3240 3559 te
3258 3502 3385 3558 solo
3410 3502 3512 3556 illa
3536 3500 3621 3554 le-

1962 3604 2283 3671 gerentur),
2314 3599 2648 3654 nondivina
2671 3611 2923 3652 munera
2940 3610 3230 3649 concessa
3254 3590 3623 3653 hominibus,

1964 3690 2067 3744 sed
2095 3692 2290 3762 ipsum
2325 3689 2651 3760 prmdicare
2685 3685 3143 3750 videretur,ettu
3173 3683 3277 3753 qui
3298 3680 3451 3736 nosti
3474 3694 3626 3752 quo-

1962 3779 2147 3834 modo
2162 3779 2289 3833 hinc
2304 3777 2487 3847 legas,
2499 3782 2737 3848 propter
2750 3776 3004 3830 aliorum
3024 3772 3359 3827 cavendam
3380 3768 3625 3823 inﬁrmi-

1965 3874 2148 3924 tatem
2164 3866 2435 3921 fretorum
2447 3865 2673 3919 notitias
2685 3864 2886 3917 debito
2903 3859 3265 3921 fraudareris
3287 3874 3299 3911 :
3317 3859 3482 3929 quod
3491 3857 3512 3925 j
3526 3868 3625 3909 am

1967 3958 2257 4019 fecissem,
2269 3955 2519 4026 jamque
2540 3953 2705 4008 illum
2724 3951 2967 4019 legeres,
2989 3950 3099 4003 nisi
3133 3946 3414 4018 profectio
3431 3944 3629 3999 fratris

1966 4046 2293 4116 improvisa
2312 4050 2549 4115 repente
2573 4042 2917 4114 placuisset.
2944 4040 3133 4104 Quem
3159 4036 3241 4091 sic
3263 4032 3628 4091 commendo

1965 4135 2132 4190 cordi
2164 4138 2221 4189 et
2245 4133 2464 4202 linguae
2498 4138 2631 4197 tum,
2678 4139 2737 4185 ut
2770 4130 2851 4184 ita
2881 4129 3126 4183 comiter
3158 4126 3210 4179 ei
3239 4132 3290 4179 te
3336 4123 3626 4195 praebeas,

1968 4223 2144 4295 Quasi
2170 4238 2288 4277 non
2314 4235 2469 4276 nunc
2492 4221 2683 4286 illum,
2710 4220 2817 4273 sed
2840 4232 3077 4273 mecum
3104 4220 3241 4269 ante
3262 4211 3631 4269 didiceris.Si

1969 4312 2128 4367 enim
2147 4310 2309 4367 cordi
2327 4315 2426 4366 tuo
2451 4320 2570 4365 non
2599 4304 2962 4364 dubitaverit
2984 4304 3212 4377 aperire
3227 4304 3633 4372 seipsum,aut

1970 4402 2239 4463 exomni,
2255 4405 2357 4455 aut
2377 4414 2447 4453 ex
2479 4414 2706 4468 magna
2723 4403 2888 4468 parte
2904 4394 3212 4451 sanabitur
3239 4407 3343 4463 per
3360 4391 3631 4457 linguam

1972 4498 2156 4546 tuam.
2187 4489 2327 4545 Volo
2359 4490 2519 4543 enim
2550 4504 2687 4542 eum
2708 4484 3089 4541 numerosius
3111 4478 3397 4536 contundi
3424 4488 3633 4533 eorum

1970 4579 2237 4643 vocibus,
2278 4578 2381 4649 qui
2414 4578 2686 4631 amicum
2718 4589 2839 4629 non
2870 4569 3218 4627 seculariter
3247 4567 3525 4637 diligunt.

2044 4672 2094 4723 6.
2133 4668 2339 4723 Filium
2368 4671 2569 4721 autem
2609 4665 2762 4734 ejus,
2796 4662 2988 4717 tilium
3022 4664 3295 4715 nostrum
3329 4658 3433 4728 (α),
3466 4655 3639 4726 cujus

1976 4757 2154 4813 etiam
2170 4771 2390 4812 nomen
2408 4755 2465 4810 in
2481 4750 2781 4825 aliquibus
2797 4750 3010 4806 nostris
3048 4746 3211 4804 libris
3226 4744 3511 4809 invenies,
3530 4744 3639 4799 etsi

1976 4848 2054 4902 ad
2069 4852 2182 4900 tua:
2206 4846 2508 4900 cliaritatis
2524 4842 2903 4916 praesentiam
2923 4841 3053 4911 ipse
3074 4852 3193 4893 non
3209 4840 3500 4908 pergeret,
3526 4840 3641 4888 sta-

1980 4946 2207 4999 tueram
2240 4933 2445 4988 litteris
2466 4933 2525 4987 in
2558 4945 2807 4987 manum
2837 4934 3001 4985 tuam
3046 4925 3280 4982 tradere
3326 4922 3641 4979 consolan-

1978 5023 2123 5080 dum
2136 5062 2151 5088 ,
2180 5023 2424 5078 exhorte
2434 5022 2513 5075 nd
2523 5038 2644 5086 um,
2671 5016 3113 5079 instruendum,
3144 5030 3263 5069 non
3280 5020 3399 5067 tam
3416 5010 3534 5065 oris
3548 5025 3639 5064 so-

1981 5122 2078 5176 no,
2102 5124 2285 5184 quam
2305 5109 2579 5181 exemplo
2594 5108 2825 5165 roboris
2839 5104 3141 5162 tui.Ardeo
3159 5098 3637 5174 quippe,utdum

1983 5202 2183 5257 adhuc
2194 5209 2333 5256 tetas
2348 5201 2476 5271 ejus
2490 5203 2547 5254 in
2564 5196 2731 5254 viridi
2748 5196 2882 5252 leno
2895 5201 3003 5261 est,
3019 5190 3241 5248 zizania
3253 5188 3562 5244 convertat
3581 5184 3641 5241 in

1983 5290 2244 5360 frugem,
2275 5294 2333 5344 et
2352 5289 2556 5344 credat
2570 5287 2825 5359 expertis
2848 5281 3014 5355 quod
3040 5279 3291 5351 experiri
3309 5276 3642 5349 periculose

1985 5380 2309 5437 desiderat.
2325 5380 2489 5434 Nunc
2514 5392 2655 5447 ergo
2678 5392 2750 5431 ex
2766 5372 2893 5444 ejus
2911 5370 3198 5433 carmine,
3222 5374 3278 5424 et
3298 5382 3370 5423 ex
3392 5365 3644 5439 epistola

2051 5520 2473 5634 “Labeatium,
2508 5516 2663 5581 cujus
2696 5527 2895 5565 nomen
2911 5513 2969 5563 in
3001 5510 3152 5561 libris
3193 5513 3336 5562 cont.
3374 5502 3646 5560 Academi-

2051 5599 2101 5634 ς.
2203 5619 2216 5633 .

1989 5597 2101 5643 COS,
2115 5597 2216 5634 σω.
