4108 6172
518 137 622 195 119

514 264 799 336 quocirca
815 262 942 334 jam
965 264 1203 332 tempus
1225 275 1373 329 esse,
1389 264 1453 316 ut
1472 258 1573 332 qui
1595 274 1713 316 non
1742 277 1804 316 se
1827 261 2051 317 audent
2070 275 2167 315 ne-

516 367 655 422 gare
692 350 1074 413 christianos,
1098 346 1431 402 secundum
1462 348 1672 403 Christi
1694 348 2059 404 voluntatem
2088 347 2167 402 vi-

518 457 653 496 vere
684 440 992 511 incipiant,
1019 442 1080 491 ut
1108 453 1179 492 ea
1204 453 1339 508 quin
1373 443 1431 493 ut
1462 444 1660 493 essent
1685 438 1990 493 christiani
2022 452 2169 491 con-

517 545 687 585 cessa
715 534 873 590 sunt,
902 542 1038 580 cum
1068 528 1083 561 ¹
1114 526 1417 581 christiani
1453 533 1610 590 sunt,
1643 534 2022 598 respuantur.

588 619 675 671 10.
719 615 938 669 Deinde
962 614 1232 669 hortatus
1251 631 1386 669 sum
1420 621 1481 669 ut
1503 615 2039 671 transmarinarum
2072 617 2169 669 Ec-

517 705 853 768 clesiarum,
882 703 941 757 in
964 702 1184 774 quibus
1207 702 1421 774 partim
1457 703 1572 758 ista
1589 709 1827 774 recepta
1851 718 2168 774 nunquam

519 799 677 859 sunt,
698 793 1052 865 partimjam
1077 808 1181 862 per
1202 792 1396 847 bonos
1417 798 1670 848 rectores
1689 793 1914 863 populo
1941 792 2172 847 obtem-

519 887 765 955 perante
790 886 1052 937 correcta
1089 880 1192 952 (a),
1232 880 1559 936 imitatores
1609 897 1738 936 esse
1764 881 2075 937 vellemus.
2108 883 2172 936 Et

521 972 807 1044 quoniam
823 972 896 1025 de
919 970 1166 1026 basilica
1180 970 1335 1026 beati
1349 971 1599 1041 apostoli
1616 970 1782 1036 Petri,
1802 970 2172 1042 quotidianae

521 1060 859 1115 vinolentite
881 1060 1328 1131 proferebantur
1352 1060 1632 1130 exempla
1663 1060 1743 1129 (b)
1780 1078 1792 1127 ;
1820 1059 1942 1114 dixi
1976 1060 2170 1131 primo

524 1150 762 1205 audisse
792 1165 903 1204 nos
925 1165 1083 1220 saepe
1102 1165 1231 1203 esse
1258 1148 1643 1218 prohibitum,
1667 1149 1770 1203 sed
1801 1149 1963 1221 quod
1984 1164 2175 1204 remo-

524 1244 616 1294 tus
649 1239 699 1293 si
728 1239 894 1293 locus
926 1238 1002 1293 ab
1030 1238 1294 1309 episcopi
1322 1239 1795 1302 conversatione,
1830 1242 1887 1292 et
1916 1238 1976 1292 in
2009 1243 2175 1293 tanta

522 1327 755 1382 civitate
783 1341 1005 1395 magna
1022 1328 1092 1380 sit
1120 1325 1449 1381 carnalium
1479 1325 1816 1390 multitudo,
1845 1326 2174 1397 peregrinis

521 1416 874 1487 praesertim,
906 1416 1009 1485 qui
1042 1415 1176 1470 novi
1208 1415 1462 1470 subinde
1486 1415 1734 1471 veniunt
1758 1422 1924 1471 tanto
1956 1414 2175 1470 violen-

523 1505 659 1571 tius,
681 1512 907 1576 quanto
927 1506 1194 1560 inscitius
1222 1504 1386 1561 illam
1410 1504 1901 1559 consuetudinem
1924 1505 2175 1559 retinen-

523 1595 705 1660 tibus,
753 1601 871 1650 tam
919 1596 1248 1649 immanem
1300 1600 1527 1665 pestem
1561 1594 1831 1649 nondum
1873 1600 2173 1663 compesci

523 1683 831 1756 sedarique
844 1683 1126 1756 potuisse.
1139 1685 1553 1737 Verumtamen
1570 1698 1678 1737 nos
1692 1682 1737 1735 si
1754 1686 1986 1737 Petrum
2002 1698 2177 1754 apos-

524 1771 708 1827 tolum
734 1773 1191 1836 honoraremus,
1222 1771 1438 1825 debere
1467 1762 1760 1842 praecepta
1784 1771 1914 1841 ejus
1946 1771 2173 1835 audire,

526 1866 582 1916 et
617 1861 805 1917 multo
835 1861 1107 1917 devotius
1138 1860 1461 1932 Epistolam
1490 1861 1547 1915 in
1574 1876 1697 1931 qua
1728 1861 2005 1915 voluntas
2045 1860 2177 1930 ejus

525 1955 794 2022 apparet,
828 1966 1014 2022 quam
1043 1948 1355 2005 basilicam
1398 1949 1453 2004 in
1485 1965 1607 2021 qua
1637 1965 1755 2004 non
1787 1957 2057 2020 apparet,
2094 1950 2179 2003 in-

532 2040 681 2094 tueri
716 2062 727 2104 ;
758 2039 1080 2111 statimque
1107 2043 1348 2110 accepto
1376 2040 1580 2093 codice
1611 2038 1856 2093 recitavi
1909 2039 2009 2093 ubi
2038 2040 2116 2093 ait
2162 2056 2175 2090 :

533 2128 768 2184 Christo
794 2128 945 2183 enim
974 2144 1143 2196 passo
1170 2143 1281 2197 pro
1293 2127 1453 2181 nobis
1477 2143 1582 2196 per
1610 2142 1869 2193 carnem,
1895 2134 1948 2183 et
1967 2142 2181 2183 vosea-

530 2217 661 2273 dem
676 2218 1010 2289 cogitatione
1025 2217 1378 2285 armamini,-
1392 2218 1531 2287 quia
1547 2219 1651 2287 qui
1658 2232 1864 2285 passus
1878 2224 1957 2273 est
1977 2232 2178 2281 carne,

531 2308 700 2363 desiit
727 2322 971 2371 acarne,
1002 2315 1064 2360 ut
1082 2309 1209 2375 jam
1242 2323 1360 2361 non
1394 2306 1695 2361 hominum
1725 2306 2055 2371 desideriis,
2088 2308 2183 2359 sed

533 2397 835 2451 voluntate
861 2397 967 2451 Dei
988 2397 1282 2466 reliquum
1312 2402 1540 2463 tempus
1557 2397 1620 2449 in
1651 2411 1833 2450 carne
1860 2394 2185 2463 vivat.Su/‘-

530 2486 653 2553 ﬁcit
677 2485 827 2540 enim
854 2485 1012 2539 vobis
1029 2484 1398 2552 preteritum
1424 2490 1653 2551 tempus
1674 2485 1975 2539 voluntate
2006 2484 2185 2539 homi-

533 2589 674 2628 num
690 2574 1020 2640 perfecisse,
1036 2574 1408 2628 ambulantes
1418 2572 1480 2626 in
1497 2572 1857 2635 libidinibus,
1877 2572 2184 2627 desideriis

536 2662 834 2724 ebrietate,
864 2661 1373 2716 comessationibus
1390 2668 1443 2716 et
1461 2661 1741 2728 nefandis
1761 2661 2042 2716 idolorum
2069 2676 2187 2717 ser-

538 2750 1156 2819 vitutibus(lPetr.iv,
1194 2751 1326 2821 l-3).
1360 2750 1584 2814 Quibus
1610 2749 2185 2818 gestis,cumomnes

541 2854 662 2893 uno
698 2840 904 2894 animo
946 2839 1001 2893 in
1042 2838 1268 2893 bonam
1310 2839 1677 2893 voluntatem
1722 2839 1804 2893 ire
1843 2845 2186 2909 contempta

538 2927 1144 2983 malaconsuetudine
1166 2943 1491 2995 cernerem,
1519 2928 1787 2983 hortatus
1813 2944 1945 2981 sum
1977 2932 2036 2981 ut
2069 2944 2189 2981 nie-

537 3016 772 3073 ridiano
800 3023 1065 3088 tempore
1082 3016 1297 3071 divinis
1316 3016 1667 3071 lectionibus
1691 3022 1744 3071 et
1770 3016 2021 3088 psalmis
2044 3018 2187 3071 inte-

539 3112 767 3161 ressent
829 3122 841 3172 ;
896 3107 977 3161 ita
1024 3105 1190 3160 illum
1233 3105 1392 3160 diem
1433 3106 1619 3160 multo
1674 3105 1959 3159 mundius
2008 3112 2187 3176 atque

537 3195 822 3250 sincerius
847 3194 1076 3266 placere
1099 3194 1525 3249 celebrandum
1556 3212 1574 3264 ;
1611 3198 1665 3249 et
1694 3201 1848 3249 certe
1875 3195 1949 3248 de
1992 3193 2186 3248 multi-

538 3284 741 3338 tudine
786 3283 1263 3338 convenientium
1296 3282 1465 3337 facile
1510 3298 1693 3353 posse
1725 3298 2036 3353 apparere,
2082 3283 2186 3353 qui

538 3378 819 3437 mentem,
853 3378 906 3426 et
936 3372 1040 3441 qui
1066 3377 1331 3426 ventrem
1355 3376 1717 3441 sequeretur.
1757 3371 1839 3426 lta
1860 3370 2023 3425 lectis
2055 3388 2186 3427 om-

537 3460 717 3514 nibus
746 3476 941 3514 sermo
977 3459 1326 3514 terminatus
1363 3465 1472 3514 est.

610 3550 696 3602 tt.
714 3547 1128 3603 Pomeridiano
1142 3553 1341 3603 autem
1362 3548 1478 3612 die,
1500 3548 1888 3619 majorquam
1916 3554 2051 3603 ante
2069 3563 2185 3603 me-

535 3635 747 3691 ridiem
790 3634 959 3692 affuit
986 3636 1324 3703 multitudo,
1363 3641 1418 3690 et
1455 3651 1644 3707 usque
1669 3641 1687 3671 ²
1710 3636 1785 3691 ad
1819 3635 2030 3691 horam
2062 3651 2186 3707 qua

539 3741 676 3780 cum
700 3726 981 3796 episcopo
994 3724 1432 3793 egrederemur,
1447 3724 1758 3793 legebatur
1771 3723 2109 3780 alternatim
2131 3730 2186 3780 et

539 3814 1231 3887 psallebatur;nobisque
1244 3814 1500 3883 egressis
1513 3814 1633 3869 duo
1650 3813 1864 3884 psalmi
1878 3812 2009 3869 lecti
2025 3820 2183 3869 sunt.

544 3904 762 3960 Deinde
794 3919 888 3958 me
929 3903 1198 3967 invitum,
1240 3905 1342 3975 qui
1368 3905 1491 3973 jam
1527 3903 1843 3973 cupiebam
1878 3910 2185 3974 peractum

542 4008 676 4047 esse
693 3997 817 4047 tam
840 3992 1238 4062 periculosum
1255 3991 1435 4055 diem,
1451 3992 1471 4062 j
1485 4007 1684 4046 ussum
1702 3992 1991 4062 compulit
2005 4009 2185 4047 senex

542 4081 842 4151 utaliquid
864 4080 946 4133 eis
968 4080 1350 4151 loquerer(c).
1368 4080 1807 4134 Habuibrevem
1824 4096 2184 4146 sermonem,

541 4185 664 4240 quo
695 4168 914 4237 gratias
954 4182 1195 4236 agerem
1231 4171 1366 4223 Deo.
1404 4171 1463 4221 Et
1492 4168 1858 4238 quoniamin
1888 4168 2190 4225 haeretico-

603 4313 617 4343 ¹
648 4310 762 4364 Ms..
799 4309 903 4371 qui.
936 4308 1087 4358 Forte
1113 4308 1216 4371 leg.
1241 4309 1377 4372 quia.

603 4376 621 4406 ²
649 4373 732 4421 Sic
755 4386 817 4435 ex
842 4372 963 4419 Mss.
997 4372 1223 4435 [eisque].

601 4432 1227 4498 (a)Ambrosiumlaudat
1249 4432 1704 4487 inlib.6Confess_
1739 4448 1783 4484 c.
1816 4436 1861 4489 2,
1882 4436 1973 4498 qui
1995 4436 2188 4485 Medio-

539 4498 805 4547 lanicibos
818 4497 884 4546 ad
910 4501 1219 4545 sanctorum
1238 4498 1521 4545 memorias
1542 4498 1716 4545 afferri
1731 4497 1977 4555 vetuerit,
2004 4503 2061 4546 ut
2086 4518 2101 4541 ι
2122 4514 2187 4548 ne

541 4579 564 4605 α
598 4561 705 4624 ulla
741 4562 949 4624 occasio
985 4574 1041 4607 se
1074 4559 1439 4624 ingurgitandi
1462 4559 1677 4608 daretur
1696 4559 1938 4624 ebriosis,
1978 4564 2027 4608 et
2063 4563 2189 4624 quia

540 4639 564 4667 α
596 4622 682 4693 illa
705 4623 893 4731 ’ἡμιαδὶ
927 4623 1237 4684 pterentalia
1269 4623 1636 4685 superstitioni
1686 4622 1971 4671 Gentilium
2008 4622 2189 4672 essent

540 4703 565 4731 ι
598 4699 715 4731 sum
764 4698 893 4731 ima-
935 4701 961 4729 ι

540 4703 565 4731 ι
598 4698 867 4732 summma
882 4726 893 4737 ,
935 4701 961 4729 ﬁ

600 4747 672 4805 (b)
702 4746 1072 4795 Pammachius
1094 4747 1146 4793 in
1172 4746 1351 4795 uxoris
1370 4761 1479 4795 suae
1509 4746 1738 4795 Paulina:
1763 4746 1948 4795 funere
1974 4761 2065 4801 an.
2091 4748 2186 4795 cir-

538 4810 669 4857 citer
701 4810 811 4866 397,
842 4809 1166 4872 profusiores
1195 4809 1380 4872 epulas
1410 4810 1730 4872 pauperibus
1758 4812 1810 4857 in
1846 4811 1895 4858 S.
1936 4811 2072 4857 Petri
2100 4809 2188 4858 ba-

540 4872 688 4919 silica
737 4871 1051 4934 apposuisse
1080 4871 1337 4934 laudatur
1368 4871 1650 4919 a’l’aulino
1682 4876 1733 4919 in
1770 4872 1921 4934 epist.
1958 4873 2024 4920 ad
2062 4886 2184 4921 eum

539 4934 752 4997 scripta,
784 4933 927 4996 apud
966 4933 1244 4997 Paulinum
1276 4933 1523 4997 illustrat.
1557 4948 1679 4996 pag.
1719 4933 1901 4989 29,730.

601 4995 662 5057 (ε)
686 4997 742 5044 ln
770 4995 1015 5045 sermone
1044 4996 1134 5057 252
1166 4995 1250 5054 (de
1281 4996 1489 5043 duabus
1514 4995 1743 5057 piscatu,
1771 5010 1813 5044 c.
1852 4999 1893 5043 4.
1930 5013 1954 5041 α
1989 4997 2041 5043 In
2066 4997 2183 5051 ista,

540 5076 563 5105 α
601 5056 792 5123 inquit,
833 5059 1063 5123 Civitate,
1110 5056 1298 5123 fratres
1343 5058 1463 5112 mei,
1513 5056 1693 5123 nonne
1728 5061 1929 5121 experti
1979 5072 2186 5113 sumus,

541 5141 564 5168 α
601 5119 742 5186 quod
775 5121 1111 5186 recordatur_
1138 5119 1718 5186 nobiscum__8anctitas
1744 5119 1943 5186 vestra,
1982 5126 2184 5186 quanto

540 5201 565 5229 ι
601 5181 838 5247 periculo
874 5187 1057 5233 nostro
1083 5182 1146 5247 de
1178 5185 1278 5247 ista
1310 5181 1892 5247 basilicauebriositates
1927 5181 2187 5247 expulerit

542 5262 565 5287 ε
596 5244 733 5295 Deus
766 5247 792 5293 ‘t
822 5247 1008 5295 Nonne
1044 5245 1341 5294 seditionne
1358 5244 1651 5307 carnalium
1675 5260 1807 5307 pene
1844 5244 2188 5305 mergebatur

541 5322 578 5371 «_
594 5308 873 5357 nobiscum
900 5309 1123 5357 navis?)
1146 5322 1264 5371 quae
1279 5306 1630 5371 verbatamen
1652 5308 1927 5371 aliquanto
1946 5312 2071 5355 sunt
2094 5308 2189 5355 du-

540 5368 696 5433 riora,
719 5383 881 5431 quam
902 5377 963 5419 ut
980 5368 1390 5433 referri'possint
1404 5370 1468 5417 ad
1489 5370 1545 5433 id
1560 5371 1703 5432 quod
1724 5368 1963 5433 HAippOne
1976 5373 2187 5432 gestum

544 5429 627 5476 hic
638 5429 900 5496 narratur,
912 5429 1263 5496 videnturque
1285 5432 1424 5481 dicta
1444 5429 1775 5496 potiusapud
1792 5429 2183 5494 Carthaginem,

541 5504 635 5601 iis:
648 5492 791 5553 apud
804 5495 1072 5543 civitatem
1094 5495 1146 5543 in
1160 5492 1267 5559 qua
1292 5492 1493 5545 erant}
1521 5492 1680 5543 multi
1697 5492 2021 5558 Spectatores
2044 5498 2189 5543 thea-

628 5568 764 5601 rum.
791 5572 815 5600 ι

566 5566 764 5602 rerum.
791 5572 815 5600 ι

1782 135 1840 190 S.
1883 132 2266 191 AUGUSTINI
2310 133 2632 192 EPISCOPI

3823 134 3931 190 120

2273 274 2407 314 rum
2429 260 2678 316 basilica
2703 259 3104 316 audiebamus
3130 258 3209 315 ab
3233 259 3315 314 eis
3338 258 3510 315 solita
3534 258 3815 315 convivia
3834 275 3935 315 ce-

2275 348 2523 415 lebrata,
2558 366 2691 405 cum
2718 349 2937 414 adhuc,
2972 350 3150 405 etiam
3183 364 3251 403 eo
3282 348 3412 420 ipso
3443 354 3710 420 tempore
3738 364 3862 419 quo
3894 364 3933 403 a

2277 437 2580 493 nobisista
2604 438 2985 507 gerebantur,
3030 438 3110 493 illi
3153 438 3207 493 in
3239 437 3468 509 poculis
3506 437 3928 509 perdurarent,

2277 527 2397 581 dixi
2418 527 2527 581 diei
2551 527 3058 597 pulchritudinem
3079 528 3268 581 noctis
3292 527 3742 597 comparatione
3757 525 3935 581 deco-

2278 615 2413 685 rari,
2441 621 2496 670 et
2526 615 2785 670 colorem
2828 615 3155 670 candidum
3189 616 3338 686 nigri
3372 615 3671 670 vicinitate
3703 615 3932 685 gratio-

2278 719 2404 759 rem
2436 720 2448 769 ;
2473 703 2553 759 ita
2578 710 2845 758 nostrum
2874 702 3197 776 spiritualis
3224 703 3640 759 celebrationis
3666 719 3937 759 conven-

2280 797 2403 848 tum
2420 794 2617 848 minus
2631 793 2879 849 fortasse
2892 793 3155 848 futurum
3171 792 3380 862 fuissej
3395 792 3699 847 ucuudum
3712 792 3844 853 ,nisi
3861 808 3934 848 ex

2280 881 2399 938 alia
2430 888 2595 952 parte
2627 882 2885 937 carnalis
2909 882 3291 953 ingurgitatio
3318 882 3701 946 conferretur,
3735 881 3937 937 horta-

2282 976 2495 1043 tusque
2518 988 2649 1025 sum
2676 975 2740 1025 ut
2761 971 2908 1027 tales
2930 970 3140 1042 epulas
3171 970 3456 1025 instanter
3484 975 3851 1041 appeterent,
3883 968 3933 1024 si

2283 1066 2819 1131 gustassentquam
2842 1060 3043 1114 suavis
3077 1060 3484 1130 estiDominus
3527 1077 3540 1124 ;
3576 1057 3688 1113 illis
3734 1064 3934 1114 autem

2282 1166 2412 1204 esse
2440 1149 2857 1218 metuendum,
2886 1149 2988 1220 qui
3020 1153 3308 1221 tauquam
3336 1148 3596 1219 primum
3628 1151 3933 1202 sectantur

2283 1237 2448 1308 quod
2492 1237 2822 1307 aliquando
2853 1238 3210 1306 destruetur,
3247 1252 3382 1290 cum
3424 1236 3679 1309 quisque
3728 1251 3932 1291 comes

2284 1325 2573 1381 efﬁciatur
2602 1327 2731 1395 ejus
2764 1327 2843 1380 rei
2872 1342 3057 1398 quam
3097 1327 3250 1388 colit,
3298 1325 3705 1395 insultaritque
3739 1329 3934 1396 Apos-

2284 1416 2438 1469 tolus
2468 1415 2680 1469 talibus
2702 1416 2925 1480 dicens,
2955 1431 3207 1486 quorum
3235 1414 3387 1469 Deus
3410 1420 3609 1470 venter
3633 1414 3930 1485 (Philipp.

2284 1518 2366 1567 ιιι,
2404 1507 2506 1571 19),
2534 1503 2847 1559 cumidem
2878 1503 2994 1559 alio
3018 1504 3148 1558 loco
3180 1504 3390 1558 dixerit
3417 1520 3430 1558 :
3467 1503 3617 1557 Esca
3649 1504 3842 1558 ventri
3881 1509 3936 1558 et

2285 1598 2489 1647 venter
2516 1594 2656 1648 escis
2681 1606 2704 1663 ;
2732 1593 2887 1649 Deus
2913 1596 3109 1648 autem
3124 1599 3175 1648 et
3202 1594 3361 1648 hunc
3379 1600 3431 1647 et
3452 1592 3595 1647 illas
3618 1591 3934 1647 evacuabit

2286 1682 2329 1753 (Ι
2355 1680 2488 1736 Cor.
2515 1698 2588 1747 iv,
2619 1686 2719 1752 l3).
2744 1683 2863 1737 Nos
2885 1682 3455 1754 proinde‘oportere
3478 1681 3538 1735 id
3564 1681 3735 1753 sequi
3766 1680 3939 1752 quod

2286 1786 2406 1825 non
2429 1776 2774 1839 evacuatur,
2789 1771 2953 1843 quod
2966 1764 3433 1827 remotissimum
3449 1787 3483 1825 a
3500 1771 3696 1825 carnis
3718 1768 3939 1824 affectu

2287 1859 2528 1930 spiritus
2559 1860 3031 1915 sanctiﬁcatione
3072 1860 3357 1915 retinetur
3397 1863 3619 1930 ;atque
3666 1858 3727 1913 in
3776 1859 3939 1913 hanc

2288 1949 2660 2013 sententiam,
2688 1965 2797 2020 pro
2830 1954 3114 2021 tempore,
3149 1965 3287 2004 cum
3338 1965 3409 2003 ea
3448 1964 3583 2020 quae
3643 1949 3938 2003 Dominus

2292 2052 2608 2107 suggerere
2630 2040 2913 2108 dignatus
2937 2044 3026 2093 est
3057 2039 3213 2094 dicta
3244 2044 3459 2104 essent,
3494 2042 3629 2093 acta
3652 2042 3793 2092 sunt
3815 2053 3944 2092 ves-

2291 2126 2523 2197 pertina
2540 2144 2675 2197 quae
2703 2127 2966 2199 quotidie
2986 2128 3198 2195 solent,
3226 2127 3524 2198 nobisque
3543 2143 3679 2182 cum
3711 2129 3944 2197 episco-

2293 2231 2369 2286 po
2388 2217 2822 2279 recedentibus,
2850 2216 3058 2271 fratres
3081 2216 3290 2271 eodem
3306 2217 3437 2271 loco
3456 2216 3751 2288 hymnum
3781 2217 3945 2270 dixe-

2291 2310 2449 2367 runt,
2482 2320 2602 2359 non
2635 2320 2820 2376 parva
2843 2305 3215 2360 multitudine
3246 2305 3553 2376 utriusque
3578 2306 3657 2375 (a)
3682 2310 3702 2339 ²
3734 2304 3813 2359 ad
3841 2303 3947 2359 ob-

2293 2400 2595 2447 scuratum
2625 2394 2780 2447 diem
2808 2401 3085 2449 manente
3118 2401 3296 2465 atque
3338 2394 3646 2464 psallente.

2371 2488 2450 2538 t2.
2497 2483 2721 2548 Digessi
2754 2483 2923 2537 vobis
2963 2488 3259 2554 quantum
3283 2482 3540 2538 breviter
3563 2483 3743 2553 potui,
3777 2482 3945 2554 quod

2296 2588 2399 2627 vos
2421 2572 2627 2627 audire
2649 2572 3021 2627 desiderasse
3044 2572 3178 2643 quis
3192 2572 3547 2627 dubitaverit
3566 2572 3592 2626 ?
3618 2571 3790 2627 Orate
3820 2577 3883 2626 ut
3909 2588 3945 2627 a

2295 2662 2607 2717 conatibus
2640 2662 2855 2716 nostris
2882 2661 3087 2716 omnia
3118 2662 3408 2716 scandala
3438 2667 3494 2716 et
3536 2662 3737 2716 omnia
3770 2662 3946 2716 taedia

2298 2753 2448 2804 Deus
2469 2749 2745 2818 dignetur
2761 2755 3039 2805 avertere.
3068 2753 3279 2819 Magna
3302 2766 3443 2805 sane
3470 2766 3540 2804 ex
3566 2755 3730 2819 parte
3750 2749 3947 2805 vobis-

2295 2855 2431 2893 cum
2450 2839 2885 2909 requiescimus
2907 2856 3041 2894 cum
3058 2838 3361 2894 alacritate
3380 2838 3649 2907 fervoris,
3671 2839 3811 2909 quia
3828 2839 3947 2908 spi-

2296 2926 2523 2981 ritualis
2557 2926 2827 2982 Ecclesiae
2858 2927 3348 2997 Thagastensium
3380 2933 3497 2981 tam
3527 2926 3738 2980 crebra
3768 2925 3945 2981 nobis

2294 3015 2456 3070 dona
2474 3015 2840 3070 nuntiantur.
2857 3016 3036 3070 Navis
3050 3032 3178 3070 cum
3194 3015 3473 3070 fratribus
3484 3014 3745 3070 nondum
3762 3015 3943 3070 venit.

2295 3104 2470 3176 Apud
2494 3106 2753 3159 Hasnam
2778 3104 2821 3172 ³,
2847 3104 2949 3159 ubi
2977 3111 3066 3160 est
3092 3104 3401 3176 presbyter
3428 3104 3605 3159 frater
3626 3103 3946 3172 Argentius

2293 3192 2808 3248 Circumcelliones
2876 3193 3227 3249 invadentes
3292 3192 3607 3248 basilicam
3674 3196 3945 3248 nostram

2295 3281 2479 3337 altare
2497 3282 2997 3337 comminuerunt.
3033 3284 3223 3338 Causa
3252 3296 3413 3336 nunc
3444 3283 3637 3352 agitur
3672 3297 3685 3346 ;
3720 3296 3855 3352 quae
3884 3286 3947 3337 ut

2294 3377 2503 3443 pacate
2532 3377 2743 3440 agatur
2762 3376 2819 3427 et
2851 3376 2910 3426 ut
2932 3370 3255 3426 Ecclesiam
3278 3370 3634 3426 catholicam
3654 3370 3844 3433 decet,
3869 3368 3948 3424 ad

2292 3460 2723 3531 opprimendas
2750 3460 2985 3530 linguas
3003 3460 3297 3515 haereseos
3324 3460 3661 3531 impacataa,
3685 3458 3945 3514 multum

2294 3565 2396 3604 vos
2415 3550 2683 3620 .petimus
2730 3556 2789 3603 ut
2819 3550 3015 3605 oretis.
3064 3549 3385 3621 Epistolam
3423 3548 3722 3604 Asiarchai
3778 3548 3949 3603 misi-

2294 3654 2447 3693 mus.
2491 3638 2840 3703 Beatissimi,
2882 3639 3269 3710 perseveretis
3309 3640 3369 3693 in
3413 3638 3682 3703 Domino,
3719 3652 3949 3692 memo-

2292 3745 2386 3784 res
2408 3728 2613 3784 nostri.
2647 3735 2853 3783 Amen.

2786 3819 3117 3875 EPISTOLA
3152 3819 3284 3872 xxx
3316 3819 3332 3834 ’
3354 3817 3451 3888 (b).

2296 3908 2589 3966 Paulinus
2613 3909 2975 3977 Augustino,
3016 3923 3135 3962 non
3166 3913 3399 3976 recepto
3429 3907 3501 3962 ab
3540 3922 3605 3963 eo
3637 3921 3943 3976 responso,

2739 3997 2931 4051 denuo
2956 4012 3064 4065 per
3096 3996 3241 4051 alios
3269 3996 3494 4051 scribit.

2299 4087 2546 4142 Domino
2570 4086 2761 4156 fratri
2800 4091 3005 4141 sancto
3035 4089 3089 4141 et
3127 4088 3410 4141 unanimo
3441 4091 3775 4151 Aucusrmo,
3808 4087 3951 4140 PAU-

2670 4174 2822 4213 LINUS
2850 4163 2902 4212 et
2932 4160 3215 4212 Tusassu
3253 4161 3588 4225 peccatores

2374 4252 2420 4301 l.
2447 4240 2835 4311 Jamdudum,
2851 4247 3047 4314 frater
3067 4248 3128 4300 in
3162 4245 3400 4301 Christo
3426 4247 3674 4300 Domino
3700 4246 3783 4299 mi
3800 4261 3952 4301 una-

2298 4337 2472 4401 nime,
2508 4344 2570 4390 ut
2602 4343 2656 4392 te
2684 4336 2745 4390 in
2772 4336 2985 4391 sanctis
3005 4344 3057 4390 et
3086 4336 3196 4405 piis
3224 4335 3524 4390 laboribus
3549 4334 3662 4389 tuis
3687 4337 3954 4391 nescien-

2298 4432 2409 4481 tem
2441 4424 2669 4495 agnovi,
2698 4425 3109 4493 absentemque
3140 4423 3281 4486 vidi,
3318 4430 3437 4478 tota
3468 4431 3661 4479 mente
3693 4426 3951 4494 comple-

2294 4530 2428 4583 xus,
2462 4514 2721 4584 alloquio
2752 4529 2981 4583 quoque
3013 4513 3314 4580 familiari
3344 4516 3519 4582 atque
3539 4516 3813 4583 [raterno
3842 4528 3955 4581 per

2298 4605 2524 4659 litteras
2548 4603 2761 4657 audire
2796 4602 3119 4669 properavi
3150 4602 3194 4653 ‘.
3236 4603 3313 4657 Et
3344 4602 3514 4657 credo
3554 4603 3616 4655 in
3652 4617 3859 4665 manu,
3894 4608 3951 4656 et

2296 4694 2358 4747 in
2388 4692 2589 4762 gratia
2613 4691 2852 4745 Domini
2872 4706 3193 4746 sermonem
3218 4706 3406 4745 meum
3436 4690 3516 4743 ad
3534 4696 3585 4742 te
3606 4690 3796 4757 fuisse
3814 4706 3952 4759 per.

2297 4783 2483 4837 latum
2506 4798 2521 4843 ;
2552 4781 2651 4835 sed
2672 4783 2941 4835 morante
2956 4779 3154 4834 adhuc
3179 4794 3363 4846 puero
3395 4794 3561 4849 quem
3585 4779 3665 4833 ad
3697 4786 3746 4832 te
3768 4779 3952 4834 alios-

2294 4887 2407 4943 que
2430 4871 2673 4925 dilectos
2693 4884 2854 4939 aeque
2873 4870 2993 4924 Deo
3013 4869 3385 4931 salutandos,
3414 4878 3549 4923 ante
3566 4867 3810 4923 hiemem
3836 4869 3953 4924 mi-

2357 4996 2371 5023 ί
2397 4994 2479 5042 Sic
2506 4993 2791 5055 legendum
2818 4992 3100 5055 [evacuabit
3127 5009 3144 5036 .·
3170 4990 3435 5054 proinde].

2354 5060 2373 5090 ³
2402 5057 2552 5105 Forte
2587 5055 2873 5118 legendum
2908 5069 3079 5116 usque.

2355 5120 2373 5150 ³
2401 5119 2516 5173 Ms.,
2547 5119 2757 5166 Asnam.

2357 5183 2373 5209 ⁸
2404 5182 2558 5230 Forte
2593 5180 2722 5239 Leg.
2756 5181 2903 5228 adire
2934 5179 3233 5240 preparavi.

2354 5245 2551 5292 'Hana;
2579 5246 2943 5292 recensuinius
2966 5241 3032 5288 ad
3060 5255 3106 5289 a.
3141 5240 3228 5301 bg.
3264 5240 3331 5289 bl.
3358 5240 3447 5289 bu.
3484 5254 3529 5289 c.
3562 5254 3638 5288 cc.
3675 5240 3733 5293 ff.
3773 5255 3823 5303 g.
3855 5256 3947 5303 gv.

2299 5307 2333 5364 i.
2368 5321 2418 5355 n.
2448 5321 2488 5354 r.
2520 5322 2566 5354 s.
2599 5306 2674 5353 sb.
2722 5310 2756 5353 t.
2809 5318 2887 5351 vc.
2916 5304 3003 5351 vd.
3030 5303 3163 5351 duos
3196 5316 3248 5351 a.
3279 5307 3507 5364 quatuor
3546 5316 3593 5349 ν.
3630 5306 3681 5351 et
3705 5303 3773 5352 ad
3799 5306 3947 5364 Ain.,

2334 5369 2555 5425 ad.,Er.,
2592 5368 2718 5415 Lov.

2356 5435 2426 5492 (a)
2460 5431 2611 5479 Forte
2637 5430 2803 5485 deest,
2832 5444 2995 5477 sexus.

2356 5490 2424 5555 (b)
2457 5493 2570 5542 Alia
2602 5496 2660 5541 33
2702 5507 2712 5541 :
2747 5508 2865 5556 quae
2899 5496 3079 5541 autem
3133 5491 3191 5538 30
3232 5494 3362 5552 erat,
3399 5503 3542 5539 nunc
3585 5490 3693 5538 172.
3736 5490 3951 5553 Scripta

2292 5555 2432 5605 circa
2452 5556 2592 5605 idem
2623 5555 2848 5620 tempus.
