4108 6172
244 138 347 195 425

213 264 361 321 Nam
378 268 435 320 et
459 266 837 336 propositum
851 266 995 339 ejus,
1009 281 1134 339 quo
1161 267 1514 323 serviturum
1529 281 1589 322 se
1608 281 1737 322 esse
1755 264 1880 337 pol-

220 353 425 409 licetur
450 353 591 418 Deo,
626 358 873 427 tempus
892 356 1202 427 prolixius,
1230 363 1285 412 et
1308 362 1452 412 aetas
1484 355 1803 421 robustior,
1831 358 1887 409 et

218 447 551 498 transactus
568 444 741 499 timor
757 445 971 500 certius
985 445 1495 501 indicabunt.Tres
1509 445 1887 515 libros,atque

217 532 447 587 utinam
476 536 601 589 tam
618 532 869 603 grandis
902 534 1245 604 quaestionis
1293 534 1376 590 ita
1401 534 1793 605 explicatores
1821 537 1886 587 ut

216 621 675 689 grandes.tanto
690 623 893 677 minus
907 628 1178 679 metuens
1196 624 1256 678 in
1274 628 1327 679 te
1340 623 1609 680 laborem
1623 620 1880 691 legendi,

214 715 444 780 quanto
456 709 738 766 ardorem
757 712 1055 783 perspicio
1070 712 1381 781 diligendi,
1406 713 1542 767 misi
1574 711 1883 769 Sanctitati

214 803 268 852 et
300 798 588 854 Cbaritati
602 805 744 865 tam;
762 815 905 856 nam
918 802 1170 871 quaestio
1184 817 1394 857 eorum
1411 801 1480 856 de
1496 801 1703 856 Libero
1720 800 1885 855 Arbio

215 888 324 941 trio
338 888 580 942 est.Hos
594 894 786 943 autem
804 905 921 945 non
936 890 1287 957 habere,aut
1299 906 1511 947 omnes
1528 906 1645 945 non
1662 890 1881 946 habere

214 975 457 1032 fratrem
494 977 942 1036 Romanianum
964 981 1109 1047 scio,
1140 996 1243 1051 per
1281 996 1465 1052 quem
1503 996 1721 1051 propre
1756 997 1881 1035 om-

213 1065 1125 1136 nia,quvequibuslibetauribus
1144 1068 1612 1125 accommodata
1625 1068 1881 1124 scribere

212 1154 609 1225 potui,studio
631 1155 692 1213 in
715 1170 827 1211 nos
851 1159 951 1211 tuo
964 1172 1082 1213 non
1104 1158 1485 1229 apportanda
1503 1157 1661 1221 dedi,
1678 1158 1780 1213 sed
1806 1158 1883 1214 le-

210 1243 680 1314 gendaindicavi
693 1245 985 1301 .Habebat
998 1247 1295 1315 enimjam
1308 1246 1401 1301 ille
1419 1262 1517 1301 om
1529 1246 1881 1313 nia,secum-

207 1348 319 1403 que
334 1331 618 1400 gestabat
634 1352 647 1390 :
681 1348 788 1407 per
806 1349 945 1389 eum
959 1340 1155 1391 autem
1173 1336 1368 1407 prima
1392 1335 1677 1409 rescripta
1694 1340 1883 1390 trans-

204 1420 334 1475 misi
374 1420 483 1493 (a).
523 1420 714 1477 Credo
760 1422 886 1491 jam
940 1429 1247 1492 expertam
1279 1425 1664 1479 Sanctitatem
1716 1431 1879 1479 tuam

202 1511 532 1581 sagacitate
549 1511 1171 1584 spirituali,quamtibi
1201 1513 1881 1585 Dominustribuit,quid

203 1599 295 1654 ille
319 1599 411 1655 vir
438 1599 814 1655 bonianimo
834 1609 1018 1669 gerat.
1053 1607 1109 1657 et
1137 1618 1273 1673 quas
1308 1602 1369 1657 in
1402 1602 1499 1658 illo
1528 1602 1880 1659 inﬁrmitate

201 1686 845 1758 parsclaudicet.Unde
869 1689 1226 1746 humanitati
1255 1694 1312 1744 et
1335 1690 1612 1746 charitati
1629 1697 1743 1746 tua:
1760 1698 1880 1746 tam

200 1777 386 1846 ipsum
401 1792 587 1848 quam
604 1776 781 1833 ﬁlium
799 1778 847 1849 ej
860 1776 1147 1850 us,legisti
1160 1821 1171 1843 ,
1184 1782 1244 1833 ut
1264 1793 1591 1851 spero,qua
1605 1779 1881 1837 sollicitu-

198 1865 334 1920 dine
364 1866 696 1921 commend
707 1867 1015 1931 averim,et
1030 1883 1110 1938 qu
1123 1883 1195 1921 an
1208 1874 1263 1922 tu
1279 1867 1421 1922 mihi
1440 1869 1881 1925 necessitudine

203 1954 467 2022 copulati
497 1954 917 2011 sint.A3dificet
937 1971 1037 2011 eos
1071 1972 1174 2027 per
1208 1962 1259 2011 te
1294 1956 1782 2023 Dominus.Quod
1804 1959 1882 2014 ab

200 2043 295 2097 illo
312 2044 514 2111 magis
532 2044 863 2115 petendum
881 2048 968 2098 est
1004 2060 1015 2099 :
1037 2060 1180 2100 nam
1203 2045 1256 2100 id
1273 2051 1330 2100 tu
1352 2062 1536 2115 quam
1555 2045 1699 2101 velis
1719 2047 1880 2101 novi.

260 2133 309 2188 8.
326 2132 647 2188 Adversus
664 2135 937 2202 Paganos
954 2139 1003 2188 te
1020 2133 1473 2205 lscriberedidici
1489 2149 1556 2190 ex
1576 2134 1877 2210 fratribus:

198 2221 242 2275 si
263 2221 413 2293 quid
436 2220 517 2277 de
543 2226 647 2276 tuo
678 2227 915 2293 pectore
946 2238 1275 2287 meremur,
1293 2222 1697 2279 indifferenter
1718 2226 1881 2287 mitte

196 2316 254 2365 ut
268 2311 574 2381 legamus.
592 2314 741 2366 Nam
757 2316 1146 2385 peetustuum
1163 2312 1278 2367 tale
1295 2313 1526 2368 Domini
1545 2313 1885 2369 oraculum-

194 2404 291 2469 est,
318 2406 381 2454 ut
406 2416 481 2457 ex
502 2416 578 2456 eo
595 2401 774 2457 nobis
797 2407 917 2457 tam
940 2400 1179 2472 placita,
1206 2408 1262 2458 et
1282 2400 1881 2477 adversusloquacis.

192 2490 369 2544 simas
390 2490 772 2561 qumstiones
792 2489 1107 2560 explicatis
1124 2490 1277 2545 sima
1305 2492 1434 2545 dari
1456 2507 1881 2563 responsnpree

193 2594 533 2633 sumamus.
568 2577 775 2633 Libros
804 2578 1142 2633 beatissimi
1170 2594 1342 2650 papas
1371 2580 1676 2635 Ambrosii
1700 2582 1878 2637 credo

192 2669 405 2724 habere
438 2670 797 2725 Santitatem
830 2674 1017 2733 tuam,
1053 2684 1158 2723 eos
1193 2674 1393 2724 autem
1427 2670 1682 2727 multum
1714 2672 1875 2725 desi-

194 2757 344 2823 dero,
378 2774 543 2829 quos
574 2757 869 2812 adversus
920 2757 1250 2814 nonnullos
1303 2758 1785 2829 imperitissimos
1819 2764 1876 2816 et

195 2847 682 2918 superbissimos,
703 2846 808 2917 qui
824 2846 897 2905 de
924 2846 1181 2903 Platonis
1203 2845 1371 2902 libris
1394 2847 1717 2904 Dominum
1733 2863 1874 2921 pro-

194 2934 397 2991 fecisse
426 2935 831 3002 contendunt,
888 2934 1338 3005 diligentissime
1372 2941 1427 2990 et
1459 2937 1870 3007 copiosissime

199 3026 426 3097 scripsit
460 3025 547 3095 (b)
562 3069 575 3081 .

264 3118 311 3169 9.
349 3114 749 3169 Beatissimus
773 3112 951 3171 frater
973 3113 1225 3169 Severus
1251 3114 1325 3169 de
1347 3113 1862 3186 condiscipulatu‘

195 3207 391 3259 nOstro
410 3202 766 3259 Milevitana:
782 3203 1027 3259 antistes
1047 3202 1345 3272 Ecclesiae,
1362 3202 1513 3258 bene
1530 3203 1691 3277 apud
1706 3220 1867 3261 eam-

199 3293 327 3348 dem
352 3293 669 3348 civitatem
696 3291 976 3348 fratribus
997 3292 1294 3361 cognitus,
1320 3292 1523 3348 debito
1546 3293 1865 3349 nobiscum

199 3382 387 3437 ofﬁcio
410 3384 810 3438 Sanctitatem
833 3387 1090 3436 vestram
1110 3380 1346 3438 salutat.
1372 3384 1599 3437 Fratres
1621 3398 1864 3455 quoque

196 3487 399 3525 omnes
424 3470 755 3527 nobiscum
779 3469 1034 3527 Domino
1057 3472 1391 3536 servientes,
1420 3475 1539 3529 tam
1567 3470 1625 3527 id
1652 3470 1873 3531 faciunt

196 3574 370 3631 quam
388 3575 504 3614 vos
528 3558 875 3613 desiderant
895 3564 1049 3623 ;tam
1067 3574 1172 3613 vos
1187 3558 1548 3623 desiderant,
1565 3576 1746 3630 quam
1766 3578 1873 3615 vos

195 3648 465 3718 diligunt,
484 3653 542 3703 et
557 3654 682 3705 tam
701 3647 975 3721 diligunt,
993 3663 1143 3719 quas
1163 3649 1300 3705 estis
1315 3648 1476 3704 boni.
1496 3648 1665 3704 Panis
1686 3666 1870 3721 quem

195 3739 488 3801 misimus,
528 3737 777 3792 uberior
821 3736 1157 3792 benedictio
1198 3737 1320 3801 ﬁet,
1354 3737 1670 3793 dilectione
1715 3740 1872 3794 acci-

194 3828 403 3898 pientis
426 3832 653 3882 vestras
676 3826 1081 3897 benignitatis.
1110 3826 1415 3883 Custodiat
1447 3843 1550 3881 vos
1582 3828 1871 3884 Dominus

196 3918 267 3970 ab
290 3917 404 3971 ista
422 3916 818 3985 generatione
843 3916 900 3971 in
922 3920 1215 3972 internum
1240 3915 1417 3983 (Psal.
1446 3918 1621 3987 x1,8),
1640 3916 1872 3973 domini

196 4004 567 4060 dilectissimi
604 4009 659 4059 et
688 4004 1091 4069 sincerissimi,
1135 4020 1269 4058 vere
1302 4004 1568 4070 benigni,
1598 4009 1652 4060 et
1683 4006 1874 4062 abun-

196 4094 559 4153 dantissima
606 4093 837 4151 Domini
878 4092 1071 4161 gratia
1106 4094 1589 4165 praestantissimi
1634 4093 1870 4152 fratres.

697 4184 1029 4238 EPISTOLA
1072 4184 1268 4238 xxxu'
1299 4183 1395 4253 (c).

195 4272 473 4328 Paulinus
509 4272 868 4341 Romaniano,
909 4271 1196 4343 gratulans
1233 4273 1493 4328 Ecclesiw
1546 4271 1877 4347 Hipponensi

261 4363 404 4433 quod
441 4363 813 4432 Augustinum
852 4362 1051 4417 meruit
1090 4362 1321 4432 episcopi
1357 4362 1628 4434 collegam.
1690 4363 1877 4429 Licen_

263 4455 430 4517 tium,
482 4468 591 4523 pro
632 4468 733 4521 quo
784 4451 1073 4527 scripserat
1120 4452 1479 4522 Augustinus,
1524 4452 1788 4507 hortatur
1826 4466 1875 4513 et

266 4558 433 4609 prosa
460 4549 508 4594 et
544 4539 807 4604 carmine,
841 4548 904 4595 ut
935 4546 1228 4611 contempto
1252 4539 1390 4595 aulie
1413 4540 1561 4609 fastu
1590 4556 1642 4596 se
1673 4538 1877 4597 dedicet

270 4631 513 4685 Christo.

217 4718 444 4777 Domino
468 4720 688 4783 merito,
713 4718 1059 4790 praedicabili
1078 4724 1125 4773 et
1150 4718 1457 4774 honorando
1485 4718 1663 4790 fratri
1685 4720 1876 4775 ROMA-

572 4824 760 4871 muo,
805 4811 1074 4864 PAULINUS
1113 4815 1161 4862 et
1203 4811 1507 4863 Tnssssu.

278 4898 326 4951 ίι.
358 4898 559 4953 Pridie
585 4914 743 4969 quam
776 4895 872 4953 has
892 4896 1161 4963 daremus,
1190 4896 1418 4952 reversis
1441 4912 1511 4951 ex
1534 4895 1730 4967 Africa
1754 4895 1873 4966 fra-

206 4988 373 5041 tribus
400 4988 630 5049 nostris,
646 5002 873 5057 quorum
893 4987 1281 5057 exspectatione
1304 5002 1396 5039 nos
1413 4985 1638 5056 pendere
1659 4985 1869 5049 vidisti,

265 5129 467 5193 {Eddq
498 5130 957 5193 eondisciplinatu.
1001 5131 1062 5178 At
1099 5129 1222 5177 Mss.
1260 5128 1576 5181 octodecim,
1610 5128 1871 5175 condisci-

206 5192 581 5319 p“'I‘El‘irs.tigat.a
606 5257 685 5303 est
715 5252 785 5319 ad
820 5268 873 5319 a._
913 5253 998 5318 bg.
1034 5254 1101 5303 bl.
1136 5254 1222 5302 bn.
1256 5267 1300 5319 c.
1324 5266 1401 5319 cc.
1436 5252 1497 5319 tl.
1526 5267 1573 5319 g.
1612 5265 1702 5319 g_v.
1732 5250 1770 5319 j_.
1812 5266 1844 5299 n

310 5288 581 5319 “saga”.
606 5288 685 5303 es.
715 5288 785 5303 αι.
820 5288 869 5301 ι..
914 5288 998 5318 νδ.
1034 5288 1101 5303 υ..
1257 5288 1300 5301 υ.
1326 5288 1401 5301 νυ.
1438 5288 1491 5299 υ.
1526 5288 1573 5314 η.
1612 5288 1641 5307 τ,
1664 5288 1702 5299 ν.
1732 5288 1770 5313 δ.
1812 5288 1865 5300 ι..

207 5329 246 5362 r.
272 5332 327 5389 ts.»
350 5320 430 5389 sb.
452 5325 513 5389 ‘t.
543 5333 634 5389 vc;
665 5318 752 5365 vd.
784 5317 1025 5380 quinque
1053 5332 1103 5363 ν.
1132 5321 1185 5365 et
1213 5316 1280 5365 ad
1308 5318 1429 5369 Am.
1470 5316 1594 5364 Bad.
1634 5316 1719 5364 Er.
1746 5315 1865 5363 Lov.

266 5382 332 5435 to)
372 5381 538 5443 Epist.
574 5382 655 5427 27.
1306 5415 1326 5431 ρ

265 5443 331 5499 (ὁ)
366 5444 480 5491 Non
519 5447 741 5491 exstant
775 5442 826 5489 bi
860 5441 979 5489 libri
1015 5440 1295 5490 Ambrosii.

266 5512 324 5565 (ε)
356 5508 499 5555 Alias
536 5508 635 5554 36:
674 5519 801 5569 quae
848 5508 1026 5552 autem
1070 5504 1129 5552 32
1165 5508 1296 5557 erat,
1343 5517 1485 5553 nunc
1527 5504 1610 5556 27.
1660 5502 1869 5564 Scripta

207 5570 357 5628 paulo
386 5575 513 5633 post
541 5569 902 5633 superiorem.

1481 138 1991 197 EPISTOLARUM
2032 138 2320 197 CLASSIS
2361 143 2423 197 ll.

3550 147 3654 204 126

1996 266 2337 336 optatissime
2357 275 2672 324 sanctorum
2698 273 2747 323 et
2777 267 3222 325 charissimorum
3251 270 3651 339 vivorum,inde

1994 355 2243 425 epistolas
2258 373 2642 427 receperamus,
2659 357 2718 413 id
2738 362 2812 412 est
2828 358 2872 412 Α
2883 358 3070 426 urelii,
3085 361 3128 413 Α
3141 359 3297 429 lypii,
3315 363 3368 419 A
3381 362 3647 431 ugustini,

1994 444 2314 517 Profuturi,
2342 448 2554 511 Severi,
2590 450 2711 516 jam
2741 450 2975 501 omnium
3005 450 3223 517 pariter
3250 450 3641 520 episcoporum.

1995 532 2144 603 Ergo
2182 540 2257 587 tot
2304 542 2610 589 sanctorum
2652 534 2842 589 talium
2886 538 3268 591 recentissimis
3316 540 3651 595 sermonibus

1993 622 2353 691 gratulantes,
2384 626 2791 694 properavimus
2819 624 2888 677 ad
2916 632 2963 678 te
2995 631 3227 680 nostram
3259 628 3470 697 referre
3510 630 3651 683 lati-

1997 711 2150 775 tiam,
2183 718 2243 766 ut
2276 711 2380 765 tibi
2402 729 2607 783 quoque
2633 719 2969 782 expectatum
3002 714 3057 766 in
3084 716 3517 784 peregrinatione
3542 721 3650 776 sal-

1996 798 2150 855 licita
2192 800 2451 870 gaudium
2484 800 2851 872 festivissimis
2878 802 3246 873 conferremus
3284 805 3534 859 indiciis.
3580 808 3650 861 Si

1992 888 2134 957 forte
2162 888 2340 944 eadem
2368 890 2431 945 de
2461 889 2852 945 venerabilibus
2882 898 2931 944 et
2968 894 3354 946 amantissimis
3384 895 3524 949 viris
3553 912 3650 963 per

1992 978 2499 1034 aliarumadventus
2519 980 2740 1034 navium
2760 980 3085 1049 comperisti,
3100 996 3200 1049 per
3212 997 3302 1033 nos
3324 982 3489 1036 etiam
3503 999 3650 1054 repe-

1994 1067 2097 1121 tita
2128 1067 2320 1137 accipe,
2350 1076 2400 1123 et
2424 1069 2582 1138 quasi
2601 1075 2855 1123 renovata
2874 1067 3156 1123 hilaritate
3181 1086 3375 1123 rursus
3403 1072 3639 1127 exsulta.

1996 1156 2144 1220 Quod
2166 1157 2217 1210 si
2251 1157 2465 1226 primus
2494 1158 2581 1211 hic
2603 1174 2635 1210 a
2664 1158 2817 1211 nobis
2844 1157 2946 1211 tibi
2974 1158 3199 1212 nuntius
3227 1160 3424 1225 veniet,
3450 1167 3651 1229 gratu-

1994 1244 2107 1298 lare
2140 1252 2343 1299 lantam
2374 1246 2525 1299 nobis
2550 1247 2607 1300 in
2639 1253 2731 1301 tua
2754 1247 2942 1315 patria
2965 1246 3289 1300 charitatem
3314 1248 3533 1303 Christo
3557 1250 3651 1305 do-

1990 1342 2154 1388 nante
2191 1342 2426 1404 partam,
2470 1340 2531 1389 ut
2577 1334 2840 1405 quidquid
2888 1334 3006 1390 illic
3055 1335 3243 1389 divina
3291 1336 3651 1391 Providentia

1989 1431 2162 1493 gerat,
2183 1423 2464 1478 mirabilis
2485 1440 2707 1493 semper,
2732 1424 3062 1493 utscriptum
3084 1430 3180 1489 est,
3206 1425 3261 1478 in
3283 1425 3502 1481 sanctis
3523 1428 3648 1485 suis

1994 1512 2161 1582 (Psal.
2196 1528 2367 1577 van,
2402 1512 2511 1580 36),
2553 1513 2642 1566 vel
2672 1513 2863 1581 primi,
2895 1513 2975 1566 vel
3007 1530 3126 1571 cum
3170 1514 3367 1584 primis
3393 1515 3643 1571 sciamus.

2062 1604 2115 1654 2.
2151 1602 2275 1655 Non
2303 1607 2487 1656 autem
2521 1607 2729 1656 tantum
2761 1601 2859 1656 hoc
2886 1601 3182 1657 scribimus
3223 1605 3644 1673 gratulandum,

1990 1689 2128 1760 quod
2152 1690 2514 1759 episcopatum
2544 1692 2890 1759 Augustinus
2909 1693 3192 1761 acceperit,
3224 1693 3311 1746 sed
3340 1694 3475 1763 quod
3500 1694 3647 1749 hanc

1993 1778 2097 1833 Dei
2114 1794 2303 1836 curam
2315 1779 2613 1834 meruerint
2640 1780 2924 1847 Africanae
2948 1780 3214 1845 Ecclesia,
3240 1788 3301 1834 ut
3317 1781 3476 1835 verba
3494 1782 3647 1837 caste-

1990 1870 2101 1922 stia
2129 1868 2429 1937 Augustini
2456 1886 2550 1923 ore
2574 1868 2932 1938 perciperent,
2961 1869 3055 1938 qui
3083 1869 3153 1922 ad
3178 1871 3432 1940 majorem
3464 1870 3648 1926 Domi-

1993 1957 2106 2012 nici
2148 1958 2395 2012 muneris
2422 1958 2659 2027 gratiam
2688 1975 2821 2012 novo
2852 1974 2994 2012 more
3020 1965 3317 2028 provectus,
3349 1960 3430 2014 ita
3469 1977 3647 2016 conse-

1991 2052 2181 2101 cratus
2209 2052 2303 2111 est,
2332 2054 2390 2101 ut
2420 2063 2523 2101 non
2554 2047 2851 2102 succederet
2885 2048 2946 2100 in
2974 2048 3229 2103 cathedra
3260 2050 3523 2118 episcopo,
3556 2050 3646 2104 sed

1992 2136 2279 2189 accederet.
2297 2137 2447 2190 Nam
2470 2136 2725 2191 incolumi
2766 2132 2993 2190 Valerio
3014 2136 3373 2206 Hipponensis
3396 2138 3646 2192 Ecclesite

1991 2224 2227 2295 episcopo
2258 2226 2299 2291 ¹,
2348 2225 2677 2295 coepiscopus
2706 2224 3043 2295 Augustinus
3072 2233 3167 2279 est.
3200 2227 3298 2279 Est
3329 2227 3421 2280 ille
3464 2226 3645 2281 beatus

1990 2330 2166 2375 senex,
2194 2314 2281 2369 cui
2308 2314 2659 2384 purissimam
2692 2322 2911 2369 mentem
2953 2314 3108 2371 nulla
3149 2332 3380 2385 unquam
3423 2316 3647 2370 liventis

1990 2403 2212 2458 invidiw
2237 2404 2445 2458 macula
2467 2403 2716 2473 suffudit,
2742 2403 2927 2473 dignos
2946 2405 3039 2458 sui
3056 2404 3234 2460 cordis
3258 2421 3385 2474 pace
3415 2420 3555 2459 nunc
3579 2406 3645 2459 ab

1988 2492 2251 2547 altissimo
2279 2493 2494 2564 fruetus
2520 2493 2684 2563 capit,
2718 2500 2776 2547 ut
2804 2509 2957 2562 quem
2981 2509 3329 2547 successorem
3356 2493 3644 2548 sacerdotii

1986 2582 2078 2635 sui
2092 2580 2416 2651 simpliciter
2438 2580 2670 2651 optabat.
2705 2579 2843 2635 hunc
2874 2588 3146 2635 mereatur
3171 2589 3351 2637 tenere
3370 2582 3640 2652 collegam.

1989 2670 2224 2726 Credine
2244 2671 2344 2725 hoc
2371 2670 2547 2740 potuit
2572 2675 2860 2738 antequam
2882 2670 3032 2738 fieret
3065 2671 3092 2723 9
3124 2670 3231 2725 Sed
3257 2670 3316 2726 in
3336 2671 3427 2725 hoc
3446 2687 3644 2741 quoque

1986 2758 2378 2829 Omnipotentis
2396 2776 2551 2829 opere
2581 2758 2699 2814 dici
2727 2758 3085 2830 evangelicum
3118 2759 3261 2815 illud
3288 2766 3457 2830 potest
3486 2778 3503 2814 :
3536 2763 3645 2816 Ho-

1983 2848 2249 2903 minibus
2288 2848 2416 2904 hasc
2456 2848 2679 2912 ardua;
2729 2847 2894 2918 apud
2951 2850 3136 2903 Deum
3184 2856 3385 2903 autem
3439 2849 3645 2905 omnia

1982 2938 2294 3007 possibilia
2321 2938 2472 3003 (Luc.
2503 2952 2665 3001 xvni,
2700 2940 2815 3007 27).
2847 2937 3197 2992 Exsultemus
3222 2938 3405 3009 itaque
3428 2946 3478 2993 et
3506 2938 3645 2993 laete-

1980 3042 2106 3081 mur
2130 3026 2190 3080 in
2218 3043 2275 3080 eo
2298 3026 2392 3097 qui
2427 3026 2563 3096 facit
2592 3025 2879 3081 mirabilia
2904 3025 3065 3092 solus,
3092 3032 3141 3081 et
3167 3026 3265 3096 qui
3285 3027 3421 3095 facit
3444 3028 3644 3083 unani-

1978 3131 2085 3169 mes
2107 3114 2350 3169 habitare
2376 3115 2434 3170 in
2464 3115 2633 3177 domo,
2666 3114 2918 3185 quoniam
2945 3115 3056 3185 ipse
3086 3116 3320 3184 respersit
3351 3115 3640 3171 humilita-

1978 3212 2080 3259 tem
2102 3210 2361 3269 nostram,
2375 3211 2423 3258 et
2440 3205 2682 3260 visitavit
2702 3204 2759 3257 in
2779 3203 2909 3258 bono
2929 3203 3127 3273 plebem
3138 3220 3288 3259 suam
3311 3222 3332 3258 :
3351 3207 3445 3273 qui
3465 3205 3643 3262 erexit

1976 3312 2143 3348 cornu
2172 3295 2228 3348 in
2245 3294 2395 3347 domo
2417 3293 2595 3348 David
2622 3294 2780 3361 pueri
2799 3294 2908 3357 sui,
2938 3298 2986 3347 et
3011 3309 3153 3348 nunc
3183 3293 3447 3349 exultavit
3470 3309 3639 3348 cornu

1976 3384 2233 3439 Ecclesia
2250 3400 2358 3437 sua:
2379 3385 2440 3437 in
2452 3382 2637 3438 electis
2664 3385 2875 3448 suis,ut
2892 3398 3095 3437 cornua
3121 3389 3477 3452 peccatorum,
3500 3384 3643 3437 sicut

1980 3489 2082 3545 per
2095 3474 2411 3544 prophetam
2428 3472 2666 3543 spondet,
2682 3473 2773 3527 hoc
2785 3479 2863 3528 est
2886 3472 3306 3529 Donatistarum
3324 3472 3645 3529 Manichaeo-

1978 3580 2219 3633 rumque,
2252 3562 2582 3633 confringat.

2049 3652 2103 3706 3.
2147 3652 2361 3706 Utinam
2405 3652 2511 3706 haec
2544 3667 2682 3705 nunc
2708 3650 2932 3705 Domini
2960 3649 3109 3714 tuba,
3140 3668 3245 3720 qua
3292 3667 3388 3720 per
3429 3651 3642 3720 Augus-

1980 3742 2155 3796 tinum
2188 3742 2419 3809 intonat,
2449 3740 2559 3809 ﬁlii
2588 3740 2764 3793 nostri
2801 3739 3034 3795 Licentii
3059 3740 3237 3809 pulset
3269 3739 3511 3807 auditus,
3551 3739 3642 3793 sed

1978 3838 2040 3885 ut
2062 3830 2161 3884 illa
2181 3830 2371 3884 audiat
2391 3845 2545 3895 aure,
2565 3845 2670 3899 qua
2692 3828 2941 3883 Christus
2964 3827 3301 3898 ingreditur,
3327 3827 3389 3881 de
3410 3844 3513 3897 qua
3534 3844 3640 3885 non

1978 3920 2127 3989 rapit
2154 3918 2259 3973 Dei
2280 3934 2451 3972 semen
2478 3918 2766 3973 inimicus!
2792 3916 2939 3971 Tunc
2958 3932 3079 3971 vere
3103 3916 3154 3969 si
3174 3932 3410 3971 summus
3431 3915 3643 3971 Christi

1973 4007 2228 4079 pontifex
2249 4008 2589 4076 Augustinus
2615 4005 2905 4072 videbitur,
2933 4006 3065 4075 quia
3091 4021 3143 4060 se
3169 4011 3298 4061 tunc
3333 4011 3384 4060 et
3414 4004 3641 4060 exaudi-

1980 4104 2094 4151 tum
2122 4096 2320 4151 sentiet
2346 4095 2413 4149 ab
2436 4095 2654 4161 excelso,
2680 4095 2731 4149 si
2750 4110 2906 4166 quem
2933 4093 3035 4149 tibi
3064 4098 3083 4133 ³
3114 4094 3339 4164 dignum
3363 4094 3549 4163 genuit
3577 4094 3639 4147 in

1982 4186 2203 4249 litteris,
2222 4186 2360 4240 hunc
2375 4191 2424 4239 et
2444 4184 2549 4239 sibi
2572 4185 2729 4254 digne
2749 4184 2922 4254 ﬁlium
2942 4184 3129 4253 pariat
3153 4186 3212 4239 in
3236 4183 3467 4240 Christo.
3492 4182 3637 4239 Nam

1977 4283 2029 4332 et
2058 4292 2217 4340 nunc,
2260 4275 2417 4329 velim
2442 4274 2647 4342 credas,
2674 4272 3095 4344 ﬂagrantissima
3124 4273 3185 4328 de
3215 4273 3329 4342 ipso
3360 4272 3509 4327 nobis
3534 4272 3637 4327 sols

1980 4366 2267 4421 licitudiue
2300 4364 2539 4434 scripsit.
2587 4363 2868 4419 Credimus
2906 4363 2965 4416 in
3001 4362 3410 4431 omnipotentem
3454 4362 3639 4417 Chris-

1980 4464 2113 4519 tum,
2136 4454 2273 4526 quod
2292 4453 2634 4507 adolescentis
2660 4452 2837 4507 nostri
2864 4452 3004 4505 votis
3029 4450 3341 4505 carnalibus
3368 4451 3639 4519 spiritua-

1980 4545 2057 4600 lia
2107 4552 2228 4599 vota
2266 4542 2568 4613 Augustini
2608 4541 2956 4611 prcevaleant.
3012 4540 3266 4594 Vincetur
3302 4539 3383 4593 vel
3430 4540 3638 4595 invitus

1980 4634 2139 4705 (mihi
2166 4633 2338 4702 crede)
2368 4650 2385 4695 ;
2425 4632 2669 4685 vincetur
2692 4630 2934 4701 piissimi
2975 4629 3221 4700 parentis
3246 4628 3367 4697 ﬁde,
3398 4644 3461 4681 ne
3492 4628 3636 4683 mala

1977 4724 2209 4779 victoria
2235 4722 2432 4786 vincat,
2464 4721 2512 4775 si
2537 4719 2791 4775 maluerit
2819 4719 2878 4771 in
2902 4719 3197 4787 perniciem
3220 4734 3373 4772 suam
3393 4717 3633 4782 uincere,

1979 4828 2138 4883 quam
2163 4828 2260 4881 pro
2288 4812 2458 4865 salute
2486 4809 2762 4878 superari.
2793 4807 2875 4864 Ne
2900 4823 3125 4863 vacuum
3158 4814 3430 4877 fraterna?
3454 4807 3638 4861 huma-

1977 4902 2171 4957 nitatis
2199 4900 2437 4971 ofﬁcium
2466 4896 2760 4961 videretur,
2794 4896 2855 4951 de
2887 4898 2965 4967 (a)
2999 4895 3282 4953 buccellato
3318 4894 3631 4950 christiana:

1978 4990 2360 5062 expeditionis,
2380 4989 2439 5043 in
2463 4989 2616 5059 cujus
2632 4988 2912 5057 procinctu
2939 4985 3176 5056 quotidie
3198 4984 3270 5039 ad
3292 4982 3636 5052 frugalitatis

2035 5189 2049 5220 ¹
2085 5186 2181 5235 PP.
2218 5185 2414 5234 Bened.
2456 5198 2563 5233 non
2607 5182 2804 5233 habent
2836 5194 3039 5236 vocem,
3077 5180 3325 5242 episcopo,
3359 5190 3522 5240 quam
3554 5191 3636 5225 re-

1975 5250 2209 5314 perimus
2238 5250 2289 5296 in
2312 5249 2446 5314 aliis
2469 5246 2594 5314 [uidi
2613 5247 2697 5314 bl.

2035 5316 2053 5344 ²
2088 5314 2239 5366 L0v.,
2276 5312 2391 5357 sibi.
2427 5310 2522 5357 Alii
2555 5308 2704 5361 C.ld.,
2752 5307 2863 5355 tibi.

2036 5376 2107 5434 (a)
2139 5364 2494 5437 Buecollatum
2530 5372 2819 5437 vocabatur
2839 5366 3261 5437 uiilitaris‘panis
3288 5366 3354 5437 ab
3376 5364 3630 5437 buccellae

1972 5428 2333 5485 fere'modum
2366 5435 2657 5488 coniectus,
2695 5436 2754 5480 ut
2788 5430 2855 5479 ad
2893 5443 3021 5476 usus
3072 5428 3478 5477 diuturnitatem
3511 5428 3632 5477 faci-

1973 5499 2076 5547 lius
2112 5502 2529 5561 excoquerelur;
2559 5495 2776 5561 deuquo
2808 5493 3073 5543 Ammian.
3109 5491 3199 5543 lib.
3244 5492 3319 5543 17.
3356 5491 3444 5541 Hic
3471 5504 3629 5555 porro

1973 5563 2025 5609 in
2056 5562 2177 5609 Mss.
2211 5556 2475 5614 scribitur.
2510 5556 2793 5611 bucciltato.
