4108 6172
515 115 619 173 127

513 258 782 297 annonam
815 243 1136 309 militamus,
1167 262 1330 317 panes
1352 246 1584 319 quinque
1611 247 1718 304 tibi
1738 249 1957 319 pariter
1975 256 2022 303 et
2050 248 2167 316 ﬁlio

514 340 696 387 nostro
721 334 963 388 Licentia
990 336 1249 389 misimus.
1275 338 1397 391 Non
1418 340 1559 393 enim
1584 340 1854 408 potuimus
1873 356 1905 393 α
1927 338 2167 393 benedic-

514 422 656 475 tione
680 439 968 487 secernere,
991 441 1143 494 quem
1166 425 1408 495 cupimus
1429 426 1607 481 eadem
1632 427 1782 481 nobis
1804 428 1987 497 gratia
2010 429 2163 498 peni-

517 517 599 564 tus
627 518 929 566 annectere.
964 513 1162 567 Paucis
1189 520 1361 569 tamen
1387 523 1436 569 et
1466 516 1535 570 ad
1566 517 1740 587 ipsum
1770 517 2069 588 loquamur,
2103 534 2167 571 ne

513 607 661 669 neget
675 600 781 655 sibi
798 601 1061 672 scriptum
1079 603 1216 674 quod
1237 604 1298 657 de
1321 622 1372 657 se
1389 604 1488 659 tibi
1507 608 1770 676 scriptum
1790 614 1885 661 est.
1906 607 2167 662 rEschino

512 691 652 743 enim
699 689 924 754 dicitur,
966 691 1102 762 quod
1131 693 1288 747 audit
1326 694 1514 750 Milia.
1552 695 1654 750 Sed
1687 696 1819 767 quid
1865 696 1927 751 de
1963 697 2166 751 alienis

515 778 725 849 loquar,
753 797 873 834 cum
900 781 963 834 de
989 782 1215 851 proprio
1238 792 1429 837 cuncta
1445 785 1723 855 possimus,
1743 794 1793 840 et
1814 786 1995 840 aliena
2022 786 2171 857 loqui

514 883 618 920 non
654 868 816 921 soleat
861 885 969 923 esse
996 870 1121 923 sani
1158 872 1355 940 capitis
1384 872 1410 925 ?
1452 890 1552 943 quo
1592 873 1692 927 Dei
1720 874 1906 944 gratia
1944 892 2074 928 sano
2115 879 2166 928 et

513 956 658 1009 salvo
686 974 891 1020 sumus,
923 957 1113 1028 quibus
1142 968 1299 1029 caput
1328 968 1403 1015 est
1433 962 1705 1017 Christus.
1757 963 2075 1018 Incolumem
2116 970 2164 1017 et

514 1050 667 1097 (etate
695 1045 1116 1114 quamplurima,
1157 1054 1205 1101 et
1249 1048 1457 1103 beatum
1493 1066 1697 1121 semper
1733 1068 1853 1105 cum
1882 1057 1992 1105 tota
2016 1050 2166 1105 domo

515 1140 630 1196 tua,
654 1142 711 1186 ut
741 1134 999 1203 cupimus,
1033 1135 1313 1191 habeamus
1344 1140 1403 1191 in
1437 1139 1672 1201 Christo,
1715 1139 1925 1194 domine
1962 1141 2163 1212 frater,

511 1222 703 1275 merito
729 1223 1186 1279 honorandissime
1220 1234 1266 1279 et
1291 1226 1807 1283 desiderantissime.

583 1314 635 1365 4.
670 1311 827 1365 Audi
846 1328 988 1381 ergo,
1016 1314 1144 1382 filii,
1175 1314 1333 1385 legem
1361 1318 1540 1386 patris
1566 1317 1669 1382 tui,
1696 1318 1754 1371 id
1775 1325 1849 1371 est
1871 1318 2027 1388 ﬁdem
2048 1319 2167 1373 Au-

513 1400 753 1468 gustini,
772 1408 819 1454 et
846 1402 963 1455 noli
986 1403 1247 1473 repellere
1260 1406 1490 1460 consilia
1509 1408 1704 1461 matris
1721 1414 1844 1471 tum,
1868 1406 2005 1478 quod
2024 1424 2165 1478 teque

515 1504 701 1541 nomen
734 1490 791 1543 in
820 1497 869 1543 te
899 1493 1201 1561 Augustini
1223 1494 1393 1563 pietas
1408 1496 1544 1564 jure
1570 1496 1677 1549 sibi
1706 1496 1967 1561 vindicat,
2000 1496 2093 1566 qui
2118 1504 2165 1551 te

512 1578 799 1631 tantillum
834 1583 1063 1649 gestavit
1091 1582 1221 1637 sinu
1250 1600 1362 1647 suo,
1400 1592 1448 1639 et
1476 1601 1511 1637 a
1540 1585 1786 1654 parvulis
1821 1587 1999 1656 primo
2031 1586 2167 1640 lacte

511 1667 792 1735 sapientia-
816 1669 1075 1722 secularis
1107 1670 1389 1737 imbutum,
1419 1688 1560 1726 nunc
1590 1673 1750 1727 etiam
1780 1674 2166 1743 spiritualibus

517 1754 718 1809 laetare
750 1764 797 1810 et
824 1758 1074 1812 enutrire
1096 1760 1318 1814 Domino
1346 1762 1501 1830 gestit
1526 1762 1795 1817 uberibus.
1827 1763 2090 1828 Quoniam
2120 1769 2166 1817 te

511 1845 763 1899 adultum
788 1854 944 1899 (etate
957 1864 1233 1917 corporea,
1259 1850 1315 1903 in
1338 1850 1721 1920 spiritualibus
1740 1851 1911 1906 adhuc
1930 1852 2168 1906 cunabu-

517 1934 585 1987 lis
614 1934 928 2001 vagientem,
955 1936 1095 1991 videt
1120 1938 1297 1992 adhuc
1323 1939 1587 2009 infantem
1609 1940 1767 1995 verbo
1792 1942 1914 2005 Dei,
1945 1941 2167 1996 vixdum

515 2022 575 2075 in
610 2022 823 2077 Christo
850 2025 1047 2093 primis
1074 2027 1323 2095 passibus
1353 2035 1401 2081 et
1437 2030 1659 2099 vestigio
1683 2030 1951 2084 titubante
1981 2047 2169 2100 repen-

513 2117 635 2176 tem,
649 2113 700 2165 si
716 2118 889 2167 tamen
910 2114 953 2167 Α
967 2115 1211 2184 ugustini
1226 2116 1474 2171 doctrina
1490 2125 1745 2189 tanquam
1764 2136 1952 2172 manus
1972 2122 2167 2175 matris

514 2208 561 2255 et
593 2202 724 2255 ulna
763 2203 995 2257 nutricis
1035 2204 1346 2259 instabilem
1387 2215 1537 2277 regat
1576 2208 1883 2278 parvulum.
1924 2210 2087 2275 Quem
2120 2210 2167 2263 si

512 2292 707 2345 audias
744 2300 791 2346 et
826 2295 1087 2362 sequaris,
1134 2303 1191 2349 ut
1230 2312 1453 2351 rursum
1503 2300 1552 2351 le
1597 2314 1832 2353 sermone
1871 2298 2168 2353 Salomonis

512 2381 777 2443 alliciam,
813 2382 931 2447 Fili,
965 2398 1252 2438 coronam
1278 2385 1533 2456 accipies
1560 2388 1885 2455 gratiarum
1913 2395 2013 2443 tuo
2045 2404 2168 2443 ver.

517 2470 609 2524 tici
647 2471 829 2539 (Prov.
864 2488 936 2535 ιν,
970 2472 1045 2541 9).
1093 2474 1163 2525 Et
1196 2481 1321 2527 tunc
1370 2490 1492 2529 vere
1522 2475 1631 2528 eris
1661 2476 1752 2529 ille
1782 2493 1886 2529 non
1912 2477 2169 2546 phantas-

514 2564 653 2613 mate
685 2562 1005 2622 somniatus,
1050 2561 1140 2614 sed
1182 2562 1246 2614 ab
1279 2563 1394 2631 ipsa
1424 2563 1649 2618 veritate
1684 2565 1953 2633 formatus
1982 2566 2170 2619 consul

515 2656 563 2702 et
576 2650 838 2717 pontifex,
854 2666 1046 2703 vacuas
1069 2652 1307 2721 imagine
1325 2652 1464 2720 falsi
1477 2654 1654 2722 operis
1674 2653 1923 2723 implente
1952 2654 2170 2709 Christo

515 2738 702 2791 solidis
730 2755 838 2791 sua:
860 2740 1191 2808 operationis
1210 2741 1497 2810 effectibus.
1536 2742 1664 2796 Vere
1690 2743 1829 2797 enim
1857 2745 2103 2813 pontifex
2120 2751 2167 2799 et

517 2844 634 2881 vere
662 2827 866 2890 consul,
900 2828 1126 2893 Licenti,
1146 2830 1273 2894 eris,
1296 2832 1348 2882 si
1365 2833 1407 2884 A
1422 2830 1662 2901 ugustini
1690 2832 1925 2901 vestigiis
1942 2832 2170 2902 prophe-

517 2917 639 2970 ticis
678 2924 725 2970 et
755 2917 1060 2986 apostolicis
1090 2918 1417 2988 disciplinis,
1468 2929 1526 2974 ut
1564 2928 1776 2974 sacrato
1816 2921 1999 2976 beatus
2046 2923 2169 2976 Eli-

515 3023 647 3060 sleus
678 3006 837 3072 Elite,
869 3015 927 3061 ut
955 3006 1179 3065 illustri
1222 3008 1473 3079 Apostolo
1511 3010 1814 3064 Timotheus
1842 3010 2165 3075 adolescens,

516 3094 807 3161 adhaerens,
842 3096 1113 3151 indivulso
1139 3115 1235 3167 per
1266 3098 1468 3153 itinera
1498 3099 1689 3152 divina
1719 3102 1995 3165 comitatu,
2030 3108 2089 3155 ut
2118 3108 2167 3156 et

512 3186 873 3239 sacerdotium
906 3186 1066 3240 corde
1103 3189 1341 3259 perfecto
1382 3187 1559 3242 discas
1598 3190 1821 3257 mereri,
1862 3196 1909 3244 et
1949 3190 2168 3260 populis

513 3274 591 3327 ad
617 3274 841 3328 salutem
870 3276 1129 3344 magistro
1156 3292 1245 3329 ore
1269 3276 1563 3332 consulere.

588 3367 636 3416 5.
671 3362 762 3415 Sat
790 3363 883 3416 hoc
910 3364 1134 3417 monitis
1164 3370 1211 3416 et
1237 3364 1483 3418 hortatui
1499 3385 1517 3420 :
1538 3365 1742 3420 modico
1763 3368 1906 3420 enim
1930 3383 2168 3422 sermone

515 3458 565 3504 et
586 3450 766 3504 labore
788 3459 835 3505 te
859 3450 1124 3516 arbitror,
1142 3452 1219 3504 mi
1240 3452 1466 3518 Licenti,
1486 3454 1555 3506 ad
1579 3455 1859 3511 Christum
1869 3472 2014 3524 posse
2028 3458 2162 3510 inci-

517 3539 652 3603 tari,
668 3540 785 3608 jam
809 3556 842 3592 a
858 3540 1043 3610 pueris
1059 3540 1128 3594 ad
1148 3541 1329 3595 studia
1354 3543 1601 3596 veritatis
1627 3550 1676 3598 et
1705 3545 2003 3614 sapientiae,
2026 3544 2166 3615 quod

515 3635 799 3699 utramnque
836 3645 958 3683 vere
1008 3637 1082 3683 est
1121 3630 1393 3696 Christus,
1441 3639 1489 3686 et
1541 3633 1713 3686 omnis
1751 3632 1876 3688 boni
1901 3650 2167 3688 summum

517 3716 705 3771 bonum
728 3720 1057 3774 venerabilis
1082 3721 1123 3774 Α
1136 3720 1380 3789 ugustini
1402 3722 1611 3791 spiritu
1631 3729 1679 3777 et
1695 3737 1790 3778 ore
1805 3724 2165 3791 ﬂammatum.

519 3806 624 3870 Qui
642 3807 694 3861 si
706 3824 903 3877 parum
928 3810 1080 3879 apud
1095 3818 1144 3863 te
1156 3827 1259 3879 pro
1282 3816 1328 3863 te
1350 3811 1541 3875 valuit,
1568 3812 1698 3881 quid
1720 3829 1809 3882 ego
1831 3819 1977 3867 tanto
1998 3812 2169 3866 inter-

514 3896 656 3950 vallo
676 3899 959 3968 posterior,
976 3906 1023 3952 et
1043 3901 1280 3953 omnium
1304 3900 1461 3955 illius
1472 3917 1629 3971 opum
1645 3918 1872 3972 pauper,
1896 3902 2169 3973 efﬁciam?

515 3986 622 4041 Sed
636 3987 765 4057 quia
777 3994 825 4039 et
840 3987 1003 4044 illius
1021 3988 1298 4056 facultatis
1314 3991 1575 4059 potentia,
1590 3996 1642 4043 et
1660 3990 1740 4043 tui
1759 3990 1969 4060 ingenii
1985 3991 2171 4045 huma-

517 4075 686 4128 nitate
711 4076 959 4144 confisus,
988 4077 1240 4146 pleniora
1264 4086 1419 4148 atque
1440 4080 1648 4148 majora
1670 4079 1726 4131 in
1757 4086 1807 4131 te
1827 4096 1981 4148 spero
2003 4079 2172 4133 elabo-

516 4169 642 4216 rata
662 4180 817 4231 quam
836 4164 1181 4229 elaboranda,
1198 4183 1358 4219 ausus
1377 4183 1492 4221 sum
1510 4167 1711 4221 hiscere
1732 4167 1941 4235 duplici
1966 4170 2168 4234 gratia,

515 4259 572 4305 ut
586 4259 633 4305 et
650 4252 737 4306 illi
750 4253 866 4308 viro
879 4252 1057 4308 debita
1070 4254 1723 4326 charitatecompararer‘
1742 4257 1799 4310 in
1810 4256 2175 4311 sollicitudine

514 4344 618 4406 tui,
643 4350 689 4397 et
708 4343 854 4397 inter
873 4361 954 4397 eos
974 4345 1069 4414 qui
1079 4344 1306 4399 salutem
1320 4353 1464 4400 tuam
1480 4345 1775 4417 diligunta,
1792 4346 1870 4399 vel
1886 4351 2174 4400 contestata

515 4450 838 4487 numerarer
862 4434 1076 4502 affectu.
1100 4434 1238 4489 Nam
1263 4436 1505 4505 effectus’
1532 4437 1590 4488 in
1608 4436 1693 4489 tui
1718 4436 2039 4505 perfectione
2058 4435 2174 4506 pal-

514 4540 663 4575 mam
692 4522 998 4591 Augustino
1027 4524 1362 4593 potissimum
1402 4523 1729 4579 destinatam
1767 4526 1894 4579 scio.
1948 4526 2169 4589 Vereor,

516 4612 621 4681 ﬁli,
638 4628 699 4663 ne
728 4628 886 4664 aures
913 4620 1032 4666 tuas
1056 4614 1347 4682 asperitate
1370 4615 1655 4668 temerarii
1664 4615 1922 4669 sermonis
1946 4614 2174 4684 offende-

515 4703 642 4765 rim,
675 4708 723 4754 et
747 4718 851 4767 per
875 4718 1036 4754 aures
1063 4703 1244 4756 animo
1260 4706 1422 4756 etiam
1451 4710 1539 4757 tuo
1566 4704 1717 4758 tcedii
1739 4705 1845 4759 mei
1870 4705 2063 4759 vulnus
2094 4707 2175 4759 in-

514 4789 752 4844 tulerim.
782 4791 887 4845 Sed
910 4792 965 4845 in
990 4799 1215 4845 mentem
1238 4795 1381 4846 venit
1406 4793 1632 4861 epistola
1659 4802 1773 4857 tua,
1808 4811 1912 4864 qua
1935 4800 1981 4848 te
1998 4795 2173 4848 musi-

514 4879 591 4934 cis
613 4880 951 4949 familiarem
977 4880 1143 4934 modis
1166 4881 1410 4935 intellexi
1431 4882 1506 4951 (α)
1523 4899 1539 4935 ,⁸
1567 4898 1603 4937 a
1628 4900 1727 4953 quo
1753 4884 1932 4937 studio
1954 4901 2043 4954 ego
2068 4885 2176 4939 aevi

512 4970 774 5041 quondam
789 4972 989 5024 tuinan
1001 4968 1283 5023 abhorrui.
1296 4970 1473 5040 Itaque
1487 4971 1621 5024 mihi
1633 4971 1703 5024 ad
1714 4980 1863 5026 tuam
1878 4973 2174 5037 mentem,si

517 5062 574 5114 in
616 5060 799 5132 aliquo
829 5060 1243 5123 exulcerassem,
1289 5058 1651 5113 deliniendam
1684 5062 1995 5123 remedium,
2030 5062 2171 5115 litte-

514 5166 607 5202 ras
633 5158 759 5204 tuas
788 5148 1107 5203 recordatus
1136 5150 1335 5218 reperi,
1365 5154 1423 5202 ut
1454 5157 1502 5202 te
1530 5148 1599 5202 ad
1632 5148 1923 5203 Dominum
1952 5150 2168 5204 harmo-

516 5240 620 5291 nia:
657 5239 993 5309 omni/armis
1034 5239 1315 5309 artiﬁcem.
1358 5237 1722 5291 modulamine
1759 5239 2020 5292 carminis
2058 5257 2169 5294 evo-

578 5364 592 5393 ¹
626 5361 776 5415 Edd.,
796 5364 1027 5411 devincta
1045 5364 1296 5411 charitate
1315 5368 1654 5423 compararet.
1676 5363 1798 5411 Mss.
1822 5367 1958 5423 octo,
1979 5364 2037 5412 de
2060 5366 2168 5413 vita

520 5428 564 5471 et
587 5423 851 5471 charitate.
882 5427 979 5473 Alii
1012 5440 1101 5473 sex
1130 5442 1139 5474 :
1175 5427 1345 5475 debita
1373 5427 1637 5473 charitate.

582 5486 599 5549 ξ
627 5484 750 5549 Mss.
784 5485 1076 5549 duodecim.
1105 5489 1327 5549 affectus.

579 5548 652 5609 (α)
690 5546 912 5596 Carmen
940 5546 1480 5602 licentii'contentum
1511 5550 1664 5614 epist.
1694 5551 1770 5599 26.

1785 122 1844 180 S.
1885 122 2271 180 AUGUSTlNl
2315 122 2639 180 EPISCOPI

3819 120 3931 179 428

2275 265 2478 306 carem.
2518 249 2703 317 Qutesa
2732 255 2780 304 te
2808 253 2869 303 ut
2892 262 3027 301 aure
3046 241 3256 311 audias,
3297 260 3462 316 neque
3486 261 3703 302 causam
3732 247 3907 305 saluti
3916 251 3945 291 ³

2277 345 2381 393 tua:
2406 340 2467 393 in
2489 338 2663 393 verbis
2686 339 2796 393 mei
2821 353 3043 408 spernas
3068 353 3084 401 ;
3113 334 3201 389 sed
3230 334 3381 404 piam
3410 352 3599 389 curam
3626 344 3674 391 et
3705 347 3935 394 mentem

2273 436 2555 498 paternam
2603 429 2766 481 etiam
2803 428 2860 480 in
2911 425 3281 497 despiciendis
3326 424 3655 480 sermonibus
3703 427 3939 483 libenter

2272 518 2525 588 accipias,
2546 517 2737 589 quibus
2768 517 2996 571 insitum
3021 514 3229 569 Christi
3258 530 3467 578 nomen,
3493 514 3631 586 quod
3652 521 3732 570 est
3758 532 3935 588 supra

2272 622 2421 661 omne
2450 623 2655 671 nomen,
2689 606 2824 659 hanc
2853 604 3036 659 deberi
3080 602 3470 658 venerationem
3516 603 3673 673 facit,
3718 612 3779 660 ut
3822 622 3933 660 non

2272 698 2435 768 possit
2473 713 2508 749 a
2544 695 2797 750 credente
2834 694 3130 749 contemni.

2521 799 2717 834 CARIEN
2750 797 3035 834 BLBGIACUI
3070 796 3263 831 PAULINI
3294 796 3359 829 AD
3391 795 3678 831 LICENTIUI.

2335 865 2499 925 Quare
2528 879 2635 928 age,
2668 880 2839 927 rumpe
2870 877 3047 928 moras,
3080 871 3127 928 et
3168 862 3330 928 vincla
3360 861 3551 928 tenacia
3580 862 3700 911 secti
3730 875 3742 910 :

2397 929 2504 977 Nec
2537 924 2726 975 metuas
2753 924 2935 990 placidi
2964 927 3081 974 mite
3102 925 3272 990 jugum
3302 924 3521 990 Domini.

2337 988 2557 1053 Pulchra
2575 987 2788 1053 quidem,
2822 989 2909 1053 sed
2941 990 3064 1037 mira
3094 988 3230 1049 vagis
3256 987 3713 1053 preesentiarerum

2401 1048 2669 1115 Mentibus,
2697 1061 2749 1100 at
2779 1051 2976 1115 sapiens
3014 1064 3114 1115 non
3150 1048 3311 1115 Stupet
3341 1050 3431 1115 ista
3466 1048 3676 1115 animas.

2338 1112 2475 1163 Nunc
2512 1124 2555 1164 te
2585 1114 2817 1164 sonlicitat
2838 1111 2992 1161 'variis
3023 1111 3307 1161 malesuada
3340 1111 3523 1174 ﬁguris.

2401 1178 2506 1225 Heu
2534 1180 2544 1224 l
2584 1177 2781 1225 validos
2815 1178 2959 1225 etiam
2991 1184 3179 1225 vertere
3213 1174 3364 1222 Roma
3389 1181 3562 1237 potens
3590 1188 3602 1229 ;

2338 1239 2430 1301 Sed
2465 1238 2571 1294 tibi,
2604 1250 2735 1296 nale,
2760 1253 2942 1301 precor,
2968 1252 3165 1301 semper
3180 1246 3319 1301 pater
3346 1236 3657 1298 Augustinus

2399 1300 2641 1359 Occurset,
2673 1296 2866 1349 cunctas
2898 1299 3044 1350 Urbis
3068 1296 3127 1348 ad
3156 1296 3429 1348 illecebras.

2338 1363 2479 1413 Illum
2508 1372 2644 1412 tanta
2671 1365 2797 1412 inter
2818 1364 3001 1425 fragilis
3042 1361 3324 1411 discrimina
3352 1362 3463 1409 vitae

2401 1427 2676 1488 Aspiciens,
2708 1434 2758 1474 et
2801 1422 2988 1488 habens
3022 1433 3232 1487 pectore,
3259 1430 3395 1488 tutus
3420 1422 3542 1475 eris.

2337 1486 2440 1537 Hoc
2467 1484 2627 1537 tamen
2652 1497 2700 1538 et
2722 1496 2943 1549 repetens
2971 1484 3245 1549 iterumque
3274 1486 3548 1549 iterumque
3574 1484 3806 1543 monebo,

2402 1550 2463 1599 Ut
2495 1550 2651 1611 fugias
2684 1550 2819 1599 durae
2851 1550 3033 1598 lubrica
3065 1549 3274 1602 militim.

2336 1610 2576 1661 Blandum
2607 1628 2782 1661 nomen
2816 1612 2989 1670 honos,
3020 1613 3153 1660 mala
3176 1612 3407 1665 servitus,
3429 1610 3594 1673 exitus
3620 1624 3749 1673 aeger

2399 1676 2551 1734 Quem
2582 1689 2709 1723 nunc
2741 1674 2865 1724 velle
2891 1677 3045 1737 juvnt,
3076 1688 3186 1723 mox
3217 1673 3434 1737 voluisse
3463 1672 3613 1737 piget.

2337 1736 2580 1786 Scandere
2609 1740 2742 1785 celsa
2783 1734 2943 1799 juvat,
2976 1745 3156 1799 tremor
3185 1743 3256 1784 est
3288 1734 3581 1799 descendere
3607 1734 3751 1785 celsis
3780 1747 3793 1783 :

2399 1799 2451 1848 Si
2472 1799 2670 1854 titubes,
2707 1797 2898 1848 summa
2929 1800 3070 1861 pejus
3086 1797 3151 1847 ab
3173 1812 3280 1847 arce
3301 1797 3464 1846 cades.

2338 1862 2479 1910 Nunc
2508 1860 2593 1911 tibi
2629 1861 2755 1911 falsa
2791 1859 3000 1923 placerit—
3018 1861 3163 1919 bona,
3203 1874 3332 1908 nunc
3374 1860 3502 1921 rapit
3527 1859 3764 1909 omnibus
3796 1860 3933 1909 auris

2401 1924 2646 1979 Ambitus,
2688 1932 2735 1972 et
2762 1925 2915 1973 vitreo
2936 1924 3029 1973 fert
3053 1938 3172 1971 cava
3202 1923 3333 1971 fama
3361 1923 3489 1970 sinu.

2336 1987 2426 2034 Ast
2454 1986 2541 2035 ubi
2575 1996 2619 2035 te
2654 2000 2830 2047 magno
2860 1988 3041 2034 damno
3076 1984 3370 2048 succinxerit
3398 1992 3570 2048 empto
3602 1985 3617 2017 ⁸

2402 2049 2649 2103 Baltbeus.
2677 2059 2724 2097 et
2749 2049 2927 2111 sterilis
2955 2049 3144 2106 fregerit
3168 2048 3281 2111 inde
3303 2047 3461 2107 labor,

2337 2113 2485 2160 Serus
2514 2120 2561 2159 et
2591 2111 2837 2159 incassum
2860 2109 2969 2173 spes
2994 2109 3246 2159 accusabis
3270 2110 3463 2173 inanes,

2401 2174 2459 2222 Et
2490 2173 2633 2222 modo
2663 2188 2777 2236 quae
2818 2170 2985 2227 nectis,
3030 2187 3253 2235 rumpere
3289 2170 3647 2236 vinclaivoles:

2336 2236 2473 2285 Tunc
2511 2234 2837 2284 reminisceris
2868 2236 3045 2283 frustm
3076 2235 3229 2297 patris
3258 2234 3525 2293 Augustini

2400 2297 2767 2360 Contempsisse
2798 2298 2969 2347 dolens
2999 2296 3237 2346 veridicos
3264 2297 3497 2345 monitus.

2337 2361 2496 2421 Quare
2525 2362 2565 2408 si
2600 2358 2814 2423 sapiens,
2852 2370 2901 2409 et
2933 2361 2973 2407 si
3009 2360 3118 2421 pius
3152 2368 3226 2423 est
3256 2374 3391 2421 puer,
3420 2358 3556 2413 audi,

2402 2424 2460 2471 Et
2494 2438 2610 2485 cape
2650 2422 2800 2471 verba
2836 2431 3044 2485 patrum,
3077 2422 3673 2485 consiliumquesenum.

2339 2486 2465 2545 Quid
2497 2482 2704 2533 retrahis
2739 2482 2849 2533 lera'
2874 2484 2999 2533 colla
3021 2484 3179 2547 jugo?
3210 2497 3318 2547 mea
3347 2484 3539 2547 sarcina
3567 2482 3713 2538 lenis,

2400 2548 2563 2596 Suave
2591 2551 2751 2609 iugum
2783 2547 2966 2596 Christi
2996 2546 3085 2601 est,
3112 2560 3205 2596 vox
3228 2546 3323 2609 pia,
3349 2547 3487 2594 crede
3520 2546 3620 2593 Deo
3643 2559 3654 2594 :

2340 2609 2397 2658 Et
2426 2619 2573 2671 caput
2593 2608 2717 2657 adde
2741 2609 2884 2671 jugis.
2913 2610 2974 2657 da
3006 2608 3242 2657 mollibus
3268 2622 3354 2656 ora
3378 2608 3617 2670 capistris,

2403 2672 2749 2721 Demissosuue
2784 2674 2879 2720 levi
2904 2671 3058 2721 subde
3085 2672 3317 2720 humeros
3336 2671 3491 2719 oneri.

2338 2734 2475 2799 Nunc
2501 2744 2639 2799 potes
2670 2732 2778 2799 hoc,
2808 2736 2924 2799 dum
2955 2734 3081 2799 liber
3106 2734 3225 2796 agis,
3258 2734 3375 2799 dum
3402 2732 3539 2799 nulla
3563 2735 3815 2799 retentant

2404 2796 2633 2851 Vincula,
2661 2797 2799 2845 nulla
2840 2797 2967 2845 thori
2997 2809 3129 2851 cura,
3162 2810 3252 2844 nec
3279 2796 3405 2843 altus
3438 2796 3609 2842 honor.

2336 2860 2451 2907 Haac
2487 2860 2618 2908 bona
2656 2859 2875 2912 libertas,
2913 2858 3107 2907 Christo
3149 2858 3351 2913 servire,
3382 2866 3431 2905 et
3468 2856 3519 2905 in
3546 2858 3655 2919 ipso

2398 2920 2638 2971 Omnibus
2668 2936 2771 2970 esse
2795 2934 2977 2983 supra:
3009 2935 3105 2969 non
3133 2920 3345 2969 dominis
3375 2919 3651 2983 hominum,

2337 2984 2445 3032 Non
2476 2984 2613 3031 vitiis
2643 2984 2809 3045 servit.
2844 2981 2941 3031 non
2974 2983 3173 3045 regibus
3195 2982 3276 3030 ille
3311 2981 3554 3045 superbis,

2400 3046 2609 3094 Tantum
2647 3045 2737 3108 qui
2782 3044 2972 3108 Christo
3002 3044 3053 3094 se
3088 3044 3275 3108 dederit
3308 3044 3534 3093 Domino.

2337 3107 2434 3158 Nec
2469 3108 2555 3171 tibi
2584 3105 2814 3158 nobilitas
2850 3105 3283 3171 videaturlibera,
3307 3120 3468 3171 quam,
3493 3120 3621 3155 nunc

2400 3170 2668 3241 Sublimem
2694 3171 2904 3242 attonita
2919 3170 3171 3242 .conspicis
3204 3168 3337 3242 Urbe
3354 3170 3492 3242 .vehi.

2337 3234 2491 3293 Quam
2527 3232 2688 3281 cernis
2727 3239 2861 3280 tanta
2892 3231 2985 3281 sibi
3028 3230 3252 3281 libertate
3287 3230 3462 3286 videri,

2406 3298 2465 3347 Ut
2500 3295 2782 3356 dedignetur
2812 3294 3001 3343 ﬂectere
3030 3294 3157 3343 colla
3190 3293 3303 3343 Deo.

2337 3358 2505 3407 Multis
2530 3355 2793 3406 ille'miser
2816 3356 3122 3411 mortalibus,
3158 3366 3207 3404 et
3240 3355 3620 3419 quoqueservis

2401 3420 2574 3473 Servit.
2610 3428 2659 3467 et
2681 3419 2886 3468 ancillas
2920 3428 2971 3467 ut
3002 3418 3326 3475 dominentur,
3358 3418 3491 3465 emit.

2336 3481 2523 3532 Norunt
2548 3482 2797 3530 eunuchos
2827 3490 2873 3531 et
2903 3496 3077 3542 magna
3106 3481 3292 3543 palatia
3314 3481 3462 3543 passi,

2400 3546 2461 3593 Et
2484 3546 2710 3607 quisquis
2741 3545 2963 3598 Romam,
2994 3541 3168 3607 sponte
3200 3541 3364 3607 miser,
3392 3541 3617 3607 patitur:

2338 3605 2528 3665 Quanto
2562 3605 2753 3669 sudoris
2786 3607 2956 3662 pretio,
2978 3605 3257 3669 damnoque
3278 3605 3467 3669 decoris

2401 3669 2598 3717 Coutest
2632 3668 2702 3716 ibi
2737 3668 3031 3730 chlamydis.
3064 3669 3139 3715 hic
3175 3666 3330 3716 honor
3357 3666 3527 3730 officii.

2338 3729 2437 3794 Nec
2469 3740 2629 3779 tamen
2654 3732 2760 3792 ipse
2794 3729 3098 3794 potens,qui
3123 3730 3300 3794 celsior
3318 3729 3546 3779 omnibus
3578 3742 3687 3779 esse

2404 3793 2607 3847 Emerit,
2637 3802 2689 3840 ut
2720 3792 2846 3840 nulli
2878 3792 3076 3846 serviat.
3104 3793 3410 3855 assequitur.

2342 3856 2459 3905 Cum
2492 3855 2614 3904 bene
2651 3870 2701 3903 se
2727 3862 2829 3903 tota
2862 3854 3113 3903 dominum
3146 3852 3407 3915 jact'averit
3444 3852 3589 3909 Urbe,

2404 3919 2561 3965 Servit
2591 3917 2870 3967 daemoniis.
2906 3918 2946 3965 si
2977 3918 3240 3965 simulacra
3273 3917 3403 3965 colit.

2345 3979 2473 4028 Proh
2500 3980 2673 4028 dolori
2709 3982 2797 4028 hos
2833 3988 3033 4042 propter
3064 3979 3324 4042 remoraris
3361 3979 3411 4042 in
3446 3976 3595 4035 Urbe,
3629 3977 3815 4026 Liceuti

2410 4043 2466 4090 Et
2490 4057 2687 4103 regnum
2717 4042 2893 4090 Christi
2922 4041 3128 4104 spernis,
3164 4050 3217 4089 ut
3247 4042 3325 4089 his
3356 4041 3551 4104 placeas
3579 4054 3589 4087 :

2345 4104 2443 4152 Hos
2474 4102 2662 4152 vocitas
2688 4104 2933 4157 dominos,
2951 4102 3113 4152 curva
3138 4112 3186 4151 et
3207 4102 3393 4151 cerviCe
3419 4102 3622 4157 salutas,

2406 4168 2537 4223 Quos
2569 4167 2683 4228 ligni
2712 4180 2875 4215 servos
2901 4165 3145 4229 conspicis
3167 4174 3217 4213 et
3240 4165 3426 4226 lapidis
3454 4165 3465 4211 l

2346 4227 2549 4277 Nomine
2578 4227 2744 4277 divino
2773 4227 3034 4291 argentum
3052 4236 3345 4276 venerantur
3364 4235 3411 4275 et
3434 4240 3630 4291 aurum,

2410 4291 2622 4353 Relligio
2651 4299 2727 4339 est
2758 4288 2888 4354 quod
2923 4298 3054 4338 amat
3088 4291 3291 4339 morbus
3314 4288 3554 4341 avaritite.

2346 4351 2588 4415 Imprecor
2620 4354 2709 4401 hos
2741 4351 2793 4401 ut
2818 4362 2967 4412 amet,
2999 4354 3081 4415 qui
3111 4366 3209 4401 non
3242 4361 3379 4415 amat
3401 4351 3748 4414 Augustinum,

2412 4413 2513 4464 Non
2552 4416 2675 4464 colat
2703 4425 2750 4462 et
2784 4413 3046 4469 Christum,
3080 4416 3158 4463 cui
3186 4415 3341 4476 placet
3371 4413 3459 4461 hos
3484 4413 3657 4476 colere.

2346 4476 2465 4526 Inde
2500 4478 2568 4526 ait
2600 4479 2705 4539 ipse
2736 4479 2883 4533 Deus,
2919 4477 3131 4525 dominis
3167 4475 3263 4524 non
3306 4490 3443 4539 posse
3477 4475 3673 4524 duobus

2409 4541 2587 4588 Serviri
2613 4537 2632 4596 ξ
2654 4539 2886 4601 quoniam
2917 4554 3053 4588 mens
3083 4540 3239 4601 plicat
3269 4537 3368 4587 una
3395 4537 3523 4601 Deo_:

2348 4603 2449 4652 Una
2484 4603 2626 4655 ﬁdes.
2659 4599 2785 4649 Deus
2815 4616 2961 4655 unus.
2991 4611 3038 4648 et
3068 4599 3237 4649 unicus
3265 4615 3290 4647 e
3325 4602 3461 4648 Patre
3484 4599 3725 4655 Christus.

2412 4665 2557 4712 Haud
2590 4664 2771 4727 duplex
2800 4665 2885 4712 uni
2914 4663 3123 4712 servitus
3153 4672 3227 4727 est
3252 4664 3469 4727 domino.

2345 4727 2537 4785 Quanta
2558 4725 2742 4776 etenim
2774 4726 2893 4774 caelo
2923 4740 2977 4774 ac
3004 4729 3139 4773 tersis
3164 4725 3419 4779 distantia.
3453 4732 3589 4774 tanta
3612 4733 3689 4775 est

2409 4789 2622 4837 Caesaris
2661 4798 2709 4838 et
2751 4789 2928 4837 Christi
2966 4787 3115 4837 rebus
3153 4796 3199 4834 et
3235 4788 3469 4848 imperiis.

2344 4850 2533 4900 Tollere
2566 4851 2731 4907 humo,
2764 4852 2845 4899 sed
2880 4865 3007 4899 nunc
3027 4851 3145 4897 dum
3175 4850 3385 4912 Spiritus
3411 4850 3501 4897 bos
3522 4849 3643 4911 regit
3665 4856 3822 4911 artus,

2406 4915 2565 4977 Mente
2589 4913 2749 4977 polum
2781 4921 2991 4972 penetra.
3017 4912 3084 4960 nil
3113 4912 3430 4977 mora‘carnis
3455 4912 3617 4977 obest.

2343 4973 2599 5036 Corporeis
2624 4976 2729 5038 jam
2761 4989 2895 5038 nunc
2939 4989 3128 5038 morere
3152 4973 3358 5030 actibus,
3392 4981 3437 5022 et
3470 4973 3600 5023 bona
3639 4974 3753 5023 vitae

2404 5036 2637 5087 Caelestis
2663 5037 2854 5100 liquido
2898 5036 3239 5099 praemeditare
3269 5038 3461 5084 animo.

2341 5100 2549 5161 Spiritus
2580 5116 2648 5155 es,
2688 5098 2972 5164 quanquam
3002 5101 3211 5164 tenearis
3236 5113 3454 5161 corpore,
3488 5098 3534 5147 si
3560 5112 3687 5147 nunc

2406 5164 2573 5227 Mente
2598 5164 2675 5227 pia
2702 5163 2852 5211 victor
2880 5163 3045 5227 carnis
3070 5177 3193 5221 opus
3229 5164 3463 5227 perimas.

2342 5226 2455 5275 Haec
2490 5224 2611 5280 tibif
2634 5228 2779 5274 chara
2812 5240 2942 5287 puer.
2984 5224 3081 5272 tido
3112 5224 3441 5287 {compulsus
3490 5236 3655 5271 amore

2404 5290 2586 5352 Scripsi
2614 5306 2624 5348 ;
2660 5288 2700 5337 si
2736 5286 2931 5351 recipis,
2968 5286 3234 5350 suscipiere
3271 5287 3384 5335 Deo.

2340 5431 2355 5461 ί
2407 5428 2484 5477 ita
2534 5429 2586 5476 in
2626 5428 2922 5492 potioribus
2972 5428 3095 5477 Mss.
3134 5429 3201 5476 At
3248 5428 3301 5475 in
3354 5427 3610 5485 excursis,
3661 5428 3947 5483 damnosus

2280 5492 2499 5539 cinxerit
2530 5496 2676 5539 testu.

2345 5557 2363 5589 ³
2392 5553 2544 5609 Edd.,
2580 5554 2714 5618 ﬁdei.
2752 5554 2815 5602 At
2839 5552 2963 5603 Mss.
2997 5552 3322 5617 quindecim,
3351 5551 3470 5616 fido.
