4108 6172
210 145 315 205 129

256 270 411 319 Crede
443 268 775 330 Augustinum
800 265 891 316 tibi
913 279 1044 330 nunc
1074 263 1124 315 in
1151 280 1228 316 me
1257 266 1579 330 geminatum,

318 333 469 381 Sume
497 329 621 378 duos
649 342 752 393 una
786 343 897 393 cum
928 329 1105 393 pietate
1132 329 1319 393 patres.

256 392 591 457 Spernimur?
619 391 924 457 abstraheris
952 391 1143 457 majore
1169 391 1335 457 dolore
1360 391 1551 441 duobus
1573 409 1587 440 :

321 457 534 507 Adimur
558 455 583 502 ?
616 455 791 518 pignus
808 454 957 518 dulce
975 452 1171 501 duobus
1202 456 1318 506 eris.

257 520 313 568 In
345 527 389 568 te
414 521 527 567 laeta
560 515 754 580 patrum
786 515 984 580 sudavit
1013 530 1127 580 cura
1157 517 1396 580 duorum,

324 581 387 629 Et
408 581 503 629 tibi
540 578 747 642 magnus
776 579 933 626 honos
968 578 1236 642 laetificasse
1270 579 1417 632 duos.

254 644 356 693 Sed
386 658 465 691 me
492 639 783 705 Augustino,
806 655 918 689 cum
938 639 1133 703 copulo,
1171 655 1266 689 non
1292 642 1577 705 meritorum

319 706 462 755 Jacto
489 704 675 777 parem,
700 704 806 777 solo
829 716 1059 777 comparo
1088 717 1251 777 amore
1266 704 1361 775 'tui.

254 769 388 817 Nam
418 765 541 832 quid
564 781 651 829 ego
675 766 950 832 elTuAndam,
979 780 1153 832 rorans
1190 765 1279 832 tibi
1310 779 1533 832 paupere
1553 767 1658 816 rivo
1682 766 1708 814 ?

322 832 401 880 Me
433 826 628 894 praeter,
662 829 856 894 gemino
879 826 1082 894 ﬂumine
1118 826 1395 894 prolueris;

253 892 670 955 Frater‘Alypius
699 898 789 945 est.
816 892 1489 955 Augustinusquemagister,

320 953 594 1017 Sanguinis
625 953 935 1017 hicrconsors,
954 954 1032 1002 hic
1061 962 1195 1001 sator
1222 953 1418 1017 ingenii.

252 1018 424 1066 Tanto
443 1018 615 1065 fratres
648 1016 784 1063 vales
811 1023 857 1063 et
888 1023 1198 1078 prmeeptore,
1224 1016 1428 1073 Licenti,

324 1081 385 1129 Et
415 1080 621 1129 dubitas
636 1078 817 1141 pennis
833 1078 1020 1127 talibus
1048 1086 1181 1126 astra
1210 1078 1348 1141 sequi
1380 1078 1406 1125 ‘i

250 1143 513 1206 Quidquid
542 1154 661 1206 agas
697 1143 828 1201 (nam
857 1148 901 1189 te
914 1154 1010 1206 nec
1031 1147 1193 1206 speret
1216 1141 1425 1206 mundus
1453 1141 1702 1203 amicum).

322 1201 436 1254 Non
471 1201 676 1253 daberis
698 1212 861 1257 terrm,
894 1201 1273 1251 debita’Christo
1297 1203 1476 1253 anima.

251 1267 334 1316 Tu
366 1267 614 1315 thalamos
630 1266 761 1319 licet,
795 1273 843 1313 et
865 1266 1023 1313 celsos
1053 1265 1315 1314 mediteris
1336 1266 1565 1321 honores,

325 1329 473 1378 Nunc
502 1329 622 1378 olim
656 1328 864 1375 Domino
886 1328 1143 1375 restituere
1173 1335 1269 1375 tuo.

252 1392 421 1441 Credo
458 1406 609 1440 unum
628 1391 819 1438 vincent
841 1390 962 1451 justi
988 1390 1084 1438 duo
1108 1398 1424 1451 peccatorem,

324 1456 382 1503 Et
417 1463 503 1502 tua
530 1455 761 1501 fraternas
791 1459 901 1500 vota
931 1464 1100 1514 preces
1125 1451 1340 1513 abigent.

250 1519 389 1580 Ergo
413 1516 538 1580 redi,
577 1528 808 1580 qua_voce
831 1513 1026 1576 parens.
1068 1527 1165 1580 qua
1194 1513 1432 1580 sanguine
1462 1513 1629 1569 frater,

325 1576 498 1631 Ambo
527 1576 803 1626 sacerdotes
827 1580 871 1625 te
901 1576 1116 1624 remeare
1139 1576 1331 1637 jubeut.

250 1642 329 1691 Ad
361 1650 456 1690 tua
483 1648 531 1689 te
566 1640 838 1694 retrahunt,
873 1650 988 1687 nam
1019 1652 1147 1687 nunc
1175 1640 1339 1688 aliena
1368 1638 1606 1701 petescis'
1648 1652 1659 1694 ;

319 1706 449 1753 Haec
476 1716 636 1773 mage,
661 1716 774 1773 qua:
793 1701 1010 1773 retinent
1040 1714 1186 1773 regna
1215 1701 1306 1756 tui,
1345 1704 1437 1773 tua
1470 1708 1603 1773 sunt.

254 1768 374 1816 Haec
399 1775 592 1829 repete,
623 1765 709 1829 his
734 1765 888 1829 inhia,
916 1765 1135 1829 externis
1159 1777 1218 1811 ne
1247 1772 1442 1829 contere
1468 1770 1677 1826 tempus,

319 1829 376 1877 Si
402 1825 491 1876 tua
517 1826 757 1880 nolueris,
788 1827 1047 1889 quisquam
1067 1825 1227 1873 aliena
1251 1825 1432 1889 dabit?

252 1890 367 1941 Ilion
406 1891 506 1937 eris
529 1890 637 1951 ipse
662 1887 1106 1951 tuus,'niisI<usque
1127 1902 1210 1949 per
1229 1896 1397 1951 extera
1414 1887 1555 1950 longe

315 1950 568 2003 Sensibus
594 1951 691 1999 heu
724 1950 907 2013 proprii
931 1950 1145 2013 pectoris
1161 1950 1302 1997 exsul
1327 1964 1458 2012 ages.

252 2016 549 2065 Sollicitum
580 2013 700 2061 satis
726 2012 833 2061 haec
858 2021 972 2060 nato
1001 2012 1235 2060 cecinisse
1267 2019 1539 2074 parentem,

318 2080 455 2126 Dum
487 2076 580 2125 tibi
616 2089 733 2139 quae
760 2075 999 2139 mihimet,
1033 2076 1108 2139 vel
1142 2075 1273 2139 volo,
1302 2074 1377 2122 vel
1404 2086 1584 2124 metuo.

258 2140 377 2189 Haec
411 2139 525 2194 tibi,
580 2137 841 2199 si'iecipis,
874 2137 993 2186 feret
1023 2138 1139 2185 olim
1164 2138 1338 2200 pagina
1368 2138 1524 2186 vitam
1552 2151 1564 2186 :

319 2203 375 2252 Si
410 2201 604 2254 renuis.
634 2200 805 2248 eadem
829 2200 934 2248 hmo
965 2201 1140 2260 pagina
1166 2199 1306 2247 testis
1322 2200 1429 2247 erit.

253 2264 562 2313 Incolumem
596 2262 712 2311 mihi
745 2271 809 2319 te,
841 2262 908 2310 fili
942 2261 1239 2320 charissima,
1270 2262 1497 2310 Christus

315 2330 546 2380 Annuat,
580 2334 629 2373 et
656 2339 849 2373 servum
879 2326 959 2386 det
992 2324 1086 2372 sibi
1121 2333 1378 2386 perpetuo.

253 2390 408 2448 Vive,
440 2402 629 2451 precor,
662 2387 746 2435 sed
767 2387 881 2451 vive
906 2385 1045 2451 Deo:
1078 2385 1189 2434 nam
1213 2385 1385 2451 :Vivgre
1407 2386 1592 2436 mundo

320 2448 513 2500 Mortis
529 2464 691 2513 opus;
732 2449 847 2497 viva
879 2457 950 2497 est
976 2448 1144 2496 vivere
1176 2448 1275 2496 vita
1307 2448 1406 2497 Deo
1429 2451 1462 2496 ⁸.

657 2528 987 2585 EPISTULA
1032 2528 1238 2583 XXXIII
1270 2530 1285 2544 '
1316 2528 1417 2600 (α).

194 2620 581 2692 Augustinus
642 2618 1040 2674 Proculeiano
1091 2618 1285 2686 partis
1330 2617 1669 2674 donatiana’
1708 2617 1872 2686 apud

262 2712 616 2780 Hipponem
665 2707 958 2778 episcopo,
1022 2707 1284 2762 invitans
1335 2707 1507 2762 illum
1567 2713 1629 2761 ut
1660 2713 1870 2763 mutua

262 2799 622 2862 collatione,
650 2796 909 2852 schisma
927 2801 1333 2864 componatur.

197 2888 456 2945 Domino
498 2883 847 2942 honorabili
898 2888 956 2940 et
985 2884 1371 2940 dilectissimo
1405 2887 1792 2940 Paocucemvo
1824 2888 1864 2951 ³,

853 2976 1224 3030 AUGUSTINUS.

266 3073 317 3124 1.
350 3067 606 3137 Propter
636 3064 1053 3135 imperitorum
1070 3062 1385 3117 hominum
1403 3062 1869 3130 vanitates,diu-

196 3159 308 3212 tius
343 3154 519 3227 apud
547 3160 601 3209 te
626 3153 701 3208 de
736 3152 898 3209 titulo
929 3152 1194 3225 epistolae
1218 3167 1367 3206 mea:
1406 3151 1714 3223 disputare
1745 3166 1865 3206 non

195 3247 413 3303 debeo.
450 3247 604 3299 Cum
636 3243 797 3297 enim
825 3258 935 3297 nos
964 3257 1245 3297 revocare
1276 3240 1524 3295 invicem
1558 3240 1635 3295 ab
1670 3254 1866 3295 errore

194 3349 519 3399 conamur,
536 3332 816 3404 quamvis
846 3335 981 3386 ante
998 3330 1405 3402 plenissimam
1429 3330 1865 3385 discussionem

196 3439 402 3482 causa;
447 3421 824 3494 quibusdam
855 3419 1036 3475 videri
1067 3418 1273 3490 possit,
1305 3418 1443 3490 quis
1472 3423 1743 3474 nostrum
1775 3433 1868 3473 er-

196 3518 299 3578 ret,
344 3513 679 3576 incertum;
710 3509 1001 3565 servimus
1054 3513 1255 3564 tamen
1291 3506 1545 3563 invicem
1589 3507 1785 3575 nobis,
1819 3505 1870 3561 si

198 3603 359 3659 bono
385 3600 604 3658 animo
652 3598 968 3654 nobiscum
1020 3598 1277 3667 agimus,
1312 3601 1372 3651 ut
1412 3613 1445 3652 a
1490 3597 1873 3668 perversitate

199 3690 525 3748 discordia:
556 3688 907 3744 liberemur.
949 3687 1117 3752 Quod
1148 3702 1243 3741 me
1271 3686 1499 3740 sincero
1532 3684 1709 3740 corde
1741 3700 1874 3755 age-

199 3797 281 3845 re,
313 3789 370 3836 et
404 3795 551 3835 cum
581 3781 835 3832 tremore
866 3775 1205 3831 christianae
1235 3774 1611 3839 humilitatis,
1638 3772 1874 3829 etiamsi

202 3870 508 3941 plerisque
533 3864 886 3921 hominibus
908 3868 1185 3936 apertum
1217 3865 1472 3932 nonjest,
1501 3863 1874 3918 videttamen

200 3959 293 4015 ille
324 3958 427 4015 cui
469 3955 641 4011 nulla
667 3954 852 4010 corda
890 3952 1271 4010 clauduntur.
1304 3952 1455 4017 Quid
1488 3955 1691 4007 autem
1725 3951 1783 4005 in
1824 3955 1876 4007 te

200 4047 508 4104 honorare
540 4060 663 4100 non
695 4041 1178 4109 dubitem,facile
1209 4040 1508 4109 intelligis.
1550 4043 1673 4095 Non
1715 4040 1876 4095 enim

202 4151 473 4194 errorem
503 4131 867 4201 schismatis,
898 4131 1057 4187 unde
1079 4146 1289 4186 omnes
1328 4130 1626 4201 homines,
1679 4145 1879 4201 quan-

201 4230 326 4282 tum
356 4225 443 4281 ad
493 4238 593 4278 me
627 4222 857 4287 attinet,
890 4220 1073 4293 cupio
1104 4220 1325 4282 sanari,
1367 4219 1619 4286 dignum
1651 4218 1879 4273 honore

203 4315 413 4387 aliquo
446 4310 723 4368 existimo
756 4326 769 4366 :
803 4308 911 4365 sed
966 4314 1018 4363 te
1048 4314 1183 4365 ante
1215 4307 1437 4377 omnia,
1485 4307 1651 4378 quod
1693 4306 1880 4378 ipsius

203 4403 379 4459 nobis
392 4402 686 4458 humanae
700 4398 999 4454 societatis
1013 4396 1252 4452 vinculo
1266 4394 1881 4467 astringeris,etquod

205 4490 503 4549 nonnulla
530 4489 590 4545 in
623 4494 677 4544 te
710 4487 1099 4559 praeeminent
1129 4486 1471 4558 placidioris
1496 4486 1711 4540 mentis
1734 4482 1882 4539 indi-

208 4583 319 4648 cia,
343 4580 577 4653 quibus
608 4578 771 4632 nullo
804 4576 985 4631 modo
1016 4575 1463 4647 desperandum
1495 4581 1601 4640 est,
1636 4573 1805 4628 facile
1827 4577 1881 4627 te

207 4684 386 4742 posse
400 4667 743 4733 veritatem,
761 4680 897 4720 cum
914 4663 1084 4719 fuerit
1098 4663 1528 4726 demonstrata,
1544 4661 1879 4733 complecti,

211 4759 336 4816 sine
367 4758 492 4813 ullo
517 4761 667 4811 aestu
709 4754 1101 4810 dubitationis
1140 4752 1568 4809 honorandum
1600 4758 1765 4824 puto.
1795 4754 1884 4807 Dl-

209 4848 487 4905 lectionis
522 4850 725 4902 autem
756 4848 989 4899 tantum
1016 4843 1120 4898 tibi
1150 4842 1365 4905 debeo,
1396 4846 1686 4915 quantum
1714 4840 1884 4897 nobis

210 4938 475 5009 imperat
505 4935 637 5006 ipse
686 4932 792 5006 qui
842 4947 953 4989 nos
999 4931 1198 4988 dilexit
1230 4946 1421 5003 usque
1450 4930 1527 4987 ad
1550 4930 1743 4986 crucis
1772 4946 1885 5003 op-

217 5025 560 5099 probrium.

276 5152 292 5181 ί
323 5148 482 5204 Edd.,
515 5146 742 5210 petisses.
769 5146 853 5194 At.
882 5145 1035 5210 Mss.,
1068 5145 1295 5210 pelasci}.

279 5216 299 5246 ³
326 5212 425 5261 Ms.
460 5206 614 5278 Bég._,
642 5223 765 5278 uera
792 5212 867 5278 εει
895 5206 1349 5278 υξυςτόυρξαηυερί
1376 5206 1494 5278 Alii,
1522 5207 1659 5278 viva.
1806 5266 1853 5278 Μ

278 5277 297 5307 ³
318 5273 475 5337 Apud
507 5266 630 5337 Bid_.
652 5273 771 5337 A_m.
792 5269 1101 5337 Er._e_tduos
1118 5271 1283 5337 vatio.
1298 5271 1421 5337 Mss.
1436 5266 1889 5337 Proculiano_._Sic

218 5330 378 5386 etiam
391 5334 761 5399 insqq.Epist.
778 5332 1027 5382 scribitur
1046 5334 1188 5443 apud
1209 5333 1331 5381 Lov.
1364 5335 1416 5381 et
1443 5332 1727 5395 plerosque
1752 5330 1880 5383 Mss.

287 5402 302 5417 ‘
336 5399 414 5443 Ad
449 5398 576 5443 Mss.
609 5412 659 5443 α.
691 5397 780 5443 b2.
815 5395 945 5443 bl.c.
966 5408 1042 5443 cc.
1118 5410 1201 5443 .2.
1236 5410 1324 5443 εν.
1350 5410 1389 5443 r.
1419 5408 1462 5441 s.
1493 5395 1783 5443 t.vc.duos
1806 5392 1880 5442 sb.

287 5402 302 5417 ‘
334 5399 414 5450 Ad
448 5392 576 5447 Més'.
609 5392 659 5445 αἶ
691 5397 780 5458 bg.
815 5395 945 5444 bl.c.
966 5408 1042 5443 cc.
1073 5392 1201 5459 (Lg.
1236 5410 1324 5459 gv,
1350 5410 1389 5443 r.
1419 5392 1462 5441 s'.
1493 5392 1783 5459 avg—duos
1806 5392 1885 5442 sb.

221 5466 270 5511 et
304 5466 536 5525 quatuor
558 5456 905 5525 v.7recensita
922 5460 1023 5525 est,
1048 5462 1102 5525 et
1121 5456 1188 5507 ad
1371 5456 1639 5525 Am_._Ba_d.
1664 5457 1741 5525 ljlr.
1759 5456 1885 5525 Lov.

281 5517 353 5584 (ὁ)
371 5525 516 5573 Alias
544 5524 666 5571 147:
700 5536 819 5585 quae
842 5524 1024 5585 autem
1049 5521 1109 5569 33
1126 5524 1257 5577 erat,
1290 5533 1435 5570 nunc
1461 5521 1543 5572 30.
1572 5517 1890 5584 Scriptaini-

224 5583 294 5638 tio
310 5588 653 5653 episcopatus
679 5583 991 5649 Augustini.

1455 141 1959 201 EPISTOLARUM
2000 146 2286 202 CLASSIS
2332 148 2399 205 II.

3515 154 3619 214 130

2035 293 2089 346 2.
2108 290 2222 344 Sed
2253 306 2325 346 ne
2342 291 2567 347 mireris
2592 293 2757 365 quod
2772 296 2934 366 apud
2961 297 3435 356 Benevolentiam
3453 305 3619 357 tuam

1964 377 2195 433 tamdiu
2226 380 2545 446 tacui;non
2565 383 2848 452 putabam
2878 385 2935 439 in
2954 386 3069 442 hac
3084 392 3138 441 te
3153 404 3281 442 esse
3309 390 3619 457 sententia,

1965 482 2147 537 quam
2183 467 2327 523 mihi
2362 468 2537 524 frater
2587 472 2857 536 Evodius,
2893 476 2986 528 cui
3017 475 3196 529 ﬁdem
3231 493 3349 531 non
3401 478 3621 533 habere

1967 571 2089 610 non
2116 573 2391 628 possum,
2411 559 2991 628 gaudensindicavit.
3014 567 3159 619 Nam
3176 582 3311 620 cum
3332 567 3624 623 fortecou-

1966 644 2195 715 tigisset
2230 650 2292 700 ut
2322 648 2379 701 in
2412 663 2593 703 unam
2622 650 2868 704 domum
2889 655 3303 718 conveniretis,
3336 660 3392 709 et
3423 672 3621 711 sermo

1966 732 2118 788 inter
2138 749 2244 789 vos
2270 735 2343 790 de
2372 752 2478 807 spe
2510 745 2732 804 nostra,
2767 739 2877 793 hoc
2908 747 2996 795 est
3022 741 3094 795 de
3126 743 3335 798 Christi
3374 744 3622 799 haeredi-

1968 826 2083 876 tate
2114 827 2279 877 ortus
2296 829 2468 891 esset,
2484 826 2565 880 ait
2578 827 2801 883 dixisse
2816 830 3241 898 Benignitatem
3259 840 3442 901 tuam,
3477 833 3625 889 velle

1970 915 2023 965 te
2053 910 2228 966 bonis
2250 914 2385 967 viris
2426 915 2768 970 sedentibus
2802 919 3067 974 conferre
3084 920 3416 976 nobiscum.
3452 922 3623 987 Quod

1969 1002 2022 1053 te
2052 1000 2302 1055 multum
2335 1003 2564 1073 gaudeo
2594 1013 2811 1060 nostrae
2828 1006 3146 1064 humilitati
3178 1008 3387 1064 offerre
3420 1010 3627 1080 digna-

1970 1093 2093 1143 tum
2129 1105 2351 1161 meque
2380 1091 2494 1146 ullo
2528 1093 2707 1148 modo
2726 1110 2969 1164 possum
2991 1103 3217 1152 tantam
3243 1099 3623 1154 occasionem

1969 1177 2212 1249 benigni
2237 1179 2423 1234 animi
2457 1181 2536 1235 tui
2565 1183 2857 1252 deserere,
2892 1192 2954 1239 ut
2992 1192 3286 1257 quantum
3316 1188 3471 1242 vires
3513 1190 3629 1244 Do-

1971 1267 2172 1322 minus
2199 1268 2463 1339 priebere
2498 1270 2862 1339 dignabitur,
2917 1290 3185 1344 quaeram
3218 1281 3411 1331 tecum
3444 1283 3624 1348 atque

1972 1356 2308 1425 discutiam,
2342 1375 2476 1429 quae
2505 1377 2707 1426 causa,
2736 1378 2867 1434 quae
2896 1364 3082 1435 origo,
3112 1381 3246 1436 quae
3262 1366 3407 1420 ratio
3439 1366 3497 1420 in
3529 1369 3632 1421 Ec-

1974 1446 2155 1501 clesia
2185 1447 2411 1512 Christi,
2441 1452 2534 1503 cui
2566 1450 2727 1515 dixit,
2764 1451 2975 1508 Pacem
2995 1469 3184 1510 meam
3210 1455 3285 1510 do
3316 1456 3494 1518 vobis,
3519 1471 3625 1523 pa-

1974 1551 2094 1591 cem
2126 1551 2315 1592 meam
2342 1539 2612 1608 relinquo
2648 1540 2801 1595 vobis
2841 1540 3033 1612 (Joan.
3075 1560 3188 1610 xxv,
3235 1548 3348 1615 27),
3390 1550 3513 1600 tam
3547 1545 3629 1599 lu-

1974 1624 2184 1695 genda:
2218 1632 2390 1698 atque
2423 1627 2777 1698 plangendus
2804 1632 3169 1687 discissionis
3184 1635 3448 1689 extiterit.

2046 1727 2098 1779 3.
2130 1724 2345 1780 Audivi
2380 1726 2626 1798 quidem
2655 1730 2729 1784 de
2764 1736 3096 1787 memorato
3136 1732 3312 1788 fratre
3350 1738 3405 1788 te
3446 1733 3629 1789 fuisse

1974 1817 2563 1888 conquestum,quod
2580 1819 2782 1874 nescio
2795 1820 2938 1891 quid
2959 1821 3056 1876 tibi
3070 1838 3179 1877 cou
3192 1823 3497 1879 tumeliose
3512 1840 3628 1879 res-

1973 1902 2278 1973 ponderit:
2295 1905 2481 1975 quod,
2497 1923 2703 1978 quaeso
2716 1913 2789 1971 te,
2809 1909 3056 1965 neillam
3072 1912 3497 1968 contumeliam
3522 1914 3627 1968 de-

1974 1996 2151 2063 putes
2169 2008 2182 2057 ;
2198 2009 2380 2065 quam
2397 2000 2619 2049 certum
2636 1995 2879 2052 mihiest
2906 2013 3026 2053 non
3045 1999 3119 2054 de
3134 1999 3386 2070 superbo
3426 2000 3631 2056 animo

1974 2082 2339 2150 processisse
2364 2101 2379 2153 ;
2414 2084 2552 2138 novi
2581 2085 2741 2139 enim
2764 2086 3003 2141 fratrem
3035 2102 3259 2153 meum,
3281 2089 3384 2143 sed
3414 2089 3460 2143 si
3492 2090 3633 2161 quid

1976 2169 2037 2223 in
2064 2169 2425 2240 disputando
2458 2188 2566 2243 pro
2596 2173 2714 2228 ﬁde
2753 2190 2880 2239 sua,
2915 2181 2971 2230 et
3002 2191 3109 2246 pro
3136 2177 3409 2233 Ecclesiae
3440 2178 3632 2233 chari-

1977 2262 2095 2314 tate
2116 2258 2528 2316 dixitfortasse
2561 2261 3064 2336 ferventius,quod
3097 2270 3198 2320 tua
3219 2267 3474 2336 gravitas
3505 2266 3636 2323 nol-

1974 2346 2055 2403 let
2083 2348 2327 2415 audero,
2362 2365 2484 2405 non
2518 2349 3031 2419 illacontumacia,
3067 2353 3173 2409 sed
3199 2354 3634 2411 fiducianomi-

1976 2437 2183 2493 nanda
2203 2442 2307 2493 est.
2362 2438 2719 2496 Collatorem
2741 2442 2903 2496 enim
2934 2446 2991 2497 et
3015 2442 3472 2514 disputatorem,
3508 2460 3629 2500 non

1981 2532 2414 2583 assentatorem
2473 2534 2530 2585 et
2586 2530 2959 2587 adulatorem
3017 2547 3079 2587 se
3133 2549 3260 2588 esse
3329 2533 3633 2605 cupiebat.

1979 2618 2128 2672 Nam
2155 2616 2269 2672 hoc
2293 2623 2379 2673 est
2426 2617 2625 2674 oleum
2652 2621 3004 2691 peccatoris,
3036 2636 3159 2693 quo
3186 2623 3480 2694 propheta
3510 2637 3631 2679 non

1978 2705 2103 2759 vult
2134 2705 2499 2776 impinguari
2525 2713 2742 2779 caput;
2777 2709 2855 2764 ita
2879 2711 3038 2764 enim
3071 2710 3211 2765 dicit
3243 2727 3258 2766 :
3286 2711 3637 2768 Emendabit

1978 2809 2069 2850 me
2088 2796 2287 2863 justus
2307 2796 2369 2850 in
2400 2796 2819 2861 misericordia,
2845 2804 2898 2854 et
2924 2806 3134 2869 arguet
3158 2814 3248 2855 me
3278 2802 3514 2863 ;oteum
3537 2817 3636 2855 au-

1978 2891 2091 2940 tem
2120 2886 2449 2952 peccatoris
2480 2902 2596 2941 non
2626 2885 2955 2956 impinguet
2986 2895 3167 2956 caput
3194 2904 3387 2945 meum
3439 2890 3625 2961 (Psal.

1976 2990 2108 3039 cxn,
2142 2975 2215 3045 5).
2235 2974 2446 3029 Mavult
2459 2974 2616 3029 enim
2633 2991 2837 3031 severa
2852 2976 3285 3047 misericordiaj
3298 2978 3411 3033 usti
3425 2995 3633 3034 emen-

1977 3064 2127 3129 dari,
2162 3080 2343 3135 quam
2372 3063 2866 3120 leniadulationis
2902 3066 3448 3122 unctionelaudari.
3474 3068 3635 3124 Unde

1976 3152 2311 3209 eliamillud
2328 3153 2739 3224 propheticum
2767 3158 2884 3209 est:
2924 3153 3035 3221 Qui
3059 3170 3151 3209 vos
3170 3156 3374 3224 felices
3405 3157 3635 3224 dicunt,

1976 3248 2039 3303 in
2063 3257 2318 3299 errorem
2348 3257 2446 3297 vos
2460 3242 2700 3297 mittunt
2725 3242 2889 3313 (Isai.
2920 3258 3000 3307 ιιι,
3035 3243 3419 3317 l2).Ideoque
3450 3246 3641 3302 deho-

1978 3336 2158 3399 mine,
2188 3348 2367 3405 quem
2401 3330 2565 3387 falsas
2606 3332 2914 3389 blanditias
2954 3332 3182 3389 faciunt
3230 3340 3638 3409 arrogantem,

1975 3429 2131 3479 recte
2152 3421 2330 3478 etiam
2355 3420 2532 3491 vulgo
2562 3420 2795 3491 dicitur,
2829 3424 3015 3479 Crevit
3038 3429 3222 3496 caput
3252 3443 3266 3492 ;
3300 3425 3642 3497 impingua-

1979 3519 2102 3568 tum
2129 3516 2214 3566 est
2244 3510 2407 3566 enim
2438 3509 2570 3565 oleo
2602 3512 2926 3581 peccatoris
2951 3530 2964 3579 ;
2999 3512 3111 3567 hoc
3136 3517 3244 3579 est,
3278 3529 3397 3568 non
3423 3530 3642 3586 aspera

1978 3601 2223 3656 veritate
2275 3598 2645 3668 corrigentis,
2692 3600 2799 3654 sed
2850 3599 2967 3655 leni
3018 3601 3269 3657 falsitate
3314 3602 3639 3659 laudantis.

1978 3690 2182 3760 Neque
2195 3688 2379 3742 hocin
2395 3703 2530 3743 eam
2544 3692 2771 3757 partem
2786 3694 2921 3758 peto
2949 3688 3419 3762 accipias,quasi
3445 3708 3557 3763 ego
3585 3699 3642 3748 te

1981 3778 2205 3835 afratre
2222 3776 2462 3845 Evodio,
2478 3781 2768 3848 tanquam
2784 3777 3013 3847 ajusto,
3028 3779 3411 3834 emendatum
3428 3781 3645 3836 intelli-

1982 3866 2040 3938 gi
2054 3864 2227 3920 velim
2239 3906 2251 3918 .
2268 3865 2483 3919 Vereor
2495 3864 2654 3919 enim
2670 3880 2740 3919 ne
2756 3880 2839 3918 me
2853 3879 3094 3937 quoque
3109 3865 3331 3938 aliquid
3346 3874 3642 3923 contume-

1981 3956 2127 4010 liose
2142 3955 2201 4009 in
2218 3960 2269 4009 te
2282 3953 2476 4008 dicere
2490 3952 2811 4019 existimes,
2839 3954 3002 4025 quod
3033 3955 3412 4011 vehementer
3425 3972 3606 4012 caveo
3622 3959 3639 3992 ¹

1981 4047 2275 4116 quantum
2296 4057 2566 4114 possum.
2613 4042 2725 4098 Sed
2752 4042 2951 4112 justus
2976 4047 3063 4099 est
3092 4043 3184 4099 ille
3199 4045 3299 4117 qui
3321 4044 3489 4110 dixit,
3522 4046 3644 4115 Ego

1982 4149 2111 4188 sum
2145 4131 2362 4188 veritas
2395 4131 2592 4202 (Joan.
2625 4147 2746 4195 xxv,
2777 4132 2854 4202 6).
2887 4132 3177 4204 ltaquede
3208 4135 3301 4205 cuj
3316 4134 3642 4190 uslibetho-

1985 4221 2162 4277 minis
2175 4236 2274 4275 ore
2292 4220 2466 4275 nobis
2482 4235 2688 4275 verum
2704 4236 2841 4275 cum
2856 4220 3060 4292 aliqua
3074 4223 3394 4293 asperitate
3430 4238 3645 4279 sonue-

1986 4310 2078 4375 rit,
2111 4326 2232 4365 non
2263 4308 2460 4365 abillo
2490 4308 2757 4375 homine,
2781 4309 2882 4382 qui
2910 4310 3057 4365 forte
3089 4317 3365 4383 peccator
3389 4318 3495 4377 est,
3540 4312 3645 4367 sed

1987 4399 2064 4455 ab
2103 4399 2234 4470 ipsa
2258 4398 2530 4463 Veritate,
2562 4398 2676 4453 hoc
2704 4402 2790 4452 est
2820 4414 2855 4453 a
2887 4398 3134 4465 Christo,
3168 4402 3265 4472 qui
3305 4401 3503 4471 justus
3534 4405 3645 4465 est,

1987 4487 2382 4543 emendamur
2415 4502 2429 4553 ;
2462 4503 2535 4541 ne
2569 4492 2840 4542 nostrum
2872 4493 3053 4559 caput
3081 4488 3342 4555 blandae,
3379 4490 3484 4545 sed
3519 4496 3661 4561 per-'

1988 4578 2229 4633 niciosse
2253 4576 2612 4632 adulationis
2631 4576 2851 4641 unctio,
2887 4577 3001 4632 hoc
3032 4583 3122 4633 est
3151 4579 3347 4634 oleum
3376 4585 3652 4651 peccato-

1988 4668 2090 4734 ris,
2122 4666 2478 4736 impinguet.
2510 4667 2868 4737 Quanquam
2903 4667 3140 4722 etiamsi
3172 4667 3349 4723 frater
3390 4668 3648 4725 Evodius

1991 4755 2365 4827 aliquantum
2397 4770 2505 4825 pro
2533 4771 2654 4810 suae
2692 4755 3145 4811 communionis
3171 4756 3517 4813 defensione
3532 4761 3652 4813 tur-

1988 4844 2431 4915 batior,aliquid
2445 4843 2653 4899 elatius
2665 4844 2869 4900 animo
2884 4847 3653 4902 commotioredixissetteta-

1992 4935 2030 4989 ti
2045 4933 2306 4990 hominis
2319 4939 2373 4989 et
2386 4933 2719 4989 necessitati
2733 4950 2928 4990 causa;
2946 4939 2996 4990 te
3009 4942 3305 5007 oporteret
3318 4937 3647 5004 ignoscere.

2061 5034 2116 5090 4.
2149 5031 2299 5087 lllud
2326 5031 2699 5103 tamenquod
2732 5033 3075 5102 promittere
3094 5032 3376 5102 dignatus
3392 5046 3476 5096 es,
3514 5036 3651 5101 peto

1991 5121 2358 5186 memineris,
2378 5125 2441 5175 ut
2468 5119 2814 5175 sedentibus
2828 5136 2981 5191 quos
2998 5121 3125 5191 ipse
3147 5120 3435 5189 delegeris
3450 5119 3653 5189 (dum-

1992 5210 2177 5267 modo
2201 5210 2384 5265 verba
2398 5214 2601 5264 nostra
2618 5224 2736 5263 non
2757 5208 3012 5264 inaniter
3025 5208 3276 5263 ventilen
3288 5209 3507 5273 tur,sed
3522 5207 3653 5265 stilo

1993 5300 2387 5371 excipiantur,
2430 5304 2557 5352 utet
2588 5296 3379 5369 tranquilliusetordinatius
3405 5299 3655 5353 dissera-

1994 5392 2225 5451 mus,et
2255 5388 2462 5460 siquid
2491 5385 2640 5441 forte
2675 5403 2710 5440 a
2732 5384 2905 5439 nobis
2927 5385 3233 5440 dictumrle
3252 5388 3541 5443 memoria
3570 5388 3657 5443 la-

1994 5495 2161 5550 psum
2179 5475 2717 5541 fuerit,recitatione
2731 5475 3210 5546 revocetur),rem
3230 5481 3349 5531 tam
3366 5494 3656 5547 magnam,

1993 5566 2137 5625 etad
2167 5567 2420 5625 salutem
2443 5562 2715 5621 omnium
2751 5562 3147 5636 pertinentem
3179 5582 3317 5623 cum
3338 5566 3658 5625 concordia
