4078 6166
427 148 524 203 131

417 270 818 342 requiramus.
853 270 963 322 Aut
1004 264 1049 320 si
1080 260 1471 337 placet,nullo
1486 258 1678 315 medio
1710 253 2072 327 interposito,

418 360 583 431 prius
615 357 929 413 nobiscum
960 354 1081 408 sive
1104 349 1523 423 perepistolas,
1550 348 1674 402 sive
1696 361 1800 418 per
1822 343 2078 398 collocu-

418 448 641 502 tionem
665 450 841 516 atque
866 443 1201 505 lectionem,
1222 432 2029 511 ubiplacuerit,conieramus
2060 446 2073 485 :

420 552 494 590 ne
527 536 673 589 forte
721 534 1188 601 intemperantes
1239 527 1507 583 nonnulli
1536 525 1835 581 auditores
1871 520 2079 576 malint

421 623 593 695 quasi
606 628 875 677 nostrum
889 625 1237 690 exspectare
1254 622 1768 686 certamen,quam
1783 612 1855 667 de
1876 616 2080 665 nostra

422 712 679 767 salutein
700 717 900 765 nostra
932 708 1322 763 collocutione
1353 705 1608 774 cogitare
1639 720 1650 758 :
1681 708 1739 758 ut
1769 699 1934 773 quod
1960 698 2081 754 fue-

422 801 496 858 rit
522 802 670 855 inter
697 815 806 855 nos
839 798 1248 862 terminatum,
1280 802 1485 866 postea
1534 808 1638 865 per
1675 807 1786 846 nos
1819 788 2081 861 populus

420 889 649 946 noverit
678 894 813 955 ;aut
852 888 897 941 si
926 903 1031 957 per
1066 885 1353 957 epistolas
1388 883 1481 953 agi
1526 881 1737 953 placet,
1778 880 1927 951 ipsa
1958 878 2081 950 ple-

422 979 603 1034 bibus
620 978 955 1040 recitentur,
988 980 1050 1029 ut
1076 973 1403 1045 aliquando
1420 986 1538 1025 non
1556 970 1779 1042 plebes,
1796 968 1901 1023 sed
1916 966 2086 1039 plebs

424 1084 545 1123 una
572 1067 816 1121 dicatur.
852 1065 1100 1119 Prorsus
1140 1063 1288 1117 sicut
1330 1060 1612 1123 volueris,
1645 1057 2083 1128 sicutjusseris,

427 1157 575 1210 sicut
618 1154 719 1209 tibi
752 1152 1061 1224 placuerit,
1094 1152 1343 1206 libenter
1383 1149 1730 1220 amplector.
1760 1146 1825 1200 Et
1857 1146 1930 1199 de
1961 1145 2088 1200 ani-

426 1262 524 1299 mo
543 1242 867 1298 beatissimi
890 1248 1169 1296 etvenera
1183 1240 1311 1294 bilis
1335 1237 1476 1293 mihi
1501 1236 1685 1309 patris
1700 1236 1908 1290 Valerii
1928 1249 2089 1289 nunc

426 1334 686 1388 absentis
718 1336 839 1386 tota
871 1329 1178 1384 securitate
1211 1328 1495 1399 polliceor
1522 1326 1781 1380 hoceum
1798 1339 1933 1379 cum
1965 1338 2090 1378 ma-

427 1437 546 1491 gna
584 1421 782 1475 latitia
813 1421 1229 1490 cogniturum:
1265 1417 1404 1471 novi
1444 1416 1603 1470 enim
1635 1420 1929 1487 quantum
1962 1411 2090 1465 dili-

427 1518 527 1581 gat
556 1527 791 1581 pacem,
826 1516 885 1562 et
911 1508 1078 1563 nulla
1110 1508 1247 1561 vani
1274 1506 1465 1560 fastus
1492 1504 1773 1559 inanitate
1813 1502 2089 1573 jactetur.

500 1606 550 1654 5.
582 1603 744 1669 Rogo
770 1604 823 1653 te
855 1599 1000 1667 quid
1033 1596 1206 1650 nobis
1240 1602 1327 1650 est
1350 1611 1488 1649 cum
1536 1593 1832 1647 veteribus
1861 1589 2094 1644 dissen-

430 1687 697 1743 sionibus
728 1688 754 1740 ³2
790 1686 1109 1757 Hucusque
1152 1686 1393 1738 vulnera
1428 1682 1526 1736 illa
1558 1681 1924 1749 duraverint,
1957 1693 2095 1749 qua

430 1775 781 1832 animositas
813 1775 1126 1830 hominum
1148 1772 1544 1844 superborum
1568 1771 1781 1824 nostris
1808 1764 2093 1822 membris

432 1863 641 1919 inﬂixit
676 1884 689 1931 ;
722 1880 980 1935 quorum
1013 1858 1767 1932 vulnerumputrefactione
1793 1858 1971 1912 etiam
1992 1855 2098 1911 do-

434 1954 620 2009 lorem
635 1952 1028 2026 perdidimus,
1046 1968 1167 2023 quo
1195 1950 1340 2005 solet
1367 1948 1634 2004 medicus
1664 1944 1989 2019 implorari.
2005 1944 2097 2000 Vi.

434 2041 541 2097 des
566 2046 793 2113 quanta
824 2048 880 2095 et
909 2056 1091 2113 quam
1125 2037 1443 2093 miserabili
1478 2035 1739 2092 foeditate
1762 2035 2096 2090 christiana

435 2131 653 2187 domus
682 2128 1039 2200 familiaque
1070 2127 1353 2183 turbata‘
1386 2124 1525 2181 sint.
1559 2123 1741 2180 Mariti
1795 2128 1849 2179 et
1884 2138 2096 2178 uxores

436 2220 510 2274 de
542 2235 649 2274 suo
676 2218 826 2274 lecto
872 2215 978 2273 sibi
1031 2216 1431 2277 consentiunt,
1473 2216 1533 2268 et
1570 2212 1643 2269 de
1684 2211 1897 2269 Christi
1922 2210 2098 2278 altari

437 2303 807 2365 dissentiunt.
834 2309 937 2362 Per
963 2306 1127 2361 illum
1152 2303 1261 2359 sibi
1286 2303 1509 2375 jurant,
1538 2308 1603 2357 ut
1634 2303 1785 2357 inter
1809 2318 1870 2355 se
1883 2316 2097 2372 pacem

435 2393 796 2459 habeant,et
837 2397 895 2451 in
929 2392 1026 2449 illo
1068 2392 1289 2450 habere
1330 2409 1451 2447 non
1489 2396 1765 2463 possunt.
1806 2390 1924 2443 Filii
1957 2405 2097 2443 cum

437 2485 787 2558 parentibus
823 2500 1004 2538 unam
1031 2483 1281 2538 domum
1300 2478 1522 2536 habent
1547 2497 1741 2545 suam,
1775 2480 2095 2533 etdomum

443 2573 540 2630 Dei
570 2589 690 2628 non
724 2572 948 2627 habent
982 2587 1184 2626 unam.
1220 2569 1543 2624 Succedere
1575 2568 1633 2622 in
1671 2583 1879 2635 eorum
1914 2565 2098 2619 hare-

441 2662 687 2718 ditatem
707 2660 974 2731 cupiunt,
1008 2676 1141 2714 cum
1174 2658 1398 2730 quibus
1429 2654 1502 2711 de
1535 2655 2096 2711 ()hristihareditate

440 2751 726 2807 rixantur.
746 2746 905 2805 Servi
937 2748 1233 2803 etdomini
1261 2761 1644 2801 communem
1662 2744 1983 2798 Dominum
2005 2742 2096 2796 di-

439 2840 667 2905 vidunt,
717 2839 818 2910 qui
873 2836 1130 2893 formam
1171 2836 1320 2891 servi
1361 2835 1606 2906 accepit,
1644 2840 1703 2887 ut
1730 2850 1938 2888 omnes
1970 2847 2096 2886 ser-

438 2927 964 2984 viendoliberaret.
992 2927 1294 2981 Honorant
1314 2940 1423 2979 nos
1436 2923 1633 2988 vestri,
1668 2921 1963 2977 honorant
1986 2936 2095 2975 vos

438 3015 645 3072 nostri.
685 3018 786 3070 Per
815 3030 1103 3070 coronam
1135 3018 1399 3069 nostram
1433 3028 1543 3068 nos
1575 3011 1855 3082 adjurant
1894 3008 2093 3072 vestri,

439 3122 545 3178 per
570 3118 853 3161 coronam
871 3108 1128 3159 vestram
1148 3119 1252 3158 vos
1283 3099 1784 3173 adjurantuostri.
1812 3099 2092 3155 Omnium

437 3194 622 3249 verba
672 3193 1060 3264 suscipimus,
1108 3188 1411 3246 neminem
1459 3187 1763 3244 offendere
1794 3188 2091 3243 volumus.

438 3283 591 3347 Quid
623 3298 731 3337 nos
755 3280 919 3336 solus
935 3281 1198 3337 Christus
1223 3276 1489 3341 offendit,
1522 3277 1694 3349 cujus
1728 3274 2096 3331 membrala-

436 3369 716 3426 uiamus?
744 3372 807 3425 Et
836 3366 1372 3439 hominesquidem
1390 3383 1601 3422 causas
1633 3382 1776 3420 suas
1800 3363 2096 3419 seculares

437 3459 601 3529 apud
630 3474 731 3512 nos
754 3457 919 3512 finire
934 3454 1515 3526 cupientes,quando
1538 3453 1622 3508 eis
1644 3453 1959 3508 necessarii
1975 3451 2095 3507 fue-

438 3547 651 3612 rimus,
680 3548 760 3601 sic
789 3560 899 3601 nos
931 3549 1172 3600 sanctos
1200 3547 1256 3598 et
1278 3542 1377 3598 Dei
1419 3559 1621 3597 servos
1678 3542 2001 3614 appellant,
2036 3544 2098 3595 ut

440 3634 680 3707 negotia
706 3640 871 3691 terra
894 3652 1012 3690 sua
1045 3638 1364 3705 peragant:
1396 3628 1723 3703 aliquando
1754 3647 2011 3701 agamus
2043 3634 2101 3685 et

442 3740 555 3780 nos
570 3724 876 3794 negotium
892 3722 1099 3779 salutis
1125 3727 1339 3778 nostra
1363 3726 1417 3775 et
1434 3720 1638 3775 salutis
1670 3720 1958 3791 ipsorum,
1976 3734 2096 3775 non

442 3814 516 3869 de
542 3828 710 3880 auro,
752 3828 873 3868 nou
918 3812 992 3868 de
1024 3815 1289 3882 argento,
1328 3826 1445 3865 non
1495 3810 1570 3865 de
1601 3809 1801 3864 fundis
1832 3817 1889 3864 et
1928 3826 2099 3880 peco-

441 3902 632 3969 ribus,
668 3919 774 3975 pro
805 3901 1021 3975 quibus
1053 3900 1231 3957 rebus
1262 3896 1528 3971 quotidie
1572 3898 1869 3954 submisso
1900 3898 2098 3970 capite

444 3991 789 4059 talutamur,
821 3999 881 4046 ut
910 3988 1315 4045 dissensiones
1342 3988 1655 4044 hominum
1686 3989 2096 4053 terminemus,

444 4079 549 4135 sed
580 4081 652 4134 de
684 4080 816 4151 ipso
848 4080 1037 4150 capite
1096 4080 1300 4133 nostro
1337 4084 1458 4132 tam
1493 4075 1680 4146 turpis
1714 4074 1863 4131 inter
1906 4092 2012 4130 nos
2044 4080 2101 4130 et

442 4167 777 4239 perniciOsa
806 4166 1097 4221 dissensio
1127 4169 1233 4219 est.
1266 4161 1713 4231 Quantumlibet
1733 4163 1928 4233 capita
1954 4164 2100 4218 sub-

446 4255 802 4329 mittantqui
843 4270 952 4309 nos
986 4253 1268 4317 salutant,
1296 4256 1357 4307 ut
1387 4268 1490 4306 eos
1508 4251 1835 4307 concordes
1863 4253 1919 4306 in
1944 4257 2101 4308 terra

443 4344 760 4410 faciamus,
784 4343 858 4399 de
887 4341 1038 4399 calo
1069 4358 1258 4413 usque
1280 4341 1355 4397 ad
1388 4357 1620 4396 crucem
1638 4340 1998 4396 submissum
2014 4346 2101 4397 est

446 4438 621 4505 caput
641 4439 931 4499 nostrum,
964 4433 1021 4487 iu
1048 4446 1171 4502 quo
1198 4427 1521 4486 concordes
1553 4444 1674 4484 non
1702 4446 1934 4485 sumus.

519 4527 569 4578 6.
589 4524 750 4593 Rogo
777 4527 831 4577 te
856 4528 1034 4591 atque
1055 4516 1383 4583 obsecro,si
1408 4518 1565 4573 estin
1586 4523 1637 4573 te
1666 4518 1865 4589 aliqua
1892 4518 2102 4574 huma-

446 4612 819 4684 nitas,quam
836 4609 1005 4665 multi
1042 4607 1391 4681 pradicant,
1422 4606 1519 4662 hic
1548 4612 1837 4679 appareat
1864 4607 2101 4663 bonitas

446 4705 568 4769 tua,
601 4702 648 4755 si
679 4716 794 4756 non
808 4707 1047 4771 propter
1076 4697 1334 4754 honores
1366 4696 1735 4752 transitorios
1761 4696 2098 4764 simulatur,

445 4795 511 4846 ut
540 4789 1005 4845 contremiscant
1033 4786 1091 4841 in
1121 4792 1173 4841 te
1203 4786 1423 4841 viscera
1453 4784 1891 4851 misericordia,
1925 4790 1981 4840 et
2008 4800 2103 4840 ve-

442 4876 514 4934 lis
545 4874 873 4950 aliquando
886 4890 1009 4932 rem
1023 4872 1234 4930 discuti
1248 4873 1529 4929 instando
1556 4873 1867 4930 nobiscum
1882 4873 2099 4930 oratio-

445 4967 647 5033 nibus,
685 4970 741 5022 et
771 4963 971 5021 omnia
1020 4961 1267 5036 paciﬁce
1298 4959 1659 5018 conferendo
1694 4978 1705 5017 :
1738 4978 1810 5018 ne
1868 4963 2099 5019 misera

446 5054 667 5128 plebes,
692 5066 830 5125 qua
872 5050 1087 5108 nostris
1132 5049 1463 5107 honoribus
1507 5049 1945 5121 obsequuntur,
1978 5066 2102 5121 pre-

450 5148 620 5199 mant
650 5158 761 5199 nos
792 5140 1102 5213 obsequiis
1116 5140 1240 5194 suis
1264 5137 1568 5212 injudicio
1600 5136 1701 5193 Dei
1734 5156 1747 5206 ;
1778 5139 1880 5194 sed
1905 5139 2101 5210 potius

446 5240 653 5288 nostra
686 5247 806 5287 non
842 5232 978 5286 ﬁcta
1029 5228 1311 5285 charitate
1362 5226 1677 5283 nobiscum
1702 5234 1992 5283 revocata
2024 5228 2101 5282 ab

450 5312 749 5377 erroribus
779 5317 1425 5381 etdissensionibus,in
1453 5314 1718 5372 veritatis
1752 5320 1806 5372 et
1836 5316 2103 5389 pacisiti-

515 5525 531 5555 ί
562 5523 687 5573 Mss.
720 5537 828 5583 sex,
867 5527 1084 5587 turpata

1648 134 1651 139 ’
1698 132 1760 189 S.
1804 124 2195 189 AUGUSTINI
2235 125 2556 183 EPISCOPI

3729 108 3840 171 132

2181 285 2329 325 nera
2358 268 2707 336 dirigantur.
2738 266 2885 336 Opto
2918 266 2973 318 te
3011 272 3214 317 eoram
3253 256 3441 314 oculis
3474 254 3571 312 Dei
3596 253 3844 312 beatum

2184 374 2332 427 esse,
2364 356 2604 413 domine
2636 349 3005 410 honorabilis
3035 354 3093 405 et
3119 345 3520 403 dilectissime.

2651 443 2884 498 EPISTO
2896 444 2981 496 LA
3023 438 3228 495 XXXIV
3255 439 3268 453 ’
3292 438 3392 502 (a).

2192 538 2271 593 De
2290 538 2533 605 juvene,
2561 534 2663 604 qui
2694 536 2943 588 matrem
2998 529 3217 585 cadere
3247 525 3475 588 solitus,
3529 522 3764 580 demum
3794 528 3846 578 et

2256 631 2513 680 mortem
2534 622 2795 677 minatus
2829 618 3071 674 transiit
3084 618 3165 672 ad
3183 613 3543 677 Donatistas,
3576 610 3852 681 abiisque

2257 715 2470 768 iterato
2487 710 2812 779 baptizatus
2826 714 2928 763 est.
2948 704 3113 771 Quod
3123 719 3198 761 an
3211 701 3587 759 Proculeiani
3597 700 3857 769 episcopi

2260 803 2546 857 mandato
2558 801 2790 871 factum
2803 797 2995 863 sit,uti
3005 794 3309 865 presbyter
3322 793 3506 861 ipsius
3530 791 3731 847 Victor
3741 806 3855 858 pu-

2265 891 2414 946 blico
2432 890 2630 959 ofﬁcio
2642 888 3042 951 renuntiarat,
3058 882 3283 954 inquiri
3293 881 3557 951 postulat
3569 880 3858 950 Augusti-

2264 996 2396 1043 nus,
2424 976 2793 1035 seseinterim
2823 980 3104 1045 paratum
3146 987 3411 1029 asserens
3437 969 3518 1026 ad
3533 975 3739 1036 totam,
3768 969 3860 1023 εἰν

2266 1068 2697 1123 Proculeianus
2749 1066 2913 1128 velit,
2962 1060 3293 1119 schismatis
3336 1072 3579 1116 causam
3620 1057 3861 1127 placide

2267 1155 2760 1226 pertractandam
2773 1196 2786 1208 .

2198 1247 2454 1301 Domino
2467 1244 2683 1300 eximio
2698 1243 3027 1313 meritoque
3057 1238 3441 1310 suscipiendo
3454 1240 3470 1273 ¹
3488 1242 3659 1308 atque
3670 1234 3863 1291 hono-

2486 1333 2657 1389 rabili
2700 1331 2864 1387 fratri
2898 1332 3158 1393 Eussmo,
3202 1333 3570 1383 Aucusrmus.

2275 1426 2323 1478 1.
2341 1423 2463 1479 Scit
2484 1422 2766 1484 Deus,cui
2801 1419 3113 1475 manifesta
3127 1422 3499 1472 suntarcana
3527 1411 3725 1469 cordis
3749 1411 3864 1467 hu-

2205 1513 2706 1584 mani,quantum
2721 1526 2928 1582 pacem
2957 1507 3142 1576 diligo
3174 1505 3588 1569 christianam,
3624 1507 3863 1558 tantum

2203 1620 2299 1659 me
2328 1602 2550 1657 moveri
2582 1598 2885 1671 sacrilegis
2923 1615 3131 1653 eorum
3156 1596 3345 1664 factis,
3371 1596 3471 1667 qui
3495 1594 3554 1649 in
3585 1594 3714 1663 ejus
3738 1593 3865 1647 dis-

2203 1691 2478 1747 seusione
2505 1690 2746 1759 indigne
2762 1696 2940 1760 atque
2967 1687 3148 1757 impie
3165 1690 3575 1756 perseverant;
3597 1697 3863 1753 eumque

2205 1786 2437 1836 motum
2481 1779 2663 1835 animi
2694 1777 2809 1833 mei
2864 1792 2989 1832 esse
3041 1773 3382 1847 paciﬁcum,
3439 1787 3634 1844 neque
3666 1784 3762 1825 me
3799 1768 3866 1823 id

2202 1886 2380 1929 agere
2414 1876 2474 1925 ut
2504 1869 2581 1923 ad
2605 1868 3099 1923 communionem
3133 1863 3501 1919 catholicam
3531 1860 3863 1932 quisquam

2204 1966 2451 2027 cogatur
2481 1959 2720 2021 invitus,
2753 1955 2857 2011 sed
2881 1959 2943 2010 ut
2973 1952 3257 2009 omnibus
3286 1949 3625 2007 errantibus
3652 1960 3866 2021 aperta

2203 2049 2419 2103 veritas
2432 2045 2782 2110 declaretur,
2808 2050 2862 2100 et
2885 2061 2988 2115 per
3014 2047 3277 2098 nostrum
3304 2039 3726 2101 ministerium,
3744 2040 3864 2092 Deo

2201 2137 2469 2208 juvante,
2498 2134 2877 2190 manifestata
2906 2149 2968 2188 se
3006 2130 3483 2203 amplectendam
3534 2132 3712 2200 atque
3739 2141 3867 2181 sec-

2208 2226 2453 2281 tandam
2487 2224 2628 2279 satis
2663 2223 2791 2294 ipsa
2813 2220 3193 2293 persuadeat.

2278 2318 2329 2368 2.
2365 2312 2517 2379 Quid
2548 2312 2705 2366 enim
2726 2308 3173 2370 exsecrabilius,
3206 2322 3413 2379 quaso
3432 2311 3505 2369 te,
3543 2310 3605 2360 ut
3633 2304 3749 2359 alia
3781 2308 3870 2358 ta-

2206 2419 2396 2467 ceam,
2413 2416 2596 2473 quam
2612 2399 2669 2454 id
2684 2398 2847 2471 quod
2862 2413 3020 2453 nunc
3033 2394 3623 2465 acciditYCorripitur
3651 2392 3867 2462 abepi-

2206 2506 2390 2561 sc0po
2412 2505 2519 2544 suo
2546 2489 2805 2559 juvenis,
2835 2487 3056 2542 crebris
3075 2486 3341 2540 cadibus
3366 2485 3570 2539 matris
3590 2486 3863 2545 insanus,

2206 2585 2263 2635 et
2292 2580 2509 2649 impias
2542 2594 2757 2633 manus
2791 2592 2900 2632 nec
2929 2576 3041 2630 illis
3060 2575 3296 2638 diebus,
3322 2591 3457 2628 cum
3489 2572 3672 2627 etiam
3703 2586 3869 2625 seve-

2204 2668 2349 2723 ritas
2406 2666 2609 2735 legum
2667 2663 3138 2720 sceleratissimis
3196 2664 3405 2734 parcit,
3458 2679 3496 2717 a
3532 2658 3868 2715 visceribus

2207 2758 2366 2811 unde
2394 2761 2566 2810 natus
2591 2760 2675 2808 est
2703 2768 3012 2808 revocans.
3044 2751 3499 2807 Minatureidem
3519 2749 3692 2804 matri
3724 2765 3787 2803 se
3806 2748 3869 2803 in

2204 2851 2437 2916 partem
2454 2843 2659 2897 Donati
2681 2842 3087 2903 transiturum,
3107 2846 3160 2895 et
3178 2855 3311 2895 eam
3325 2856 3506 2911 quam
3533 2836 3869 2893 incredibili

2206 2929 2402 2987 furore
2421 2932 2567 2986 solet
2593 2930 2819 2985 cadere
2841 2936 3309 3001 perempturum.
3346 2928 3592 2982 Minatur
3605 2927 3677 2996 ei,
3709 2933 3871 2980 tran-

2207 3022 2279 3075 sit
2310 3021 2386 3076 ad
2414 3026 2646 3091 partem
2675 3017 3317 3089 Donati,rebaptizatur
3345 3016 3713 3082 furens,etin
3737 3030 3869 3069 ma-

2203 3114 2439 3165 ternum
2492 3109 2849 3177 sanguinem
2889 3107 3147 3162 fremens
3183 3106 3333 3161 albis
3366 3105 3632 3161 vestibus
3659 3105 3869 3160 candi-

2205 3198 2401 3254 datur.
2428 3197 2810 3253 Constituitur
2849 3197 3003 3251 intra
3050 3193 3346 3251 cancellos
3384 3197 3652 3250 eminens
3679 3199 3871 3265 atque

2206 3286 2592 3358 conspicuus,
2626 3292 2680 3340 et
2712 3286 2984 3341 omnium
3017 3285 3386 3353 gementium
3428 3283 3617 3339 oculis
3662 3282 3873 3338 matri-

2206 3376 2343 3433 cidii
2378 3375 2694 3431 meditator
2721 3381 3010 3446 tanquam
3033 3381 3355 3430 renovatus
3384 3372 3734 3444 opponitur.

2278 3466 2311 3519 3
2350 3465 2615 3519 Haecine
2655 3462 2896 3519 tandem
2922 3463 3026 3518 tibi
3069 3462 3325 3531 placent,
3351 3461 3433 3516 vir
3459 3461 3813 3531 gravissime
3843 3457 3876 3513 ῗ

2205 3557 2590 3626 Nequaquam
2603 3553 2716 3607 hoc
2729 3553 2802 3607 de
2818 3558 2870 3606 te
2883 3550 3239 3607 crediderim
3257 3570 3269 3609 :
3286 3550 3426 3605 novi
3443 3549 3878 3605 consideratio-

2206 3658 2347 3698 nem
2378 3647 2566 3697 tuam.
2584 3641 2835 3697 Caditur
2850 3648 3039 3696 mater
3056 3640 3388 3695 carnalisin
3425 3638 3715 3694 membris
3737 3640 3877 3710 qui-

2206 3732 2322 3788 bus
2339 3732 2612 3800 genuitet
2628 3730 2871 3785 nutrivit
2886 3730 3187 3798 ingratum
3205 3745 3219 3795 ;
3240 3728 3511 3800 prohibet
3546 3729 3661 3784 hoc
3682 3728 3879 3783 Eccle-

2208 3819 2859 3891 siamaterspiritualis,
2887 3818 3134 3873 caditur
3164 3828 3221 3873 et
3244 3819 3447 3890 ipsain
3465 3816 3881 3875 Sacramentis

2206 3910 2430 3982 quibus
2446 3909 2711 3977 genuitet
2727 3908 3293 3977 nutrivitingratum.
3311 3910 3514 3963 Nonne
3527 3906 3627 3962 tibi
3642 3906 3884 3962 videtur

2207 3997 2427 4054 dixisse
2446 3995 3344 4069 parricidaliterfrendenszouid
3364 3995 3577 4051 faciam
3596 3994 3880 4051 Ecclesia

2207 4102 2341 4159 qua
2356 4102 2452 4141 me
2468 4085 2736 4156 prohibet
2756 4086 2978 4139 cadere
2995 4090 3245 4141 matrem
3260 4101 3456 4140 meam
3470 4086 3497 4140 ?
3511 4085 3710 4140 inveni
3722 4084 3881 4156 quid

2208 4174 2454 4231 faciam:
2471 4175 2930 4244 injuriisquibus
2945 4179 3134 4246 potest
3147 4174 3327 4229 etiam
3340 4173 3471 4245 ipsa
3484 4173 3751 4239 feriatur;
3768 4172 3884 4229 ﬁat

2208 4264 2269 4319 in
2284 4281 2378 4320 me
2394 4263 2618 4336 aliquid
2635 4264 2792 4318 unde
2808 4263 3140 4330 membraei
3154 4262 3486 4318 usdoleaut.
3512 4262 3742 4317 Vadam
3768 4263 3884 4317 mi-

2208 4353 2267 4408 hi
2281 4353 2357 4409 ad
2373 4370 2473 4408 eos
2494 4353 2597 4423 qui
2616 4358 2907 4407 noverunt
2927 4350 3246 4407 exsufﬂare
3265 4352 3520 4421 gratiam
3553 4351 3610 4405 in
3630 4367 3757 4423 qua
3789 4352 3881 4406 illi

2209 4448 2385 4497 natus
2399 4441 2851 4505 sum,destruere
2866 4440 3109 4497 formam
3122 4455 3303 4511 quam
3315 4440 3372 4495 in
3389 4448 3555 4495 utero
3566 4440 3617 4511 ej
3630 4457 3695 4494 us
3708 4456 3884 4495 accc-

2209 4530 2292 4603 pi.
2308 4530 2522 4585 Ambas
2537 4536 2756 4585 matres
2772 4544 2938 4584 meas
2957 4528 3124 4583 savis
3143 4529 3505 4584 cruciatibus
3524 4534 3841 4601 torqueam
3864 4546 3879 4585 :

2210 4636 2345 4693 qua
2361 4636 2445 4674 me
2459 4618 2748 4691 posterior
2762 4617 3215 4689 peperit,etferat
3227 4618 3498 4690 prior.Ad
3519 4620 3553 4673 h
3564 4619 3619 4688 uj
3631 4635 3697 4672 us
3711 4617 3885 4675 dolo-

2210 4724 2333 4764 rem
2346 4708 2747 4780 ,spiritualiter
2761 4709 2980 4763 moriar
2997 4726 3010 4774 ;
3027 4707 3103 4762 ad
3121 4706 3278 4762 illius
3296 4708 3542 4774 cadem,
3558 4707 3887 4763 carnaliter

2210 4797 2421 4853 vivam.
2439 4797 2589 4862 Quid
2604 4797 2765 4852 aliud
2782 4802 3209 4867 exspectamus,
3221 4796 3306 4850 vir
3318 4795 3680 4851 honorabilis
3696 4797 3886 4851 Euse-

2210 4883 2415 4951 bi,nisi
2430 4886 2561 4940 utin
2576 4885 2843 4940 miseram
2859 4885 3480 4949 mulierem,senectute
3494 4884 3855 4955 decrepitam
3867 4922 3886 4951 ,

2209 4973 2500 5029 viduitate
2520 4975 2889 5043 destitutam,
2926 4991 2957 5029 a
2999 4976 3174 5045 cujus
3198 4973 3466 5028 caedibus
3497 4974 3557 5029 in
3572 4972 3891 5030 Catholica

2211 5063 2699 5135 prohibebatur,j
2712 5080 2807 5118 am
2827 5062 3128 5117 donatista
3141 5079 3390 5117 securus
3404 5061 3707 5117 armetur?
3723 5063 3889 5128 Quid

2211 5152 2370 5207 enim
2407 5153 2571 5207 aliud
2604 5151 2931 5207 furibundo
2956 5150 3134 5207 corde
3156 5153 3454 5223 concepit,
3486 5165 3626 5207 cum
3656 5150 3896 5208 diceret

2276 5275 2290 5305 ¹
2326 5274 2557 5324 Mss.sex
2590 5274 2803 5331 habent,
2827 5274 3165 5337 suspicienda.

2275 5339 2295 5356 '
2319 5338 2395 5385 Ad
2416 5338 2553 5402 hanc
2583 5336 2953 5402 castigandam
2965 5338 3139 5387 collati
3172 5340 3298 5387 sunt
3315 5352 3345 5387 a
3371 5336 3625 5402 bg._c.4cc.
3647 5336 3702 5387 Η.
3720 5353 3773 5402 g.
3795 5352 3891 5401 εν.

2214 5410 2268 5450 n.
2303 5412 2343 5448 r.
2377 5400 2527 5464 s._sb.
2555 5406 2593 5450 t.
2622 5398 2745 5464 duo‘
2759 5413 2841 5454 vc.
2873 5402 3106 5464 quatuor
3136 5415 3184 5449 ν.
3214 5403 3268 5451 et
3297 5398 3434 5453 Am.‘
3452 5398 3590 5464 Bad._
3617 5398 3894 5464 ,ErfLov.

2280 5464 2350 5535 (a_)
2379 5462 2541 5535 Alias
2579 5463 2669 5512 168
2698 5476 2710 5512 :
2741 5476 2859 5528 qua
2892 5462 3078 5513 autem
3128 5464 3202 5517 31,
3223 5468 3352 5521 erat.
3405 5472 3547 5514 nunc
3570 5462 3650 5512 31.
3678 5463 3897 5529 Scripta

2212 5528 2339 5595 post
2368 5528 2720 5591 superiorem.
