4078 6166
75 21 3885 55 Ww—

136 191 220 248 433

138 311 680 371 matri:Transferam
719 325 817 368 me
858 307 918 367 in
946 315 1178 381 partem
1200 312 1433 375 Donati,
1461 310 1733 367 etbibam

138 401 622 473 sanguinemtnum
650 403 839 457 i’Ecce
875 401 1001 470 jam
1032 402 1396 457 conscientia
1428 406 1732 463 cruentus,

136 490 562 547 vestedealbatus
586 489 832 561 perfecit
852 494 1079 560 partem
1108 489 1548 560 pollicitationis
1564 506 1687 544 suae
1718 505 1731 554 ;

133 584 279 636 restat
289 594 418 651 pars
432 578 704 643 altera,nt
728 581 933 633 matris
947 580 1303 647 sanguinem
1324 578 1375 632 bi
1386 579 1500 633 bat.
1519 578 1574 633 Si
1594 593 1734 647 ergo

136 667 761 739 placentista,nrgeatur
799 683 834 722 a
855 667 1078 721 clericis
1105 672 1159 721 et
1199 666 1736 722 sanctiﬁcatoribus

134 757 461 822 suis,utintra
473 762 720 811 octavas
735 772 879 811 suas
894 760 1081 810 totum
1095 756 1259 826 quod
1276 754 1733 811 vovitexsolvat.

185 850 227 900 i.
245 846 440 900 Potens
454 850 543 899 est
566 844 809 916 quidem
825 843 1069 899 dextera
1084 844 1315 899 Domini
1328 860 1358 915 q
1370 860 1459 899 ue:
1475 844 1735 898 furorem

134 934 255 988 illius
271 933 796 1007 amesiraviduaet
819 931 1090 988 desolata
1111 939 1478 1004 compescat,
1498 939 1733 997 etcum,

131 1024 308 1094 quibus
332 1021 527 1077 modis
548 1022 725 1085 novit,
741 1039 778 1076 a
804 1026 921 1077 tam
939 1020 1626 1092 sceleratadispositione
1640 1022 1738 1077 de-

133 1117 300 1165 terreat
313 1129 328 1180 ;
342 1125 482 1165 veru
495 1118 756 1166 mtamen
768 1126 874 1182 ego
898 1115 1060 1165 tanto
1073 1110 1260 1165 animi
1278 1110 1483 1166 dolore
1496 1126 1736 1181 percus-

131 1200 367 1271 sus,quid
382 1199 644 1255 facerem
672 1198 1336 1270 nisisaltemloquerer?
1356 1202 1442 1253 An
1472 1215 1606 1254 vero
1629 1200 1737 1254 ista

130 1289 186 1342 illi
204 1288 427 1350 faciunt,
455 1295 517 1342 et
540 1286 685 1341 mihi
711 1288 940 1343 dicitur.
975 1290 1123 1342 Tace
1147 1288 1174 1343 ?
1204 1294 1487 1343 Avertata
1512 1303 1603 1343 me
1634 1291 1736 1344 Do-

130 1379 286 1432 minus
304 1376 457 1432 hanc
470 1375 828 1441 amentiam,
847 1383 1054 1431 utcum
1073 1377 1197 1447 ipse
1214 1376 1356 1431 mihi
1373 1376 1622 1447 imperet
1635 1393 1739 1448 per

129 1464 425 1535 Apostolnm
440 1479 647 1532 suum,
672 1465 897 1519 etdicat
911 1466 987 1520 ab
1005 1465 1289 1534 episcopo
1314 1464 1739 1534 refellioporte-

131 1570 173 1609 re
192 1554 449 1608 docentes
475 1568 618 1625 quae
640 1568 761 1609 non
784 1554 1170 1623 Oportet(Til.
1205 1560 1253 1618 t,
1273 1557 1343 1622 9),
1365 1569 1476 1622 ego
1501 1553 1739 1609 illorum

131 1642 1140 1713 indignationibusterritustaceam‘?
1171 1642 1339 1706 Quod
1366 1642 1524 1696 enim
1548 1641 1741 1713 publi-

131 1732 192 1785 cis
207 1734 368 1785 Gestis
383 1731 614 1786 haerere
628 1730 788 1785 volui
804 1738 923 1785 tam
948 1731 1306 1800 sacrilegum
1320 1731 1511 1795 nefas,
1528 1730 1606 1785 ad
1626 1730 1742 1786 hoc

130 1821 288 1889 utique
302 1820 476 1884 volui,
493 1835 572 1873 ne
588 1834 683 1873 me
696 1819 1038 1889 quisquam,
1056 1818 1385 1873 maximein
1400 1818 1531 1873 aliis
1546 1818 1741 1873 civita-

127 1910 247 1962 tibus
272 1908 361 1963 tibi
381 1915 803 1980 opportunum
831 1906 1023 1970 fuerit,
1051 1909 1165 1963 ista
1185 1907 1597 1978 deplorantem
1628 1909 1745 1962 ﬁn-

126 2012 231 2063 gere
257 1996 475 2068 aliquid
504 1997 850 2061 arbitretur,
879 1998 1127 2067 quando
1157 1998 1335 2051 etiam
1364 1998 1524 2067 apud
1553 1997 1742 2067 ipsam

128 2087 409 2157 Hipponem
459 2086 601 2157 jam
653 2085 889 2152 dicitur,
948 2099 1069 2139 non
1120 2084 1235 2140 hoc
1288 2086 1738 2140 Proculeianum

126 2175 395 2230 mandasse
426 2174 605 2246 quod
640 2173 951 2245 publicum
993 2175 1354 2249 renu.ntiavit
1382 2174 1668 2230 ofﬁcium.

176 2264 368 2329 5.0uid
388 2271 601 2319 autem
632 2264 961 2319 modestius
985 2278 1160 2333 agere
1192 2279 1536 2334 possumus,
1555 2278 1745 2335 quam

129 2362 173 2406 ut
190 2362 288 2408 tam
304 2368 550 2423 gravem
568 2368 838 2416 causam,
856 2368 960 2423 per
980 2358 1033 2406 te
1054 2360 1247 2407 tamen
1263 2354 1665 2424 agam,virum
1689 2357 1745 2410 et

124 2442 409 2497 clarissima
422 2441 720 2511 dignitate
736 2442 1136 2512 praeditum,et
1151 2442 1746 2498 considerantissima

126 2531 377 2587 voluntate
409 2529 811 2601 tranquillum
832 2529 859 2584 ?
882 2528 1019 2585 Peto
1042 2530 1239 2598 igitur,
1255 2531 1405 2585 sicut
1417 2531 1541 2600 jam
1569 2532 1745 2602 petivi

126 2636 203 2689 per
228 2619 418 2674 fratres
435 2626 684 2675 nostros
696 2619 890 2673 bonos
905 2624 1083 2690 atque
1096 2618 1377 2674 honestos
1408 2621 1563 2675 viros
1592 2636 1746 2693 quos

126 2706 331 2762 adtuam
350 2707 751 2764 Eximietatem
768 2708 909 2772 misi,
929 2716 1265 2779 utquserere
1279 2707 1542 2778 digneris
1560 2716 1745 2763 utrum

126 2797 437 2852 Proculeiani
455 2792 773 2869 presbyter
786 2797 977 2851 Victor
991 2812 1108 2851 non
1124 2795 1235 2852 hoc
1250 2796 1327 2851 ab
1340 2796 1623 2869 episcopo
1637 2815 1746 2853 suo

127 2886 432 2942 mandatum
460 2888 784 2957 acceperit,
799 2884 962 2957 quod
976 2886 1173 2941 ofﬁcio
1188 2885 1423 2958 publico
1455 2888 1749 2942 renuntia-

126 2978 184 3027 vit
208 2993 220 3041 ;
248 2991 317 3030 an
332 2976 481 3031 forte
496 2990 645 3031 cum
661 2981 714 3030 et
737 2973 867 3047 ipse
895 2974 1089 3029 Victor
1112 2973 1273 3030 aliud
1289 2974 1512 3043 dixerit,
1531 2977 1745 3032 falsum

124 3062 183 3116 illi
194 3064 335 3134 apud
355 3068 504 3120 Acta
521 3063 819 3136 prosecuti
834 3060 1138 3129 fuerint,ut
1156 3065 1348 3136 ipsam
1365 3070 1539 3119 totam
1555 3079 1745 3137 quass-

127 3153 304 3208 tionem
317 3154 730 3209 dissensionis
747 3162 963 3208 nostra!
979 3153 1208 3225 placide
1229 3159 1751 3225 pertractemus,ut

126 3244 354 3313 errorqui
362 3244 499 3314 jam
514 3242 876 3299 manifestus
890 3249 995 3307 est,
1013 3242 1383 3298 manifestius
1398 3243 1747 3308 innotescat,

124 3328 329 3386 libenter
340 3332 705 3403 amplector.
720 3331 1103 3387 Audivienim
1117 3332 1281 3402 quod
1300 3331 1531 3398 dixerit,
1553 3332 1751 3386 utsine

127 3420 342 3475 tumultu
366 3421 657 3492 populari
683 3420 1215 3475 adsintnobiscum
1239 3421 1374 3475 deni
1402 3434 1474 3476 ex
1501 3428 1751 3491 utraque

128 3514 257 3577 parte
284 3524 495 3581 graves
519 3510 828 3565 ethonesti
841 3506 969 3579 viri,
987 3509 1385 3564 etsecundum
1402 3510 1753 3581 Scripturas,

129 3597 240 3662 quid
254 3598 307 3652 in
322 3614 462 3655 vero
473 3598 577 3662 sit,
594 3600 1039 3669 perquiramus.
1053 3600 1197 3653 Nam
1214 3597 1358 3652 illud
1370 3600 1536 3669 quod
1548 3612 1755 3652 rursus

129 3699 236 3742 eum
258 3687 478 3743 dixisse
510 3686 790 3742 nonnulli
836 3688 912 3742 ad
943 3702 1035 3741 me
1076 3686 1463 3758 pertulerunt,
1504 3702 1609 3742 cur
1637 3700 1755 3741 non

123 3774 253 3829 ierim
266 3775 1003 3848 Constantinam,qnando
1018 3774 1097 3830 ibi
1115 3774 1312 3847 plures
1328 3776 1441 3847 ipsi
1459 3783 1647 3842 erant,
1663 3776 1755 3830 vel

124 3876 196 3916 me
216 3864 419 3920 debere
442 3867 530 3920 ire
554 3864 809 3921 lilevim
834 3866 875 3928 ί,
900 3864 1065 3936 quod
1081 3863 1216 3930 illic,
1247 3865 1757 3939 sicntperhibent,

122 3955 392 4011 concilium
409 3955 696 4026 proxime
710 3953 970 4008 habituri
987 3959 1143 4018 sunt,
1163 3953 1479 4009 ridiculum
1504 3960 1591 4008 est
1604 3955 1757 4011 dice-

122 4054 183 4103 re,
209 4044 370 4113 quasi
401 4044 483 4098 ad
518 4056 623 4098 me
649 4043 1097 4113 pertineatcura
1119 4044 1512 4115 propria,nisi
1540 4043 1756 4116 Hippoo

122 4133 287 4185 nensis
318 4131 624 4188 Ecclesiae.
670 4131 801 4186 Mihi
835 4136 956 4186 tota
1017 4130 1194 4201 hujus
1224 4132 1578 4202 quaestionis
1610 4133 1758 4188 ratio

122 4219 341 4275 maxime
372 4234 517 4276 cum
547 4219 937 4275 Proculeiano
961 4225 1069 4273 est.
1090 4220 1201 4275 Sed
1228 4222 1276 4275 si
1300 4220 1757 4293 forteimparem

120 4322 166 4360 se
191 4316 359 4378 putat,
392 4312 577 4380 cujus
612 4308 866 4364 voluerit
895 4308 1138 4376 collegae
1166 4309 1256 4381 sui
1288 4309 1565 4379 imploret
1591 4312 1760 4365 auxi-

122 4394 253 4453 lium.
278 4400 336 4453 In
360 4401 494 4454 aliis
518 4398 682 4454 enim
712 4396 1295 4453 civitatibustantum
1313 4400 1569 4469 agimus,
1593 4399 1759 4472 quod

122 4484 182 4539 ad
205 4488 516 4544 Ecclesiam
544 4487 1137 4559 pertinet,quantum
1167 4489 1379 4543 velnos
1394 4490 1757 4560 permittunt,

126 4574 195 4627 vel
220 4577 381 4632 nobis
400 4579 733 4648 imponunt
753 4576 1104 4631 earumdem
1134 4576 1435 4632 civitatum
1468 4576 1756 4649 episcopi,

127 4660 300 4720 fratres
334 4672 392 4721 et
428 4666 906 4721 consacerdotes
944 4668 1152 4720 nostri.

179 4753 224 4805 6.
252 4756 621 4827 Quanquam
657 4759 711 4807 et
733 4754 843 4808 iste
870 4754 973 4824 qui
996 4769 1057 4808 se
1085 4759 1166 4809 tot
1205 4766 1502 4810 annorum
1533 4752 1761 4826 episco‘

128 4852 245 4908 pum
276 4841 432 4909 dicit,
468 4841 702 4914 quidin
720 4856 815 4897 me
833 4842 1604 4915 tironetimeat,quominus
1637 4860 1761 4898 me-

128 4941 238 4983 eum
260 4931 680 4987 velitconferre
702 4944 1063 4995 sermonem,
1087 4946 1205 4986 non
1221 4932 1366 4986 satis
1394 4932 1657 5002 intelligo
1682 4932 1758 4986 :si

128 5016 424 5075 doctrinam
449 5018 792 5074 liberalium
815 5019 1325 5092 litterarum,quas
1346 5020 1492 5076 forte
1513 5021 1636 5092 ipse
1660 5027 1761 5076 aut

131 5119 228 5160 non
255 5109 476 5171 didicit,
508 5114 623 5163 aut
663 5106 1256 5180 minusdidicit,quid
1282 5110 1395 5164 hoc
1412 5111 1660 5181 pertinet
1686 5109 1759 5165 ad

132 5206 241 5249 eam
257 5202 676 5267 quaestionem,
698 5212 834 5268 quas
848 5196 941 5252 vel
961 5197 1033 5251 de
1055 5199 1274 5252 sanctis
1301 5199 1634 5269 Scripturis,
1666 5200 1761 5256 vel

134 5284 471 5341 documentis
501 5284 926 5341 ecclesiasticis
965 5290 1069 5341 aut
1095 5286 1351 5357 publicis
1384 5287 1760 5343 discutienda

136 5381 221 5433 est.
248 5373 302 5428 in
331 5376 559 5446 quibus
590 5371 688 5429 ille
712 5390 819 5446 per
850 5380 932 5430 tot
962 5390 1153 5431 annos
1176 5383 1469 5441 versatur,
1512 5378 1669 5432 unde
1701 5379 1758 5432 in

138 5462 205 5514 eis
229 5462 611 5521 deberetesse
638 5464 876 5535 peritior
901 5466 928 5517 Ἰ
955 5467 1254 5520 Postremo
1286 5473 1373 5520 est
1394 5466 1487 5521 hic
1508 5466 1684 5522 frater
1706 5474 1763 5521 et

193 5578 204 5609 '
226 5576 341 5628 iss.
367 5593 476 5635 sex.
500 5580 739 5631 Mileum.
764 5578 887 5628 Bad.
904 5581 1040 5638 Δια,
1063 5580 1330 5631 Milesium.
1359 5582 1463 5639 Er.,
1495 5580 1759 5631 Milesium.

1316 182 1830 242 EPISTOLARUM
1872 182 2159 243 CLASSIS
2202 184 2269 243 ΙΙ.

3400 195 3502 252 134

1850 309 2076 381 collega
2094 325 2280 379 meus,
2300 313 2647 368 Samsucius
2669 313 2989 387 episcopns
3001 319 3307 374 Turrensis
3320 320 3500 376 eccle-

1848 399 1972 463 siae,
1999 400 2099 471 qui
2134 402 2325 455 nullas
2357 401 2497 456 tales
2528 402 2751 467 didicit,
2776 405 2985 474 quales
3014 407 3121 460 iste
3143 408 3355 463 dicitur
3384 408 3501 463 for-

1848 486 2075 543 midare
2104 505 2117 541 :
2150 489 2275 559 ipse
2301 490 2473 554 adsit,
2497 496 2636 557 agat
2666 507 2802 545 cum
2839 492 3217 563 illo.Rogabo
3233 512 3389 561 eum,
3421 502 3496 561 et,

1847 581 1907 629 ut
1922 576 2161 632 conﬁdo
2186 594 2237 630 m
2257 578 2499 632 nomine
2513 580 2743 644 Christi,
2761 580 2929 635 facile
2946 582 3088 636 mihi
3106 585 3413 648 concedet,
3442 592 3503 641 ut

1845 665 2202 735 suscipiatin
2220 667 2331 720 hac
2346 681 2404 720 re
2420 666 2604 721 vicem
2625 684 2841 733 meam,
2857 676 2909 723 et
2924 686 3060 725 eum
3080 672 3366 727 Dominus
3394 690 3501 743 pro

1845 754 2083 808 veritate
2097 762 2438 822 certantem,
2456 759 2735 826 quamvis
2750 760 3396 830 sermoneimpolitum,
3421 770 3505 817 ta-

1844 858 1983 897 men
2017 859 2155 898 vera
2178 843 2295 897 ﬁde
2326 846 2648 910 eruditum,
2671 846 2820 899 sicut
2848 847 3227 913 conﬁdimus,
3254 850 3501 920 adjuva-

1848 931 1950 985 bit.
1995 932 2161 987 Nulla
2201 947 2342 1001 ergo
2361 949 2545 989 causa
2570 941 2677 997 est,
2710 951 2817 989 cur
2838 935 2913 990 ad
2943 936 3093 991 alios
3125 940 3322 993 nescio
3347 956 3502 1010 quos

1845 1019 2070 1075 deferat
2102 1023 2141 1087 ³,
2180 1036 2251 1075 ne
2282 1021 2434 1077 inter
2464 1038 2574 1077 nos
2604 1024 2768 1094 quod
2810 1023 2887 1078 ad
2915 1041 3022 1078 nos
3054 1026 3306 1096 pertinet
3335 1044 3502 1099 pera-

1846 1123 2080 1176 gamus.
2112 1112 2225 1166 Nec
2254 1118 2476 1179 tamen,
2512 1119 2574 1166 ut
2603 1112 2745 1176 dixi,
2779 1114 2958 1169 etiam
2994 1115 3126 1170 illos
3158 1116 3419 1188 defugio,
3454 1118 3503 1172 si

1845 1213 2053 1253 eorum
2086 1198 2210 1271 ipse
2243 1200 2436 1270 poscit
2475 1202 2785 1257 auxilium.

2324 1288 2654 1345 EPISTOLA
2684 1293 2877 1347 xxxv
2900 1293 3001 1362 (a).

1846 1376 2073 1432 Rursus
2088 1377 2426 1445 interpellat
2444 1378 2778 1440 Eusebium,
2796 1388 2858 1433 ut
2876 1381 3226 1437 clericorum
3242 1384 3505 1441 donatis-

1921 1471 2122 1522 tarum
2152 1466 2450 1521 licentiam
2510 1475 2673 1522 curet
2707 1472 3090 1525 coercendam
3138 1488 3246 1540 per
3281 1475 3504 1529 Procu-

1921 1555 2179 1609 leianum
2241 1557 2577 1622 episcopum
2611 1572 2626 1607 :
2659 1555 2918 1627 alioquin
2956 1566 3018 1612 ut
3075 1559 3148 1615 de
3197 1576 3257 1617 se
3294 1564 3503 1617 nullus

1919 1648 2232 1714 queratur,
2283 1643 2334 1696 si
2365 1643 2520 1698 hanc
2550 1644 2647 1698 illi
2675 1646 2936 1713 perferri
2986 1649 3045 1701 in
3085 1649 3357 1705 notitiam
3396 1664 3505 1718 per

1921 1732 2147 1787 codices
2173 1731 2441 1799 publicos
2480 1733 2709 1801 fecerit.

1852 1820 2108 1876 Domino
2139 1820 2356 1875 eximio
2392 1822 2721 1891 meritoque
2756 1823 3140 1894 suscipiendo
3173 1830 3226 1880 et
3258 1825 3511 1882 dilectis-

2156 1908 2309 1963 simo
2345 1908 2508 1964 fratri
2537 1912 2790 1975 Euserio,
2832 1912 3204 1969 AUGUSTINUS.

1926 2003 1972 2052 t.
1991 2000 2117 2053 Non
2133 2012 2244 2067 ego
2258 1998 2556 2053 recusanti
2572 1999 2859 2055 voluntati
2883 2002 3321 2071 tuaejudicium,
3353 2005 3509 2060 sicut

1850 2088 2017 2151 dicis,
2034 2087 2181 2141 inter
2196 2087 2510 2157 episcopos
2523 2088 2899 2144 subeundum
2917 2092 3204 2147 molestus
3232 2094 3509 2149 exhorta-

1852 2182 1941 2231 tor
1952 2174 2873 2247 autdeprecatorimposui.0uod
2888 2180 3121 2250 quidem
3136 2181 3357 2236 etiamsi
3374 2198 3511 2237 sua-

1851 2265 1990 2319 dere
2024 2263 2370 2327 voluissem,
2418 2280 2653 2335 possem
2686 2265 2935 2322 fortasse
2978 2267 3143 2324 facile
3192 2270 3507 2325 ostendere

1851 2369 2036 2424 quam
2060 2353 2259 2407 valeas
2280 2353 2547 2422 judicare
2566 2355 2715 2409 inter
2736 2372 2844 2410 nos
2864 2358 2919 2410 in
2939 2362 3058 2412 tam
3078 2358 3395 2415 manifesta
3417 2365 3510 2415 at-

1851 2459 1967 2514 que
1980 2449 2185 2513 aperta
2198 2457 2405 2506 causa,
2421 2443 2663 2514 etquale
2677 2443 2905 2499 sitillud
2920 2446 3081 2518 quod
3099 2445 3264 2512 facis,
3284 2453 3368 2513 ut,
3385 2463 3507 2503 non

1851 2532 2071 2587 auditis
2087 2530 2377 2601 partibus,
2380 2531 2508 2601 jam
2528 2531 2675 2586 ferre
2689 2549 2807 2588 non
2828 2535 3061 2590 dubites
3080 2552 3188 2607 pro
3205 2552 3324 2593 una
3342 2542 3507 2609 parte

1853 2620 2229 2683 sententiam,
2257 2620 2361 2690 qui
2392 2620 2684 2688 judicium
2715 2620 3069 2678 reformidas
3098 2640 3112 2689 ;
3146 2625 3248 2679 sed
3280 2625 3414 2691 hoc,
3450 2630 3513 2679 ut

1853 2709 1997 2773 dixi,
2026 2708 2258 2763 interim
2286 2710 2513 2763 omitto.
2544 2709 2693 2764 Nihil
2722 2718 2921 2765 autem
2954 2727 3306 2781 rogaveram
3347 2713 3509 2769 aliud

1854 2796 2271 2852 honorabilem
2299 2796 2731 2865 benignitatem
2748 2802 2936 2865 tuam,
2960 2801 3125 2871 quod
3151 2818 3356 2872 quaeso
3380 2809 3511 2857 tan-

1854 2886 1991 2940 dem
2007 2886 2064 2939 in
2082 2885 2194 2939 hac
2210 2885 2419 2940 saltem
2434 2885 2684 2957 epistola
2698 2887 2960 2957 digneris
2977 2890 3303 2955 advertere,
3321 2890 3513 2945 nisiut

1855 2988 2151 3045 quaereres
2164 2990 2199 3028 a
2212 2974 2824 3039 Procnleiano,utrum
2837 2977 2952 3031 hoc
2966 2978 3091 3048 ipse
3105 2978 3313 3034 dixerit
3326 2980 3512 3035 Victo-

1854 3062 1901 3117 ri
1925 3062 2275 3133 presbytero
2298 3079 2427 3127 suo,
2446 3064 2607 3134 quod
2634 3064 2711 3119 ab
2734 3080 2803 3120 eo
2823 3065 2935 3120 sibi
2961 3067 3185 3122 dictum
3203 3068 3511 3138 publicum

1856 3150 2120 3207 ofﬁcium
2150 3151 2509 3206 renuntiavit
2540 3170 2552 3219 ;
2584 3168 2661 3207 an
2693 3154 2836 3207 forte
2867 3155 2967 3225 qui
2998 3156 3159 3209 missi
3194 3160 3349 3220 sunt,
3384 3172 3506 3211 non

1856 3240 2021 3311 quod
2034 3257 2069 3294 a
2082 3240 2305 3295 Victore
2319 3241 2769 3308 audierunt,sed
2784 3241 2999 3297 falsum
3017 3244 3200 3299 Gestis
3217 3245 3513 3315 persecuti

1858 3331 1973 3383 sint
2000 3345 2013 3395 ;
2038 3328 2408 3400 deindequid
2423 3329 2504 3384 illi
2521 3329 2593 3384 de
2611 3335 2733 3385 tota
2747 3333 2876 3402 ipsa
2892 3332 3223 3404 quaestione
3237 3335 3291 3387 in
3305 3340 3386 3388 ter
3404 3349 3513 3388 nos

1859 3417 2239 3472 discutienda
2260 3417 2578 3472 videretur.
2605 3419 2870 3474 Arbitror
2892 3427 3093 3475 autem
3112 3436 3231 3475 non
3248 3420 3513 3491 jndicem

1867 3506 1990 3560 ﬁeri
2009 3507 2273 3578 eum,qni
2293 3512 2535 3576 rogatur
2557 3513 2617 3562 ut
2635 3508 2952 3577 interroget
2967 3509 3250 3580 aliquem,
3274 3517 3329 3565 et
3348 3509 3513 3581 quod

1866 3597 1917 3649 ei
1948 3610 2305 3665 responsum
2338 3594 2512 3649 fuerit
2539 3595 2861 3651 rescribere
2886 3597 3181 3667 dignetur.
3218 3598 3339 3653 Hoc
3371 3611 3513 3666 ergo

1866 3683 2043 3739 etiam
2063 3698 2220 3737 nunc
2235 3698 2380 3751 rogo
2406 3688 2464 3736 ut
2482 3682 2673 3738 facere
2698 3699 2816 3738 non
2835 3685 3115 3753 graveris,
3132 3686 3275 3757 quia
3292 3686 3514 3741 litteras

1867 3788 2054 3838 meas,
2077 3774 2229 3826 sicut
2251 3772 2425 3827 etiam
2451 3779 2728 3843 expertus
2750 3789 2905 3837 sum,
2927 3788 3046 3828 non
3068 3774 3190 3828 vult
3206 3774 3476 3845 accipere
3502 3792 3516 3842 ;

1866 3861 2030 3932 quod
2052 3862 2099 3914 si
2123 3860 2421 3923 voluisset,
2447 3874 2565 3914 non
2588 3862 2787 3931 utique
2806 3877 2911 3932 per
2930 3868 3089 3915 tuam
3107 3862 3515 3917 Eximietatem

1868 3950 1928 4004 id
1959 3963 2218 4017 agerem.
2253 3951 2398 4005 Cum
2427 3955 2627 4003 autem
2657 3949 2715 4003 id
2749 3965 2867 4005 non
2920 3950 3057 4016 vult,
3099 3950 3243 4022 quid
3270 3966 3515 4022 possum

1868 4038 2069 4092 mitius
2096 4039 2116 4072 ³
2145 4052 2341 4105 agere,
2372 4052 2557 4108 quam
2588 4044 2647 4091 ut
2674 4043 2852 4109 perte
2885 4038 3065 4095 talem
3096 4040 3310 4105 virum,
3338 4040 3519 4111 etqni

1867 4142 2004 4181 eum
2036 4125 2255 4194 diligis,
2289 4125 2681 4196 interrogetur
2711 4126 2959 4198 aliquid,
2994 4127 3151 4183 unde
3194 4144 3287 4183 me
3328 4134 3519 4185 tacere

1868 4232 2002 4271 mea
2052 4215 2285 4270 sarcina
2334 4214 2655 4285 prohibet?
2681 4217 2850 4281 Quod
2881 4222 3080 4272 autem
3114 4223 3305 4273 mater
3330 4234 3366 4273 a
3397 4216 3519 4273 ﬁlio

1868 4319 2041 4367 casa,
2076 4310 2191 4358 tuas
2223 4305 2491 4372 gravitati
2524 4305 2826 4376 displicuit
2856 4321 2872 4371 ;
2918 4306 3031 4363 Sed
3062 4306 3176 4375 ille,
3215 4306 3430 4368 dixisti,
3469 4306 3520 4361 si

1869 4395 2061 4457 sciret,
2096 4408 2131 4448 a
2159 4408 2585 4448 communione
2615 4411 2724 4449 sua
2753 4400 2874 4449 tam
2906 4394 3198 4450 nefarium
3235 4395 3519 4465 juvenem

1868 4482 2279 4553 prohibiturus
2310 4488 2482 4547 esset,
2517 4482 2761 4538 breviter
2787 4486 3122 4555 respondeo
3155 4501 3168 4538 :
3208 4485 3390 4539 modo
3427 4499 3521 4540 co-

1867 4571 2089 4640 gnovit,
2125 4569 2303 4625 modo
2335 4571 2667 4641 prohibeat.

1940 4664 1992 4715 2.
2011 4660 2183 4714 Addo
2201 4660 2378 4714 etiam
2396 4660 2555 4714 aliud
2575 4679 2588 4715 :
2605 4660 3023 4716 Subdiaconns
3039 4661 3350 4734 quondam
3374 4663 3523 4733 Spa-

1868 4748 2090 4803 niensis
2117 4748 2413 4813 Ecclesiae,
2438 4749 2733 4804 vocabulo
2760 4750 2993 4805 Primus
3015 4767 3151 4806 cum
3174 4750 3251 4806 ab
3275 4766 3520 4807 accessu

1869 4837 2314 4909 indisciplinato
2343 4838 2864 4894 sanctimonalium
2884 4840 3316 4911 prohiberetur,
3342 4846 3520 4912 atque

1868 4927 2145 4982 ordinata
2171 4934 2227 4983 et
2249 4942 2401 4982 sana
2424 4935 2719 5000 praecepta
2742 4936 3163 4994 contemneret,
3185 4945 3219 4984 a
3245 4928 3517 4984 clericatu

1867 5022 2132 5071 remotus
2153 5021 2258 5086 est,
2291 5021 2345 5070 et
2375 5015 2501 5086 ipse
2531 5016 2789 5072 irritatus
2821 5017 3112 5072 adversus
3140 5017 3517 5087 disciplinam

1868 5105 1971 5160 Dei
1998 5105 2291 5160 transtulit
2331 5120 2392 5160 se
2425 5104 2497 5160 ad
2528 5105 2680 5171 illos,
2714 5110 2770 5161 et
2790 5107 3190 5178 rebaptizatus
3216 5109 3324 5159 est.
3361 5108 3515 5160 Duas

1930 5274 1945 5305 ¹
1977 5270 2106 5324 Mss.
2150 5272 2418 5327 undecim,
2452 5272 2694 5335 (li/ferat,
2720 5273 2871 5330 Edd.,
2909 5274 3119 5335 deferat.

1930 5339 1947 5368 ²
1979 5335 2124 5389 Lov.,
2162 5336 2347 5383 minus.
2380 5338 2445 5385 At
2477 5337 2567 5384 alii
2599 5336 2757 5392 (λόει,
2794 5338 2991 5384 mitius.

1932 5398 1951 5416 '
1987 5397 2228 5464 Adhibitr
2250 5400 2437 5464 suntin
2460 5399 2619 5460 hujus
2637 5401 2945 5447 recensione
2962 5414 3017 5464 a.
3046 5398 3376 5464 bg.7bl.rc.ﬁcc.
3396 5399 3447 5464 ff.
3467 5414 3521 5464 g.

1869 5472 1956 5521 gv.
1983 5474 2034 5507 n.
2056 5473 2096 5507 r.
2114 5473 2163 5523 is.
2190 5460 2266 5508 sb.
2296 5474 2372 5509 vc.
2402 5461 2509 5509 duo
2540 5465 2576 5508 t.
2604 5464 2836 5523 quatuor
2858 5475 2906 5509 v.
2929 5460 3111 5510 etAm'.
3134 5463 3257 5512 Bad.
3285 5463 3368 5511 Er.
3394 5460 3521 5512 Lov.

1936 5524 2005 5591 (εξ)
2064 5522 2207 5591 Alias
2237 5523 2327 5571 169
2366 5535 2523 5591 {quas
2555 5522 2734 5572 autem
2768 5525 2828 5572 85
2856 5527 2985 5581 erat,
3022 5536 3167 5574 nunc
3196 5526 3273 5574 ﬂ.
3312 5526 3521 5591 Scripta

1869 5583 2027 5648 paulo
2063 5590 2181 5649 post
2216 5583 2566 5650 superiorem.
