4078 6166
510 275 605 331 151

477 401 554 455 tis
582 399 925 471 prandent;
958 403 1279 468 utrumque
1304 395 1581 452 videlicet
1620 394 2046 465 signiﬁcantes,
2077 400 2134 450 et

477 489 543 543 in
571 503 692 543 uno
736 485 1141 543 anniversario
1169 486 1265 542 die
1308 485 1534 541 luctum
1574 483 2025 556 discipulorum,
2075 489 2132 540 et

479 576 707 633 cateris
741 575 1008 631 sabbatis
1048 575 1262 647 quietis
1290 576 1538 630 bonum.
1566 574 1693 629 Duo
1718 574 1942 645 quippe
1970 579 2130 641 sunt,

475 664 638 736 quaj
649 668 917 719 ustorum
932 663 1451 728 beatitudinem,et
1467 663 1665 719 omnis
1679 663 1934 718 miseria
1948 663 2130 720 tinem

476 751 701 823 sperari
726 752 968 818 faciunt,
1004 768 1164 807 mors
1184 757 1241 807 et
1266 751 1617 807 resurrectio
1638 755 2031 807 mortuorum.
2065 752 2128 808 In

480 846 669 896 morte
690 841 925 912 requies
946 846 1057 903 est,
1090 841 1164 896 de
1209 857 1332 913 qua
1361 840 1575 896 dicitur
1604 855 1710 912 per
1736 840 2128 911 Prophetam:

473 930 650 985 Plebs
679 945 808 986 mea
838 931 1003 987 intra
1023 932 1085 985 in
1113 931 1363 987 cellaria
1388 937 1494 986 tua
1512 947 1535 993 ;
1558 929 1915 985 abscondere
1940 929 2131 998 pusil-

478 1019 602 1073 lum
630 1019 815 1075 donec
846 1024 1112 1076 transeat
1146 1022 1243 1076 ira
1270 1020 1506 1074 Domini
1532 1019 1695 1089 (Isai.
1729 1034 1886 1081 XXXI,
1922 1019 2030 1087 20).
2068 1023 2129 1075 In

478 1108 909 1163 resurrectione
931 1114 1132 1164 autem
1154 1109 1214 1163 in
1236 1108 1478 1164 homine
1494 1112 1638 1173 toto,
1656 1108 1712 1162 id
1736 1113 1843 1170 est,
1867 1108 1927 1163 in
1951 1123 2128 1165 carne

475 1203 531 1251 et
553 1197 765 1267 spiritu
778 1197 1038 1267 perfecta
1050 1196 1471 1252 felicitas.Hinc
1487 1196 1711 1252 factum
1733 1202 1819 1251 est
1834 1204 1893 1251 ut
1909 1197 2123 1253 horum

473 1285 732 1339 duorum
754 1290 1072 1357 utrumque
1087 1301 1208 1341 non
1228 1284 1695 1354 signiﬁcandum
1720 1291 2026 1357 putaretur
2046 1286 2126 1343 Ia-

476 1373 619 1429 bore
631 1374 861 1445 jejunii,
887 1376 991 1430 sed
1005 1375 1202 1445 potius
1214 1374 1866 1439 refectionishilaritate,
1884 1381 2127 1447 excepto

475 1462 742 1533 paschali
777 1478 896 1519 uno
927 1464 1204 1533 sabbato,
1229 1480 1351 1535 quo
1373 1463 1823 1535 discipulorum,
1864 1465 2013 1520 sicut
2041 1465 2127 1519 di-

476 1551 697 1616 ximus,
729 1551 925 1607 luctus
957 1557 1199 1624 propter
1229 1551 1314 1607 rei
1344 1558 1526 1624 gesta
1555 1553 1909 1609 memoriam
1937 1553 2128 1609 fuerat

467 1640 700 1709 jejunio
731 1640 1052 1709 prolixiore
1079 1640 1431 1709 signandus.

546 1730 771 1783 CAPUT
799 1729 935 1784 XIV.
964 1759 1031 1771 —
1051 1729 1142 1783 32.
1169 1728 1283 1785 Sed
1310 1729 1599 1800 quoniam
1623 1745 1744 1784 non
1764 1730 2125 1798 invenimus,

475 1820 539 1871 ut
564 1816 689 1887 jam
708 1832 894 1888 supra
916 1818 1409 1881 commemoravi,
1429 1818 1488 1873 in
1510 1818 1865 1888 evangelicis
1878 1824 1934 1873 et
1953 1834 2127 1890 apos-

476 1903 668 1960 tolicis
684 1905 1066 1977 Litteris,qua
1079 1906 1155 1961 ad
1168 1906 1313 1963 Novi
1328 1908 1687 1963 Testamenti
1707 1907 2125 1963 revelationem

475 1993 714 2065 proprie
735 1993 1049 2063 pertinent,
1078 1995 1249 2051 certis
1275 1995 1485 2051 diebus
1511 1995 1811 2067 aliquibus
1828 1996 2128 2052 evidenter

474 2086 841 2153 praceptum
862 2083 1234 2139 observanda
1250 2100 1379 2140 esse
1394 2085 1709 2155 jejunia,et
1727 2084 1858 2140 ideo
1876 2102 1968 2140 res
1980 2101 2128 2157 quo-

473 2185 592 2242 que
605 2170 899 2235 ista,sicut
918 2171 1047 2227 alia
1066 2172 1340 2243 plurima
1360 2189 1515 2244 quas
1527 2189 1876 2229 enumerare
1889 2174 2127 2229 difﬁcile

474 2263 579 2324 est,
610 2259 837 2315 invenit
857 2260 917 2315 in
938 2264 1100 2316 veste
1121 2261 1275 2316 illius
1299 2261 1436 2317 ﬁlia
1480 2265 1655 2332 regis,
1678 2263 1791 2318 hoc
1835 2273 1919 2318 est
1943 2264 2125 2319 Eccle-

473 2348 597 2413 sia,
620 2348 923 2405 varietatis
943 2349 1140 2404 locum
1164 2351 1474 2417 ;indicabo
1497 2351 1597 2407 tibi
1613 2352 1755 2423 quid
1769 2353 1914 2409 mihi
1932 2352 2126 2408 dehoc

470 2437 787 2508 requirenti
805 2438 1171 2508 responderit
1188 2440 1569 2496 venerandus
1586 2442 1997 2508 Ambrosius,a
2009 2458 2124 2514 quo

468 2525 803 2596 baptizatus
824 2526 1437 2598 sum,Mediolanensis
1462 2529 1800 2601 episcopus.
1814 2534 1961 2587 Nam
1982 2548 2120 2588 cum

465 2614 527 2669 in
557 2612 769 2669 eadem
791 2613 1022 2670 civitate
1044 2620 1235 2671 mater
1256 2632 1391 2672 mea
1411 2633 1649 2674 mecum
1670 2624 1843 2683 esset,
1868 2624 1926 2675 et
1950 2620 2123 2676 nobis

468 2702 666 2758 adhuc
679 2703 1111 2759 catechumenis
1128 2720 1334 2775 parum
1347 2706 1461 2761 ista
1477 2706 1948 2771 curantibus,illa
1961 2709 2124 2764 solli-

469 2789 794 2846 citudinem
816 2796 1044 2860 gereret
1066 2797 1266 2849 utrum
1298 2794 1630 2850 secundum
1654 2811 1881 2852 morem
1905 2803 2122 2853 nostra

468 2878 723 2934 civitatis
751 2879 863 2935 sibi
883 2887 1040 2935 esset
1061 2880 1314 2938 sabbato
1321 2882 1829 2954 jejunandum,an
1850 2885 2121 2942 Ecclesia

463 2966 927 3024 Mediolanensis
943 2984 1109 3025 more
1126 2971 1569 3042 prandendum,
1581 2978 1645 3027 ut
1660 2973 1773 3029 hac
1789 2990 1922 3030 eam
1941 2991 2123 3031 cunc-

464 3056 687 3112 tatione
698 3055 1394 3129 liberarem,interrogavi
1406 3059 1519 3116 hoc
1534 3062 1926 3133 supradictum
1945 3064 2122 3119 homi-

465 3158 603 3199 nem
634 3144 831 3199 Dei.At
871 3144 999 3201 ille:
1030 3146 1187 3213 Quid
1233 3164 1485 3216 possum,
1509 3149 1719 3222 inquit,
1748 3151 1887 3207 hinc
1916 3153 2125 3209 docere

468 3234 729 3302 amplius
753 3248 932 3304 quam
948 3234 1073 3303 ipse
1099 3235 1261 3305 facio
1281 3238 1310 3292 ?
1332 3238 1439 3294 Ubi
1466 3254 1577 3309 ego
1604 3245 1956 3310 putaveram
1974 3242 2122 3297 nihil

466 3337 605 3378 eum
626 3322 743 3378 ista
782 3324 1170 3393 responsione
1208 3327 1586 3397 pracepisse,
1627 3327 1833 3384 nisiut
1870 3330 2123 3386 sabbato

463 3412 937 3481 pranderemus;
982 3412 1097 3467 hoc
1118 3414 1342 3484 quippe
1386 3415 1584 3485 ipsum
1602 3416 1794 3471 facere
1820 3418 2119 3474 sciebam:

462 3497 568 3552 sed
580 3496 674 3552 ille
696 3504 938 3554 secutus
955 3499 1191 3571 adjecit,
1221 3502 1472 3569 Quando
1486 3504 1580 3561 hic
1598 3520 1750 3571 sum,
1780 3522 1900 3561 non
1910 3510 2122 3577 jejuno

462 3586 710 3642 sabbato
735 3604 753 3653 ;
776 3588 1017 3658 quando
1042 3591 1240 3647 Romae
1259 3606 1412 3659 sum,
1426 3594 1637 3663 jejuno
1658 3595 1939 3652 sabbato:
1961 3604 2013 3652 et
2045 3598 2125 3655 ad

474 3689 910 3748 quamcumque
935 3678 1267 3736 Ecciesiam
1299 3681 1587 3748 veneritis,
1609 3682 1824 3756 inquit,
1848 3688 1972 3753 ejus
1994 3702 2123 3744 mo-

464 3777 589 3819 rem
600 3765 911 3832 servate,si
928 3768 1425 3836 patiscandaium
1437 3786 1557 3827 non
1580 3773 1762 3829 vultis
1773 3782 1879 3830 aut
1897 3775 2122 3841 facere.

467 3852 590 3908 Hoc
627 3867 984 3924 responsum
1015 3856 1187 3912 retuli
1226 3858 1301 3913 ad
1346 3864 1622 3929 matrem,
1656 3862 1829 3934 eique
1872 3864 2123 3930 suffecit,

469 3956 581 3997 nec
603 3941 1038 4001 dubitavitesse
1050 3945 1457 4003 obediendum
1472 3949 1605 4005 :hoc
1617 3950 1795 4006 etiam
1816 3968 1927 4007 nos
1941 3953 2125 4010 secuti

466 4046 700 4086 sumus.
728 4031 841 4087 Sed
885 4035 1175 4104 quoniam
1200 4037 1506 4108 contingit,
1540 4040 1800 4095 maxime
1822 4040 1881 4096 in
1912 4041 2122 4109 Africa,

465 4124 532 4173 ut
559 4134 681 4174 una
721 4120 979 4178 Ecclesia
1022 4122 1117 4179 vel
1143 4124 1319 4179 unius
1357 4126 1617 4196 regionis
1650 4127 1944 4195 Ecclesia,
1973 4131 2124 4187 alios

466 4205 998 4266 habeantsabbato
1010 4212 1395 4282 prandentes,
1418 4213 1567 4271 alios
1597 4215 1970 4287 jejunantes;
1996 4236 2126 4275 mos

466 4309 676 4351 eorum
700 4296 849 4353 mihi
863 4299 1210 4370 sequendus
1227 4300 1703 4374 videtur,quibus
1715 4320 1921 4360 eorum
1939 4323 2124 4378 popu-

465 4384 664 4440 lorum
685 4388 1070 4457 congregatio
1092 4390 1351 4460 regenda
1367 4392 1693 4448 commissa
1708 4396 1941 4460 est.Qua
1953 4411 2129 4467 prop-

463 4474 552 4528 ter
572 4472 619 4528 si
637 4474 886 4530 consilio
909 4492 1064 4541 meo,
1083 4479 1412 4549 prasertim
1426 4480 1571 4550 quia
1586 4482 1648 4536 in
1663 4481 1776 4537 hac
1788 4499 1969 4539 causa
1993 4484 2126 4556 plus

464 4560 615 4617 forte
633 4578 823 4634 quam
846 4565 992 4621 satis
1016 4565 1207 4633 fuit,te
1228 4573 1466 4640 petente
1479 4574 1657 4641 atque
1680 4577 1942 4641 urgente,
1960 4577 2128 4629 locu-

465 4652 561 4706 tus
602 4667 761 4718 sum,
798 4652 1049 4711 libenter
1079 4658 1449 4729 acquiescis;
1476 4658 1762 4732 episcopo
1802 4666 1903 4717 tuo
1928 4664 1988 4718 in
2014 4663 2127 4719 hac

467 4752 532 4794 re
561 4739 684 4795 noli
709 4742 1004 4814 resistere,
1037 4751 1093 4801 et
1122 4746 1289 4817 quod
1309 4746 1446 4803 facit
1474 4747 1628 4819 ipse,
1660 4749 1787 4805 sine
1817 4750 1934 4807 ullo
1968 4768 2126 4808 scru-

468 4826 611 4899 pulo
639 4828 733 4884 vel
761 4828 1187 4902 disceptatione
1208 4841 1451 4892 sectare.

898 4921 1235 4980 EPISTOLA
1272 4926 1509 4982 xxxvn'
1546 4927 1649 4998 (a).

465 5008 957 5084 Gratulatursibi
968 5014 1334 5084 Augustinus
1363 5016 1687 5073 litterarias
1697 5031 1835 5073 suas
1854 5019 2127 5075 lucubra-

537 5082 723 5138 tiones
756 5082 874 5153 legi
901 5088 966 5161 et
981 5082 1311 5161 approbari
1335 5102 1372 5142 a
1412 5088 1806 5161 Simpliciano
1834 5102 1854 5159 ,'
1888 5092 2128 5161 ejusque

534 5167 799 5209 censuras
828 5154 1070 5225 subjicit
1093 5164 1216 5212 tum
1234 5165 1476 5213 caeteros
1505 5154 1639 5215 suos
1658 5154 1857 5225 libros,
1883 5154 2004 5216 tum
2028 5154 2125 5219 eos

531 5239 675 5293 quos
691 5226 1079 5296 dequaestioni
1084 5229 1187 5284 bus
1200 5229 1273 5284 ab
1289 5229 1413 5298 ipso
1424 5232 1740 5300 propositis
1754 5234 2123 5302 conscripsit.

468 5309 718 5368 Domino
761 5314 1108 5373 beatissimo
1156 5322 1212 5373 et
1267 5318 1675 5374 venerabiliter
1725 5320 2127 5379 sincerissima

525 5416 554 5487 ἢ
583 5416 771 5487 Deerat
791 5420 845 5487 i_n
867 5421 964 5472 hoc
988 5426 1148 5473 tomo.
1184 5425 1276 5473 Hic
1295 5425 1437 5474 edita
1459 5428 1538 5474 est
1562 5425 1765 5475 collatis
1792 5431 1950 5477 antea
1977 5428 2124 5478 libris

467 5481 705 5589 qiuainelqgn
733 5481 931 5532 habent
950 5486 1224 5547 praﬁxam
1251 5488 1396 5536 libris
1427 5488 1783 5551 quastionum
1820 5490 1883 5538 ad
1916 5489 2125 5553 Simpli-

505 5604 600 5682 τερ)
631 5604 704 5682 Ex
737 5606 961 5682 4”?me
988 5624 1139 5675 :qua
1162 5616 1345 5663 autem
1368 5614 1428 5663 37
1459 5616 1589 5670 erat.
1615 5627 1759 5667 nunc
1790 5615 1896 5665 109.
1918 5614 2125 5682 Scripta

472 5668 611 5716 circa
633 5679 699 5718 an
712 5704 724 5717 .
761 5668 876 5721 397.

1774 269 1834 327 S.
1878 271 2267 331 AUGUSTINI
2308 270 2627 331 EPISCOPI

3783 272 3891 326 152

2310 396 2595 452 charitate
2628 394 3039 467 amplectendo
3067 394 3220 466 patri
3252 396 3607 452 SIMPLICIANO
3649 393 3753 464 (b),
3781 395 3894 449 Au-

2312 502 2594 552 cusrmus,
2633 486 2695 540 in
2737 486 2990 541 Domino
3007 486 3281 541 salutem.

2314 577 2364 628 1.
2386 574 2596 629 Plenas
2626 573 2925 629 bonorum
2954 574 3314 645 gaudiorum
3344 572 3586 642 litteras,
3611 571 3779 644 quod
3809 572 3893 626 sis

2240 679 2472 719 memor
2499 664 2778 733 mei,meq
2790 678 2858 717 ue
2883 670 2942 717 ut
2971 662 3124 718 soles
3137 662 3741 733 diligas,magnaque
3754 676 3891 730 gra-

2240 752 2509 809 tulationi
2536 751 2635 807 tibi
2667 752 2741 807 sit
2766 752 3061 823 quidquid
3093 751 3150 806 in
3187 767 3282 806 me
3310 751 3609 806 donorum
3641 766 3892 806 suorum

2243 841 2527 896 Dominus
2556 839 2823 895 conferre
2871 840 3153 909 dignatus
3182 845 3271 895 est
3299 838 3707 895 misericordia
3756 854 3891 904 sua,

2239 945 2360 985 non
2392 929 2613 985 meritis
2657 929 2826 996 meis,
2867 929 3081 984 missas
3121 943 3367 984 munere
3397 929 3736 984 Sanctitatis
3776 934 3893 984 tua

2238 1018 2440 1090 accepi
2464 1035 2478 1073 :
2507 1019 2566 1073 in
2598 1017 2817 1089 quibus
2835 1016 3188 1073 aﬂ‘ectumin
3214 1033 3310 1072 me
3340 1023 3657 1089 paternum
3683 1016 3758 1073 de
3789 1023 3895 1073 tuo

2237 1107 2675 1176 benignissimo
2722 1106 2903 1162 corde
2946 1122 3066 1161 non
3127 1107 3505 1178 repentinum
3567 1109 3625 1161 et
3667 1122 3896 1162 novum

2236 1196 2431 1262 hausi,
2463 1194 2565 1251 sed
2610 1202 2919 1267 expertum
2971 1211 3116 1251 sane
3150 1195 3580 1268 cognitumque
3622 1195 3893 1268 repetivi,

2237 1284 2482 1341 domine
2536 1283 2903 1352 beatissime,
2932 1291 2988 1339 et
3035 1284 3447 1340 venerabiliter
3492 1285 3897 1340 sincerissima

2236 1374 2523 1430 charitate
2563 1372 3001 1444 amplectende.

2306 1465 2360 1517 2.
2395 1462 2559 1518 Unde
2588 1467 2791 1518 autem
2830 1466 2996 1518 tanta
3026 1468 3233 1519 exorta
3256 1466 3344 1517 est
3381 1460 3625 1517 felicitas
3672 1461 3895 1517 littera-

2235 1552 2321 1607 rio
2373 1551 2565 1607 labori
2618 1557 2845 1616 nostro,
2880 1566 3004 1622 quo
3049 1551 3109 1605 in
3146 1551 3431 1607 librorum
3483 1550 3895 1624 quorumdam

2236 1640 2675 1705 conscriptione
2701 1639 3073 1710 sudavimus,
3099 1646 3163 1695 ut
3193 1655 3229 1696 a
3252 1644 3350 1695 tua
3365 1640 3717 1711 Dignatione
3741 1639 3899 1709 lege.

2236 1734 2439 1785 rentur
2459 1727 2487 1783 7
2525 1728 2638 1783 nisi
2665 1729 2809 1800 quia
2833 1729 3146 1798 Dominus,
3176 1730 3269 1784 cui
3299 1728 3543 1785 subdita
3571 1733 3665 1784 est
3687 1730 3898 1785 anima

2236 1834 2391 1883 mea,
2425 1816 2724 1873 consolari
2770 1817 2955 1873 voluit
2979 1833 3153 1873 curas
3184 1833 3374 1882 meas,
3409 1823 3466 1874 et
3501 1834 3537 1874 ο.
3568 1818 3779 1874 timore
3807 1833 3901 1873 re-

2235 1921 2456 1971 creare,
2486 1921 2609 1977 quo
2640 1922 2735 1961 me
2754 1906 2814 1960 in
2836 1906 3053 1961 talibus
3082 1906 3364 1975 operibus
3387 1921 3628 1962 necesse
3652 1910 3744 1962 est
3761 1922 3898 1963 esse

2235 1994 2573 2058 sollicitum,
2624 1995 2837 2050 necubi
2886 1994 3034 2049 forte
3090 1994 3383 2051 indoctior
3439 1994 3527 2050 vel
3577 1995 3895 2061 incautior,

2233 2084 2510 2155 quamvis
2537 2082 2600 2138 in
2629 2084 2986 2154 planissimo
3006 2099 3224 2154 campo
3246 2084 3522 2150 veritatis,
3559 2083 3895 2141 offendam.

2235 2175 2382 2228 Cum
2407 2172 2568 2227 enim
2585 2171 2687 2227 tibi
2706 2172 2897 2243 placet
2913 2172 3078 2243 quod
3100 2172 3320 2240 scribo,
3346 2173 3481 2228 novi
3506 2174 3600 2228 cui
3632 2173 3894 2243 placeat;

2234 2262 2523 2333 quoniam
2567 2262 2702 2331 quis
2736 2266 2790 2316 te
2815 2262 3106 2317 inhabitet
3132 2262 3290 2317 novi.
3328 2262 3483 2318 Idem
3514 2264 3739 2334 quippe
3765 2278 3898 2317 om-

2234 2351 2401 2405 nium
2435 2365 2751 2405 munerum
2775 2349 3172 2423 spiritualium
3201 2350 3554 2407 distributor
3575 2357 3755 2423 atque
3781 2351 3902 2407 lar-

2234 2439 2389 2508 gitor
2428 2454 2532 2510 per
2563 2444 2729 2493 tuam
2774 2439 3131 2494 sententiam
3180 2438 3559 2495 conﬁrmabit
3605 2439 3899 2496 obedien-

2236 2525 2374 2581 tiam
2391 2526 2916 2599 meam.0uidquid
2944 2527 3100 2582 enim
3117 2527 3449 2583 habentilla
3461 2529 3684 2599 scripta
3700 2528 3898 2584 delec-

2233 2615 2451 2670 tatione
2482 2621 2584 2670 tua
2622 2615 2896 2684 dignum,
2930 2617 2989 2670 in
3015 2632 3147 2671 meo
3174 2616 3503 2672 ministerio
3531 2616 3682 2672 dixit
3707 2618 3895 2685 Deus,

2233 2703 2373 2765 Fiat.
2401 2708 2458 2759 et
2483 2703 2704 2760 factum
2744 2708 2863 2760 est:
2898 2705 2956 2759 in
3001 2713 3098 2760 tua
3131 2721 3267 2760 vero
3299 2706 3736 2776 approbatione
3768 2705 3897 2761 vidi

2233 2794 2385 2847 Deus
2413 2793 2555 2864 quia
2585 2792 2810 2849 bonum
2840 2799 2931 2849 est
2956 2794 3124 2863 (Gen.
3167 2801 3213 2856 t,
3245 2795 3299 2858 3,
3326 2796 3404 2864 4).

2302 2885 2354 2937 3.
2406 2882 2885 2948 Quastiunculas
2943 2899 3107 2949 sane,
3149 2899 3301 2955 quas
3344 2882 3488 2939 mihi
3536 2882 3896 2940 enodandas

2226 2970 2436 3041 jubere
2475 2972 2759 3041 dignatus
2797 2988 2882 3040 es,
2915 2973 3023 3027 etsi
3070 2988 3205 3028 mea
3248 2972 3520 3029 tarditate
3545 2972 3900 3044 implicatus

2230 3074 2350 3115 non
2384 3059 2795 3130 intelligerem,
2851 3062 2966 3116 tuis
3021 3062 3241 3117 meritis
3271 3061 3517 3132 adjutus
3568 3063 3900 3133 aperirem.

2230 3148 2484 3205 Tantum
2512 3149 2655 3203 illud
2684 3164 2911 3220 quaso,
2939 3155 2999 3205 ut
3022 3165 3128 3221 pro
3156 3166 3290 3205 mea
3310 3149 3649 3206 inﬁrmitate
3679 3150 3898 3221 depre-

2232 3237 2383 3294 ceris
2418 3240 2620 3302 Deum,
2648 3242 2705 3293 et
2734 3238 2854 3293 sive
2881 3239 2939 3293 in
2971 3238 3042 3293 iis
3068 3238 3292 3310 quibus
3316 3254 3410 3294 me
3426 3255 3697 3296 exercere
3724 3240 3901 3297 beni-

2231 3342 2346 3397 gne
2378 3334 2743 3398 paterneque
2778 3328 3039 3393 voluisti,
3064 3328 3187 3383 sive
3231 3328 3291 3383 in
3321 3327 3452 3383 aliis
3480 3344 3900 3401 quacumque

2231 3420 2436 3470 nostra
2465 3415 2524 3469 in
2580 3421 2711 3470 tuas
2758 3422 2996 3472 sanctas
3034 3432 3251 3473 manus
3301 3417 3448 3473 forte
3492 3418 3897 3489 pervenerint,

2232 3504 2375 3576 quia
2397 3504 2655 3559 sicutDei
2682 3503 2846 3573 data,
2865 3505 2949 3560 sic
2978 3506 3159 3561 etiam
3194 3521 3327 3562 mea
3347 3513 3539 3562 errata
3560 3521 3898 3576 cognosco,

2233 3607 2352 3647 non
2386 3591 2580 3647 solum
2633 3608 2842 3647 curam
2896 3593 3142 3663 legentis
3172 3594 3509 3665 impendas,
3564 3597 3670 3651 sed
3709 3596 3900 3652 etiam

2231 3695 2547 3737 censuram
2587 3681 2936 3752 corrigentis
2962 3699 3265 3738 assumas.
3304 3683 3457 3740 Vale.

2662 3770 2992 3828 EPISTOLA
3027 3773 3275 3827 XXXVIII
3304 3774 3317 3788 '
3351 3776 3456 3840 (a).

2232 3859 2606 3929 Augustinus
2618 3858 2961 3929 Profuturo,
2977 3862 3048 3917 de
3062 3862 3379 3918 toleranda
3390 3861 3638 3919 adversa
3657 3864 3899 3920 valetu-

2329 3948 2467 4004 dine
2493 3948 2611 4013 ;de
2639 3955 2826 4004 morte
2852 3949 3112 4019 Megalii,
3145 3958 3195 4004 et
3224 3950 3291 4005 de
3316 3950 3643 4007 cohibenda
3672 3951 3793 4009 ira.

2589 4037 2771 4092 Fratri
2802 4037 3130 4094 Pnoruruao
3152 4042 3520 4096 Ancusrmus.

2305 4124 2362 4179 1.
2395 4123 2737 4179 Secundum
2756 4125 3051 4196 spiritum,
3072 4133 3367 4198 quantum
3391 4127 3646 4184 Domino
3668 4127 3897 4199 placet,

2233 4216 2413 4283 atque
2444 4212 2596 4267 vires
2626 4214 2752 4283 ipse
2785 4215 3047 4284 prabere
3079 4215 3375 4286 dignatur,
3430 4224 3585 4272 recte
3615 4233 3831 4271 sumus
3879 4235 3896 4284 ;

2232 4315 2481 4371 corpore
2510 4308 2731 4367 autem,
2769 4317 2881 4371 ego
2929 4303 2987 4357 in
3036 4306 3188 4360 lecto
3219 4321 3376 4360 sum.
3410 4306 3528 4361 Nec
3572 4305 3898 4362 ambulare

2234 4390 2413 4450 enim,
2450 4405 2557 4445 nec
2587 4395 2762 4457 stare,
2794 4407 2905 4446 nec
2940 4393 3143 4449 sedere
3174 4408 3445 4464 possum,
3478 4394 3764 4464 rhagadis
3795 4396 3900 4452 vel

2233 4478 2553 4534 exochadis
2573 4478 2779 4535 dolore
2801 4485 2859 4535 et
2874 4486 3103 4537 tumore
3124 4482 3230 4552 (b).
3259 4482 3371 4539 Sed
3391 4482 3572 4539 etiam
3597 4483 3701 4551 sic,
3727 4501 3898 4555 quo-

2234 4566 2396 4623 niam
2409 4567 2469 4623 id
2484 4568 2737 4624 Domino
2754 4569 3119 4643 placet.quid
3134 4572 3293 4627 aliud
3308 4572 3630 4628 dicendum
3643 4578 3753 4639 est,
3774 4575 3898 4631 nisi

2233 4657 2377 4728 quia
2389 4661 2543 4712 recte
2556 4658 2999 4715 sumusil’otius
3014 4660 3171 4715 enim
3188 4662 3237 4715 si
3250 4661 3303 4715 id
3317 4661 3600 4718 nolumus
3610 4664 3774 4734 quod
3791 4662 3896 4720 ille

2296 4804 2365 4865 (b)
2384 4805 2757 4868 Simplicianus
2770 4807 3014 4857 Ecclesia
3034 4808 3443 4859 Mediolanensis
3455 4812 3676 4860 antistes
3690 4810 3895 4860 beatis-

2234 4868 2371 4917 simo
2392 4869 2648 4938 successit
2675 4869 2972 4938 Ambrosio,
3004 4885 3068 4919 ex
3092 4872 3182 4938 lib.
3214 4873 3523 4938 2_ttet_ract.,
3547 4887 3591 4923 c.
3617 4876 3660 4928 1,
3689 4886 3895 4938 nempe

2234 4944 2377 5000 anno
2408 4932 2531 5000 397..
2549 4931 2699 5000 Nam
2716 4932 3027 5000 Ambrosius
3042 4934 3213 5000 pridie
3242 4934 3529 4993 Paschatis,
3551 4938 3707 5000 juxta
3721 4931 3895 5000 seri-p-

2235 4997 2403 5042 torem
2434 4993 2602 5055 ipsius
2636 4994 2751 5042 vita
2790 4993 3084 5051 Paulinum,
3116 4996 3396 5045 defunctus
3426 5004 3505 5047 est
3530 4993 3656 5052 {die
3682 4993 3897 5050 scilicet

2233 5056 2260 5123 ξ
2287 5055 2560 5123 aprilisex
2583 5055 3094 5123 _Mar_tyroIOgiorum
3118 5058 3221 5107 ﬁde
3255 5073 3442 5123 :porro
3470 5064 3647 5109 autem
3680 5060 3895 5113 Pascha

2233 5118 2284 5165 in
2310 5118 2547 5180 57aprilis
2582 5118 2768 5167 incidit
2794 5118 3021 5169 anf397.

2295 5181 2324 5211 *
2343 5179 2635 5248 Recognita
2657 5181 2820 5248 estad
2843 5194 2955 5230 a.a.
2979 5182 3064 5246 bg.
3092 5182 3221 5248 bl_.c.
3250 5183 3410 5248 cciﬁ',
3435 5198 3487 5247 g.
3509 5200 3594 5248 εν,
3619 5199 3672 5233 n.
3704 5200 3746 5233 r.
3774 5202 3816 5234 s.
3839 5192 3884 5241 t,

2233 5256 2312 5291 vc.
2348 5241 2434 5289 vd.
2468 5241 2604 5290 duos
2636 5243 2713 5291 sb.
2751 5248 2984 5305 quatuor
3007 5241 3056 5298 v',
3086 5246 3151 5294 ad
3172 5248 3285 5293 Am.
3313 5241 3563 5299 BadiE'r.
3594 5248 3720 5295 Lov.

2292 5306 2364 5365 (a)
2390 5306 2532 5372 Alius
2556 5307 2644 5353 149
2682 5319 2692 5351 :
2724 5311 3056 5372 quaiautem
3087 5310 3146 5356 38
3180 5313 3310 5363 erat.
3350 5324 3492 5359 nunc
3532 5311 3642 5357 243.
3673 5309 3890 5372 Scripta

2231 5368 2371 5415 circa
2392 5367 2625 5414 medium
2663 5367 2756 5416 anf
2778 5370 2885 5417 397.

2294 5430 2363 5489 (b)
2405 5429 2682 5491 Rhagades
2713 5439 2763 5479 et
2785 5431 3129 5481 exochadesa
3167 5434 3381 5481 medicis
3409 5433 3714 5483 referuntur
3746 5437 3892 5485 inter

2230 5490 2367 5561 vitia.
2389 5490 2574 5561 sedisi
2607 5507 2755 5561 rugas
2787 5494 2987 5561 scilicet
3021 5510 3049 5542 a
3070 5498 3233 5544 verbo
3263 5510 3401 5561 resse
3438 5510 3653 5561 rumpo,
3688 5497 3891 5549 fissura

2231 5559 2311 5620 est
2326 5554 2475 5620 circa
2488 5554 2665 5620 sedem
2690 5557 2741 5603 in
2763 5558 2928 5611 venis.
2952 5572 3071 5620 qua
3095 5571 3124 5605 a
3144 5559 3423 5619 sanguinis
3440 5554 3607 5609 ﬂuore
3625 5560 3893 5611 dicuntur

2230 5614 2649 5681 harmorrlioides
2685 5632 2697 5673 ;
2735 5620 2944 5668 exoche:
2970 5614 3102 5669 'vero
3125 5620 3191 5669 ab
3227 5614 3401 5669 eiectio
3437 5623 3663 5681 emince,
3699 5626 3890 5674 tumor

2229 5682 2309 5728 est
2332 5680 2389 5728 in
2411 5678 2553 5736 sede,
2587 5681 2737 5729 venis
2770 5681 2961 5732 iisdem
2982 5683 3433 5748 prominentibus.
