4078 6166
466 271 567 325 155

462 395 597 450 nico
628 394 967 459 elaborasti,
1000 408 1151 465 pene
1192 397 1382 448 totum
1431 397 1483 448 te
1515 392 1689 448 nobis
1722 391 2021 447 exhibent.
2055 388 2113 444 Si

461 485 621 539 enim
654 487 967 554 propterea
1001 486 1055 536 te
1104 498 1223 537 non
1260 482 1562 547 novimus,
1597 482 1740 553 quia
1774 480 1986 536 faciem
2031 477 2114 533 tui

464 572 729 642 corporis
750 586 869 625 non
900 571 1323 627 vidimuszhoc
1348 570 1533 627 modo
1561 587 1666 626 nec
1697 571 1825 641 ipse
1858 575 1910 624 te
1934 567 2113 623 nosti:

463 676 604 716 nam
626 664 688 713 tu
710 675 953 731 quoque
982 676 1101 716 non
1126 660 1290 716 vides
1314 660 1534 717 eam.Si
1555 666 1753 715 autem
1780 658 1881 714 tibi
1903 673 2021 713 non
2036 655 2116 712 ob

463 749 625 805 aliud
651 754 829 804 notus
851 749 1054 815 es,nisi
1080 750 1222 821 quia
1246 750 1400 804 nosti
1426 750 1698 805 animum
1721 754 1911 813 tuum;
1927 752 1983 802 et
2004 762 2115 800 nos

463 853 600 894 eum
626 853 745 893 non
772 838 1144 894 mediocriter
1160 840 1441 895 novimus
1459 839 1517 893 in
1544 838 1746 894 litteris
1773 837 1968 900 tuis,in
1990 835 2119 908 qui-

461 927 577 983 bus
598 927 1012 982 benedicimus
1030 929 1307 994 Domino,
1326 929 1488 1000 quod
1514 927 1703 992 tibi,et
1720 926 1914 992 nobis,
1928 925 2119 981 omni-

464 1016 701 1086 busque
732 1015 1033 1083 fratribus,
1061 1017 1163 1089 qui
1193 1023 1295 1073 tua
1320 1017 1541 1087 legunt,
1569 1021 1622 1071 te
1654 1015 1828 1071 talem
1862 1014 2045 1069 dedit.

540 1114 687 1169 CAP.
717 1113 784 1167 II.
810 1146 875 1153 —
893 1117 946 1167 2.
966 1114 1136 1169 Liber
1151 1115 1400 1185 quidam
1425 1118 1561 1169 tuus
1580 1113 1731 1168 inter
1752 1117 1966 1168 caatera
1994 1126 2117 1165 non

466 1201 568 1257 diu
600 1207 689 1257 est
722 1208 783 1257 ut
810 1202 972 1258 venit
1002 1202 1059 1257 in
1088 1218 1307 1259 manus
1339 1208 1574 1259 nostras
1598 1219 1610 1257 :
1632 1217 1767 1273 qua:
1800 1202 1846 1256 si
1877 1202 2006 1270 ejus
2033 1201 2120 1254 in-

466 1290 725 1361 scriptio,
777 1291 1077 1347 nescimus
1127 1291 1365 1358 adhuc;
1398 1307 1517 1348 non
1565 1292 1724 1347 enim
1768 1291 1881 1346 hoc
1930 1288 2119 1345 codex

466 1380 613 1451 ipse,
645 1386 706 1434 ut
740 1379 982 1444 assolet,
1016 1381 1076 1436 in
1124 1380 1384 1437 liminari
1430 1380 1649 1453 pagina
1685 1378 2114 1452 praetendebat.

468 1469 849 1541 Epitaphium
896 1474 1093 1525 tamen
1134 1470 1420 1541 appellari
1468 1469 1703 1525 dicebat
1738 1469 1914 1524 frater
1954 1466 2119 1538 apud

466 1574 647 1629 quem
674 1558 948 1612 inventus
970 1562 1074 1623 est;
1092 1559 1253 1629 quod
1282 1560 1332 1613 ei
1357 1574 1579 1614 nomen
1602 1558 1711 1613 tibi
1743 1556 2035 1628 placuisse
2058 1560 2121 1611 ut

467 1646 765 1702 inderetur
794 1646 1195 1713 crederemus,
1231 1648 1280 1701 si
1311 1663 1515 1703 eorum
1563 1651 1795 1703 tantum
1828 1645 1915 1700 vel
1948 1645 2116 1711 vitas,

467 1734 560 1790 vel
588 1735 809 1805 scripta
830 1734 908 1789 ibi
937 1735 1429 1807 legissemus,qui
1456 1736 1582 1807 jam
1611 1734 1872 1791 defuncti
1898 1739 2116 1789 essent.

470 1825 613 1877 Cum
647 1838 785 1878 vero
818 1823 1141 1878 multorum
1175 1828 1231 1879 et
1261 1839 1331 1879 eo
1364 1830 1630 1895 tempore
1669 1840 1792 1896 quo
1824 1821 2119 1877 scribeba-

469 1915 646 1978 tur,et
676 1927 837 1966 nunc
869 1927 1057 1983 usque
1092 1912 1435 1979 viventium,
1462 1912 1542 1967 ibi
1575 1917 2121 1967 commemorentur

469 2002 764 2072 Opuscula
789 2020 802 2065 ;
829 2002 1117 2057 miramur
1141 2018 1245 2057 cur
1275 2003 1434 2058 hunc
1460 2002 1511 2058 ei
1546 2002 1781 2059 titulum
1810 2001 1899 2057 vel
1931 2003 2122 2072 impo-

471 2089 679 2159 sueris,
725 2090 817 2146 vel
847 2091 1209 2161 imposuisse
1252 2091 1534 2148 credaris.
1574 2092 1727 2147 Sane
1760 2090 1972 2145 utiliter
2002 2105 2037 2145 a
2069 2096 2120 2144 te

471 2179 872 2251 conscriptum
913 2179 1191 2236 eumdem
1232 2180 1449 2236 librum
1496 2181 1641 2236 satis
1683 2178 2115 2251 approbamus.

541 2279 690 2334 CAP.
732 2277 821 2331 III.
857 2310 923 2317 —
954 2277 1005 2333 3.
1059 2280 1121 2333 In
1153 2279 1519 2350 expositione
1561 2294 1803 2351 quoque
1851 2276 2120 2349 Epistolas

470 2365 635 2421 Pauli
661 2367 738 2423 ad
767 2366 1369 2436 Galatas,invenimus
1396 2367 1622 2438 aliquid
1641 2367 1803 2439 quod
1833 2382 1943 2421 nos
1973 2366 2121 2421 mul-

471 2462 597 2510 tum
624 2456 923 2511 noveat.Si
944 2456 1099 2510 enim
1133 2456 1209 2511 ad
1238 2456 1572 2526 Scripturas
1596 2461 1831 2511 sanctas
1852 2455 2122 2511 admissa

472 2543 691 2599 fuerint
720 2543 881 2599 velut
909 2544 1180 2600 ofﬁciosa
1206 2544 1542 2610 mendacia,
1572 2546 1715 2615 quid
1744 2546 1800 2599 in
1830 2545 1912 2599 eis
1934 2560 2119 2600 rema-

472 2632 641 2687 nebit
671 2633 1036 2688 auctoritatis
1056 2632 1084 2686 ?
1114 2648 1249 2705 quas
1278 2634 1518 2689 tandem
1551 2634 1619 2688 de
1659 2633 1976 2703 Scripturis
2007 2632 2119 2687 illis

475 2721 768 2775 sententia
811 2721 1158 2792 proferetur,
1202 2721 1375 2791 cujus
1425 2721 1687 2793 pondere
1735 2722 2122 2777 contentiosa:

472 2807 744 2864 falsitatis
763 2809 1065 2864 obteratur
1089 2810 1476 2882 improbitas?
1492 2810 1696 2865 Statim
1721 2813 1878 2865 enim
1910 2816 1972 2865 ut
1993 2826 2124 2881 pro-

474 2897 703 2967 tuleris;
728 2898 776 2952 si
800 2898 965 2953 aliter
992 2899 1145 2970 sapit
1170 2899 1275 2970 qui
1299 2904 1505 2953 contra
1532 2899 1754 2968 nititur,
1780 2899 1934 2953 dicet
1956 2898 2120 2964 illud,

472 2986 637 3058 quod
670 2986 969 3058 prolatum
997 2987 1123 3052 erit,
1148 2987 1400 3043 honesto
1427 2987 1627 3060 aliquo
1654 2987 1852 3043 ofﬁcio
1880 2990 2125 3059 scripto-

473 3090 599 3131 rem
634 3076 812 3131 fuisse
843 3078 1179 3132 mentitum.
1205 3076 1312 3132 Ubi
1342 3077 1501 3132 enim
1533 3077 1647 3133 hoc
1678 3092 1798 3132 non
1824 3076 2121 3149 poterit,si

477 3164 668 3236 potuit
702 3164 763 3220 in
811 3181 881 3220 ea
913 3166 1274 3231 narratione,
1306 3181 1492 3237 quam
1523 3181 1771 3221 exorsus
1804 3166 2123 3237 Apostolus

471 3254 569 3319 ait,
618 3254 757 3321 Quae
782 3258 977 3311 autem
1007 3254 1197 3309 scribo
1230 3254 1411 3319 vobis,
1444 3269 1575 3309 ecce
1603 3270 1800 3311 coram
1832 3257 1955 3311 Deo
1983 3256 2125 3327 quia

471 3359 591 3398 non
617 3344 870 3399 mentior
891 3342 1397 3412 (Gal.t,20),credi
1420 3341 1826 3414 afﬁrmarique
1846 3345 2125 3399 mentitus

473 3446 545 3487 eo
564 3432 697 3486 loco
722 3432 826 3485 ubi
848 3431 993 3485 dixit
1020 3430 1093 3484 de
1118 3433 1283 3485 Petro
1305 3431 1676 3486 etBarnaba:
1698 3431 1843 3487 Cum
1867 3434 2124 3490 viderem

475 3520 620 3592 quia
645 3535 765 3575 non
793 3526 945 3575 recte
972 3518 1398 3589 ingrediuntur
1421 3519 1503 3574 ad
1528 3520 1831 3576 veritatem
1856 3521 2125 3591 Evange-

478 3609 546 3663 lii
577 3607 1043 3679 (Ibidem,u,tli)?
1067 3608 1121 3664 Si
1145 3607 1306 3663 enim
1329 3612 1484 3663 recte
1506 3607 1584 3662 illi
1612 3608 2120 3677 ingrediebantur,

475 3697 585 3752 iste
635 3696 915 3751 mentitus
942 3701 1067 3762 est;
1102 3697 1149 3751 si
1201 3701 1404 3752 autem
1443 3696 1524 3751 ibi
1564 3698 1843 3752 mentitus
1874 3703 1987 3767 est,
2023 3699 2119 3755 ubi

475 3801 683 3841 verum
717 3784 911 3841 dixit?
940 3789 1027 3841 An
1067 3785 1149 3842 ibi
1174 3800 1384 3841 verum
1421 3784 1641 3841 dixisse
1674 3785 1983 3855 videbitur,
2022 3787 2120 3844 ubi

476 3876 590 3931 hoc
612 3874 840 3941 dixerit,
856 3874 1021 3946 quod
1042 3874 1224 3931 lector
1240 3875 1423 3946 sapit;
1440 3890 1577 3929 cum
1595 3890 1735 3931 vero
1766 3881 1973 3932 contra
1994 3892 2122 3932 sen-

478 3980 613 4019 sum
645 3963 879 4019 lectoris
896 3962 1123 4035 aliquid
1154 3962 1491 4026 occurrerit,
1516 3962 1785 4019 ofﬁcioso
1808 3964 2123 4020 mendacio

475 4052 910 4122 deputabitur?
954 4054 1081 4107 Non
1125 4051 1288 4106 enim
1335 4051 1547 4107 deesse
1588 4058 1865 4123 poterunt
1901 4069 2121 4122 causa,

475 4157 582 4197 cur
608 4141 974 4196 existimetur
1004 4155 1125 4195 non
1157 4139 1352 4195 solum
1386 4140 1669 4211 potuisse,
1705 4156 1911 4196 verum
1944 4142 2121 4197 etiam

475 4230 753 4285 debuisse
784 4228 1039 4296 mentiri,
1072 4229 1117 4284 si
1148 4228 1286 4284 huic
1316 4228 1537 4298 regulas
1565 4229 1906 4283 conceditur
1930 4230 2120 4286 locus.

475 4322 602 4375 Non
642 4334 795 4389 opus
837 4323 924 4374 est
968 4322 1123 4373 hanc
1153 4334 1400 4373 causam
1438 4317 1637 4372 multis
1687 4317 1879 4373 verbis
1922 4334 2120 4388 agere,

475 4407 807 4480 prtesertim
840 4406 999 4478 apud
1048 4412 1121 4472 te,
1156 4405 1246 4461 cui
1290 4404 1589 4477 sapienter
1622 4406 1957 4478 providenti
1998 4408 2125 4462 dic-

476 4501 603 4552 tum
631 4501 722 4551 sat
746 4500 854 4552 est.
874 4498 1262 4568 Nequaquam
1291 4510 1432 4549 vero
1461 4493 1602 4549 mihi
1630 4496 2031 4567 arrogaverim
2064 4502 2126 4553 ut

474 4585 784 4654 ingenium
816 4590 1005 4651 tuum,
1034 4583 1237 4639 divino
1264 4583 1425 4639 dono
1458 4600 1729 4652 aureum,
1756 4586 1898 4639 meis
1929 4585 2123 4641 obolis

478 4666 663 4730 ditare
708 4674 1113 4738 contendam;
1164 4689 1270 4728 nec
1319 4677 1406 4727 est
1453 4672 1775 4745 quisquam
1828 4679 1880 4729 te
1931 4674 2123 4744 magis

475 4762 751 4827 idoneus,
783 4761 889 4834 qui
919 4778 1070 4833 opus
1099 4760 1245 4816 illud
1275 4760 1569 4816 emendet.

490 4846 495 4851 ⁴
548 4860 697 4915 CAP.
724 4860 946 4913 IV.—4.
974 4862 1172 4931 Neque
1195 4859 1352 4915 enim
1379 4875 1415 4915 a
1444 4874 1540 4913 me
1566 4859 1873 4915 docendus
1897 4876 1958 4915 es
1982 4876 2127 4932 quo-

480 4947 663 5004 modo
693 4946 1051 5016 intelligatur
1080 4947 1245 5018 quod
1271 4947 1428 5003 idem
1457 4946 1839 5011 dicit,Factus
1862 4964 1989 5004 sum
2019 4948 2127 5003 Ju-

479 5038 619 5094 daeis
650 5044 938 5109 tanquam
968 5035 1230 5101 Iudaeus,
1263 5042 1325 5091 ut
1366 5037 1607 5094 Judceos
1636 5036 2040 5107 lucri/"acerem
2083 5039 2123 5107 (l

483 5127 617 5183 Cor.
649 5144 727 5192 1x,
762 5128 854 5197 20)
881 5144 893 5192 ;
928 5132 983 5179 et
1008 5129 1219 5181 caetera
1247 5141 1383 5196 quas
1427 5124 1509 5180 ibi
1540 5124 1820 5181 dicuntur
1849 5142 2128 5197 compas-

480 5215 644 5270 sione
688 5214 1132 5279 misericordias,
1162 5229 1283 5270 non
1328 5213 1709 5271 simulatione
1742 5215 2010 5272 fallacias.
2048 5216 2129 5270 Fit

480 5304 636 5359 enim
662 5309 950 5375 tanquam
977 5308 1236 5372 aegrotus
1264 5302 1370 5374 qui
1403 5301 1695 5359 ministrat
1724 5310 1947 5371 aegroto
1969 5321 1982 5371 ;
2006 5320 2127 5359 non

481 5407 618 5446 cum
639 5406 699 5445 se
720 5390 912 5447 febres
932 5392 1155 5447 habere
1175 5390 1581 5456 mentitur,sed
1607 5407 1743 5447 cum
1768 5394 1971 5448 animo
1994 5409 2129 5448 cou-

480 5479 734 5536 dolen’tis
766 5480 987 5548 cogitat
1016 5480 1532 5551 quemadmodum
1566 5479 1676 5535 sibi
1708 5481 1908 5535 serviri
1940 5481 2123 5545 vellet,

484 5568 531 5625 si
562 5568 687 5638 ipse
716 5575 1049 5636 (egrotaret.
1077 5572 1224 5625 Nam
1251 5570 1455 5642 utique
1482 5569 1720 5626 Judazus
1752 5576 1913 5637 erat;
1944 5570 2133 5625 Chris-

486 5659 685 5715 tianus
718 5660 920 5712 autem
959 5657 1174 5727 factus,
1204 5672 1325 5715 non
1370 5658 1713 5715 Judmorum
1752 5661 2135 5716 Sacramenta

1726 266 1782 322 S.
1827 262 2211 322 AUGUSTINI
2250 260 2569 320 EPISCOPI

3769 261 3892 317 456

2223 388 2560 461 reliquerat,
2594 405 2731 461 quas
2764 388 3185 445 convenienter
3215 388 3309 444 ille
3336 386 3597 459 populus
3629 390 3687 441 et
3728 384 3881 456 legi-

2226 478 2371 532 timo
2412 481 2678 547 tempore
2725 494 2848 549 quo
2895 477 3234 549 oportebat,
3289 481 3619 547 acceperat.
3678 478 3884 546 Itaque

2228 566 2490 638 suscepit
2506 582 2577 623 ea
2594 566 2975 630 celebranda,
2995 582 3132 621 cum
3149 567 3273 634 jam
3300 563 3505 620 Christi
3524 568 3679 619 esset
3701 568 3886 634 Apos-

2227 654 2383 710 tolus
2405 674 2417 723 ;
2443 658 2545 711 sed
2581 661 2642 709 ut
2661 655 2897 711 doceret
2923 670 3044 710 non
3072 670 3200 709 esse
3224 653 3559 725 perniciosa
3582 651 3655 707 iis
3680 651 3781 724 qui
3811 666 3886 705 ea

2226 742 2463 810 vellent,
2496 745 2645 800 sicut
2677 762 2711 800 a
2740 744 3086 816 parentibus
3115 759 3221 815 per
3254 744 3466 812 Legem
3497 743 3883 811 acceperant,

2226 832 2547 899 custodire,
2576 833 2756 889 etiam
2782 849 2919 888 cum
2953 832 3178 888 Christo
3204 830 3616 895 credidissent,
3643 844 3764 885 non
3801 834 3884 884 ta-

2228 936 2365 976 men
2396 920 2455 976 in
2500 920 2583 977 eis
2621 920 2746 991 jam
2778 920 3209 976 constituerent
3238 934 3406 991 spem
3448 917 3696 983 salutis;
3727 931 3882 988 quo-

2227 1010 2391 1065 niam
2434 1026 2537 1081 per
2583 1010 2900 1067 Dominum
2941 1011 3144 1065 Jesum
3186 1006 3349 1063 salus
3394 1006 3544 1077 ipsa,
3579 1021 3710 1079 quas
3759 1004 3881 1060 illis

2230 1099 2627 1155 Sacramentis
2684 1096 3155 1168 signiﬁcabatur,
3214 1095 3556 1152 advenerat.
3620 1095 3884 1165 Ideoque

2228 1186 2534 1254 Gentibus,
2563 1188 2725 1259 quod
2772 1187 3038 1241 insuetos
3086 1202 3121 1242 a
3158 1184 3278 1241 ﬁde
3309 1188 3661 1240 revocarent
3697 1197 3883 1238 onere

2227 1277 2395 1346 gravi
2439 1283 2496 1332 et
2536 1292 2656 1332 non
2688 1277 3049 1342 necessario,
3085 1274 3248 1331 nullo
3288 1273 3472 1329 modo
3512 1270 3886 1344 imponenda

2227 1381 2358 1421 esse
2386 1366 2670 1421 censebat
2700 1365 2844 1436 (Act.
2880 1381 2975 1428 xv,
3004 1364 3117 1435 28).

2299 1459 2349 1509 5.
2376 1456 2748 1526 Quapropter
2764 1469 2883 1508 non
2906 1452 3043 1508 ideo
3067 1453 3303 1507 Petrum
3323 1448 3687 1515 emendavit,
3713 1447 3882 1520 quod

2228 1549 2510 1615 paternas
2533 1543 2878 1598 traditiones
2902 1542 3271 1597 observaret:
3292 1538 3456 1611 quod
3481 1539 3528 1593 si
3554 1537 3743 1593 facere
3763 1536 3885 1592 vel~

2227 1633 2439 1697 let,nec
2463 1632 2826 1688 mendaciter
2843 1646 2952 1686 nec
2975 1631 3303 1701 incongrue
3326 1627 3543 1684 faceret
3570 1626 3888 1697 ;quamvis

2228 1722 2526 1791 enimjam
2546 1721 3079 1792 superﬂua,tamen
3102 1718 3274 1773 solita
3298 1732 3417 1772 non
3442 1720 3753 1771 nocerent:
3776 1714 3887 1769 sed

2227 1810 2514 1883 quoniam
2563 1810 2778 1865 Gentes
2818 1808 3072 1878 cogebat
3104 1806 3413 1862 Judaizare
3455 1804 3622 1875 (Gal.
3664 1820 3725 1867 ιι,
3773 1804 3883 1872 tt),

2227 1899 2390 1971 quod
2411 1899 2574 1954 nullo
2598 1898 2775 1953 modo
2804 1896 3138 1969 posset,nisi
3162 1911 3233 1951 ea
3259 1895 3342 1950 sic
3363 1898 3886 1964 ageret,tanquam

2229 1988 2427 2044 adhuc
2471 1988 2649 2044 etiam
2706 1993 2842 2058 post
2895 1985 3127 2041 Domini
3172 1985 3494 2039 adventum
3542 1980 3889 2038 necessaria

2230 2076 2405 2132 saluti
2446 2074 2860 2149 forent;quod
2906 2074 3290 2129 vehementer
3334 2087 3440 2143 per
3479 2069 3885 2144 apostolatum

2230 2165 2388 2222 Pauli
2442 2165 2654 2221 veritas
2682 2163 2990 2219 dissuasit.
3026 2162 3141 2216 Nec
3183 2160 3495 2233 apostolus
3537 2161 3738 2214 Petrus
3767 2157 3891 2213 hoc

2226 2256 2579 2324 ignorabat;
2611 2253 2714 2308 sed
2746 2251 2806 2307 id
2840 2250 3114 2314 faciebat,
3150 2249 3367 2304 timens
3398 2264 3500 2303 eos
3530 2248 3633 2319 qui
3664 2263 3736 2302 ex
3767 2247 3889 2301 cir-

2227 2342 2589 2398 cumcisione
2619 2346 2804 2396 erant.
2838 2341 2917 2395 Ita
2949 2345 3005 2394 et
3036 2339 3161 2411 ipse
3192 2353 3325 2393 vere
3356 2341 3657 2393 correctus
3686 2339 3793 2404 est,
3830 2340 3889 2389 et

2230 2431 2443 2487 Paulus
2468 2446 2605 2486 vera
2636 2430 2919 2493 narravit,
2947 2443 3019 2482 ne
3048 2431 3256 2483 sancta
3286 2425 3612 2496 Scriptura,
3639 2440 3775 2495 quin
3804 2423 3885 2479 ad

2228 2521 2406 2576 ﬁdem
2422 2518 2672 2591 posteris
2689 2517 2849 2573 edita
2870 2514 3254 2580 est,admissa
3276 2514 3623 2570 auctoritate
3635 2511 3887 2567 menda-

2230 2611 2450 2675 cii,tota
2473 2609 2660 2663 dubia
2676 2610 2840 2663 nutet
2860 2611 2915 2661 et
2934 2605 3199 2661 ﬂuctuet.
3226 2606 3352 2660 Non
3375 2603 3534 2658 enim
3555 2606 3747 2673 potest
3777 2605 3888 2657 aut

2229 2704 2463 2770 oportet
2492 2697 2694 2752 litteris
2730 2695 3031 2767 explicari,
3071 2699 3298 2765 quanta
3328 2698 3384 2747 et
3412 2707 3596 2763 quam
3629 2690 3889 2761 inexpli-

2230 2787 2443 2844 cabilia
2480 2785 2637 2841 mala
2667 2788 3132 2854 consequantur,
3165 2782 3213 2835 si
3243 2781 3357 2836 hoc
3389 2779 3883 2835 concesserimus.

2232 2879 2434 2932 Posset
2458 2880 2658 2930 autem
2689 2876 3029 2943 opportune
3066 2870 3382 2940 minusque
3418 2867 3747 2940 periculose
3776 2867 3886 2923 de-

2231 2963 2565 3027 monstrari,
2595 2962 2642 3017 si
2668 2976 2875 3017 coram
2904 2960 3054 3015 inter
3081 2974 3189 3014 nos
3218 2956 3714 3028 colloqueremur.

2302 3053 2355 3108 6.
2399 3054 2519 3107 Hoc
2548 3066 2690 3120 ergo
2727 3049 3073 3104 Judaaorum
3106 3047 3320 3103 Paulus
3349 3044 3677 3114 dimiserat,
3710 3042 3883 3116 quod

2235 3142 2457 3199 malum
2489 3140 2818 3209 habebant;
2839 3143 2894 3194 et
2920 3138 2978 3193 in
3002 3135 3210 3210 primis
3231 3133 3575 3206 illud,quod
3598 3133 3886 3204 ignoran-

2234 3237 2318 3288 tes
2352 3232 2446 3287 Dei
2473 3227 2783 3299 justitiam,
2808 3230 2862 3282 et
2888 3241 3061 3281 suam
3082 3223 3372 3297 justitiam
3403 3221 3669 3278 volentes
3700 3236 3889 3276 cons-

2232 3321 2461 3382 tituere,
2484 3315 2724 3388 justitim
2759 3315 2854 3371 Dei
2886 3329 3005 3369 non
3039 3317 3176 3368 sunt
3205 3311 3455 3383 subjecti
3488 3311 3679 3381 (Rom.
3710 3326 3765 3375 x,
3800 3308 3884 3378 3).

2230 3408 2453 3464 Deinde
2496 3404 2659 3479 quod
2704 3410 2840 3476 post
2883 3403 3227 3475 passionem
3278 3406 3334 3457 et
3386 3399 3890 3455 resurrectionem

2234 3498 2462 3561 Christi,
2482 3496 2625 3550 dato
2651 3510 2717 3550 ac
2741 3491 3118 3548 manifestato
3148 3492 3536 3547 Sacramenta
3561 3488 3768 3560 gratim
3798 3503 3893 3542 se-

2229 3586 2495 3642 cundum
2544 3582 2817 3638 ordinem
2859 3579 3304 3645 Melchisedech,
3346 3578 3544 3634 adhuc
3587 3575 3895 3650 putabant

2232 3677 2613 3732 Sacramenta
2634 3676 2982 3735 vetera,non
3005 3685 3075 3723 ex
3098 3666 3531 3724 consuetudine
3545 3665 3895 3722 solemnita-

2230 3762 2435 3827 tis,sed
2450 3778 2520 3817 ex
2535 3759 2881 3815 necessitate
2896 3756 3101 3813 salutis
3116 3771 3245 3812 esse
3262 3754 3790 3827 celebrandaque;
3805 3758 3896 3810 ta-

2234 3865 2369 3907 men
2401 3850 2448 3905 si
2485 3863 2795 3921 nunquam
2825 3845 3075 3903 fuissent
3120 3844 3484 3913 necessaria,
3514 3842 3894 3899 infructuose

2229 3946 2407 4012 atque
2430 3937 2684 3994 inaniter
2701 3951 2808 4006 pro
2829 3936 2913 3991 eis
2935 3934 3254 3991 Machabtei
3278 3938 3571 4005 martyres
3589 3931 3893 4001 ﬁerent(ll

2229 4027 2563 4089 Mach.vu,t
2578 4026 2930 4098 ).Postremo
2953 4023 3107 4079 istud
3121 4021 3286 4096 quod
3310 4021 3730 4093 praedicatores
3753 4036 3896 4092 gra-

2231 4119 2322 4174 tias
2343 4115 2703 4171 Christianos
2721 4114 2804 4185 (a)
2824 4112 3013 4168 Judaei
3037 4118 3327 4185 tanquam
3344 4111 3545 4167 hostes
3570 4107 3739 4178 Legis
3755 4123 3896 4179 per-

2230 4203 2776 4277 sequebantur.Hos
2804 4206 2983 4274 atque
3009 4199 3358 4271 hujusmodi
3383 4214 3612 4254 errores
3632 4203 3690 4253 et
3718 4197 3895 4262 vitia,

2230 4294 2369 4350 dicit
2387 4309 2448 4349 se
2476 4293 2700 4348 damna
2721 4293 2738 4327 ¹
2765 4301 2818 4345 et
2836 4297 3096 4346 stercora
3117 4289 3565 4351 arbitratum,ut
3588 4285 3896 4344 Christum

2230 4382 2373 4439 lucri
2382 4381 2598 4437 faceret
2615 4379 3209 4451 (Philipp.iu,8);non
3223 4376 3670 4433 observationes
3696 4374 3896 4444 Legis,

2232 4473 2278 4525 si
2308 4485 2471 4526 more
2498 4468 2689 4540 patrio
2715 4466 3179 4532 celebrarentur,
3214 4466 3370 4521 sicut
3390 4470 3447 4521 et
3473 4464 3552 4520 ab
3582 4465 3715 4535 ipso
3739 4462 3898 4518 cele-

2230 4558 2416 4615 brate:
2448 4556 2730 4613 suntsine
2754 4556 2873 4611 ulla
2895 4555 3106 4611 salutis
3132 4554 3502 4619 necessitate,
3532 4567 3655 4609 non
3685 4556 3707 4589 ι
3737 4552 3900 4608 sicut

2230 4649 2259 4703 ,Ι
2268 4647 2420 4703 ιιόωί
2434 4645 2823 4701 celebrandas
2837 4644 3260 4716 putabant,aut
3271 4641 3468 4698 fallaci
3484 4639 3896 4705 simulatione,

2231 4735 2397 4808 quod
2437 4735 2494 4789 in
2540 4737 2704 4789 Petro
2745 4732 3229 4805 reprehenderat.
3274 4734 3424 4787 Nam
3476 4731 3525 4785 si
3575 4734 3901 4803 propterea

2233 4825 2336 4883 illa
2368 4826 2752 4880 Sacramenta
2797 4821 3137 4884 celebravit,
3167 4821 3313 4893 quia
3359 4818 3661 4875 simulavit
3694 4833 3758 4873 se
3796 4818 3902 4871 Ju-

2232 4915 2430 4969 daeum
2450 4918 2510 4967 ut
2525 4911 2655 4966 illos
2675 4910 2817 4966 lucri
2827 4909 3063 4975 faceret;
3082 4925 3187 4964 cur
3202 4924 3321 4964 non
3337 4908 3513 4963 etiam
3534 4904 3901 4962 sacriﬁcavit

2234 5018 2372 5057 cum
2399 5000 2703 5063 Gentibus,
2733 4998 2875 5071 quia
2903 5003 2957 5052 et
2984 4999 3054 5053 iis
3087 4998 3188 5070 qui
3222 4997 3351 5051 sine
3378 4998 3525 5065 Lege
3546 4999 3737 5059 erant,
3768 5000 3904 5050 tan-

2234 5106 2417 5164 quam
2452 5089 2579 5143 sine
2611 5089 2761 5156 Lege
2792 5087 2982 5141 factus
3010 5092 3119 5152 est,
3155 5088 3220 5140 ut
3245 5101 3351 5140 eos
3379 5100 3623 5157 quoque
3649 5081 3901 5138 lucrifa-

2236 5185 2411 5243 ceret,
2444 5177 2557 5232 nisi
2587 5177 2731 5249 quia
2762 5180 2819 5231 et
2844 5175 2989 5230 illud
3030 5174 3182 5241 fecit,
3216 5180 3280 5230 ut
3311 5178 3525 5229 natura
3547 5171 3814 5237 Judmus,
3842 5176 3909 5228 et

2238 5268 2349 5322 hoc
2395 5272 2582 5322 totum
2615 5265 2781 5329 dixit,
2816 5280 2935 5320 non
2966 5270 3027 5319 ut
3060 5263 3345 5320 fallaciter
3390 5278 3452 5317 se
3483 5261 3733 5331 ﬁngeret
3763 5276 3905 5316 esse

2237 5356 2401 5429 quod
2433 5370 2552 5410 non
2580 5358 2725 5420 erat,
2756 5353 2861 5407 sed
2895 5358 2955 5408 ut
2984 5351 3442 5409 misericorditer
3466 5350 3549 5405 eis
3572 5349 3652 5405 ita
3684 5348 3905 5405 subve-

2301 5482 2314 5512 ¹
2350 5479 2433 5528 Sic
2460 5478 2577 5527 Mss
2610 5490 2775 5542 prope
2803 5489 3007 5527 omnes.
3047 5476 3113 5525 At
3138 5475 3268 5525 Edd.
3299 5474 3497 5525 habent
3530 5488 3540 5521 :
3569 5473 3693 5522 dicit
3722 5486 3775 5522 se
3810 5473 3905 5521 da-

2240 5545 2661 5673 Μῗαῦἒέἓὲἑᾶορ-
2680 5601 2823 5673 apud
2854 5602 2987 5652 Bad.
3018 5603 3143 5655 Am.
3182 5602 3264 5649 Er.
3297 5604 3350 5650 et
3382 5598 3672 5665 plerosque
3699 5596 3827 5653 Mss.

2303 5670 2378 5730 (α)
2412 5668 2582 5723 Forte,
2609 5664 2944 5716 Christianae.
