4078 6166
220 268 321 323 15⁸1

213 391 502 447 niendum
520 407 653 447 esse
668 390 926 457 sentiret,
950 406 1021 447 ac
1043 391 1089 447 si
1110 391 1241 462 ipse
1257 391 1319 447 in
1342 390 1555 448 eodem
1571 404 1768 445 errore
1786 388 1869 444 la-

211 479 606 546 boraret;non
624 480 847 536 scilicet
862 480 1202 535 mentientis
1219 480 1485 547 astu,sed
1505 479 1869 550 compatien-

210 568 283 623 tis
296 567 517 623 affectu
533 567 561 622 ‘t
584 569 827 625 Sicuteo
846 570 978 639 ipso
998 568 1129 624 loco
1142 569 1492 640 generaliter
1504 567 1866 631 intulit,Fac-

207 662 301 711 tus
328 672 463 712 sum
478 658 739 725 inﬁrmis
760 659 1054 727 inﬁrmus,
1080 664 1145 713 ut
1168 659 1433 725 inﬁrmos
1449 657 1867 725 lucrifacerem

205 746 245 817 (l
261 745 402 801 Cor.
419 761 500 809 ιχ,
528 746 651 818 22);
678 752 1013 817 utsequens
1026 746 1353 810 conclusio,
1372 745 1655 801 Omnibus
1669 744 1868 801 omnia

198 836 406 904 factus
437 852 593 901 sum,
637 843 700 891 ut
732 852 929 892 omnes
946 837 1364 907 lucrifacerem
1389 835 1612 906 (Ibid.),
1645 834 1722 889 ad
1753 834 1867 889 hoc

201 924 523 980 referenda
562 924 945 994 intelligatur,
1015 931 1077 981 ut
1116 926 1410 996 cujusque
1460 924 1866 979 inﬁrmitatem

198 1018 503 1085 tanquam
529 1014 586 1069 in
610 1014 810 1084 seipso
834 1015 1147 1070 miseratus
1169 1018 1472 1085 appareat.
1490 1016 1614 1069 Non
1633 1014 1789 1068 enim
1813 1017 1866 1065 et

201 1117 341 1157 cum
371 1102 617 1172 diceret,
656 1103 795 1171 Quis
822 1104 1193 1171 inﬁrmatur,
1221 1110 1274 1160 et
1314 1118 1418 1174 ego
1444 1118 1563 1158 non
1593 1102 1869 1170 infirmor

201 1192 271 1261 (II
302 1192 449 1247 Cor.
478 1208 555 1257 χι,
588 1192 729 1263 29)?
758 1191 1160 1249 infirmitatem
1193 1193 1435 1248 alterius
1460 1192 1779 1248 simulasse
1803 1206 1865 1247 se

200 1281 406 1352 potius
437 1296 626 1352 quam
650 1281 1052 1347 condoluisse,
1086 1282 1321 1338 volebat
1349 1282 1611 1353 intelligi.

266 1375 319 1423 7.
378 1370 580 1435 Quare
620 1370 834 1441 arripe,
868 1370 1120 1426 obsecro
1159 1376 1235 1436 te,
1287 1371 1613 1441 ingenuam
1643 1375 1699 1426 et
1729 1385 1865 1425 vere

196 1455 600 1514 christianam
613 1475 749 1514 cum
766 1459 1052 1516 charitate
1067 1461 1436 1515 severitatem
1447 1460 1541 1524 ,ad
1558 1459 1696 1515 illud
1711 1475 1865 1530 opus

195 1546 631 1619 corrigendum
656 1554 831 1620 atque
853 1549 1323 1615 emendandum,
1352 1555 1407 1605 et
1430 1546 1772 1620 πούινῳδίαν,
1801 1554 1865 1605 ιιι

194 1633 437 1699 dicitur,
472 1650 642 1692 cane.
675 1636 1229 1709 lncomparabiliter
1255 1638 1415 1693 enim
1439 1638 1742 1709 pulchrior
1779 1642 1865 1693 est

197 1722 427 1779 veritas
484 1724 979 1791 Christianorum,
1020 1742 1205 1798 quam
1248 1727 1466 1782 Helena
1500 1729 1861 1783 Graecorum.

195 1813 303 1868 Pro
318 1812 445 1868 ista
467 1814 630 1869 enim
648 1813 854 1870 fortius
878 1815 1058 1870 nostri
1085 1822 1375 1887 martyres
1401 1817 1689 1871 adversus
1707 1815 1864 1871 hanc

194 1900 556 1966 Sodomam,
589 1918 775 1974 quam
807 1919 915 1976 pro
944 1904 1044 1961 illa
1077 1904 1154 1960 illi
1184 1906 1393 1961 heroes
1415 1906 1703 1960 adversus
1729 1907 1863 1960 Tro-

187 1991 341 2059 jam,
375 1990 839 2048 dimicaverunt.
874 1996 1075 2065 Neque
1095 1994 1211 2050 hoc
1232 1994 1365 2050 ideo
1387 1995 1541 2061 dico,
1573 2000 1635 2050 ut
1660 1995 1863 2049 oculos

190 2078 395 2134 cordis
420 2079 676 2152 recipias
705 2096 892 2153 ;quos
924 2082 1080 2137 absit
1108 2087 1169 2139 ut
1191 2083 1461 2139 amiseris
1495 2096 1508 2135 :
1544 2083 1649 2138 sed
1677 2089 1737 2139 ut
1762 2084 1864 2138 ad-

190 2172 419 2233 vertas,
464 2183 621 2242 quos
650 2185 788 2225 cum
820 2170 1047 2227 habeas
1087 2187 1264 2228 sanos
1294 2178 1350 2227 et
1391 2172 1612 2242 vigiles,
1658 2173 1861 2228 nescio

188 2270 314 2327 qua
376 2256 858 2314 dissimulatione
913 2260 1195 2326 avertisti,
1247 2267 1309 2317 ut
1349 2276 1469 2316 non
1524 2261 1862 2316 intenderes

189 2360 329 2415 qua:
370 2352 827 2418 consequantur
882 2349 1186 2416 adversa;
1245 2350 1291 2404 si
1332 2349 1513 2406 semel
1569 2351 1859 2405 creditum

188 2432 389 2498 fuerit,
426 2450 610 2506 posse
635 2436 885 2492 honeste
910 2453 980 2494 ac
998 2439 1093 2508 pie
1117 2438 1491 2509 scriptorem1
1518 2438 1861 2495 divinorum

192 2522 510 2579 Librorum
540 2525 602 2580 in
639 2524 841 2598 aliqua
879 2528 970 2582 sui
1009 2529 1205 2600 operis
1231 2533 1397 2601 parte
1425 2529 1683 2584 mentiri.

266 2614 498 2670 CAPUT
524 2616 586 2668 V.
620 2646 691 2656 —
729 2619 774 2672 8.
815 2618 1180 2689 Scripseram
1212 2618 1352 2674 hinc
1374 2619 1500 2689 jam
1534 2618 1861 2690 aliquando

194 2702 271 2757 ad
304 2710 358 2757 te
387 2703 711 2773 epistolam
741 2721 877 2778 quae
899 2722 1018 2762 non
1046 2707 1272 2778 perlata
1300 2713 1406 2773 est,
1431 2708 1575 2779 quia
1604 2724 1712 2763 nec
1735 2723 1863 2778 per—

194 2792 345 2847 rexit
380 2793 479 2847 cui
530 2792 948 2865 perferendam
992 2797 1356 2852 tradideram
1393 2814 1405 2852 :
1437 2813 1505 2851 ex
1554 2813 1675 2869 qua
1716 2796 1859 2851 illud

192 2879 337 2934 mihi
367 2888 730 2953 suggestum
751 2890 856 2948 est,
893 2901 1028 2940 cum
1061 2884 1236 2940 istam
1265 2886 1572 2951 dictarem,
1606 2885 1769 2958 quod
1802 2886 1858 2940 in

190 2967 301 3023 hac
326 2985 584 3043 quoque
610 2973 1054 3043 prmtermittere
1084 2990 1206 3030 non
1231 2974 1433 3041 debui,
1467 2980 1530 3030 ut
1554 2974 1600 3029 si
1627 2975 1748 3030 alia
1774 2980 1862 3033 est

187 3058 487 3115 sententia
520 3066 641 3125 tua,
676 3062 1008 3134 eademque
1032 3067 1117 3119 est
1150 3062 1377 3129 melior,
1404 3065 1603 3119 timori
1633 3079 1766 3119 meo
1791 3064 1857 3119 li-

190 3148 401 3204 benter
432 3150 738 3219 ignoscas.
762 3152 819 3207 Si
841 3152 999 3208 enim
1025 3152 1189 3208 aliter
1216 3153 1416 3219 sentis,
1451 3159 1861 3226 verumqnetu

188 3237 373 3292 sentis
404 3238 581 3307 (nam
624 3239 739 3295 nisi
797 3255 1004 3296 verum
1038 3243 1132 3304 sit.
1176 3241 1390 3297 melius
1420 3258 1555 3297 esse
1609 3258 1730 3298 non
1758 3258 1861 3315 po-

191 3328 345 3393 test),
387 3332 453 3381 ut
496 3343 619 3382 non
651 3327 849 3384 dicam
882 3330 1069 3395 nulla,
1102 3336 1257 3387 certe
1284 3347 1403 3387 non
1433 3347 1656 3401 magna
1682 3333 1859 3403 culpa

190 3429 365 3471 meus
408 3430 579 3471 error
609 3418 838 3473 veritati
871 3418 1046 3485 favet,
1075 3420 1122 3474 si
1150 3421 1385 3476 rectein
1415 3436 1727 3493 quoquam
1760 3437 1860 3477 ve-

188 3504 333 3559 ritas
363 3509 568 3577 potest
603 3505 803 3562 favere
836 3508 1175 3566 mendacio.

258 3596 494 3650 CAPUT
522 3596 608 3649 Vl.
644 3601 781 3653 —9.
815 3598 891 3652 De
922 3598 1170 3667 Origene
1204 3603 1401 3655 autem
1433 3599 1596 3670 quod
1647 3600 1855 3655 rescri-

192 3681 333 3737 bere
394 3682 683 3752 dignatus
737 3701 820 3750 es,
868 3688 995 3756 jam
1052 3687 1314 3743 sciebam
1360 3704 1482 3743 non
1534 3693 1760 3743 tantum
1795 3689 1854 3743 in

188 3771 619 3827 ecclesiasticis
649 3774 873 3840 litteris,
906 3776 1006 3831 sed
1050 3776 1107 3830 in
1149 3776 1435 3832 omnibus
1458 3786 1616 3832 recta
1638 3784 1692 3832 et
1718 3792 1857 3833 vera

189 3876 327 3933 qum
357 3860 790 3927 invenerimus,
817 3864 1156 3937 approbare
1174 3870 1353 3938 atque
1382 3864 1631 3921 laudare
1662 3883 1675 3931 ;
1704 3864 1858 3921 falsa

192 3966 334 4006 vero
378 3955 435 4005 et
462 3966 652 4023 prava
674 3953 1019 4024 improbare
1050 3962 1228 4027 atque
1253 3955 1710 4025 reprehendere.
1744 3954 1857 4011 Sed

194 4038 341 4097 illud
355 4039 432 4093 de
456 4040 777 4111 prudentia
797 4041 1189 4115 doctrinaque
1218 4048 1317 4100 tua
1343 4044 1782 4110 desiderabam,
1803 4049 1859 4098 et

196 4127 400 4184 adhuc
439 4128 741 4196 desidero,
777 4136 839 4186 ut
865 4137 1008 4187 nota
1056 4132 1227 4188 nobis
1259 4132 1438 4188 facias
1478 4148 1547 4188 ea
1572 4133 1703 4204 ipsa
1728 4136 1857 4202 ejus

196 4221 414 4281 errata,
446 4217 671 4289 quibus
701 4234 737 4275 a
762 4219 879 4275 ﬁde
911 4220 1171 4276 veritatis
1210 4220 1305 4277 ille
1335 4221 1425 4276 vir
1444 4225 1642 4277 tantus
1673 4237 1860 4277 reces-

199 4307 345 4362 sisse
376 4308 777 4365 convincitur.
811 4313 870 4364 ln
899 4309 1051 4365 libro
1074 4309 1252 4365 etiam
1273 4325 1395 4383 quo
1422 4314 1688 4373 cunctos,
1712 4326 1864 4381 quo.

198 4410 333 4450 rum
374 4395 728 4451 meminisse
772 4396 1031 4468 potuisti,
1074 4398 1389 4468 scriptores
1428 4397 1858 4453 ecclesiasticos

200 4488 255 4538 et
282 4499 501 4540 eorum
550 4485 770 4556 scripta
812 4487 1321 4551 commemorasti,
1364 4486 1762 4551 commodius,
1798 4491 1860 4541 ut

200 4572 478 4639 arbitror,
517 4574 707 4638 ﬂeret,
759 4575 806 4629 si
852 4575 1180 4630 nominatis
1211 4576 1294 4631 eis
1324 4592 1480 4649 quos
1514 4576 1858 4632 hmresiotas

199 4676 329 4717 esse
362 4664 545 4727 nosti,
580 4663 826 4734 quando
854 4679 926 4719 ne
958 4665 1120 4735 ipsos
1140 4664 1384 4736 quidem
1411 4665 1859 4736 praetermittere

207 4750 487 4816 volueris,
552 4752 947 4823 subjungeres
1003 4755 1179 4808 etiam
1226 4753 1284 4807 in
1336 4755 1558 4824 quibus
1610 4753 1859 4809 cavendi

215 4846 415 4896 essent
441 4858 456 4895 :
485 4855 840 4913 quanquam
888 4842 1213 4898 nonnullos
1243 4844 1421 4898 etiam
1462 4844 1812 4915 praeterieris
1842 4862 1857 4913 ;

201 4930 360 5000 quod
382 4930 541 4985 scire
572 4945 851 5001 cuperem
882 4948 1003 5004 quo
1032 4930 1282 4987 consilio
1308 4931 1529 4987 factum
1558 4933 1649 4987 sit.
1675 4937 1785 4988 Aut
1811 4933 1857 4986 si

193 5017 332 5073 illud
372 5018 663 5075 volumen
710 5019 856 5075 forte
894 5036 1144 5076 onerare
1176 5019 1438 5084 noluisti,
1473 5027 1537 5076 ut
1592 5037 1857 5077 comme-

194 5108 441 5163 moratis
468 5108 778 5177 bmreticis,
801 5124 921 5165 non
941 5110 1193 5165 adderes
1213 5110 1273 5165 in
1294 5110 1515 5182 quibus
1534 5126 1635 5165 eos
1658 5111 1857 5167 catho-

190 5193 297 5252 lica
318 5197 630 5253 damnarit
652 5199 1001 5263 auctoritas;
1030 5206 1165 5271 peto
1192 5214 1264 5254 ne
1278 5215 1461 5269 grave
1486 5202 1555 5254 sit
1577 5199 1857 5256 litterario

191 5286 375 5344 labori
394 5294 648 5359 tuo,quo
661 5304 781 5344 non
800 5288 1175 5345 mediocriter
1189 5305 1292 5361 per
1305 5290 1535 5345 Domini
1554 5290 1650 5345 Dei
1667 5279 1857 5345 nostri

193 5378 472 5445 gratiam,
494 5378 555 5433 in
569 5378 754 5434 latina
775 5378 980 5451 lingua
997 5386 1340 5435 sanctorum
1361 5378 1560 5435 studia
1576 5385 1631 5435 et
1649 5395 1856 5435 accen-

250 5540 263 5569 ί
289 5537 419 5585 Edd.
446 5554 457 5584 :
484 5536 638 5585 Posse
666 5537 871 5586 honeste
904 5538 1403 5599 aceipiseriptorem.
1430 5538 1511 5585 At.
1541 5538 1663 5587 Mss.
1686 5538 1859 5588 treile'

191 5600 289 5648 cim
328 5616 339 5664 ς
371 5602 532 5664 Posse
556 5602 765 5649 honeste
801 5616 859 5650 ac
889 5602 974 5662 pie
1006 5602 1327 5664 scriptorem.
1382 5602 1532 5651 Hanc
1572 5601 1854 5651 lectionem

193 5670 225 5709 ι
236 5663 601 5727 mplectimur.

1454 262 1958 321 EPISTOLARUM
1995 252 2283 321 CLASSIS
2323 266 2391 321 II.

3527 271 3631 327 158

1978 387 2114 444 disti
2128 392 2182 443 et
2196 388 2501 459 adjuvisti,
2517 390 2576 446 id
2595 392 2759 463 quod
2782 393 2884 449 tibi
2907 394 3416 465 perhumilitatem
3429 411 3629 451 meam

1976 476 2233 533 fraterna
2247 478 2505 535 charitas
2535 480 2757 547 indicit,
2778 487 2841 537 ut
2872 483 2918 537 si
2955 486 3379 554 occupationes
3413 489 3526 540 tuae
3558 484 3630 538 si-

1976 572 2145 631 nunt,
2175 568 2447 623 omnium
2467 569 2875 625 haereticorum
2907 588 3182 642 perversa
3195 573 3501 642 dogmata,
3527 574 3629 644 qui

1974 656 2389 711 rectitudinem
2412 656 2549 712 ﬁdei
2581 659 2916 714 christianse
2942 676 3128 731 usque
3154 661 3231 717 ad
3251 662 3363 716 hoc
3391 667 3629 732 tempus

1977 743 2067 798 vel
2094 744 2471 811 impudentia
2502 745 2593 800 vel
2620 747 2915 817 imperitia
2944 749 3033 804 vel
3063 750 3394 819 pervicacia
3413 749 3631 821 depra-

1976 847 2114 889 vare
2153 834 2349 888 conati
2381 840 2537 898 sunt,
2562 851 2682 889 uno
2706 835 2905 891 libello
2929 835 3183 892 breviter
3199 837 3431 905 digesta
3460 838 3626 902 edas,

1975 920 2035 977 in
2065 922 2336 978 notitiam
2368 938 2575 979 eorum
2615 924 2837 995 quibus
2887 930 2990 980 aut
3021 941 3139 980 non
3174 934 3345 981 vacat
3388 932 3629 998 propter

1975 1010 2091 1067 alia
2121 1012 2377 1081 negotia,
2419 1018 2521 1067 aut
2555 1028 2672 1068 non
2725 1013 2923 1069 valent
2952 1021 3195 1086 propter
3225 1014 3484 1070 alienam
3517 1014 3630 1069 lin-

1974 1115 2157 1168 guam
2211 1107 2330 1155 tam
2380 1100 2567 1156 multa
2592 1100 2786 1171 legere
2818 1108 2997 1175 atque
3028 1118 3408 1173 cognoscere.
3439 1104 3545 1157 Diu
3575 1106 3628 1157 te

1971 1202 2270 1256 rogarem,
2298 1188 2410 1243 nisi
2440 1189 2554 1244 hoc
2568 1189 2923 1246 soleretesse
2950 1191 3235 1246 indicium
3268 1192 3464 1246 minus
3483 1207 3631 1263 prte-

1974 1279 2263 1333 sumentis
2290 1279 2365 1333 de
2394 1279 2699 1335 charitate.
2743 1280 2910 1336 Hunc
2958 1281 3185 1336 interea
3214 1282 3453 1337 fratrem
3488 1297 3631 1337 nos-

1972 1369 2128 1421 trum
2158 1366 2403 1422 Paulum
2435 1367 2494 1422 in
2528 1368 2755 1424 Christo
2781 1369 3034 1425 multum
3068 1370 3429 1426 commendo
3461 1370 3631 1425 beni-

1973 1454 2179 1524 gnitati
2214 1460 2349 1521 tuae,
2386 1458 2558 1527 cujus
2596 1457 2657 1512 in
2690 1458 2906 1513 nostris
2945 1458 3287 1529 regionibus
3329 1460 3628 1515 existima-

1972 1543 2115 1599 tioni
2142 1543 2372 1600 bonum
2403 1561 2604 1601 coram
2629 1548 2745 1601 Deo
2778 1547 3181 1601 testimonium
3214 1547 3624 1619 perhibemus.

2472 1651 2800 1707 EPISTULA
2845 1653 2949 1707 XLI
2981 1652 2996 1669 '
3024 1652 3127 1724 (a).

1968 1738 2229 1808 Alypius
2283 1744 2336 1795 et
2395 1741 2767 1809 Augustinus
2832 1742 3078 1796 Aurelio
3121 1742 3502 1811 gratulantes
3558 1742 3630 1799 de

2041 1828 2406 1883 sermonibus
2424 1844 2568 1899 quos
2596 1829 2930 1899 presbyteri
2950 1837 3242 1895 praesente
3256 1830 3386 1897 ipso
3415 1830 3496 1886 ad
3520 1845 3627 1899 po-

2039 1918 2251 1986 pulum
2294 1917 2511 1974 habere
2537 1924 2857 1987 caeperant,
2888 1919 3198 1990 ipsumque
3244 1926 3522 1988 rogantes
3562 1924 3627 1975 ut

2042 2006 2233 2077 aliqui
2258 2020 2457 2061 eorum
2491 2021 2783 2063 sermones
2809 2008 2921 2062 sibi
2949 2010 3289 2063 mittantur.

1975 2115 2223 2170 Domino
2269 2114 2621 2170 beatissimo
2661 2121 2716 2169 et
2756 2115 3165 2171 venerabiliter
3218 2115 3624 2186 suscipiendo,

2042 2203 2557 2275 sincerissimeque
2588 2203 2942 2259 charissimo
2983 2204 3170 2271 fratri,
3202 2209 3258 2259 et
3309 2219 3628 2260 consacer-

2040 2283 2164 2346 doti
2197 2293 2213 2326 ¹
2263 2307 2436 2363 papae
2486 2297 2749 2356 Auaauo,
2800 2296 3042 2347 Aunus
3074 2297 3127 2348 et
3165 2300 3531 2358 Ancusrmus,
3566 2292 3624 2347 in

2044 2378 2293 2433 Domino
2327 2379 2600 2435 salutem.

2045 2492 2093 2540 l.
2122 2486 2441 2557 lmpletum
2460 2493 2548 2543 est
2566 2486 2790 2557 gaudio
2802 2503 2871 2543 os
2889 2494 3178 2553 nostrum,
3199 2493 3253 2543 et
3270 2487 3477 2557 lingua
3490 2504 3626 2545 nos-

1966 2579 2058 2632 tra
2071 2575 2465 2631 exsultatione
2493 2576 2681 2647 (Psal.
2712 2575 3628 2648 cxxv,2),nuntiantibuslitteris

1969 2665 2085 2720 tuis
2104 2669 2369 2719 sanctam
2386 2666 2810 2735 cogitationem
2827 2672 3015 2731 tuam,
3034 2667 3355 2736 adjuvante
3374 2666 3626 2721 Domino

1967 2754 2071 2824 qui
2103 2768 2239 2807 eam
2280 2754 2610 2823 inspiravit,
2644 2755 2720 2809 ad
2762 2754 3037 2809 effectum
3070 2771 3201 2810 esse
3250 2755 3625 2827 perductam,

1968 2841 2337 2897 deomnibus
2365 2843 2653 2898 ordinatis
2676 2843 2955 2898 fratribus
2981 2844 3215 2911 nostris,
3244 2850 3301 2898 et
3326 2844 3628 2914 praecipue

1967 2929 2040 2985 de
2057 2945 2331 2985 sermone
2356 2930 2867 3002 presbyterorum,
2885 2932 2987 3003 qui
3014 2938 3063 2987 te
3080 2938 3371 3002 praesente
3400 2931 3627 3003 populo

1968 3016 2302 3074 infunditur
2336 3037 2348 3085 ;
2382 3035 2486 3090 per
2516 3035 2776 3090 quorum
2822 3019 3062 3089 linguas
3111 3019 3331 3075 clamat
3365 3020 3626 3076 charitas

1968 3116 2069 3164 tua
2090 3108 2314 3178 majore
2331 3122 2476 3162 voce
2503 3108 2564 3162 in
2583 3108 2868 3162 cordibus
2897 3108 3235 3175 hominum,
3256 3123 3440 3179 quam
3464 3108 3546 3163 illi
3566 3108 3627 3164 in

1967 3197 2212 3253 auribus
2245 3214 2257 3251 :
2306 3200 2421 3251 Deo
2452 3196 2693 3267 gratias.
2728 3199 2876 3252 Nam
2903 3196 3047 3268 quid
3083 3196 3293 3251 melius
3338 3203 3393 3252 et
3423 3197 3626 3252 animo

1967 3301 2267 3358 geramus,
2292 3288 2349 3341 et
2367 3300 2467 3340 ore
2484 3300 2856 3355 promamus,
2880 3285 3183 3342 etcalamo
3212 3285 3624 3357 exprimamus

1967 3391 2174 3448 quam,
2194 3378 2309 3430 Deo
2323 3374 2588 3444 gratias?
2612 3377 2729 3430 Hoc
2744 3390 2852 3431 nec
2867 3375 2982 3430 dici
3012 3374 3271 3439 brevius,
3296 3389 3404 3429 nec
3431 3374 3625 3430 audiri

1965 3464 2178 3529 laetius,
2222 3479 2331 3519 nec
2363 3463 2608 3534 intelligi
2642 3464 2952 3534 grandius,
3000 3479 3108 3519 nec
3140 3462 3239 3533 agi
3270 3462 3626 3519 fructuosius

1966 3558 2181 3624 potest.
2201 3553 2318 3608 Deo
2335 3553 2577 3623 gratias,
2595 3553 2696 3625 qui
2714 3556 2767 3607 te
2781 3558 2837 3607 et
2851 3558 2973 3607 tam
2988 3552 3150 3608 ﬁdeli
3170 3558 3405 3624 pectore
3419 3551 3625 3608 ditavit

1963 3658 2104 3710 erga
2132 3641 2283 3696 filios
2316 3648 2468 3705 tuos,
2501 3646 2555 3697 et
2586 3641 2641 3695 id
2668 3642 2832 3713 quod
2863 3641 2922 3696 in
2955 3642 3168 3697 intimo
3199 3642 3418 3697 anima:
3446 3641 3628 3697 hahe-

1967 3730 2095 3794 bas,
2121 3730 2289 3801 quod
2315 3729 2620 3785 humanus
2635 3728 2843 3784 oculus
2876 3745 2994 3784 non
3012 3734 3300 3801 penetrat,
3332 3730 3537 3785 eduxit
3568 3730 3627 3784 in

1962 3818 2178 3883 lucem,
2221 3818 2508 3873 donando
2560 3818 2682 3884 tibi,
2738 3833 2859 3872 non
2891 3817 3085 3872 solum
3120 3822 3181 3873 ut
3220 3817 3373 3873 bene
3421 3817 3625 3887 velles,

1966 3923 2172 3963 verum
2204 3906 2383 3961 etiam
2416 3907 2474 3961 in
2507 3905 2726 3977 quibus
2751 3910 2957 3977 posset
2985 3921 3274 3978 apparere
3305 3905 3468 3977 quod
3502 3905 3627 3961 vel-

1962 3996 2067 4052 les.
2095 3999 2178 4051 lta
2206 3995 2381 4067 plane
2404 3996 2523 4065 ﬁat,
2550 3996 2683 4050 ﬁat:
2709 3994 2945 4050 luceant
2962 3995 3082 4051 haec
3099 4011 3284 4067 opera
3300 4010 3505 4050 coram
3520 3993 3627 4049 ho-

1966 4085 2321 4149 minihus,ut
2336 4083 3263 4155 videant,gaudeant,gloriﬁcent
3280 4086 3508 4139 Patrem
3523 4083 3628 4155 qui

1965 4174 2027 4229 in
2052 4173 2214 4230 cmlis
2239 4178 2327 4229 est
2346 4173 2587 4233 tMatth.
2612 4189 2666 4238 ν,
2702 4174 2809 4242 l6).
2842 4172 3080 4228 Talibus
3105 4172 3414 4230 delecteris
3444 4174 3502 4227 in
3522 4176 3630 4228 Do-

1967 4264 2131 4319 mino
2165 4280 2177 4315 :
2212 4262 2339 4335 ipse
2372 4266 2425 4317 te
2452 4277 2561 4335 pro
2586 4260 2670 4316 eis
2698 4265 2971 4317 orantem
3004 4260 3283 4331 dignetur
3321 4261 3624 4325 exaudire,

1966 4367 2149 4423 quem
2176 4356 2232 4406 tu
2261 4367 2366 4422 per
2391 4367 2493 4406 eos
2515 4350 2860 4422 loquentem
2884 4366 3004 4405 non
3023 4350 3368 4419 dedignaris
3396 4350 3627 4405 audire.

1968 4443 2163 4505 Eatur,
2190 4439 2547 4504 ambuletur,
2581 4443 2851 4494 curratur
2879 4439 2939 4493 in
2969 4438 3067 4493 via
3087 4438 3315 4493 Domini
3343 4459 3354 4502 ;
3386 4438 3631 4494 benedi-

1966 4535 2177 4585 cantur
2208 4528 2403 4599 pusilli
2426 4543 2563 4582 cum
2588 4526 2848 4596 magnis,
2872 4527 3187 4597 jucundati
3211 4526 3268 4580 in
3291 4526 3384 4582 his
3416 4526 3519 4598 qui
3543 4526 3631 4582 di-

1968 4617 2230 4682 cunteis,
2262 4617 2333 4671 In
2356 4616 2594 4672 domum
2623 4615 2861 4671 Domini
2897 4614 3331 4685 ibimus(Psal.
3355 4631 3509 4680 cxx],
3542 4616 3625 4687 l):

1966 4706 2311 4780 praecedant
2340 4705 2442 4769 illi,
2472 4710 2528 4759 et
2546 4710 2875 4777 sequantur
2896 4704 3009 4769 isti,
3034 4704 3631 4762 imitatoresfactieo-

1969 4811 2123 4859 rum,
2147 4795 2297 4849 sicut
2318 4801 2373 4849 et
2396 4793 2477 4849 illi
2502 4792 2732 4849 Christi.
2752 4796 2994 4850 Ferveat
3015 4794 3124 4849 iter
3146 4800 3491 4850 sanctarum
3516 4795 3630 4849 for-

1969 4883 2280 4946 micarum,
2305 4882 2569 4951 fragrent
2588 4898 2773 4954 opera
2806 4887 3154 4939 sanctarum
3182 4899 3387 4955 apum,
3409 4884 3630 4937 feratur

1964 4970 2190 5027 fructus
2212 4972 2270 5026 in
2298 4972 2608 5028 tolerantia
2621 4988 2760 5028 cum
2778 4972 2972 5028 salute
2988 4971 3409 5043 perseverandi
3439 4985 3627 5041 usque

1966 5059 2029 5115 in
2059 5060 2263 5114 tinem.
2319 5063 2427 5115 Nec
2468 5061 2627 5115 sinat
2666 5062 2953 5116 Dominus
2988 5058 3196 5115 tentari
3228 5072 3411 5127 supra
3439 5071 3626 5129 quam

1967 5163 2298 5220 possumus
2332 5148 2502 5215 ferre,
2539 5149 2643 5205 sed
2694 5148 2872 5205 faciat
2910 5164 3049 5203 eum
3089 5144 3411 5201 tentatione
3443 5142 3625 5202 etiam

1966 5236 2209 5304 exitum,
2242 5242 2302 5294 ut
2332 5238 2637 5313 possimus
2676 5237 2965 5293 sustinere
2988 5236 3036 5305 (Ι
3068 5234 3203 5291 Cor.
3229 5250 3289 5299 x,
3338 5238 3443 5303 t3).

2029 5416 2043 5447 ί
2070 5414 2147 5463 Ita
2175 5414 2299 5462 Mss.
2328 5427 2533 5463 omnes.
2570 5414 2635 5461 At
2657 5411 2889 5474 Edd.,,et
2914 5424 3032 5474 cere
3058 5415 3438 5474 sanctopapw.

2029 5477 2059 5509 τ’
2080 5476 2497 5525 Emendavimus
2516 5474 2738 5538 hancad
2752 5488 2800 5521 a.
2821 5473 2892 5522 bl.
2912 5473 3002 5523 bn.
3025 5473 3111 5538 bg.
3132 5474 3216 5523 cb.
3232 5473 3354 5538 QLg.
3380 5487 3555 5538 gg.gv
3570 5474 3624 5538 .j.

1969 5552 2021 5587 n.
2042 5552 2083 5585 s.
2105 5543 2141 5587 t.
2162 5554 2238 5586 vc.
2259 5539 2395 5587 duos
2412 5552 2458 5587 θ..
2482 5538 2616 5587 duos
2630 5537 2708 5585 sb.
2725 5540 2955 5601 quatuor
2969 5553 3018 5585 ν.
3033 5536 3098 5587 ad
3118 5538 3234 5585 Am.
3252 5536 3373 5587 Bad.
3389 5536 3477 5586 Er.
3492 5536 3619 5587 Lov.

2031 5604 2103 5662 (α)
2142 5601 2283 5651 Alias
2333 5602 2393 5649 77
2431 5615 2442 5648 :
2506 5614 2652 5663 quae,
2678 5602 2859 5649 autem
2911 5601 2966 5648 41
3005 5604 3135 5654 erat,
3182 5601 3486 5651 continetur
3530 5602 3615 5654 26,

1969 5663 2175 5728 Scripta
2206 5663 2305 5712 sub
2336 5662 2547 5713 initium
2574 5662 2919 5727 episcOpatus
2936 5662 3246 5727 Augustini.
