4078 6166
407 236 510 289 159

475 364 529 414 2.
564 360 736 417 Orate
765 374 872 430 pro
906 356 1103 420 nobis,
1140 352 1308 424 digni
1354 348 1623 408 exaudiri
1662 363 1842 414 ;cum
1891 348 2054 401 tanto

406 449 629 520 quippe
660 445 949 502 sacriﬁcio
990 443 1269 501 acceditis
1316 442 1391 497 ad
1426 443 1608 495 Deum
1640 434 2054 491 sincerissima:

406 536 736 592 dilectionis
763 541 818 589 et
839 534 1036 589 laudis
1069 533 1195 604 ejus
1214 531 1272 586 in
1304 528 1588 601 operibus
1614 524 1862 581 vestris:
1892 526 2054 577 orate

410 630 471 677 ut
513 628 567 677 et
595 624 652 676 in
702 623 878 677 nobis
919 622 1047 677 haec
1092 621 1379 689 luceant;
1413 616 1702 689 quoniam
1751 610 1914 667 novit
1962 609 2056 665 ille

408 727 581 782 quem
622 711 825 776 oratis,
859 727 997 766 cum
1032 716 1261 782 quanto
1295 713 1497 763 nostro
1527 703 1748 775 gaudio
1781 703 1841 757 in
1887 699 2056 755 vobis

408 799 669 856 luceant.
702 802 833 855 Haec
857 805 993 855 sunt
1022 803 1156 855 vota
1182 804 1408 864 nostra,
1428 796 1519 851 has
1534 790 1944 850 multitudines
1968 804 2060 844 so-

404 887 685 943 latiorum
708 888 1039 943 secundum
1068 885 1509 942 multitudinem
1529 882 1804 938 dolorum
1828 883 2061 934 nostro-

407 991 543 1032 rum
575 977 634 1031 in
659 974 853 1031 'corde
883 981 1086 1032 nostro
1110 974 1446 1045 jucundant
1475 971 1740 1026 animam
1791 971 2059 1025 nostram

413 1064 600 1136 (Psal.
636 1080 793 1130 xcui,
828 1064 932 1135 t9).
960 1066 1042 1119 Ita
1064 1068 1170 1129 est,
1192 1062 1333 1135 quia
1354 1062 1432 1117 ita
1448 1060 1811 1131 promissum
1831 1062 1949 1123 est;
1980 1057 2060 1112 ita

412 1154 518 1209 erit
545 1154 709 1225 quod
734 1158 933 1222 restat,
967 1153 1118 1207 sicut
1140 1152 1503 1224 promissum
1532 1153 1639 1205 est.
1666 1147 2062 1204 Obsecramus

413 1246 467 1298 te
498 1258 603 1313 per
632 1258 771 1297 eum
806 1243 909 1314 qui
942 1241 1043 1297 tibi
1084 1242 1201 1296 ista
1242 1240 1508 1301 donavit,
1542 1245 1597 1293 et
1624 1236 1939 1308 populum,
1968 1232 2061 1289 cui

412 1331 618 1396 servis,
653 1331 763 1386 hac
790 1348 893 1403 per
924 1336 977 1386 te
1010 1330 1424 1387 benedictione
1444 1325 1721 1399 perfudit,
1756 1330 1819 1380 ut
1844 1324 2061 1395 jubeas

412 1419 680 1487 singulos
694 1436 845 1491 quos
860 1420 1113 1475 volueris
1128 1434 1434 1474 sermones
1447 1431 1655 1471 eorum
1671 1415 2062 1483 conscriptos,

415 1514 469 1563 et
498 1509 847 1564 emendatos
893 1508 1042 1563 mitti
1074 1508 1271 1563 nobis.
1305 1510 1451 1562 Nam
1483 1511 1538 1559 et
1585 1520 1695 1575 ego
1734 1502 1894 1575 quod
1934 1502 2067 1573 jus-

416 1597 542 1651 sisti
583 1613 703 1653 non
749 1597 1006 1667 negligo,
1048 1603 1103 1652 et
1146 1597 1220 1651 de
1250 1594 1533 1667 Tychonii
1566 1597 1793 1665 septem
1842 1590 2062 1669 regulis

413 1686 503 1739 vel
534 1685 827 1751 clavibus,
878 1687 1026 1740 sicut
1072 1701 1228 1757 saepe
1258 1686 1383 1755 jam
1434 1682 1661 1754 scripsi,
1704 1695 2065 1750 cognoscere

416 1774 561 1847 quid
588 1774 691 1829 tibi
722 1775 991 1829 videatur
1014 1777 1294 1845 exspecto
1317 1773 1419 1844 (a).
1456 1775 1714 1828 Fratrem
1736 1769 2064 1825 Hilarinum

417 1864 857 1935 Hipponensem
890 1863 1249 1919 archiatrum
1282 1869 1336 1918 et
1388 1860 1775 1933 principalem
1811 1858 2065 1915 multum

415 1952 938 2007 commendamus.
968 1955 1114 2007 Nam
1139 1952 1207 2006 de
1231 1951 1408 2007 fratre
1441 1953 1710 2006 Romano
1736 1948 1881 2019 quid
1914 1951 2065 2002 sata-

417 2057 525 2109 gas
557 2041 848 2103 novimus,
882 2040 1147 2110 nihilque
1178 2039 1503 2113 petendum
1531 2044 1619 2093 est
1649 2037 1759 2093 nisi
1790 2042 1851 2091 ut
1883 2042 1934 2092 te
1962 2051 2070 2108 pro

415 2129 516 2185 illo
555 2130 796 2200 adjuvet
823 2130 1129 2185 Dominus.
1172 2134 1379 2184 Amen.

954 2219 1283 2275 EPISTOLA
1321 2218 1452 2273 XLII
1498 2218 1535 2270 '.

422 2308 790 2378 Augustinus
820 2309 1102 2373 Paulino,
1131 2307 1419 2377 ﬂagitans
1450 2312 1513 2361 ut
1546 2305 1884 2360 litterarum
1911 2302 2073 2358 debi-

492 2402 615 2451 tum
648 2396 903 2463 amplius
942 2412 1101 2451 anno
1131 2396 1363 2465 integro
1398 2410 1518 2450 non
1549 2393 1847 2450 redditum
1877 2393 2074 2447 exsol-

495 2491 613 2548 vat,
643 2486 958 2554 mittatque
978 2484 1091 2539 sibi
1121 2500 1267 2552 opus
1294 2482 1579 2539 adversus
1609 2483 1907 2551 Paganos,
1940 2495 2072 2535 cum

492 2572 557 2626 id
591 2574 927 2641 perfecerit.

424 2659 609 2733 Prodit.
636 2674 781 2709 nunc
809 2661 1062 2733 primum.
1089 2661 1166 2733 (bl
1208 2674 1273 2733 ex
1301 2660 1530 2709 corticeo
1583 2658 1907 2733 codice,‘qui
1932 2657 2075 2733 ‘olinm

487 2719 851 2772 Narbonensis
880 2724 1113 2772 ecclesia:
1144 2719 1262 2779 fuit,
1310 2736 1455 2771 nunc
1491 2735 1615 2771 vero
1646 2726 1726 2769 est
1753 2719 1974 2769 illustris
2002 2719 2077 2769 fa-

491 2785 649 2834 milire
674 2785 1137 2835 Phimarconensis
1162 2800 1172 2833 :

432 2866 697 2921 Dominis
724 2866 1128 2922 laudabilibus
1151 2867 1209 2921 in
1222 2866 1448 2921 Christo
1471 2864 1860 2920 sanctissimis
1890 2862 2077 2918 fratri-

499 2953 613 3008 bus
642 2958 881 3011 PAULINO
906 2962 961 3011 et
982 2958 1299 3020 Tasassm,
1328 2958 1700 3021 Ancusrmus,
1734 2953 1789 3007 in
1828 2952 2077 3006 Domino

501 3043 776 3099 salutem.

502 3136 654 3188 Num
675 3133 853 3188 etiam
883 3133 997 3189 hoc
1021 3135 1248 3204 sperari
1274 3136 1375 3188 aut
1404 3130 1733 3202 exspectari
1760 3135 1983 3202 posset,
2018 3134 2079 3185 ut

431 3237 538 3294 per
550 3222 787 3277 fratrem
804 3220 1085 3277 Severum
1102 3220 1831 3291 rescriptaﬂagitaremus,
1848 3219 2079 3273 tamdiu

432 3315 553 3367 tam
569 3312 916 3365 ardentibus
932 3311 1104 3365 nobis
1120 3326 1156 3365 a
1172 3316 1365 3364 vestra
1381 3310 1671 3365 Charitate
1686 3324 1805 3362 non
1822 3308 1982 3362 reddi
1994 3306 2081 3361 ta?

434 3398 587 3463 Quid
619 3403 705 3452 est
728 3398 888 3468 quod
906 3397 1059 3451 duas
1084 3402 1319 3452 mstates
1335 3397 1699 3466 easdemque
1714 3396 1771 3450 in
1796 3396 1989 3450 Africa
2007 3395 2083 3448 si-

432 3487 536 3541 tire
567 3487 895 3554 cogamur?
924 3485 1671 3556 Quidampliusdicam‘i‘O
1704 3486 1802 3555 qui
1835 3500 1926 3539 res
1950 3499 2079 3538 ves-

433 3578 553 3629 tras
600 3574 867 3645 quotidie
897 3574 1155 3639 donatis,
1198 3574 1467 3629 debitum
1516 3573 1763 3629 reddite.
1811 3582 1897 3628 An
1939 3572 2087 3628 forte

436 3661 602 3734 quod
632 3662 923 3718 adversus
953 3662 1447 3719 dmmonicolaste
1477 3662 1736 3717 scribere
1756 3662 2084 3727 audieram,

436 3757 615 3822 atque
645 3750 706 3807 id
728 3766 884 3830 opus
912 3752 1293 3807 vehementer
1321 3751 1661 3807 desiderare
1695 3767 1789 3805 me
1820 3751 2091 3806 ostende-

437 3854 567 3895 ram
597 3840 693 3912 (c),
729 3840 937 3897 volens
967 3841 1248 3912 perﬁcere
1277 3856 1346 3896 ac
1371 3840 1796 3906 mittere,tanto
1825 3845 2089 3911 tempore

436 3930 515 3985 ad
536 3945 647 3984 nos
680 3930 961 4001 epistolas
983 3930 1261 3985 distulisti
1282 3930 1554 3985 “(Utinam
1570 3929 1777 3985 saltem
1811 3933 1930 3985 tam
1962 3929 2093 4000 opi-

442 4034 541 4073 ma
582 4034 791 4073 mensa
816 4019 943 4088 jam
994 4034 1291 4073 annosum
1346 4019 1424 4074 ab
1465 4018 1599 4074 stilo
1645 4024 1745 4073 tuo
1790 4018 2091 4088 jejunium
2126 4036 2143 4047 ν’

441 4122 645 4161 meum
677 4105 968 4177 excipias:
1000 4123 1134 4178 quae
1181 4107 1229 4161 si
1264 4107 1534 4162 nondum
1589 4112 1800 4178 parata
1838 4112 1941 4172 est,
1971 4122 2093 4161 non

442 4194 791 4250 desinemus
813 4195 1305 4267 conqueri,sinos
1334 4196 1481 4250 dum
1498 4195 1641 4249 illud
1674 4194 1931 4267 perﬁcis,
1971 4210 2092 4250 non

443 4283 679 4338 interim
694 4283 905 4339 reﬁcis.
926 4283 1185 4339 Salutate
1216 4284 1445 4350 fratres,
1469 4284 1727 4339 maxime
1757 4286 2093 4339 Romanum

444 4376 499 4427 et
538 4372 790 4443 Agilem.
821 4374 965 4429 Hinc
1001 4375 1103 4445 qui
1137 4373 1451 4429 nobiscum
1506 4378 1643 4428 sunt
1675 4388 1779 4427 vos
1810 4371 2092 4438 salutant,

442 4468 497 4517 et
518 4478 734 4533 aprum
764 4463 1078 4518 nobiscum
1112 4464 1467 4530 irascuntur,
1498 4463 1545 4517 si
1575 4478 1790 4535 parum
1815 4460 2093 4531 diligunt.

899 4552 1233 4608 EPISTOLA
1278 4553 1431 4607 XLIII
1462 4553 1499 4574 ··
1535 4552 1639 4623 (d).

447 4637 684 4704 Quanta
739 4639 1110 4707 impudentia
1159 4641 1483 4697 Donatistae
1532 4642 1852 4709 persistant
1902 4638 1963 4693 in
1992 4653 2097 4694 suo

752 4710 1086 4781 schismate,
1123 4719 1204 4767 tot
1225 4712 1473 4781 judiciis
1514 4710 1787 4767 convicti.

449 4797 706 4853 Dominis
723 4798 1108 4854 dilectissimis
1125 4801 1391 4855 etmerito
1407 4799 1806 4871 prasdicandis
1823 4798 2097 4854 fratribus

508 4950 525 4966 ‘
550 4949 789 5015 Antehac
814 4950 1031 5007 inedita,
1060 4950 1237 5015 prodit
1250 4964 1314 5000 ex
1334 4951 1564 5001 corticeo
1590 4949 1771 4999 codice
1804 4948 2105 4999 l’himarco‘

445 5026 917 5139 ne'qslflcpisttJiLlll
936 5075 1161 5125 θυίων
1194 5074 1402 5124 collatae
1416 5078 1675 5123 suntcum
1690 5073 1841 5185 ιιὲἕ.
1859 5072 1928 5121 bl.
1953 5086 1997 5120 c.
2019 5086 2095 5121 cc.

449 5136 507 5185 ﬂ.
540 5151 591 5185 α.
622 5154 709 5185 12v.
748 5154 801 5185 n.
834 5154 876 5185 r.
910 5152 952 5185 s.
985 5139 1062 5185 sb.
1098 5142 1133 5185 t.
1172 5152 1247 5185 vc.
1269 5141 1462 5185 auator
1488 5151 1537 5184 ν.
1569 5138 1686 5185 Am.
1710 5136 1744 5184 Β
1822 5173 1833 5183 .
1856 5136 1936 5184 Er.
1972 5135 2095 5183 Lov.

449 5136 507 5189 Π.
540 5151 591 5200 g.
612 5135 709 5199 'gv.
748 5154 801 5187 n.
834 5154 876 5187 r.
910 5152 952 5187 ε.
985 5139 1062 5187 sb.
1098 5142 1133 5186 t.
1172 5152 1247 5186 vc.
1269 5141 1462 5200 quator
1488 5151 1537 5184 v.
1569 5138 1686 5200 Am.
1710 5135 1833 5185 Bad.
1856 5136 1936 5184 Er.
1972 5135 2095 5200 μον.

510 5197 817 5264 (dilieliqui
869 5216 1055 5250 versus
1103 5197 1475 5264 desiderantur
1512 5200 1565 5264 in
1612 5198 1871 5264 hactenus
1923 5197 2095 5264 editis,

448 5273 546 5326 nec
584 5262 637 5310 in
670 5260 815 5311 MSS.
858 5265 1056 5313 nostris
1104 5263 1407 5326 plusquam
1434 5260 1647 5310 duobus
1691 5260 1907 5323 optima:
1958 5262 2097 5309 nota:

449 5321 793 5387 Germanensi
830 5329 883 5374 et
910 5321 1212 5375 Corbeiensi
1242 5321 1597 5387 reperiuntur.

513 5384 580 5441 (bl
608 5385 768 5435 Porro
794 5401 913 5448 quae
941 5389 1072 5437 alias
1102 5390 1162 5437 42
1179 5384 1471 5448 θναιζηυηο
1500 5387 1608 5435 232.
1638 5385 1843 5448 Scripta
1871 5386 2097 5433 exeunte

448 5449 631 5508 instate
665 5460 751 5496 an.
784 5449 896 5501 397.

510 5510 571 5573 (γε)
600 5509 899 5573 Ιῑιίθρὶείοια
916 5512 999 5561 31.

486 5570 586 5643 ⁸(ά)
617 5570 761 5643 gues
808 5573 961 5643 163;
976 5587 1097 5643 quas
1121 5576 1408 5643 autemuﬂ
1439 5576 1569 5629 erat,
1595 5586 1739 5623 nunc
1783 5574 1859 5621 16.
1895 5570 2101 5633 Scripta

454 5636 594 5685 circa
625 5636 718 5685 ﬁn.
751 5648 839 5685 an.
871 5636 979 5691 397.
1012 5639 1107 5687 aut
1136 5636 1252 5688 init.
1273 5638 1381 5685 398.

1674 224 1732 279 S.
1775 218 2157 277 AUGUSTINI
2200 216 2522 273 EPISCOPl

3702 218 3807 275 160

2234 341 2464 407 GLomo,
2507 343 2758 405 Ειιυδιο,
2784 343 3091 410 Fsucrevs,
3122 341 3527 400 ϐιιΑιικΑτιεοι
3556 346 3615 399 et
3642 347 3812 399 cate-

2233 431 2315 486 ris
2352 429 2627 485 omnibus
2651 430 2873 502 quibus
2900 430 3013 486 hoc
3043 438 3280 501 gratum
3305 438 3413 497 est,
3437 431 3811 488 Auansrmus.

2236 530 2458 584 CAPUT
2470 528 2753 583 PRIMUM.
2775 560 2840 568 —
2858 530 2906 583 1.
2926 528 3332 600 Dixitquidem
3347 530 3654 602 apostolus
3665 531 3819 585 Pau-

2165 616 2257 673 lus
2284 618 2672 672 :ereticum
2691 615 2977 673 hominem
3004 624 3137 686 post
3167 633 3347 674 unam
3382 618 3817 687 correptionem

2164 706 2381 770 devita,
2399 706 2585 761 sciens
2600 706 2744 777 quia
2758 706 3072 762 subversas
3098 715 3180 763 est
3195 708 3507 777 ejusmodi,
3522 714 3575 764 et
3586 716 3817 778 peccat,

2165 801 2220 852 et
2245 800 2330 851 est
2359 795 3047 862 asemetipsodamnatus
3073 796 3210 865 (Tit.
3234 812 3315 865 in,
3342 800 3425 861 10,
3462 800 3564 859 ll).
3582 796 3694 852 Sed
3713 798 3820 870 qui

2166 884 2521 940 sententiam
2550 899 2747 948 suam,
2789 885 3069 956 quamvis
3099 884 3313 941 falsam
3366 891 3545 958 atque
3583 902 3822 957 perver-

2169 990 2323 1041 sam,
2340 972 2503 1028 nulla
2515 972 2798 1041 pertinaci
2820 973 3197 1029 animositate
3212 973 3825 1046 defendunt,prmser—

2168 1063 2469 1134 timquam
2498 1078 2616 1117 non
2640 1062 2896 1119 audacia
2926 1063 3551 1135 prmsumptionissuaa
3577 1081 3825 1137 pepere-

2167 1158 2325 1215 runt,
2350 1151 2449 1205 sed
2478 1168 2513 1206 a
2544 1151 2799 1207 seductis
2829 1157 3008 1224 atque
3038 1153 3097 1207 in
3129 1168 3389 1209 errorem
3408 1155 3587 1224 lapsis
3609 1169 3825 1225 paren-

2170 1241 2330 1295 tibus
2344 1247 2717 1311 acceperunt.
2740 1246 3225 1311 quasruntautem
3237 1247 3411 1298 cauta
3424 1242 3825 1298 sollicitudine

2172 1330 2497 1393 veritatem,
2532 1328 2747 1396 corrigi
2778 1329 2989 1400 parati,
3032 1346 3170 1384 cum
3202 1329 3570 1396 invenerint;
3599 1346 3827 1403 nequa-

2170 1434 2353 1491 quam
2395 1421 2531 1471 sunt
2556 1416 2708 1471 inter
2744 1417 3055 1472 haereticos
3094 1418 3444 1489 deputandi.
3477 1418 3641 1474 Tales
3679 1435 3825 1492 ergo

2172 1524 2277 1563 vos
2307 1506 2418 1561 nisi
2449 1521 2576 1560 esse
2608 1506 2930 1569 crederem,
2964 1507 3162 1562 nullas
3192 1506 3441 1563 fortasse
3473 1508 3646 1563 vobis
3673 1508 3825 1564 litte-

2176 1611 2270 1652 ras
2332 1594 2643 1649 mitterem.
2703 1595 3060 1667 Quanquam
3119 1600 3175 1651 et
3226 1596 3419 1667 ipsum
3474 1597 3823 1653 hrereticum

2172 1683 2503 1756 quamlibet
2529 1682 2741 1739 odiosa
2761 1684 3043 1754 superbia
3074 1686 3370 1741 tumidum
3401 1691 3457 1741 et
3488 1685 3830 1757 pervivacia

2177 1772 2349 1828 malae
2366 1772 2759 1827 contentionis
2777 1771 3077 1837 insanum,
3113 1774 3263 1829 sicut
3284 1774 3592 1830 vitandum
3624 1790 3831 1831 mone-

2176 1879 2335 1928 mus,
2367 1877 2440 1916 ne
2462 1862 2732 1917 inﬁrmos
2758 1867 2814 1917 et
2842 1863 3126 1933 parvulos
3154 1862 3345 1933 fallat;
3365 1864 3446 1919 ita
3472 1880 3591 1920 non
3615 1865 3833 1921 abnui-

2178 1949 2827 2021 mus,quibuscumque
2844 1951 3037 2005 modis
3052 1967 3375 2023 possumus
3389 1952 3829 2023 corrigendum.

2178 2038 2343 2095 Unde
2372 2036 2596 2094 factum
2622 2043 2710 2093 est
2745 2042 2809 2093 ut
2847 2038 3024 2094 etiam
3046 2039 3124 2094 ad
3151 2040 3473 2096 nonnullos
3498 2043 3835 2098 Donatista-

2179 2144 2311 2182 rum
2340 2126 2658 2198 primariOs
2680 2126 3099 2191 scriberemus,
3124 2143 3243 2183 non
3260 2130 3835 2185 communicatorias

2178 2216 2419 2281 litteras,
2451 2231 2605 2287 quas
2632 2215 2760 2285 jam
2801 2215 2965 2281 olim,
3000 2222 3241 2289 propter
3279 2234 3451 2273 suam
3483 2219 3837 2289 perversita-

2180 2312 2299 2361 tem
2331 2305 2408 2359 ab
2441 2304 2662 2360 unitate
2688 2304 2981 2361 catholica
3001 2321 3137 2377 quas
3179 2311 3302 2361 toto
3324 2306 3469 2362 orbe
3486 2307 3707 2363 diﬂ‘usa
3724 2314 3836 2377 est,

2181 2410 2303 2449 non
2345 2394 2643 2464 accipiunt
2672 2410 2686 2459 ;
2720 2393 2823 2449 sed
2857 2394 2999 2449 tales
3031 2395 3316 2463 privatas,
3346 2394 3629 2467 qualibus
3658 2396 3836 2453 nobis

2184 2483 2266 2537 uti
2292 2483 2473 2536 etiam
2500 2482 2578 2537 ad
2611 2486 2876 2551 Paganos
2904 2482 3058 2549 licet,
3078 2498 3233 2554 quas
3260 2483 3342 2539 illi
3373 2484 3478 2539 etsi
3506 2484 3839 2557 aliquando

2182 2570 2476 2639 legerunt,
2517 2571 2879 2641 respondere
2938 2575 3141 2628 tamen
3189 2571 3273 2627 eis
3318 2572 3437 2627 sive
3495 2573 3840 2645 noluerunt,

2185 2660 2325 2726 sive,
2348 2664 2407 2714 ut
2437 2660 2631 2728 magis
2656 2660 2937 2727 creditur,
2966 2660 3381 2731 nequiverunt.
3414 2663 3518 2718 Ubi
3546 2661 3720 2718 nobis
3746 2678 3844 2718 sa-

2186 2749 2257 2804 tis
2297 2750 2490 2802 visum
2533 2753 2622 2802 est
2677 2748 3010 2818 implevisse
3054 2764 3165 2803 nos
3214 2748 3481 2806 ofﬁcium
3511 2751 3839 2817 charitatis,

2184 2852 2371 2908 quam
2397 2852 2515 2891 non
2549 2835 2743 2891 solum
2782 2836 3021 2902 nostris,
3051 2838 3153 2892 sed
3180 2842 3237 2893 et
3267 2839 3552 2895 omnibus
3592 2855 3702 2895 nos
3743 2840 3848 2896 de-

2185 2924 2325 2980 bere
2356 2929 2597 2979 sanctus
2614 2924 2861 2995 Spiritus
2881 2924 3074 2991 docet,
3104 2926 3397 2997 quinobis
3417 2927 3499 2983 ait
3530 2943 3633 2999 per
3656 2930 3848 2999 Apos-

2188 3014 2373 3069 tolum
2409 3025 2421 3065 :
2471 3014 2578 3069 Vos
2601 3018 2797 3070 autem
2829 3014 3118 3069 Dominus
3151 3016 3531 3084 multiplicet,
3571 3023 3626 3072 et
3656 3016 3851 3073 abun-

2188 3102 2337 3158 dare
2362 3102 2557 3172 faciat
2604 3101 2667 3157 in
2723 3102 3039 3165 charitate,
3072 3104 3132 3158 in
3170 3103 3421 3161 invicem
3460 3109 3513 3161 et
3558 3106 3623 3161 in
3650 3122 3851 3163 omnes

2190 3191 2234 3261 (Ι
2264 3192 2461 3248 Thess.
2489 3192 2898 3262 ut,l2).Monet
2928 3192 3105 3247 etiam
3139 3192 3257 3248 alio
3288 3193 3520 3258 loco,in
3552 3195 3853 3253 modestia

2190 3280 2596 3353 corripiendos
2634 3281 2877 3336 diversa
2916 3283 3235 3338 sentientes
3265 3301 3277 3350 ;
3305 3283 3396 3340 Ne
3418 3284 3601 3353 forte,
3634 3285 3850 3358 inquit,

2189 3370 2285 3426 det
2340 3370 2464 3425 illis
2486 3372 2629 3425 Deus
2657 3372 3073 3438 penitentiam
3102 3372 3183 3428 ad
3212 3374 3683 3443 cognoscendam
3702 3377 3859 3431 veri-

2188 3466 2400 3523 tatem,
2434 3464 2487 3514 et
2516 3460 2867 3527 resipiscam
2896 3460 2968 3516 de
2995 3460 3223 3516 diaboli
3282 3462 3531 3533 laqueis,
3563 3466 3860 3533 captivati

2196 3547 2271 3602 ab
2301 3548 2427 3615 ipso
2460 3549 2518 3602 in
2544 3546 2729 3615 ipsius
2762 3549 3123 3605 voluntatem
3151 3549 3219 3620 (ll
3258 3550 3405 3605 Tim.
3439 3567 3500 3615 ιι,
3529 3554 3619 3615 25,
3652 3552 3772 3623 26).

2266 3637 2318 3689 ‘2.
2356 3638 2483 3691 Haec
2503 3636 2863 3707 praelocutus
2884 3653 3039 3701 sum,
3072 3653 3144 3692 ne
3160 3639 3296 3711 quis
3325 3655 3418 3695 me
3436 3641 3730 3697 existimet
3748 3642 3863 3697 im-

2199 3725 2516 3796 pudentius
2557 3725 2727 3780 vobis
2752 3741 2936 3795 quam
2968 3727 3319 3798 prudentius
3345 3729 3558 3802 scripta
3596 3730 3858 3796 misisse,

2199 3818 2253 3869 et
2279 3814 2393 3870 hoc
2421 3813 2600 3869 modo
2632 3814 2944 3869 vobiscum
2994 3815 3068 3871 de
3101 3816 3339 3887 negotio
3388 3818 3608 3874 animm
3649 3826 3861 3877 vestra

2200 3901 2427 3973 aliquid
2458 3917 2633 3972 agere
2659 3902 2940 3969 voluisse,
2980 3904 3125 3975 quia
3163 3910 3378 3961 nostra;
3409 3907 3861 3964 communionis

2201 4006 2320 4046 non
2350 3992 2485 4045 estis
2514 4008 2526 4045 :
2553 3996 2910 4047 cumtamen
2940 3992 2988 4047 si
3019 3993 3093 4048 de
3121 3994 3362 4063 negotio
3394 3994 3584 4061 fundi,
3620 4001 3725 4052 aut
3752 3997 3861 4053 ali-

2204 4079 2374 4148 cujus
2432 4080 2789 4150 pecuniaria
2842 4080 2958 4136 litis
3010 4082 3358 4138 dirimendze
3411 4083 3583 4139 vobis
3632 4084 3861 4157 aliquid

2203 4167 2543 4233 scriberem,
2596 4184 2773 4223 nemo
2822 4168 3073 4225 fortasse
3134 4170 3610 4241 reprehenderet.
3658 4175 3858 4245 Usque

2202 4256 2357 4341 adeo
2381 4256 2598 4311 charus
2647 4263 2734 4311 est
2762 4256 2859 4313 hic
2889 4258 3155 4314 mundus
3192 4259 3561 4327 hominibus,
3620 4266 3675 4317 et
3705 4261 3855 4317 sibi-

2206 4350 2325 4401 met
2356 4346 2466 4415 ipsi
2490 4344 2785 4401 viluerunt
2813 4345 2826 4401 l
2858 4348 2972 4401 Erit
3001 4362 3143 4417 ergo
3171 4348 3316 4403 mihi
3339 4347 3418 4403 ad
3443 4348 3857 4406 defensionem

2205 4434 2370 4491 testis
2402 4434 2527 4489 haec
2566 4435 2819 4506 epistola
2865 4436 2925 4490 in
2950 4436 3177 4507 judicio
3212 4438 3330 4504 Dei,
3389 4438 3495 4508 qui
3526 4438 3687 4494 novit
3732 4455 3862 4511 quo

2205 4523 2409 4579 animo
2440 4522 2701 4591 fecerim,
2730 4530 2784 4578 et
2832 4526 2936 4596 qui
2966 4526 3113 4582 dixit
3146 4542 3158 4582 :
3193 4526 3368 4584 Beati
3412 4528 3669 4598 paciﬁci,
3711 4530 3861 4599 quia

2204 4611 2343 4689 ipsi;
2345 4611 2461 4679 ﬁlii
2490 4611 2596 4667 Dei
2624 4612 2995 4669 vocabuntur
3022 4615 3262 4685 (Matth.
3297 4632 3352 4683 v,
3387 4616 3463 4689 9).

2240 4677 2498 4756 ΓΕᾸΡΗΤ
2520 4700 2584 4753 ΙΙ.
2609 4730 2678 4742 -
2691 4705 2743 4756 3.
2756 4702 2904 4770 Ergo
2920 4708 2980 4757 ut
2999 4677 3862 4775 meminisse'di'gnaminimum

2207 4804 2479 4845 essemus
2500 4789 2560 4843 in
2584 4790 3115 4859 vestracivitate,'et
3135 4792 3425 4849 nonnulla
3448 4794 3759 4850 vobiscum
3783 4794 3861 4849 de

2208 4877 2633 4933 communione
2654 4878 2987 4935 christiana
3012 4880 3249 4936 unitatis
3268 4896 3605 4951 ageremus,
3630 4882 3865 4953 prolata

2208 4971 2345 5020 sunt
2358 4966 2674 5036 apartibus
2690 4968 2898 5021 vestris
2916 4970 3086 5023 Gesta
3098 4969 3396 5040 quaedam,
3413 4970 3866 5042 quibusrecita-

2212 5063 2335 5109 tum
2348 5054 2606 5125 estquod
2621 5056 3188 5125 septuagintaferme
3203 5058 3461 5130 episcopi
3474 5057 3862 5116 Caecilianum

2208 5143 2515 5214 quondam
2542 5151 2756 5198 nostras
2772 5147 3216 5201 communionis
3242 5148 3593 5218 episcopum
3616 5148 3862 5205 Cartha-

2210 5232 2469 5303 ginensis
2488 5232 2754 5287 Ecclesiae
2770 5250 2905 5287 cum
2945 5236 3067 5289 suis
3081 5235 3325 5307 collegis
3341 5237 3863 5293 etordinatoribus

2206 5320 2665 5375 damnaverunt.
2708 5321 2811 5377 Ubi
2853 5324 3031 5379 etiam
3082 5324 3285 5379 Felicis
3312 5325 3741 5394 Aptungitani'
3773 5326 3862 5398 (a)

2266 5448 2279 5477 ¹
2317 5444 2441 5507 Βαᾴγ.
2479 5444 2595 5491 Am.
2631 5446 2710 5507 ljir.
2744 5448 2799 5494 et
2823 5460 2964 5495 unus
2999 5462 3025 5497 e
3057 5448 3231 5498 Vatic.
3257 5448 3383 5498 Mss.
3434 5448 3649 5507 habent,
3678 5448 3859 5499 Felici.

2206 5508 2354 5572 Alius
2388 5506 2578 5572 Vatia,
2618 5506 2871 5572 Γεράδας
2891 5511 3259 5572 grammaticis.

2270 5570 2478 5641 {Apud
2520 5571 2636 5639 Δρ).
2689 5570 2771 5619 Er.
2822 5570 3050 5623 ct'MSS.
3084 5573 3269 5624 decem
3315 5572 3610 5623 scribitur:
3670 5573 3860 5624 Felicis

2204 5632 2587 5681 Autumnitani.
