4078 6166
433 248 531 303 163

427 373 634 428 ordine
664 380 726 428 ut
756 374 1086 442 Scripturas
1121 370 1398 434 traderet,
1427 369 1714 424 dimissus
1737 375 1840 437 est,
1876 370 2080 441 utique

427 477 546 518 non
569 463 802 527 frustra,
830 463 938 515 nisi
957 462 1097 530 quia
1119 460 1378 523 tradidit,
1397 466 1500 515 aut
1528 461 1676 516 tradi
1711 460 1937 531 aliquid
1959 461 2080 530 jus-

428 550 687 604 siti-lano
707 551 797 603 ille
813 550 1216 618 suspicionem
1235 551 1377 603 satis
1392 549 1762 619 probabilem
1785 556 2076 615 metuens,

425 645 668 708 accepto
699 638 946 692 consilio
978 655 1012 693 a
1044 640 1270 693 minore
1301 639 1576 693 Secundo
1630 638 2079 707 consanguineo

426 742 554 787 suo,
585 727 994 797 consultisque
1024 729 1236 782 exteris
1262 728 1364 798 qui
1398 744 1532 782 cum
1560 744 1629 782 eo
1658 734 1826 783 erant
1853 727 2080 799 episco-

424 815 532 885 pis,
557 814 1039 870 manifestissima
1060 815 1309 870 crimina
1343 816 1801 886 Deojudicanda
1825 815 2076 881 dimisit,

422 909 602 975 atque
629 905 709 959 ita
730 906 859 974 paci
889 907 1270 975 prospexisse
1302 905 1463 960 visus
1495 911 1582 961 est
1613 923 1624 970 ;
1659 906 1824 977 quod
1856 905 2076 961 falsum

422 999 564 1058 erat,
601 1009 736 1048 cum
769 994 877 1047 sibi
904 995 1292 1064 prospexerit.

492 1088 544 1134 7.
571 1085 715 1137 Nam
746 1083 868 1136 siin
897 1082 1021 1153 ejus
1048 1084 1225 1137 corde
1253 1083 1534 1152 cogitatio
1565 1084 1733 1153 pacis
1763 1083 2074 1148 habitaret,

423 1186 544 1225 non
575 1171 736 1241 apud
771 1170 1184 1239 Carthaginem
1231 1177 1434 1242 postea
1474 1188 1609 1226 cum
1661 1171 2072 1236 traditoribus,

421 1274 573 1330 quos
587 1266 907 1330 praesentes
921 1265 1099 1330 atque
1117 1260 1416 1316 confessos
1437 1262 1554 1315 Deo
1568 1260 1894 1324 dimiserat,
1910 1261 2079 1315 dam-

424 1355 589 1402 naret
613 1349 859 1402 crimine
884 1349 1234 1414 traditionis,
1264 1366 1418 1421 quos
1445 1349 1725 1405 absentes
1752 1350 1912 1421 apud
1939 1367 2076 1404 eum

421 1452 600 1491 nemo
614 1453 723 1491 con
735 1437 1167 1493 vicerat.Tanto
1185 1439 1372 1507 magis
1393 1439 1552 1494 enim
1574 1439 1775 1493 timere
1790 1439 1991 1493 debuit
2006 1455 2076 1495 ne

421 1541 538 1596 pax
583 1526 825 1580 unitatis
859 1527 1188 1590 violaretur,
1213 1532 1439 1597 quanto
1463 1533 1587 1583 erat
1613 1528 1904 1597 Carthago
1936 1528 2075 1582 civi-

421 1619 510 1668 tas
538 1615 738 1684 ampla
757 1625 812 1669 et
833 1615 1093 1678 illustris,
1118 1616 1274 1669 unde
1300 1632 1359 1670 se
1383 1632 1488 1686 per
1509 1621 1696 1671 totum
1728 1616 1933 1671 Africae
1952 1632 2077 1672 cor-

421 1720 533 1774 pus
550 1704 776 1757 malum
799 1704 961 1773 quod
985 1704 1065 1758 ibi
1091 1710 1243 1758 esset
1264 1711 1560 1770 exortum,
1589 1711 1870 1776 tanquam
1889 1721 1924 1760 a
1946 1720 2075 1760 ver-

423 1793 527 1846 tice
547 1789 902 1846 effunderet.
943 1795 1075 1847 Erat
1107 1792 1284 1847 etiam
1315 1793 1730 1848 transmarinis
1761 1792 1958 1847 vicina
1989 1810 2075 1848 re-

420 1879 934 1949 gionibusetfama
951 1881 1344 1937 celeberrima
1365 1881 1611 1937 nobilis:
1631 1882 1787 1936 unde
1812 1898 1930 1936 non
1955 1899 2074 1937 me-

420 1968 636 2024 diocris
660 1969 858 2039 utique
883 1971 1250 2025 auctoritatis
1272 1971 1538 2026 habebat
1568 1970 1939 2042 episcopum,
1968 1971 2070 2042 qui

421 2063 616 2129 posset
645 2073 762 2112 non
787 2074 992 2113 curare
1022 2060 1468 2130 conspirantem
1492 2059 1931 2115 multitudinem
1959 2059 2070 2114 ini-

418 2148 874 2209 micorum,cum
892 2162 952 2201 se
969 2146 1192 2202 videret
1208 2154 1263 2202 et
1281 2150 1562 2204 Romanae
1578 2147 1934 2212 Ecclesiae,in
1950 2164 2071 2219 qua

419 2250 650 2305 semper
681 2234 1023 2306 apostolicae
1057 2235 1355 2291 cathedrre
1386 2236 1573 2307 viguit
1597 2237 1985 2307 principatus,
2015 2242 2071 2298 et

417 2324 640 2380 caeteris
673 2325 855 2387 terris,
894 2324 1051 2379 unde
1079 2325 1464 2393 Evangelium
1485 2325 1560 2381 ad
1583 2327 1779 2396 ipsam
1810 2325 2065 2381 Africam

414 2413 706 2482 venit,per
719 2427 916 2467 comm
927 2413 1284 2468 unicatorias
1299 2413 1520 2468 litteras
1533 2430 1663 2469 esse
1679 2415 2063 2484 conjunctum

417 2501 517 2556 ubi
533 2505 779 2570 paratus
793 2507 944 2555 esset
965 2517 1216 2556 causam
1235 2517 1408 2556 suam
1431 2502 1643 2565 dicere,
1669 2504 1714 2557 si
1739 2502 2064 2558 adversarii

416 2589 543 2658 ejus
565 2589 646 2644 ab
668 2604 737 2644 eo
760 2588 889 2643 illas
912 2590 1198 2644 Ecclesias
1225 2590 1482 2644 alienare
1513 2597 1890 2646 conarentur.
1918 2592 2065 2655 Quia

413 2692 556 2747 ergo
577 2677 776 2732 venire
795 2677 1068 2732 noluitad
1095 2677 1423 2749 hospitium
1439 2678 1826 2748 collegarum,
1851 2695 2004 2750 quos
2027 2696 2063 2735 a

413 2767 535 2822 suis
559 2767 812 2822 inimicis
826 2773 1034 2823 contra
1051 2770 1356 2823 veritatem
1384 2785 1506 2823 suae
1530 2785 1725 2824 causas
1754 2786 2063 2840 perversos

412 2870 543 2910 esse
565 2855 854 2910 sentiebat
869 2856 956 2910 vel
973 2857 1411 2927 suspicabatur,
1429 2858 1540 2925 vel,
1564 2863 1624 2912 ut
1639 2858 1750 2929 ipsi
1766 2865 2059 2926 asserunt,

413 2944 753 3009 simulabat,
772 2949 932 3001 tanto
950 2945 1144 3014 magis
1161 2945 1494 3010 Secundus,
1512 2947 1555 3000 si
1575 2962 1728 3002 verae
1753 2949 1917 3018 pacis
1935 2964 2064 3003 cus-

415 3036 502 3088 tos
533 3049 664 3087 esse
706 3032 1002 3097 voluisset,
1034 3049 1242 3088 cavere
1268 3033 1477 3088 debuit
1524 3050 1598 3089 ne
1628 3035 2063 3092 damnarentur

414 3122 707 3186 absentes,
726 3122 826 3193 qui
835 3122 854 3190 j
868 3122 1063 3177 udicio
1077 3139 1286 3178 eorum
1300 3123 1548 3178 omnino
1566 3123 1846 3180 interesse
1861 3126 2062 3180 nolue-

414 3217 570 3266 runt.
595 3214 793 3282 Neque
812 3212 972 3266 enim
992 3212 1064 3266 de
1079 3212 1438 3283 presbyteris
1458 3213 1842 3269 autdiaconis
1859 3215 2064 3270 autin-

411 3298 638 3354 ferioris
664 3299 885 3353 ordinis
912 3300 1156 3364 clericis,
1174 3302 1275 3354 sed
1292 3302 1360 3355 de
1374 3301 1615 3372 collegis
1633 3303 1942 3371 agebatur,
1958 3306 2063 3376 qui

412 3392 659 3458 possent
704 3387 959 3442 aliorum
1001 3388 1366 3456 collagerum
1423 3389 1669 3458 judicio,
1726 3392 2058 3461 praesertim

408 3475 874 3546 apostolicarum
890 3475 1557 3541 Ecclesiarum,causam
1574 3495 1746 3532 suam
1763 3478 2058 3549 integram

409 3579 741 3628 reservare;
770 3564 869 3618 ubi
892 3569 1210 3620 contraeos
1237 3567 1543 3620 sententias
1558 3567 1730 3622 dictas
1758 3568 1816 3622 in
1846 3569 2061 3624 absen-

409 3656 516 3717 tes,
533 3652 693 3706 nullo
710 3653 889 3706 modo
903 3652 1130 3725 aliquid
1142 3653 1673 3726 valerent,quando
1687 3672 1892 3712 eorum
1903 3657 2062 3727 judi-

407 3741 564 3796 cium
585 3756 705 3797 non
725 3743 917 3812 primo
932 3742 1159 3797 aditum
1180 3748 1385 3813 postea
1398 3743 1918 3811 deseruerunt,sed
1936 3763 2062 3801 sus-

408 3836 646 3901 pectum
665 3847 902 3901 semper
918 3831 1191 3887 habitum
1208 3848 1522 3903 nunquam
1542 3834 1705 3889 adire
1727 3835 2055 3891 valuerunt.

416 3973 422 3980 _
477 3920 527 3974 8.
564 3923 695 3975 Haec
721 3936 813 3975 res
847 3921 1103 3976 maxime
1130 3921 1444 3978 sollicitare
1477 3923 1684 3978 debuit
1717 3925 2056 3981 Secundum

404 4010 506 4079 qui
521 4015 661 4064 tunc
674 4016 797 4064 erat
812 4011 1111 4079 primas,si
1129 4015 1444 4080 propterea
1457 4013 1774 4067 concilium
1793 4016 2056 4083 regebat,

406 4102 471 4152 ut
510 4099 639 4168 paci
667 4099 1000 4153 consuleret
1030 4117 1041 4166 ;
1073 4097 1237 4153 facile
1267 4101 1424 4153 enim
1457 4100 1727 4155 fortassis
1767 4103 1979 4159 rabida
1999 4105 2058 4158 in

408 4184 689 4240 absentes
703 4201 806 4239 ora
819 4185 1057 4256 placata
1078 4186 1169 4241 vel
1192 4186 1420 4242 frenata
1447 4189 1885 4260 comprimeret,
1913 4192 2059 4246 sidi-

405 4280 588 4329 ceret:
604 4273 842 4339 Videtis,
861 4274 1088 4338 fratres,
1108 4281 1242 4346 post
1264 4283 1488 4331 tantam
1504 4283 1766 4346 stragem
1790 4295 2060 4350 persecu-

404 4363 598 4426 tionis,
627 4363 1034 4418 misericordia
1061 4364 1205 4420 Deia
1230 4365 1598 4436 principibus
1617 4369 1815 4422 saeculi
1846 4385 2056 4439 pacem

404 4468 529 4508 esse
544 4469 822 4508 concessa
836 4469 1044 4520 m;non
1063 4453 1353 4509 debemus
1367 4470 1477 4510 nos
1508 4455 1811 4512 christiani
1839 4458 2058 4530 etepis-

403 4543 536 4612 copi
559 4543 848 4597 unitatem
870 4543 1244 4614 disrumpere
1277 4543 1694 4611 Christianam,
1725 4548 2054 4618 quamjam

402 4645 680 4700 paganus
726 4645 846 4686 non
876 4631 1213 4703 insequitur
1258 4632 1524 4688 inimicu.
1550 4635 1754 4705 Itaque
1788 4636 2054 4691 autistas

402 4733 612 4773 omnes
629 4735 1031 4790 causas,quas
1049 4720 1248 4775 clades
1263 4722 1749 4778 turbulentissimi
1769 4726 2054 4795 temporis

398 4806 914 4872 inixitEcclesiaa,
935 4809 1246 4878 Deojudici
1262 4810 1633 4866 dimittamus
1656 4828 1667 4867 :
1690 4814 1853 4867 autsi
1869 4813 2053 4885 aliqui

399 4896 458 4953 in
486 4897 659 4952 vobis
685 4902 821 4950 sunt
845 4898 945 4967 qui
970 4904 1124 4952 certa
1141 4899 1385 4953 istorum
1402 4899 1744 4956 criminaita
1759 4904 2050 4970 noverint,

400 4991 545 5042 utea
559 4986 727 5042 facile
742 4985 1661 5061 valeantedocere,negantesque
1679 5006 1788 5045 con
1800 4991 2050 5059 vincere,

401 5076 684 5132 ettalibus
715 5074 1163 5132 communicare
1189 5075 1529 5143 formidant,
1555 5087 1800 5148 pergant
1830 5081 1907 5136 ad
1939 5081 2052 5137 fra-

401 5169 514 5220 tres
548 5173 602 5220 et
627 5166 884 5237 collegas
917 5171 1153 5220 nostros
1191 5169 1729 5223 transmarinarum
1759 5171 2048 5226 Ecclesia-

400 5269 531 5308 rum
566 5255 900 5326 episcopos,
929 5256 1076 5310 etibi
1106 5257 1268 5326 prius
1285 5255 1619 5312 deistorum
1652 5258 1820 5314 factis
1835 5264 2050 5315 etcon-

401 5343 661 5397 tum:-.cia
706 5352 1166 5416 conquerantur,
1218 5346 1381 5416 quod
1436 5347 1510 5400 ad
1545 5347 1836 5418 judicium
1880 5350 2047 5406 colle-

401 5445 615 5500 garum
640 5432 906 5486 Afrorum
939 5434 1089 5489 male
1111 5434 1219 5488 sibi
1249 5435 1457 5489 corscii
1481 5436 1680 5491 venire
1705 5437 2044 5508 noluerunt,

402 5526 466 5575 ut
491 5518 628 5574 inde
658 5519 767 5572 illis
795 5521 1253 5578 denuntieturut
1273 5525 1534 5590 veniant,
1557 5524 1759 5597 ibique
1787 5528 2044 5598 objectis

398 5607 1010 5682 respondeant.Quod
1037 5612 1085 5667 si
1111 5613 1591 5681 nonfecerint,ibi
1617 5616 1798 5672 etiam
1830 5633 2039 5676 eorum

1720 245 1780 300 S.
1804 242 2194 303 AUGUSTINI
2237 243 2556 303 EPISCOPI

3740 247 3844 304 164

2187 371 2450 442 pravitas
2479 379 2535 425 et
2561 370 2912 441 perversitas
2937 371 3264 426 innotescet
3281 372 3845 442 ,missaquetracta-

2189 459 2370 514 toria1
2405 475 2582 530 super
2613 475 2819 514 eorum
2851 461 3092 514 nomine
3115 476 3218 530 per
3250 466 3439 518 totum
3484 460 3692 516 orbem
3728 467 3845 516 ter-

2187 564 2412 611 rarum,
2439 549 2969 620 quacumquejam
3000 547 3212 604 Christi
3240 549 3495 604 Ecclesia
3521 549 3704 605 dilata
3731 555 3839 620 est,

2187 639 2263 691 ab
2277 637 2554 692 omnibus
2571 636 2841 692 Ecclesiis
2856 652 3065 692 eorum
3093 639 3439 694 communio
3455 637 3838 710 praecidetur,

2187 741 2259 780 ne
2282 726 2497 798 aliquis
2514 743 2677 780 error
2707 727 2764 781 in
2787 727 3082 782 Cathedra
3106 727 3377 782 Ecclesiae
3392 728 3765 796 Carthaginis
3778 743 3842 782 o-

2186 815 2537 870 riatur.Tum
2559 816 2805 870 demum
2839 819 3028 870 securi
3069 817 3418 888 episcopum
3458 816 3640 870 alium
3678 816 3840 888 plebi

2184 904 2556 973 Carthaginis
2587 904 3027 969 ordinabimus,
3062 921 3200 959 cum
3235 922 3272 959 a
3304 909 3423 961 tota
3456 905 3717 961 Ecclesia
3743 906 3839 960 isti

2185 991 2399 1047 fuerint
2438 994 2695 1064 separati
2741 1010 2753 1048 :
2797 1009 2871 1048 ne
2912 993 3062 1049 forte
3093 1009 3230 1048 cum
3264 993 3414 1048 alius
3447 994 3627 1050 modo
3657 994 3839 1050 fuerit

2184 1083 2514 1146 ordinatus,
2550 1097 2668 1136 non
2697 1083 2749 1136 ei
2767 1082 3243 1138 communicetur
3263 1082 3341 1138 ab
3360 1082 3619 1137 Ecclesia
3647 1088 3842 1139 trans

2187 1170 2440 1236 marina,
2457 1172 2599 1242 quia
2614 1174 2718 1226 iste
2731 1171 2808 1226 ab
2827 1171 3042 1226 honore
3055 1170 3362 1242 depositus
3381 1186 3498 1226 non
3514 1171 3840 1235 videbitur,

2183 1274 2362 1330 quem
2400 1259 2524 1328 jam
2558 1259 2903 1314 ordinatum
2936 1259 3097 1315 fama
3126 1259 3464 1329 celebravit,
3500 1265 3556 1314 et
3586 1260 3663 1314 ad
3695 1275 3836 1314 eum

2183 1363 2523 1402 commeare
2565 1349 3131 1403 communicatorias
3173 1348 3396 1403 litteras
3440 1348 3573 1404 fecit
3609 1365 3621 1413 ;
3652 1352 3838 1419 atque

2185 1437 2262 1491 ita
2289 1452 2581 1506 magnum
2601 1437 2954 1492 scandalum
2970 1436 3377 1492 schismatisin
3406 1436 3626 1492 unitate
3643 1437 3838 1493 Chris-

2185 1524 2222 1579 ti
2232 1525 2358 1595 jam
2391 1526 2616 1596 pacatis
2641 1525 3006 1596 temporibus
3029 1526 3271 1589 oriatur,
3289 1525 3432 1580 dum
3453 1541 3838 1597 prtepropere

2183 1618 2414 1667 nostras
2439 1613 2717 1668 volumus
2739 1613 3109 1684 prrecipitare
3133 1613 3475 1676 sententias,
3493 1619 3679 1668 etnon
3695 1630 3836 1668 con-

2183 1707 2272 1756 tra
2293 1702 2523 1757 Caecilia
2555 1702 2836 1767 num,sed
2869 1702 3619 1769 contraorbemterrarum,
3643 1704 3746 1773 qui
3779 1705 3833 1757 ei

2181 1805 2286 1860 per
2316 1790 2718 1858 ignorantiam
2753 1791 3181 1860 communicat,
3213 1791 3395 1846 altare
3437 1791 3690 1847 alterum
3725 1792 3838 1848 eri-

2181 1894 2317 1948 gere
2358 1879 2715 1935 audeamus.

2250 1971 2300 2022 9.
2331 1969 2472 2023 Huic
2504 1973 2623 2024 tam
2666 1983 2815 2023 sano
2843 1973 3120 2040 rectoque
3160 1968 3408 2024 consilio
3444 1968 3718 2040 quisquis
3745 1969 3838 2023 in-

2178 2055 2359 2112 frenis
2380 2057 2798 2127 obtemperare
2823 2057 3130 2122 noluisset,
3160 2058 3299 2129 quid
3335 2063 3491 2113 esset
3523 2058 3836 2113 facturus?

2176 2152 2281 2217 aut
2306 2147 2616 2216 quomodo
2640 2146 2900 2217 aliquem
2921 2146 3260 2201 absentium
3284 2145 3648 2216 collegarum
3668 2153 3835 2202 esset

2174 2233 2593 2298 damnaturus,
2647 2251 2786 2290 cum
2845 2235 2904 2289 in
2945 2240 3234 2305 potestate
3265 2240 3406 2290 Acta
3436 2235 3671 2290 concilii
3706 2249 3833 2289 non

2175 2323 2441 2388 haberet,
2475 2323 2914 2379 contradicente
2944 2322 3244 2393 primate?
3272 2323 3443 2388 Quod
3493 2325 3543 2378 si
3576 2328 3742 2379 tanta
3771 2331 3833 2379 et

2174 2412 2462 2468 adversus
2478 2412 2734 2483 primam
2757 2412 2963 2468 sedem
2994 2412 3202 2468 seditio
3229 2417 3832 2476 nasceretur,etnon-

2172 2501 2316 2556 nulli
2355 2501 2644 2556 damnare
2673 2501 2803 2571 jam
2856 2499 3070 2556 vellent
3098 2517 3251 2572 quos
3296 2501 3533 2557 volebat
3562 2503 3656 2557 ille
3707 2502 3828 2556 dif-

2174 2589 2326 2655 ferri,
2355 2597 2580 2662 quanto
2610 2590 2820 2644 melius
2840 2605 2875 2645 a
2897 2589 3402 2661 talibusinquieta
3435 2596 3491 2645 et
3521 2590 3831 2662 impacata

2174 2678 2578 2754 molientibus,
2615 2693 2802 2749 quam
2855 2694 2890 2732 a
2955 2679 3132 2732 totius
3186 2679 3350 2734 orbis
3390 2679 3828 2735 communione

2172 2768 2580 2822 dissentiretur
2609 2767 2636 2822 I
2678 2766 2788 2822 Sed
2839 2767 2981 2838 quia
3029 2783 3147 2822 non
3190 2773 3360 2822 erant
3404 2783 3538 2839 quae
3565 2769 3622 2823 in
3647 2771 3830 2824 Caeci-

2170 2855 2399 2912 lianum
2442 2863 2496 2911 et
2546 2856 2921 2912 ordinatores
2977 2858 3107 2928 ejus
3156 2858 3556 2912 transmarino
3601 2857 3832 2928 judicio

2172 2946 2588 3015 probarentur,
2648 2950 2964 3016 propterea
3024 2959 3130 3000 nec
3171 2945 3527 3017 priusquam
3567 2947 3625 3000 in
3686 2961 3831 3002 eum

2173 3033 2495 3090 sententias
2523 3033 2810 3102 dicerunt,
2834 3033 3062 3088 deferre
3092 3033 3428 3100 voluerunt,
3463 3050 3571 3090 nec
3594 3041 3836 3106 postea-

2170 3138 2355 3194 quam
2381 3122 2666 3176 dixerent.
2705 3129 3150 3192 perseveranter
3175 3122 3232 3176 id
3257 3138 3433 3193 agere
3466 3129 3527 3178 ut
3556 3123 3834 3180 Ecclesia:

2172 3212 2579 3267 transmarina:
2620 3212 2679 3265 in
2718 3211 2989 3265 notitiam
3013 3210 3387 3281 perferretur,
3425 3227 3686 3284 quorum
3718 3220 3835 3268 tra-

2171 3301 2428 3355 ditorum
2462 3300 2522 3354 in
2555 3299 2744 3354 Africa
2771 3299 3200 3355 damnatorum
3225 3301 3719 3357 communionem
3741 3302 3836 3357 vi-

2172 3395 2294 3444 tare
2311 3389 2569 3444 deberet.
2597 3389 2746 3453 Quia
2776 3387 2894 3442 siid
2924 3388 3115 3444 facere
3130 3389 3837 3453 tentavissent,adessent

2173 3477 2283 3532 sibi
2299 3476 2645 3534 Caecilianus
2677 3483 2730 3532 et
2749 3479 3032 3543 caeteri,et
3065 3494 3238 3532 suam
3254 3493 3505 3534 causam
3535 3480 3832 3535 adversus

2171 3566 2409 3622 fallaces
2423 3566 2856 3630 criminatores,
2875 3566 3037 3637 apud
3065 3567 3501 3622 transmarinos
3514 3568 3830 3624 ecclesias-

2169 3654 2318 3710 ticos
2342 3655 2570 3724 judices
2595 3654 3052 3724 diligentissima
3073 3654 3451 3710 discussione
3476 3664 3828 3727 purgarent.

2243 3745 2326 3798 10.
2360 3744 2560 3815 Itaque
2592 3742 2912 3797 concilium
2942 3743 3086 3797 illud
3103 3745 3820 3816 perversumatquenefa-

2169 3831 2629 3896 rium,maxime
2667 3836 2727 3885 ut
2767 3832 3027 3886 creditur
3067 3831 3418 3887 traditorum
3449 3832 3572 3898 fuit,
3602 3835 3830 3906 quibus

2171 3921 2457 3977 confessis
2489 3921 2796 3976 Secundus
2823 3921 3510 3990 Tigisitanusignoverat
3537 3938 3549 3976 :
3588 3929 3647 3977 ut
3677 3939 3833 3995 quo-

2171 4009 2335 4066 niam
2357 4011 2431 4065 de
2453 4010 2763 4065 traditione
2795 4008 2960 4064 fama
2978 4011 3339 4078 crebruerat,
3364 4010 3669 4066 infamatis
3689 4011 3826 4066 aliis

2171 4114 2206 4153 a
2236 4114 2295 4152 se
2328 4103 2655 4153 averterent
2686 4099 3112 4169 suspicionem,
3147 4103 3202 4152 et
3244 4114 3382 4153 cum
3415 4098 3691 4155 homines
3719 4115 3833 4172 per

2173 4187 2428 4242 Africam
2463 4193 2646 4242 totam
2681 4186 2989 4242 credentes
3026 4187 3344 4258 episcopis,
3376 4187 3529 4244 falsa
3550 4189 3624 4244 de
3655 4189 3831 4245 inno-

2169 4275 2441 4331 centibus
2477 4275 2881 4346 loquerentur,
2911 4275 3076 4347 quod
3119 4275 3389 4332 damnati
3434 4283 3629 4332 essent
3658 4278 3830 4349 apud

2170 4365 2587 4434 Carthaginem
2604 4364 2933 4430 traditores,
2952 4371 3236 4437 tanquam
3262 4366 3322 4420 in
3340 4365 3563 4422 nebula
3577 4368 3829 4424 menda-

2167 4453 2679 4517 cissimirumoris,
2699 4453 2809 4523 ipsi
2841 4453 2943 4523 qui
2963 4468 3096 4508 vere
3113 4453 3824 4513 tradiderantlatitarent.

2169 4543 2331 4598 Unde
2345 4541 2576 4610 videtis,
2599 4541 2958 4606 charissimi,
2975 4541 3578 4615 eripotuisse,quod
3617 4544 3830 4599 verisi-

2167 4631 2304 4686 mile
2335 4646 2455 4686 nou
2512 4646 2640 4685 esse
2685 4631 2936 4701 quidam
2990 4636 3251 4686 vestrum
3283 4630 3585 4696 dicebant,
3621 4638 3684 4687 ut
3714 4635 3824 4704 qui

2166 4726 2361 4774 essent
2385 4719 2457 4773 de
2486 4735 2595 4774 sua
2628 4718 2941 4774 traditione
2959 4719 3229 4783 confessi,
3255 4735 3623 4792 causamque
3639 4737 3820 4777 suam

2163 4807 2645 4878 impetravissent
2666 4810 2780 4862 Deo
2813 4808 3030 4863 dimitti
3064 4813 3358 4878 oportere,
3379 4807 3556 4862 iidem
3579 4808 3822 4879 judices

2163 4897 2670 4967 damnatoresque
2723 4901 3012 4967 tanquam
3070 4895 3422 4950 traditorum
3475 4897 3820 4954 absentium

2164 4990 2370 5055 postea
2383 4984 2812 5040 consedissent.
2825 4985 3002 5054 Magis
3021 4984 3181 5038 enim
3197 4984 3456 5056 amplexi
3476 4991 3613 5039 sunt
3644 5001 3826 5042 occa-

2161 5075 2542 5146 sionem,qua
2563 5079 2806 5145 possent
2821 5073 2970 5129 alios
2984 5073 3134 5130 falsa
3151 5074 3565 5129 criminatione
3580 5074 3826 5146 perfun-

2161 5163 2319 5228 dere,
2336 5170 2391 5218 et
2415 5165 2800 5218 conversasin
2816 5179 2918 5218 eos
2945 5163 3182 5232 linguas
3201 5162 3516 5218 hominum
3536 5163 3612 5217 ab
3631 5163 3825 5233 inqui-

2161 5254 2369 5309 sitione
2383 5253 2702 5308 criminum
2734 5268 2978 5308 suorum
2993 5252 3302 5323 hocmodo
3320 5252 3639 5308 declinare.
3655 5254 3823 5310 Alio-

2261 5378 2318 5425 In
2338 5377 2471 5425 MSS.
2487 5377 3114 5440 aliquot.tractoria,quaa
3133 5376 3216 5425 hic
3235 5376 3364 5425 nihil
3380 5377 3526 5425 aliud
3546 5381 3820 5440 estquam

2156 5440 2415 5503 synodica
2429 5439 2670 5503 epistdla.
2689 5439 3089 5503 Nonnunquam
3107 5454 3229 5489 vero
3247 5439 3481 5503 diploma
3491 5443 3570 5489 est
3583 5439 3822 5503 publica;

2155 5502 2446 5552 evectionis
2465 5502 2880 5564 'usurpandaamt
2905 5502 2961 5550 iii
2985 5502 3321 5552 Constantini
3347 5502 3529 5552 Edicto
3549 5502 3618 5552 ad
3642 5503 3816 5554 Abla-

2154 5567 2301 5637 vium
2328 5566 2418 5613 [.
2438 5581 2546 5637 quo
2575 5567 2728 5628 jubet
2746 5566 3032 5637 tractorias
3065 5565 3178 5614 dari
3219 5566 3487 5628 episcopis
3519 5566 3589 5616 ad
3621 5567 3827 5626 Arela-

2155 5631 2305 5680 tense
2319 5629 2606 5679 concilium
2641 5629 2997 5679 venientibus.
