4078 6166
482 270 585 328 167

554 397 640 451 15.
676 395 915 451 Potestis
935 393 1092 449 enim
1109 407 1214 463 pro
1230 396 1425 446 vestra
1438 387 1777 461 prudentia,
1810 395 1865 444 et
1891 388 2130 444 illorum

478 484 923 558 perversitatem
938 481 1051 536 illic
1070 481 1455 548 attendere,et
1466 479 1486 549 j
1500 479 1738 533 udicum
1755 479 2131 549 gravitatem,

478 571 993 647 quemadmodum
1016 569 1093 625 ad
1117 575 1448 625 extremum
1480 567 1828 639 persuaderi
1853 581 1972 621 non
1994 580 2129 636 pos-

478 661 927 732 sent,utaplebe
941 659 1552 730 partisMajorini,quaa
1565 660 1789 713 certam
1805 669 2127 728 personam

478 769 597 808 non
611 748 1609 818 habebat,arguereturCmcilianus
1637 767 1651 814 ;
1681 744 2020 817 etrequisiti
2057 744 2134 799 ab

479 841 563 896 eis
577 846 774 895 essent
787 840 877 893 vel
901 843 1281 894 accusatores
1297 838 1381 891 vel
1402 843 1578 892 testes
1595 835 1686 891 vel
1698 832 2133 907 quoquomodo

479 946 675 985 causae
699 927 1037 991 necessarii,
1073 925 1174 998 qui
1203 925 1531 981 simulcum
1561 925 1641 979 eis
1656 940 1727 979 ex
1747 922 1940 978 Africa
1958 935 2136 976 vene-

479 1024 824 1085 rant,et,eos
839 1021 1165 1087 praesentes
1186 1015 1367 1070 fuisse
1390 1019 1618 1085 atquea
1644 1015 1872 1068 Donato
1895 1010 2133 1065 subtra-

481 1114 607 1163 ctos
620 1122 747 1161 esse
763 1107 1073 1161 diceretur.
1093 1104 1359 1158 Promisit
1380 1103 1539 1157 idem
1555 1102 1821 1157 Donatus
1840 1099 2006 1172 quod
2033 1114 2135 1154 eos

479 1201 630 1250 esset
655 1194 1053 1249 exhiliiturus:
1074 1192 1238 1264 quod
1265 1208 1403 1247 cum
1426 1206 1545 1246 non
1570 1188 1887 1254 semel,sed
1912 1187 2133 1258 saepius

479 1281 1139 1356 promisisset,amplius
1154 1281 1230 1335 ad
1250 1279 1427 1350 illudj
1441 1279 1708 1334 udicium
1731 1277 2016 1333 accedere
2031 1290 2133 1330 no-

479 1373 607 1437 luit,
634 1372 729 1427 ubi
741 1372 760 1442 j
772 1388 870 1426 am
885 1377 1009 1426 erat
1023 1376 1189 1425 tanta
1202 1367 1536 1433 confessus,
1564 1367 1781 1423 utnihil
1795 1365 1957 1422 aliud
1970 1364 2135 1419 dein-

479 1476 619 1532 ceps
634 1476 755 1515 non
769 1460 1132 1521 accedendo,
1159 1458 1269 1512 nisi
1285 1473 1550 1529 praesens
1564 1454 1839 1512 damnari
1865 1452 2132 1508 noluisse

480 1549 808 1613 videretur;
844 1564 981 1603 cum
1006 1554 1204 1602 tamen
1229 1562 1299 1601 ea
1318 1562 1452 1617 quas
1474 1543 1824 1600 damnanda
1840 1547 2131 1606 essent,eo

479 1644 767 1709 praesente
804 1641 983 1707 atque
1012 1636 1375 1707 interrogato
1419 1636 1436 1669 ¹
1475 1632 1859 1689 manifestata
1890 1631 2130 1687 fuerint.

478 1728 736 1782 Accessit
767 1732 821 1781 et
850 1724 1033 1789 aliud,
1067 1730 1125 1778 ut
1156 1740 1191 1779 a
1229 1722 1602 1795 quibusdam
1634 1722 1925 1777 adversus
1958 1720 2132 1776 Casci-

475 1815 705 1870 lianum
737 1813 1202 1868 denuntiatiouis
1234 1811 1472 1866 libellus
1503 1810 1780 1866 daretur:
1805 1813 1939 1880 post
1964 1806 2132 1879 quod

478 1903 702 1959 factum
725 1901 1242 1974 quemadmodum
1274 1901 1346 1955 sit
1371 1916 1573 1954 rursus
1601 1899 1821 1969 agitata
1846 1895 2129 1969 cognitio,

479 1998 534 2047 et
564 2008 695 2063 quia
728 2006 996 2062 persona;
1049 1989 1217 2044 illum
1248 1988 1513 2045 libellum
1544 1987 1836 2050 dederint,
1890 1999 2131 2057 quoque

482 2081 663 2136 modo
692 2080 837 2135 nihil
878 2081 938 2134 in
979 2078 1358 2134 Caecilianum
1400 2078 1641 2149 probari
1673 2075 1946 2148 potuerit,
1985 2072 2133 2146 quid

476 2169 697 2237 dicam,
726 2185 863 2223 cum
890 2172 948 2222 et
976 2166 1285 2223 audieritis
1316 2168 1541 2231 omnia,
1577 2172 1633 2222 et
1663 2165 1900 2237 quoties
1930 2162 2134 2219 volue-

478 2259 624 2324 ritis,
658 2258 852 2328 legere
887 2256 1132 2328 possitis
1153 2257 1180 2311 ‘I

554 2346 634 2401 l6.
669 2349 744 2401 De
768 2362 1018 2400 numero
1045 2352 1245 2400 autem
1278 2344 1659 2415 septuaginta
1679 2342 2131 2413 episcoporum,

477 2452 616 2491 cum
638 2436 811 2506 quasi
829 2435 1185 2505 gravissima
1206 2439 1608 2505 opponeretur
1632 2432 1974 2493 auctoritas,
2000 2444 2132 2501 quae

480 2523 697 2578 fuerint
725 2523 885 2578 dicta
918 2521 1298 2587 meministis;
1323 2527 1379 2575 et
1410 2528 1611 2575 tamen
1650 2519 1757 2573 viri
1793 2516 2129 2587 gravissimi

479 2612 557 2667 ab
575 2611 821 2665 inﬁnitis
847 2610 1283 2681 quaestionibus
1310 2608 1796 2680 catenaquadam
1814 2606 2134 2678 inexplica-

478 2699 579 2755 bili
603 2716 732 2753 sese
755 2698 1126 2754 nectentibus
1141 2715 1319 2753 suum
1335 2705 1659 2769 temperare
1674 2695 1990 2751 arbitrium
2011 2710 2134 2749 ma-

477 2787 734 2853 luerunt,
768 2803 1155 2860 nequaquam
1203 2793 1478 2842 curantes
1505 2802 1688 2858 quam
1720 2784 1892 2840 multi
1934 2789 2133 2839 essent

475 2875 556 2931 illi
583 2877 866 2947 episcopi,
900 2882 1003 2931 aut
1028 2876 1185 2930 unde
1216 2875 1462 2940 collecti,
1487 2890 1644 2946 quos
1668 2873 1945 2929 vicebant
1970 2877 2133 2928 tanta

476 2966 800 3021 temeritate
842 2971 1120 3027 caecatos,
1154 2970 1214 3018 ut
1244 2965 1303 3018 in
1342 2963 1623 3018 absentes
1648 2968 1705 3017 et
1736 2976 1857 3017 non
1887 2960 2133 3016 interro-

479 3058 647 3124 gatos
658 3053 932 3123 collegas,
945 3058 1064 3108 tam
1078 3053 1411 3124 praecipites
1426 3052 1714 3107 auderent
1726 3050 1989 3123 proferre
2004 3065 2127 3104 sen-

478 3144 992 3198 tentias.Ettamen
1015 3141 1208 3214 qualis
1236 3142 1422 3213 ipsius
1451 3142 1608 3197 beati
1634 3139 1972 3197 Melchiadis
2004 3137 2133 3194 ulti-

480 3247 577 3287 ma
590 3236 682 3287 est
705 3232 933 3302 prolata
947 3231 1454 3301 sententia,quam
1472 3230 1976 3299 innocens,quam
1992 3227 2133 3282 inte-

477 3335 603 3389 gra,
628 3337 814 3393 quam
839 3319 1089 3391 provida
1103 3324 1279 3390 atque
1303 3319 1573 3389 paciﬁca,
1602 3334 1724 3390 qua
1744 3333 1939 3389 neque
1960 3316 2130 3372 colle-

477 3410 671 3477 gas,in
692 3408 910 3480 quibus
923 3408 1439 3475 nihilconstiterat,
1459 3407 1532 3461 de
1546 3406 1795 3475 collegio
1820 3422 1929 3460 suo
1946 3421 2131 3460 ausus

477 3501 567 3551 est
592 3511 918 3559 removere,
936 3501 992 3550 et
1011 3498 1236 3550 Donato
1254 3494 1401 3559 solo,
1418 3510 1600 3567 quem
1618 3494 1799 3550 totius
1819 3494 1963 3550 mali
1979 3494 2134 3564 prin-

473 3584 669 3655 cipem
700 3585 1030 3649 invenerat,
1058 3586 1319 3639 maxime
1364 3584 1628 3655 culpato,
1669 3583 1940 3639 sanitatis
1971 3598 2135 3637 recu—

479 3673 755 3743 perandae
786 3672 1094 3745 optionem
1123 3673 1372 3728 liberam
1422 3673 1649 3728 caeteris
1688 3672 1842 3735 fecit,
1887 3674 2135 3742 paratus

478 3762 1042 3819 communicatorias
1074 3762 1296 3819 litteras
1336 3763 1563 3818 mittere
1597 3763 1777 3818 etiam
1808 3762 1880 3816 iis
1912 3776 2067 3833 quos
2100 3774 2135 3814 a

479 3851 765 3922 Majorino
779 3851 1084 3907 ordinatos
1097 3867 1225 3907 esse
1237 3852 1645 3907 constaret:ita
1661 3857 1723 3906 ut
1742 3851 2137 3923 quibuscum-

477 3957 595 4013 que
614 3941 760 3997 locis
784 3942 906 3996 duo
934 3947 1133 3997 essent
1154 3941 1603 4012 episcopi,quos
1631 3940 1921 3995 dissensio
1954 3938 2137 4009 gemi-

477 4037 697 4095 nasset,
727 4045 866 4085 eum
889 4029 1229 4085 conﬁrmari
1262 4028 1431 4085 vellet
1457 4030 1561 4101 qui
1588 4029 1792 4085 fuisset
1821 4028 2133 4084 ordinatus

478 4119 1043 4189 prior,alteriautem
1074 4134 1283 4173 eorum
1305 4118 1474 4188 plebs
1503 4117 1619 4173 alia
1647 4117 1909 4187 regenda
1940 4114 2137 4187 provi-

476 4207 785 4262 deretur.0
802 4208 995 4262 virum
1006 4206 1364 4277 optimumlo
1380 4206 1568 4261 ﬁlium
1582 4206 1923 4261 christiana;
1944 4206 2134 4277 pacis,

485 4300 541 4351 et
579 4302 811 4366 patrem
851 4296 1183 4350 christiana
1212 4294 1434 4366 plebis!
1470 4294 1738 4350 Conferte
1770 4310 1929 4349 nunc
1958 4294 2136 4349 istam

485 4384 844 4456 paucitatem
859 4401 994 4439 cum
1008 4383 1105 4439 illa
1120 4383 1495 4439 multitudine
1510 4384 2136 4456 episcoporum,neque

486 4489 804 4529 numerum
819 4473 1202 4537 numero,sed
1216 4474 1452 4545 pondus
1468 4474 1716 4544 ponderi
1730 4478 2084 4543 comparate
2113 4485 2129 4526 :

483 4562 618 4618 hinc
633 4562 1153 4627 modestiam,inde
1172 4562 1721 4627 temeritatem,hinc
1737 4561 2132 4632 vigilantiam,

483 4653 622 4707 inde
648 4654 989 4708 caecitatem.
1026 4653 1123 4707 Hic
1162 4668 1270 4708 nec
1303 4652 1702 4708 mansuetudo
1738 4652 2134 4720 integritatem

488 4742 772 4812 corrupit,
805 4758 913 4795 nec
941 4741 1245 4811 integritas
1272 4740 1717 4797 mansuetudini
1743 4740 2133 4812 repugnavit;

484 4829 782 4887 ibiautem
810 4830 1259 4886 etfuroretimor
1283 4831 1608 4900 tegebatur,
1644 4835 1701 4886 et
1728 4831 1940 4886 timore
1972 4828 2136 4884 furor

484 4919 865 4976 incitabatur.
886 4919 979 4973 Isti
1008 4920 1166 4974 enim
1188 4930 1586 4976 convenerant
1608 4920 1942 4991 cognitione
1970 4933 2137 4973 vero-

485 5025 619 5066 rum
651 5009 971 5065 criminum
1002 5007 1159 5064 falsa
1186 5024 1486 5081 respuere,
1524 5010 1603 5066 illi
1648 5009 1936 5066 falsorum
1968 5008 2137 5063 dam-

487 5100 726 5155 natione
748 5114 889 5154 vera
910 5097 1123 5154 celare.

561 5190 710 5243 CAP.
742 5190 826 5244 Vl.
854 5212 916 5223 -—
946 5188 1034 5244 17.
1064 5186 1257 5240 lllisne
1290 5203 1349 5241 se
1376 5186 1622 5243 tandem
1652 5188 1999 5247 Caecilianus
2035 5208 2137 5249 au-

487 5275 799 5348 diendumj
814 5278 1299 5348 udicandumque
1314 5276 1873 5343 committeret,cum
1889 5281 2135 5338 haberet

489 5365 584 5418 talv
610 5383 655 5427 s,
672 5367 831 5435 apud
853 5383 1007 5437 quos
1022 5365 1326 5421 sieicausa
1346 5371 1702 5431 moveretur,
1729 5369 2135 5427 innocentiam

489 5468 660 5504 suam
676 5452 953 5509 facillime
965 5456 1302 5509 ostenderet
1317 5455 1345 5511 ?
1364 5457 1490 5509 Non
1508 5455 1692 5510 seillis
1704 5457 1954 5513 omnino
1968 5474 2132 5515 com-

492 5541 765 5606 mitteret,
784 5556 889 5596 nec
918 5544 962 5596 si
992 5544 1339 5615 peregrinus
1369 5544 1642 5600 Ecclesia:
1658 5547 2134 5616 Carlhaginensis

550 5654 712 5710 ‘Bad.
729 5654 947 5711 Am.C.r.
968 5660 1023 5705 et
1051 5655 1143 5705 Ms.
1161 5658 1381 5713 Gervas.
1400 5658 1615 5717 habent,
1651 5662 2021 5726 interrogante.

1760 261 1820 320 S.
1860 260 2246 320 AUGUSTINI
2290 259 2614 317 EPISCOPI

3788 263 3896 320 468

2239 385 2435 441 subito
2449 386 2766 459 episcopus
2790 395 2942 443 esset
2962 386 3294 454 ordinatus,
3321 392 3377 445 et
3398 388 3789 461 ignoretquid
3811 390 3894 445 ad

2239 476 2713 547 corrumpendos
2727 477 2960 532 animos
2974 476 3059 531 vel
3087 477 3502 548 improborum
3534 477 3623 533 vel
3654 478 3895 549 imperi-

2238 570 2433 619 torum
2449 570 2805 635 possettunc
2828 566 3324 637 pecuniosissima
3354 567 3565 622 mulier
3602 567 3893 639 quaedam

2241 653 2478 723 Lucilla,
2495 670 2679 726 quam
2695 670 2803 725 pro
2817 655 3131 726 disciplina
3159 655 3559 711 ecclesiastica
3572 656 3898 727 corripien-

2239 743 2315 797 do
2328 743 2484 798 idem
2499 760 2637 799 cum
2651 749 2803 798 esset
2820 744 3112 799 diaconus
3127 744 3566 799 laeseratetiam
3586 745 3699 801 hoc
3727 745 3896 799 enim

2242 838 2574 888 accesserat
2602 833 2827 887 malum
2852 833 2928 889 ad
2969 832 3130 889 illam
3153 833 3581 905 perﬁciendam
3615 833 3899 906 iniquita-

2242 924 2536 977 tem.Nam
2550 922 2607 976 in
2621 921 2720 977 illo
2734 921 3113 985 concilio,ubi
3138 938 3173 978 a
3188 922 3476 978 confessis
3510 922 3898 978 traditoribus

2239 1010 2516 1065 absentes
2533 1017 2710 1082 atque
2726 1012 3068 1066 innocentes
3098 1011 3366 1067 damnati
3394 1011 3739 1083 sunt,pauci
3760 1012 3897 1083 qui-

2242 1099 2383 1155 dam
2398 1100 2955 1171 erant,quicrimina
2978 1116 3089 1155 sua
3103 1101 3406 1158 infamatis
3435 1100 3563 1156 aliis
3583 1105 3778 1170 tegere
3793 1116 3901 1155 cu-

2242 1189 2508 1261 piebant,
2543 1195 2603 1244 ut
2628 1189 2902 1245 homines
2925 1205 2960 1244 a
2983 1189 3245 1245 veritatis
3268 1190 3652 1261 inquisitione
3672 1194 3900 1245 averte-

2238 1283 2441 1333 rentur
2454 1277 2614 1333 falsis
2630 1277 2969 1333 rumoribus
2985 1277 3421 1334 avocati.Pauci
3436 1293 3579 1347 ergo
3594 1278 3898 1349 erant,qui

2238 1366 2352 1421 hoc
2368 1366 2667 1437 negotium
2682 1367 3557 1439 maximecurabant,quamvis
3592 1367 3653 1421 in
3687 1367 3771 1421 eis
3802 1383 3898 1421 es-

2241 1456 2537 1525 setmajor
2553 1457 3145 1527 auctoritas,propter
3161 1456 3351 1527 ipsius
3372 1455 3630 1511 Secundi
3650 1457 3900 1511 societa-

2244 1545 2486 1616 tem.qui
2506 1544 2589 1598 eis
2606 1548 2949 1614 pepercerat
2984 1544 3237 1599 territus.
3268 1545 3468 1599 Caneri
3486 1548 3685 1599 autem
3714 1543 3901 1599 Lucil-

2241 1633 2311 1688 ιω
2340 1634 2590 1704 pecunia
2618 1632 2875 1688 maxime
2906 1630 3193 1688 adversus
3223 1632 3604 1688 Caecilianum
3626 1632 3811 1704 empti
3840 1638 3903 1686 et

2240 1721 2504 1791 instigati
2538 1721 2938 1792 perhibentur.
2974 1723 3184 1776 Extant
3210 1722 3384 1777 Gesta
3412 1720 3574 1792 apud
3606 1720 3907 1791 Zenophi-

2242 1810 2368 1866 lum
2384 1810 2762 1866 consularem
2783 1810 2887 1881 (a),
2906 1809 3003 1865 ubi
3023 1810 3427 1865 Nundinarius
3439 1809 3677 1882 quidam
3693 1808 3876 1863 diaco

2244 1918 2357 1956 nus
2387 1916 2423 1956 a
2473 1900 2730 1972 Sylvano
2761 1900 3004 1955 Cirtensi
3037 1900 3345 1971 episcopo,
3405 1903 3702 1971 quantum
3750 1896 3904 1969 ipsis

2242 1991 2425 2045 Gestis
2456 1989 2814 2057 intelligitur,
2848 1987 3236 2057 degradatus,
3265 2004 3401 2043 cum
3432 1988 3517 2042 eis
3550 1986 3905 2043 satisfacere

2244 2094 2346 2150 per
2358 2079 2612 2134 aliorum
2630 2077 3054 2150 episcOporum
3071 2077 3290 2132 litteras
3307 2077 3527 2131 frustra
3539 2082 3787 2131 conatus
3805 2090 3905 2130 es-

2244 2175 2351 2234 set,
2374 2167 2563 2224 multa
2584 2167 2852 2239 patefecit
2882 2167 3160 2231 iratus,et
3188 2165 3555 2237 injudicium
3587 2164 3902 2237 publicum

2245 2258 2516 2329 protulit:
2542 2257 2693 2312 inter
2717 2272 2853 2328 quae
2881 2255 2940 2311 id
2961 2270 3205 2328 quoque
3246 2259 3789 2311 commemoratum
3822 2253 3906 2309 le-

2244 2348 2417 2416 gitur,
2450 2346 2613 2419 quod
2639 2345 2871 2400 Lucillaa
2887 2345 3139 2416 pecunia
3171 2343 3465 2416 corruptis
3484 2344 3802 2413 episcopis,
3839 2343 3903 2397 in

2245 2436 2689 2505 Carthaginensi
2707 2433 2977 2504 Ecclesia,
3002 2435 3058 2488 in
3082 2432 3289 2490 Africae
3316 2432 3527 2503 capite,
3560 2432 3741 2488 altare
3760 2448 3906 2487 con-

2242 2530 2331 2580 tra
2360 2524 2541 2579 altare
2572 2525 2832 2579 levatum
2858 2528 2966 2578 est.
3002 2524 3130 2579 Scio
3162 2523 3327 2593 quod
3355 2522 3481 2577 haec
3507 2521 3688 2576 Gesta
3723 2522 3900 2575 vobis

2244 2629 2360 2668 non
2390 2613 2725 2681 legerimus,
2758 2612 2863 2666 sed
2890 2618 3127 2682 tempus
3156 2625 3278 2665 non
3297 2609 3481 2665 fuisse
3510 2609 3899 2664 meministis.

2242 2705 2434 2757 inerat
2471 2702 2649 2757 etiam
2675 2700 2998 2756 nonnullus
3030 2699 3197 2754 dolor
3248 2699 3431 2754 animi
3458 2698 3532 2753 de
3585 2698 3771 2769 typho
3805 2714 3905 2752 su-

2242 2791 2462 2863 perbiae
2496 2791 2760 2855 veniens,
2793 2789 2958 2862 quod
2988 2804 3109 2844 non
3162 2789 3275 2859 ipsi
3308 2788 3731 2843 ordinaverant
3762 2786 3908 2842 Car-

2242 2880 2468 2949 thagini
2501 2879 2873 2950 episcopum.

2320 2970 2402 3024 18.
2420 2968 2648 3035 Quibus
2668 2965 2951 3021 omnibus
2974 2964 3173 3034 rebus,
3200 2981 3338 3020 cum
3364 2979 3466 3020 eos
3490 2979 3610 3021 non
3624 2964 3906 3034 verosju-

2243 3058 2425 3123 dices,
2446 3057 2548 3111 sed
2567 3056 2840 3111 inimicos
2858 3059 3037 3126 atque
3059 3060 3375 3126 corruptos
3388 3053 3735 3109 Caecilianus
3755 3068 3908 3108 con-

2245 3146 2476 3200 venisse
2516 3149 2899 3213 cognosceret
2927 3160 2941 3210 ;
2969 3143 3215 3212 quando
3267 3141 3395 3196 ﬁeri
3437 3146 3654 3212 posset,
3689 3145 3752 3196 ut
3804 3140 3905 3196 vel

2243 3234 2369 3306 ipse
2401 3233 2592 3298 vellet,
2617 3232 2703 3287 vel
2732 3230 2991 3305 populus
3012 3233 3100 3285 cui
3128 3231 3486 3301 praesidebat
3512 3231 3901 3302 permitteret,

2244 3328 2307 3379 ut
2331 3323 2531 3378 relicta
2560 3320 2809 3377 ecclesia
2826 3321 3003 3375 iretin
3026 3320 3271 3375 domum
3296 3320 3613 3389 privatam,
3636 3334 3754 3375 non
3778 3318 3909 3373 col-

2244 3413 2503 3481 legarum
2516 3408 2925 3465 discutiendus
2938 3407 3347 3474 examine,sed
3363 3406 3633 3464 factionis
3646 3412 3911 3463 cuneoet

2244 3500 2397 3555 odiis
2418 3498 2807 3554 muliebribus
2828 3495 3389 3553 trucidandus?cum
3436 3495 3549 3551 sibi
3570 3496 3909 3567 prmsertim

2244 3589 2463 3644 videret
2484 3588 2648 3659 apud
2675 3586 2997 3642 Ecclesiam
3033 3584 3494 3641 transmarinam
3537 3584 3913 3657 privatisini-

2243 3677 2475 3732 micitiis
2493 3677 2636 3733 etab
2653 3682 2902 3748 utraque
2920 3680 3085 3747 parte
3103 3673 3499 3729 dissensionis
3519 3673 3799 3739 alienam,
3817 3674 3881 3729 in
3894 3702 3907 3715 -

2244 3771 2588 3837 corruptum
2605 3772 2658 3820 et
2672 3766 2971 3835 integrum
2987 3778 3242 3819 examen
3273 3779 3399 3818 suae
3412 3778 3608 3819 causa
3627 3778 3911 3819 remane-

2242 3872 2324 3912 re.
2345 3856 2453 3911 Ubi
2485 3854 2532 3909 si
2547 3854 2690 3909 nihil
2707 3853 3031 3909 adversarii
3051 3868 3226 3923 agere
3248 3851 3481 3918 vellent,
3503 3853 3616 3924 ipsi
3632 3868 3693 3907 se
3708 3852 3787 3908 ab
3808 3868 3908 3908 or-

2242 3944 2335 3999 bis
2353 3950 2643 4000 terrarum
2668 3942 3154 3999 innocentissima
3175 3942 3603 3997 communione
3621 3941 3916 4013 praecide-

2243 4040 2393 4091 rent.
2410 4035 2465 4089 Si
2483 4038 2680 4089 autem
2698 4032 2812 4087 illic
2827 4047 2966 4086 eum
2980 4046 3268 4087 accusare
3285 4035 3776 4095 tentassent,tunc
3791 4032 3915 4089 sibi

2243 4123 2495 4188 adesset,
2542 4128 2683 4178 tunc
2715 4121 3121 4176 innocentiam
3152 4135 3323 4174 suam
3374 4120 3659 4175 adversus
3690 4136 3913 4177 eorum

2248 4212 2731 4268 machinamenta
2744 4210 3111 4279 defenderet,
3131 4210 3215 4264 sic
3226 4214 3510 4281 utpostea
3524 4209 3744 4264 factum
3772 4225 3913 4266 esse

2241 4300 2698 4359 didicistiszcum
2711 4305 2913 4355 tamen
2929 4298 3010 4353 illi
3028 4299 3205 4353 nimis
3226 4313 3361 4353 sero
3378 4296 3765 4369 qumsissentj
3778 4298 3915 4354 udi-

2244 4391 2399 4446 cium
2431 4389 2902 4445 transmarinum
2919 4390 3046 4459 jam
3079 4386 3419 4442 schismatis
3446 4388 3547 4451 rei,
3567 4387 3694 4457 jam
3727 4386 3912 4443 levati

2243 4478 2443 4535 altaris
2464 4479 2764 4534 horrendo
2791 4478 3001 4533 scelere
3026 4475 3329 4532 maculati.
3351 4475 3543 4531 Primo
3565 4476 3721 4531 enim
3749 4474 3916 4532 face-

2243 4573 2372 4623 rent
2388 4568 2435 4623 si
2452 4568 2689 4624 veritate
2713 4568 3037 4622 niterentur
3058 4584 3073 4635 ;
3094 4565 3200 4621 sed
3214 4564 3381 4619 falsis
3398 4564 3737 4619 rumoribus
3758 4570 3914 4622 tem-

2245 4658 2404 4729 poris
2425 4657 2803 4711 diuturnitate
2825 4654 3093 4719 ﬁrmatis,
3118 4653 3290 4725 quasi
3314 4657 3544 4709 vetusta
3563 4652 3726 4708 fama
3749 4669 3911 4726 prae-

2238 4746 2545 4817 judicante
2568 4745 2644 4801 ad
2660 4745 2950 4816 judicium
2972 4744 3171 4799 venire
3199 4742 3516 4798 voluerunt
3538 4744 3553 4777 ¹
3580 4748 3717 4797 :ant
3735 4744 3913 4815 quod

2246 4836 2437 4904 magis
2466 4833 2833 4889 credendum
2856 4837 2965 4898 est,
2991 4834 3279 4888 damnato
3310 4831 3498 4902 prius,
3533 4831 3684 4885 sicut
3707 4832 3909 4900 libuit,

2244 4924 2578 4989 Caeciliano,
2602 4923 2777 4996 quasi
2803 4923 2994 4977 securi
3012 4921 3122 4976 sibi
3150 4920 3502 4975 videbantur
3527 4921 3914 4992 praeﬁdentes

2245 5029 2495 5069 numero
2526 5030 2656 5079 suo,
2684 5029 2792 5068 nec
2849 5011 3133 5067 audentes
3164 5008 3305 5065 alibi
3339 5025 3719 5065 commovere
3757 5028 3913 5068 cau-

2245 5118 2377 5158 sam
2412 5102 2656 5167 malam,
2691 5102 2791 5157 ubi
2818 5101 2982 5156 nulla
3030 5099 3409 5171 corruptione
3440 5102 3727 5170 operante
3770 5117 3909 5172 pos-

2244 5200 2333 5248 set
2363 5192 2581 5247 veritas
2605 5192 2872 5248 inveniri.

2314 5283 2585 5338 CAP.VII.
2602 5281 2882 5339 —19.Sed
2901 5285 3301 5353 posteaquam
3317 5277 3461 5348 ipsis
3474 5276 3656 5332 rebus
3670 5281 3905 5351 experti

2243 5377 2518 5427 suntcum
2538 5371 2851 5427 Caeciliano
2868 5383 3220 5442 permanere
3236 5366 3726 5423 communionem
3740 5369 3907 5424 orbis

2303 5481 2317 5511 ¹
2348 5480 2457 5527 Lov
2486 5517 2497 5535 ,
2522 5478 2817 5526 noluerunt.
2844 5474 2944 5522 Alii
2970 5472 3130 5534 Cdd,,
3153 5474 3453 5526 voluerunt.

2305 5543 2355 5600 α)
2374 5533 2549 5589 lsthac
2570 5541 2724 5589 Gesta
2740 5538 2958 5587 fuerunt
2979 5533 3221 5586 confecta
3247 5550 3333 5585 an.
3374 5536 3484 5600 §20,
3513 5533 3902 5600 habeaturque

2243 5606 2297 5651 in
2326 5597 2417 5653 lib.
2450 5605 2478 5651 3
2508 5607 2648 5652 cont.
2684 5602 2951 5655 Crescon.,
2984 5613 3030 5649 c.
3061 5602 3139 5657 29,
3162 5614 3235 5662 ,ιλἐ
3272 5601 3349 5647 33.
3373 5597 3697 5662 Eommdem
3726 5597 3900 5649 etiam

2241 5668 2484 5716 meminit
2512 5664 2738 5729 Optatus
2769 5667 2825 5714 in
2853 5664 2943 5713 lib.
2975 5663 2999 5711 1
3026 5660 3178 5713 cont.“
3206 5660 3648 5711 Parmenianum.
