4078 6166
88 234 195 289 169

77 365 479 423 terrarum,et
496 359 571 413 ad
594 373 731 413 eum
751 374 787 413 a
810 357 1211 413 transmarinis
1228 355 1763 411 Ecclesiiscommu-

78 449 417 503 nicatorias
433 448 654 503 litteras
678 447 850 513 mitti,
870 463 988 501 non
1011 446 1087 501 ad
1112 445 1277 500 illum
1301 460 1481 516 quem
1506 444 1617 515 ipsi
1642 459 1762 497 sce-

76 540 271 591 lerate
296 537 727 591 ordinaverant
752 551 766 600 ;
788 535 999 605 puduit
1021 551 1124 589 eos
1147 532 1764 605 sempertacere,quia

76 632 294 697 posset
314 628 398 680 eis
416 626 733 695 objici,cur
748 630 1091 696 paterentur
1106 624 1381 693 ignaram
1398 638 1503 693 per
1524 626 1609 677 tot
1623 636 1763 690 gen-

80 721 163 770 tes
190 714 537 769 Ecclesiam
564 713 1012 768 communicare
1029 711 1350 774 damnatis,
1366 716 1422 765 et
1444 726 1549 765 cur
1565 726 1627 765 se
1650 708 1764 780 ipsi

79 806 156 859 ab
185 803 545 858 innocentis
562 802 725 856 orbis
740 808 1028 856 terrarum
1045 803 1471 856 communione
1484 798 1765 870 praecide-

79 900 231 954 rent,
250 908 403 945 cum
431 890 690 946 tacendo
717 890 975 945 sinerent
995 891 1304 961 episcopo,
1327 904 1510 960 quem
1526 887 1765 944 Cartha-

79 980 451 1051 ginensibus
487 979 894 1043 ordinassent,
915 984 1085 1034 atoto
1110 979 1255 1032 orbe
1280 993 1402 1032 non
1434 976 1766 1031 communi-

79 1072 223 1124 cari.
254 1068 605 1139 Elegerunt,
635 1068 785 1122 sicut
816 1068 1051 1131 dicitur,
1091 1067 1172 1122 ad
1198 1068 1349 1122 duas
1378 1068 1393 1101 ¹
1422 1082 1599 1135 agere
1628 1081 1767 1120 cau-

82 1175 212 1213 sam
242 1174 393 1213 cum
427 1156 749 1211 Cmciliano
780 1156 939 1226 apud
978 1155 1270 1210 Ecclesias
1307 1154 1762 1218 transmarinas,

83 1248 271 1319 parati
295 1246 379 1301 ad
411 1251 744 1315 utrumque
775 1260 787 1295 :
815 1251 874 1299 ut
905 1245 1101 1298 sieum
1125 1244 1451 1315 potuissent
1474 1258 1767 1315 quacum-

86 1352 199 1407 que
226 1334 510 1390 versutia
540 1332 1152 1388 falstecrimiuationis
1176 1333 1462 1396 evincere,
1487 1333 1768 1388 satiarent

89 1422 449 1495 plenissime
486 1420 879 1491 cupiditatem
912 1436 1125 1485 suam;
1161 1421 1208 1474 si
1248 1426 1448 1474 autem
1486 1435 1605 1475 non
1633 1435 1768 1490 pos-

88 1512 303 1573 sent,in
321 1510 549 1565 eadem
570 1510 816 1581 quidem
832 1509 1210 1580 perversitate
1224 1508 1765 1577 durarent,sedjam

91 1608 289 1654 tamen
323 1599 515 1670 quasi
539 1596 1012 1665 haberentquod
1027 1597 1313 1661 dicerent,
1332 1597 1548 1667 malosj
1562 1596 1765 1651 udices

93 1707 147 1742 se
164 1705 299 1742 esse
324 1702 698 1758 perpessos;
719 1702 854 1757 quae
872 1702 984 1741 vox
998 1687 1366 1741 estomnium
1384 1686 1679 1740 malorum
1706 1685 1768 1740 li-

94 1782 455 1847 tigatorum,
488 1792 629 1829 cum
660 1775 1080 1829 fuerintetiam
1117 1774 1600 1829 manifestissima
1624 1774 1765 1829 veri-

98 1870 205 1919 tate
235 1862 521 1935 superati
555 1879 569 1917 :
612 1862 787 1933 quasi
826 1879 943 1917 non
985 1862 1067 1916 eis
1108 1863 1183 1917 ad
1206 1863 1320 1917 hoc
1349 1863 1462 1916 dici
1483 1868 1686 1933 posset
1714 1867 1770 1918 et

92 1955 434 2022 justissime
480 1952 620 2017 dici,
660 1954 804 2007 Ecce
832 1957 1109 2022 putemus
1141 1951 1273 2006 illos
1302 1952 1642 2023 episcopos,
1670 1952 1768 2022 qui

97 2046 293 2097 Roma
314 2041 705 2112 judicarunt,
727 2056 845 2095 non
871 2040 1060 2095 bonos
1082 2041 1313 2111 judices
1339 2040 1557 2106 fuisse;
1586 2047 1770 2096 resta—

98 2132 189 2187 bat
220 2132 435 2186 adhuc
463 2130 798 2201 plenarium
824 2129 1096 2184 Ecclesiae
1123 2130 1411 2183 universae
1426 2131 1766 2197 concilium,

100 2220 189 2275 ubi
219 2221 417 2275 etiam
453 2235 595 2273 cum
614 2218 760 2289 ipsis
779 2218 1085 2287 judicibus
1107 2234 1293 2273 causa
1316 2218 1766 2289 possetagitari,

101 2310 210 2363 utsi
227 2308 425 2378 malej
440 2308 721 2362 udicasse
736 2306 985 2361 convicti
1009 2313 1224 2373 essent,
1241 2323 1446 2362 eorum
1462 2307 1768 2362 sententiae

102 2395 689 2460 solverentur.Quod
707 2399 903 2449 utrum
920 2394 1441 2465 fecerint,probent
1457 2416 1468 2454 :
1487 2412 1595 2451 nos
1609 2396 1769 2451 enim

102 2504 213 2542 non
243 2488 487 2543 factum
520 2502 649 2539 esse
671 2485 841 2540 facile
860 2485 1297 2556 probamus,ex
1330 2502 1401 2541 eo
1430 2486 1595 2557 quod
1620 2492 1771 2542 totus

104 2578 257 2631 orbis
282 2591 417 2631 non
454 2575 541 2630 eis
564 2574 997 2628 communicat:
1023 2573 1183 2628 autsi
1204 2573 1428 2628 factum
1452 2580 1559 2638 est,
1591 2576 1768 2631 etiam

103 2666 176 2719 ibi
192 2670 340 2720 sunt
364 2665 529 2727 victi;
546 2663 712 2735 quod
726 2663 858 2734 ipsa
870 2679 1075 2718 eorum
1091 2663 1393 2733 separatio
1410 2664 1767 2720 manifestat.

168 2760 253 2808 20.
301 2754 428 2808 Sed
464 2757 667 2807 tamen
700 2751 844 2823 quid
876 2756 1081 2821 postea
1103 2751 1363 2816 fecerint,
1396 2754 1771 2824 Imperatoris

108 2843 297 2897 litteris
319 2840 834 2897 sufﬁcientissime
857 2840 1204 2895 ostenditur.
1226 2840 1470 2897 Judices
1496 2842 1654 2897 enim
1679 2858 1769 2897 ec-

106 2931 476 2986 clesiasticos
493 2934 677 2984 tanta:
693 2929 1062 2984 auctoritatis
1076 2929 1667 3002 episcopos,quorum
1678 2931 1698 3002 j
1710 2948 1768 2986 u-

108 3020 248 3074 dicio
274 3026 335 3074 et
379 3016 687 3073 Caeciliani
720 3017 1060 3072 innocentia
1090 3024 1145 3072 et
1174 3034 1377 3073 eorum
1420 3020 1771 3090 improbitas

111 3108 409 3164 declarata
437 3113 547 3175 est,
572 3122 692 3161 non
708 3106 868 3177 apud
886 3106 1034 3161 alios
1056 3106 1334 3176 collegas.
1348 3108 1451 3162 sed
1470 3109 1631 3179 apud
1655 3110 1772 3163 Im-

110 3206 451 3268 peratorem
484 3210 775 3251 accusare
816 3194 945 3249 ausi
980 3201 1136 3259 sunt,
1170 3197 1335 3265 quod
1363 3196 1518 3252 male
1541 3197 1773 3267 judica-

111 3294 245 3342 rent.
280 3286 466 3341 Dedit
496 3284 591 3338 ille
619 3283 783 3338 aliud
808 3283 1144 3338 Arelatense
1172 3285 1487 3355 judicium,
1518 3286 1770 3342 aliorum

112 3377 318 3431 scilicet
345 3375 779 3446 episcoporum
823 3389 835 3426 :
866 3389 987 3428 non
1018 3375 1161 3445 quia
1182 3377 1310 3443 jam
1344 3390 1583 3430 necesse
1623 3380 1769 3441 erat,

114 3466 205 3519 sed
246 3480 473 3520 eorum
517 3462 1010 3534 perversitatibus
1065 3464 1300 3530 cedens,
1335 3471 1389 3517 et
1417 3464 1771 3519 omnimodo

112 3555 355 3625 cupiens
372 3558 608 3607 tantam
627 3550 1061 3621 impudentiam
1076 3551 1373 3607 cohibere.
1393 3553 1593 3624 Neque
1611 3554 1771 3609 enim

114 3657 289 3696 ausus
326 3646 429 3696 est
459 3640 817 3694 Christianus
849 3644 1172 3711 Imperator
1203 3641 1285 3695 sic
1315 3656 1521 3695 eorum
1556 3642 1771 3697 tumul-

116 3734 313 3785 tuosas
342 3735 406 3784 et
437 3728 684 3783 fallaces
715 3728 987 3798 querelas
1018 3730 1345 3800 suscipere,
1379 3737 1435 3784 ut
1463 3730 1537 3784 de
1550 3730 1770 3800 judicio

116 3820 544 3889 episcoporum
578 3816 681 3887 qui
724 3818 923 3871 Romae
955 3817 1233 3872 sederant
1274 3819 1400 3889 ipse
1435 3818 1767 3888 judicaret;

116 3907 208 3961 sed
238 3908 422 3969 alios,
456 3910 521 3960 ut
551 3905 693 3969 dixi,
714 3905 1244 3977 episcoposdedit:
1274 3922 1309 3962 a
1333 3908 1554 3978 quibus
1572 3913 1771 3964 tamen

116 3995 183 4049 illi
213 3997 287 4050 ad
319 3999 536 4067 ipsum
565 4010 803 4048 rursum
830 3998 1251 4064 Imperatorem
1296 4011 1618 4065 provocare
1652 4015 1772 4054 ma-

115 4084 341 4139 luerunt
368 4102 383 4148 ;
408 4100 533 4155 qua
564 4083 624 4137 in
656 4099 717 4137 re
738 4082 869 4137 illos
895 4085 1407 4155 quemadmodum
1430 4087 1767 4153 detestetur,

116 4173 384 4229 audistis.
418 4178 613 4242 Atque
647 4171 872 4227 utinam
906 4173 1113 4229 saltem
1146 4174 1332 4245 ipsius
1354 4176 1582 4245 judicio
1615 4178 1772 4233 insa-

114 4262 372 4317 nissimis
389 4261 883 4316 animositatibus
898 4263 1018 4316 suis
1033 4263 1212 4317 tinem
1227 4265 1771 4338 posuissent,atque

112 4356 163 4404 ut
191 4353 272 4405 eis
301 4352 442 4421 ipse
474 4350 673 4414 cessit,
711 4356 771 4403 ut
802 4350 875 4404 de
916 4350 1015 4405 illa
1057 4368 1245 4407 causa
1279 4358 1415 4423 post
1452 4354 1770 4427 episcopos

106 4439 372 4507 judicare
382 4443 467 4504 t,a
483 4438 705 4493 sanctis
720 4439 1085 4495 antistitibus
1098 4448 1306 4512 postea
1318 4444 1546 4498 veniam
1563 4445 1773 4515 petitu-

112 4541 218 4590 rus,
244 4527 405 4582 dum
441 4531 644 4579 tamen
669 4525 748 4579 illi
778 4526 942 4596 quod
974 4527 1219 4583 ulterius
1244 4529 1507 4585 dicerent
1527 4547 1649 4587 non
1666 4532 1774 4588 ha-

112 4614 389 4679 berent,si
405 4615 538 4684 ejus
556 4616 863 4669 sententiae
879 4632 996 4671 non
1011 4617 1586 4690 obtemperarent,ad
1601 4637 1771 4691 quem

114 4702 211 4773 ipsi
242 4708 755 4776 provocaverunt,
799 4704 881 4757 sic
934 4710 991 4759 et
1027 4706 1108 4760 illi
1139 4705 1463 4778 aliquando
1498 4710 1775 4765 cederent

116 4794 351 4846 veritati.
414 4791 606 4844 .lnssit
662 4792 823 4845 enim
869 4791 963 4846 ille
1020 4800 1082 4847 ut
1125 4795 1175 4849 ei
1236 4802 1433 4865 partes
1465 4797 1543 4852 ad
1596 4813 1775 4867 agen-

112 4878 243 4935 dam
272 4895 534 4935 causam
570 4882 823 4935 Romam
854 4888 1251 4938 occurrerent.
1279 4886 1407 4948 Quo
1438 4902 1575 4940 cum
1602 4886 1775 4941 Caeci-

112 4967 293 5023 lianus
328 4969 539 5023 nescio
561 4984 683 5038 qua
704 4984 887 5024 causa
905 4986 1020 5025 non
1052 4972 1426 5037 occurrisset,
1444 4974 1777 5047 interpella-

114 5064 195 5109 tus
224 5058 303 5112 ab
372 5058 479 5125 eis,
516 5057 785 5128 praecipit
841 5064 899 5112 ut
927 5060 1321 5117 Mediolanum
1365 5070 1773 5134 sequerentur.

112 5142 261 5200 Tunc
320 5162 388 5200 se
444 5145 634 5216 aliqui
680 5161 887 5202 eorum
918 5148 1265 5205 subtrahere
1305 5160 1630 5221 cmperunt,
1664 5154 1777 5209 for-

116 5242 252 5289 tasse
281 5235 585 5303 indignati
618 5251 762 5307 quia
788 5253 905 5291 non
940 5244 1025 5293 est
1052 5254 1151 5293 eos
1198 5240 1464 5295 imitatus
1498 5244 1779 5298 Constan-

120 5324 285 5391 tinus,
331 5331 393 5376 ut
428 5324 559 5393 jam
598 5325 796 5379 statim
836 5330 1015 5397 atque
1067 5328 1338 5384 velociter
1399 5332 1777 5386 Caecilianum

120 5410 428 5468 damnaret
458 5414 789 5467 absentem.
818 5416 987 5478 Quod
1034 5416 1132 5471 ubi
1180 5420 1457 5489 cognovit
1494 5421 1777 5492 providus

126 5499 465 5571 Imperator,
490 5502 758 5574 reliquos
774 5504 851 5558 ab
885 5504 1244 5562 ofﬁcialibus
1287 5510 1613 5567 custoditos
1648 5511 1782 5567 fecit

184 5608 192 5631 ‘
217 5607 299 5654 Sic
336 5608 463 5675 Iso‘v.
491 5612 545 5657 et
561 5608 708 5675 _Mss._
730 5610 795 5657 At
823 5608 951 5659 Edd.
975 5612 1307 5675 antiquiores
1328 5617 1379 5663 et
1406 5616 1502 5664 Ms.
1534 5617 1665 5667 Fux.
1693 5617 1782 5665 ha-

134 5664 261 5723 bent,
296 5671 359 5718 ad
385 5671 516 5719 duas
545 5670 781 5733 fraudes.

404 5768 626 5824 Parnm.
639 5812 652 5825 .
685 5767 931 5825 XXXIII.

1358 227 1862 286 EPISTOLARUM
1901 229 2192 285 CLASSIS
2237 230 2306 285 ΙΙ.

3420 241 3524 313 no

1873 372 2272 429 Mediolanum
2291 375 2618 445 pervenire.
2662 377 2788 440 Quo
2819 391 2957 433 cum
2975 378 3152 434 etiam
3179 380 3530 439 Caecilianus

1872 461 2153 525 venisset,
2183 462 2381 533 ipsum
2403 480 2665 536 quoque,
2686 466 2837 520 sicut
2869 466 3102 536 scripsit
3120 468 3404 534 exhibuit,
3433 488 3529 527 co-

1874 551 2157 621 gnitaque
2187 567 2392 615 causa,
2425 569 2542 623 qua
2584 552 2911 620 diligentia,
2953 571 3077 625 qua
3116 557 3365 621 cautela,
3406 575 3529 631 qua

1875 639 2241 709 provisione,
2269 640 2419 694 sicut
2453 641 2581 710 ejus
2603 641 2865 697 indicant
2888 642 3111 709 litterae,
3142 646 3527 703 Caecilianum

1875 726 3086 801 innocentissimum,illosimprobissimos
3105 732 3481 818 judicavitLJ

1947 845 2169 899 CAPUT
2192 844 2334 899 VIII.
2368 875 2433 884 --
2457 849 2547 899 2t.
2590 848 2654 900 Et
2685 845 2884 899 adhuc
2913 846 3219 917 baptizant
3249 855 3416 906 extra
3436 867 3528 906 ec-

1875 931 2140 1000 clesiam,
2163 938 2217 987 et
2237 935 2283 987 si
2316 935 2549 1004 possint
2565 934 2939 1005 rebaptizant
2956 934 3279 991 Ecclesiam
3307 956 3319 1003 ;
3346 940 3527 995 sacri-

1875 1021 2057 1075 ﬁcant
2088 1022 2146 1074 in
2178 1022 2619 1078 dissensioneet
2651 1024 2999 1103 schismate,
3020 1029 3075 1080 et
3104 1026 3269 1096 pacis
3284 1029 3526 1083 nomine

1876 1109 2132 1179 populos
2151 1110 2431 1173 salutant,
2454 1127 2608 1182 quos
2629 1128 2663 1166 a
2695 1128 2842 1183 pace
2868 1112 3074 1168 salutis
3105 1116 3524 1171 exterminant.

1877 1198 2287 1253 Conscinditur
2304 1200 2499 1254 unitus
2514 1200 3205 1271 Christi,blasphematur
3218 1204 3529 1260 haereditas

1878 1286 2103 1349 Christi,
2137 1286 2486 1343 exsuﬂlatur
2527 1288 2827 1360 Baptisma
2868 1290 3075 1346 Christi
3108 1298 3201 1357 ;et
3225 1293 3435 1348 nolunt
3466 1294 3527 1349 in

1876 1390 1936 1429 se
1966 1375 2076 1430 ista
2110 1391 2212 1446 per
2242 1377 2568 1431 ordinarias
2596 1377 2899 1433 humanas
2923 1384 3250 1450 potestates
3276 1382 3526 1451 ﬂagellis

1877 1465 2308 1535 temporalibus
2338 1465 2668 1531 emendari,
2700 1482 2773 1521 ne
2805 1467 2864 1521 in
2893 1473 3146 1523 aeternas
3178 1486 3390 1540 poenas
3417 1486 3526 1537 pro

1876 1553 2057 1606 tantis
2118 1552 2443 1623 sacrilegiis
2483 1553 2876 1609 destinentur.
2931 1558 3047 1610 Nos
3076 1556 3160 1611 eis
3205 1557 3523 1627 objiciinus

1878 1638 2139 1695 furorem
2180 1642 2539 1706 schismatis,
2576 1642 3054 1713 rebaptizationis
3095 1645 3415 1715 insaniam,
3451 1647 3527 1702 ab

1877 1729 2219 1786 haereditate
2238 1732 2445 1787 Christi
2465 1748 2600 1803 quae
2618 1748 2722 1803 per
2737 1748 2947 1788 omnes
2965 1739 3168 1802 gentes
3182 1734 3405 1791 diffusa
3419 1740 3524 1800 est,

1879 1819 2168 1874 nefariam
2199 1822 2662 1891 separationem.
2697 1821 2774 1875 De
2801 1822 3111 1877 codicibus
3144 1839 3263 1878 non
3296 1829 3527 1880 tantum

1878 1908 2119 1976 nostris,
2145 1909 2245 1964 sed
2275 1910 2453 1965 etiam
2482 1926 2711 1975 eorum,
2737 1911 3055 1966 recitamus
3078 1913 3358 1969 ecclesias
3382 1930 3529 1985 qua-

1878 2013 2010 2052 rum
2058 1998 2305 2053 nomina
2335 1998 2515 2053 hodie
2550 1998 2775 2068 legunt,
2817 2006 2871 2055 et
2902 2000 3126 2072 quibus
3178 2002 3356 2057 hodie
3406 2018 3528 2057 non

1878 2088 2328 2141 communicant
2349 2100 2359 2139 :
2377 2103 2506 2156 qua;
2530 2103 2668 2141 cum
2691 2088 3083 2144 recitanturin
3101 2091 3527 2145 conventiculis

1878 2190 2107 2237 eorum,
2141 2174 2461 2229 lectoribus
2489 2175 2611 2229 suis
2634 2176 2863 2231 dicunt.
2891 2180 3005 2231 Pax
3036 2183 3230 2233 tecum
3256 2196 3268 2244 ;
3302 2184 3357 2233 et
3387 2195 3526 2234 cum

1878 2263 2023 2333 ipsis
2080 2262 2372 2332 plebibus,
2422 2264 2645 2334 quibus
2694 2263 2808 2317 illa:
2848 2264 3055 2320 littera;
3095 2266 3329 2338 scriptas
3362 2272 3525 2331 sunt,

1879 2366 2089 2421 pacem
2110 2366 2228 2405 non
2253 2350 2494 2406 habent.
2527 2354 2591 2406 Et
2615 2352 2723 2422 ipsi
2748 2351 2919 2407 nobis
2939 2353 3231 2423 objiciunt
3260 2354 3351 2410 vel
3377 2354 3528 2411 falsa

1879 2441 2127 2495 crimina
2146 2446 2539 2506 mortuorum,
2554 2440 2648 2495 vel
2673 2441 2907 2497 etiamsi
2926 2458 3086 2506 vera,
3103 2446 3300 2497 tamen
3315 2442 3525 2510 aliena;

1879 2543 2001 2583 non
2050 2528 2444 2598 intelligentes
2490 2528 2549 2584 in
2589 2529 2661 2584 iis
2713 2546 2850 2601 qum
2906 2546 3018 2586 nos
3057 2530 3139 2585 eis
3185 2531 3525 2601 objicimus,

1878 2633 2088 2672 omnes
2128 2618 2256 2673 illos
2300 2618 2482 2673 teneri
2526 2633 2540 2683 ;
2581 2618 2641 2672 in
2684 2618 2753 2672 iis
2802 2635 2939 2675 vero
2980 2636 3116 2692 qua:
3159 2620 3335 2676 nobis
3381 2620 3528 2690 obji-

1878 2706 2056 2770 ciunt,
2091 2706 2327 2777 paleam
2355 2706 2444 2761 vel
2473 2707 2699 2762 zizania
2737 2708 2947 2762 messis
2981 2708 3304 2764 dominica:
3335 2724 3530 2780 repre-

1879 2796 2077 2861 hendi,
2116 2796 2193 2851 ad
2224 2795 2522 2852 frumenta
2552 2802 2751 2851 autem
2779 2798 3004 2852 crimen
3031 2813 3153 2853 non
3184 2797 3479 2869 pertinere
3513 2811 3526 2850 :

1880 2900 2075 2955 neque
2107 2884 2562 2939 considerantes
2594 2885 2737 2956 quia
2767 2886 2987 2956 quibus
3018 2886 3160 2941 mali
3206 2887 3443 2957 placent
3467 2886 3527 2940 in

1880 2974 2125 3035 unitate,
2184 2973 2299 3043 ipsi
2341 2974 2791 3029 communicant
2822 2974 2996 3029 malis
3028 2974 3286 3045 ;quibus
3327 2980 3528 3030 autem

1879 3060 2212 3132 displicent,
2228 3066 2283 3115 et
2296 3076 2398 3115 eos
2413 3062 2731 3116 emendare
2748 3077 2866 3116 non
2879 3066 3154 3132 possunt,
3172 3077 3365 3132 neque
3390 3067 3528 3117 ante

1880 3154 2114 3220 tempus
2136 3150 2344 3205 messis
2372 3150 2593 3205 audent
2622 3149 2850 3204 zizania
2875 3150 3195 3215 eradicare,
3239 3166 3313 3204 ne
3344 3150 3525 3204 simul

1880 3238 2180 3295 eradicent
2210 3243 2264 3293 et
2292 3238 2548 3293 triticum
2600 3239 2839 3310 (Matth.
2871 3254 2991 3304 xm,
3032 3239 3147 3309 29),
3204 3254 3323 3293 non
3357 3238 3527 3293 factis

1879 3344 2108 3391 eorum,
2134 3327 2237 3382 sed
2259 3326 2426 3383 altari
2452 3328 2658 3382 Christi
2687 3327 3136 3383 communicant
3160 3344 3171 3382 :
3206 3327 3287 3383 ita
3318 3332 3379 3382 ut
3405 3342 3523 3382 non

1882 3417 2077 3473 solum
2110 3433 2230 3472 non
2272 3417 2349 3471 ab
2382 3418 2462 3470 eis
2506 3416 2899 3483 maculentur,
2952 3417 3053 3472 sed
3097 3417 3276 3472 etiam
3310 3417 3529 3471 divinis

1882 3508 2074 3562 verbis
2100 3506 2331 3561 laudari
2362 3506 2796 3578 prmdicarique
2827 3512 3158 3562 mereantur
3190 3523 3204 3573 ;
3234 3506 3528 3579 quoniam

1877 3612 1952 3652 ne
1968 3612 2187 3651 nomen
2219 3597 2425 3653 Christi
2447 3612 2546 3667 per
2572 3595 2878 3651 horribilia
2904 3596 3227 3651 schismata
3243 3595 3532 3666 blasphe-

1880 3691 2089 3754 metur,
2120 3700 2229 3757 pro
2267 3686 2429 3739 bono
2463 3684 2705 3740 unitatis
2737 3683 3007 3748 tolerant,
3036 3684 3201 3755 quod
3231 3700 3339 3754 pro
3367 3684 3529 3739 bono

1879 3773 2179 3845 aequitatis
2208 3773 2484 3828 oderunt.

1948 3893 2035 3943 22.
2067 3888 2124 3944 Si
2164 3887 2389 3942 habent
2414 3902 2607 3951 aures,
2638 3885 2890 3941 audiant
2912 3886 3058 3957 quid
3087 3885 3336 3958 Spiritus
3366 3886 3530 3943 dicat

1878 3978 2170 4034 Ecclesiis.
2215 3977 2306 4032 Sic
2327 3975 2485 4030 enim
2516 3976 2573 4030 in
2598 3974 2955 4047 Apocalypsi
2981 3974 3235 4031 Joannis
3266 3975 3478 4047 legitur
3512 3994 3526 4031 :

1878 4068 2125 4137 Angela,
2140 4066 2353 4137 inquit,
2371 4064 2647 4120 Ecclesiae
2659 4063 3096 4133 Ephesiscribe,
3116 4064 3258 4119 Haec
3270 4064 3531 4135 dicitqui

1879 4162 2032 4212 tenet
2046 4162 2260 4224 septem
2273 4154 2476 4209 stellas
2490 4153 2551 4207 in
2564 4153 2812 4209 dextera
2825 4153 3064 4223 sua,qui
3074 4153 3335 4209 ambulat
3350 4152 3408 4207 in
3424 4169 3529 4209 me-

1878 4246 1974 4301 dio
1987 4252 2199 4314 septem
2216 4243 2708 4299 candelabrorum
2722 4258 3041 4298 aureorum
3059 4241 3219 4297 :Scio
3233 4256 3412 4310 opera
3426 4248 3532 4299 tua

1880 4340 1931 4389 et
1949 4334 2207 4390 laborem
2223 4338 2275 4388 el
2290 4332 2642 4400 patientiam
2659 4337 2902 4395 tuam,et
2924 4330 3067 4401 quia
3090 4346 3207 4385 non
3228 4336 3392 4399 potes
3410 4346 3535 4384 sus-

1881 4425 2068 4478 linere
2081 4423 2290 4489 malos,
2316 4428 2368 4477 et
2397 4420 2638 4476 tentasti
2663 4435 2755 4475 eos
2782 4420 2886 4490 qui
2909 4435 2969 4474 se
3002 4419 3205 4473 dicunt
3235 4419 3532 4486 apostolos

1879 4528 2017 4577 esse,
2039 4518 2225 4566 etnon
2240 4516 2401 4574 sunt,
2425 4515 2476 4565 et
2490 4509 2771 4565 invenisti
2784 4524 2875 4563 eos
2889 4507 3218 4570 mendaces,
3236 4514 3287 4562 et
3308 4506 3535 4575 patien-

1882 4602 2022 4657 tiam
2033 4643 2046 4667 ,
2065 4600 2264 4656 habes.
2283 4606 2333 4655 et
2346 4598 2682 4653 sustinuisti
2694 4614 2784 4653 eos
2795 4600 3041 4665 propter
3052 4611 3262 4651 nomen
3276 4611 3465 4651 meum
3480 4602 3533 4651 et

1878 4707 1997 4745 non
2012 4686 2874 4761 defecisti(Apoc.n,l-3).Quod
2889 4686 2938 4739 si
2952 4685 3025 4739 de
3039 4684 3255 4755 angelo
3269 4686 3534 4757 superio-

1878 4795 1996 4834 rem
2011 4779 2309 4844 coelorum,
2336 4782 2389 4832 et
2418 4792 2539 4832 non
2566 4776 2639 4831 de
2666 4774 3003 4847 praepositis
3043 4774 3317 4829 Ecclesia:
3363 4774 3535 4829 vellet

1881 4868 2271 4936 intelligi,non
2286 4870 2717 4937 consequenter
2730 4864 2952 4919 diceret
2968 4880 2979 4917 :
2994 4864 3113 4919 Sed
3131 4864 3315 4919 habeo
3329 4864 3536 4918 adver-

1882 4973 2011 5012 sum
2046 4964 2119 5021 te,
2147 4956 2305 5027 quod
2338 4955 2693 5010 charitatem
2728 4959 2892 5009 tuam
2924 4954 3181 5022 primam
3214 4950 3534 5021 reliquisti.

1884 5048 2110 5103 Memor
2130 5052 2247 5101 esto
2263 5045 2464 5114 itaque
2493 5044 2650 5098 unde
2680 5043 2991 5106 excideris,
3019 5047 3071 5097 et
3105 5056 3213 5110 age
3239 5038 3532 5107 paeniten-

1888 5140 2052 5198 tiam,
2076 5142 2128 5190 et
2154 5135 2358 5203 prima
2378 5148 2558 5201 opera
2581 5133 2720 5201 fac:
2753 5132 2844 5185 sin
2876 5136 3095 5197 autem,
3130 5128 3297 5183 venio
3318 5126 3443 5189 tibi,
3480 5131 3535 5179 et

1888 5225 2116 5281 movebo
2134 5222 2561 5278 candelabrum
2584 5225 2748 5275 tuum
2768 5221 2839 5274 de
2861 5220 2982 5273 loco
2996 5214 3536 5283 suo,nisipamiten-

1890 5315 2054 5380 tiam,
2086 5311 2273 5382 egeris
2308 5310 2478 5379 (Ibid,
2509 5314 2562 5377 4,
2593 5310 2667 5379 5).
2707 5312 2823 5363 Hoc
2856 5304 3264 5376 superioribus
3299 5302 3536 5373 Angelis

1888 5403 2003 5458 dici
2028 5417 2143 5457 non
2168 5404 2375 5471 potest,
2399 5399 2499 5469 qui
2523 5401 2869 5469 perpetuam
2890 5394 3143 5449 retinent
3164 5392 3535 5462 charitatem,

1888 5491 2048 5548 unde
2070 5491 2174 5562 qui
2210 5489 2625 5543 defeceruntet
2658 5484 2807 5555 lapsi
2853 5487 3009 5546 sunt,
3048 5481 3324 5537 diabolus
3364 5485 3453 5536 est
3483 5486 3539 5537 et

1889 5580 2083 5651 angeli
2097 5580 2248 5649 ejus.
2277 5580 2423 5648 Ergo
2437 5574 2696 5647 primam
2712 5572 3060 5627 charitatem
3079 5570 3241 5633 dicit,
3256 5571 3401 5641 quia
3414 5586 3540 5624 sus-

1888 5669 2061 5727 tinuit
2106 5662 2649 5740 pseudoapostolos
2719 5664 2963 5735 propter
3014 5675 3240 5717 nomen
3302 5657 3538 5726 Christi,

3061 5768 3201 5841 (Sid:
3215 5768 3263 5837 .)
