4078 6166
596 244 689 307 ﬁt

591 393 775 450 quam
796 377 965 449 jubet
990 379 1053 431 ut
1081 376 1325 445 repetat,
1358 376 1415 433 et
1452 371 1630 431 faciat
1659 373 1861 443 priora
1884 388 2069 444 opera
2104 387 2236 429 sua.

592 470 658 523 Et
683 466 1046 539 objiciuntur
1077 462 1252 521 nobis
1281 462 1533 517 crimina
1565 462 1863 521 malorum
1898 461 2235 528 hominum,

589 572 706 611 non
734 560 952 617 nostra,
988 552 1091 607 sed
1128 552 1325 607 aliena
1360 568 1373 617 ;
1404 556 1461 606 et
1487 550 1618 621 ipsa
1648 552 1867 623 partim
1894 550 2232 620 incognita:

586 659 717 715 quin
743 644 790 696 si
816 642 994 697 etiam
1008 657 1142 696 vera
1161 647 1215 696 et
1231 640 1544 711 prmeentia
1558 639 1919 704 videremus,
1935 644 1989 695 et
2001 639 2234 697 zizaniis

1875 240 1934 301 S.
1977 238 2359 301 AUGUSTINI
2400 242 2719 300 EPlSCOPl

3897 246 4007 308 172

2348 371 2443 436 tis,
2493 386 2873 428 accusamus.
2915 376 3040 428 Non
3084 374 3245 430 enim
3275 375 3451 430 nobis
3480 375 3813 448 displicent,
3854 381 4007 452 quia

2348 460 2848 528 tolerantmalos;
2882 463 2983 518 sed
3011 463 3157 535 quia
3193 463 3644 521 intolerabiliter
3682 467 3822 523 mali
3858 476 4006 524 sunt

2348 556 2587 620 prOpter
2602 550 2883 617 schisma,
2908 552 3348 623 prOpteraltare
3374 560 3581 609 contra
3593 554 4007 629 altare,prop—

2344 642 2429 691 ter
2441 640 2881 709 separationem
2906 641 2984 695 ab
3002 641 3347 697 hereditate
3363 642 3573 697 Christi
3598 648 3719 698 toto
3736 645 3876 699 orbe
3892 648 4002 702 dif-

586 737 829 803 propter
855 732 1154 787 frumenta
1185 734 1518 800 parcentes,
1551 745 1661 801 pro
1699 730 1924 784 unitate
1954 728 2235 785 tolerare-
2340 725 2495 790 fusa,
2528 728 3011 784 eicuttantoante
3026 732 3447 799 promissaest.
3482 731 3765 787 Violatam
3783 750 4000 805 pacem

584 836 869 885 mus,non
892 820 978 875 sol
990 836 1088 879 um
1104 819 1291 879 multa
1314 818 1904 893 reprehensione,sed
1919 818 2095 877 etiam
2111 833 2231 872 non

582 926 769 982 parva
783 909 961 967 laude
975 924 1087 967 nos
1102 908 1318 977 dignos
1338 907 1579 975 diceret,
1596 908 1963 980 quicumque
1979 906 2232 979 Scriptu-

578 1014 676 1059 ras
707 1002 948 1057 sanctas
975 1011 1096 1053 non
1136 995 1313 1053 corde
1350 994 1566 1055 surdus
1592 994 1842 1055 audiret.

649 1089 734 1145 23.
750 1085 1183 1145 ToleratAaron
1202 1082 1637 1143 multitudinem
1654 1082 1880 1143 idolum
1894 1083 2227 1153 exigentem

575 1179 633 1235 et
648 1174 1036 1233 fabricantem
1064 1178 1119 1229 et
1141 1172 1513 1233 adorantem.
1529 1169 1758 1229 Tolerat
1774 1174 2003 1243 Moyses
2024 1171 2229 1227 atlver.

574 1280 677 1323 sus
712 1266 894 1322 Deum
939 1266 1019 1321 tot
1049 1260 1238 1319 millia
1266 1262 1728 1329 murmurantia,
1761 1267 1815 1317 et
1849 1260 2015 1319 toties
2037 1260 2226 1317 offenv

570 1352 771 1411 dentia
803 1358 1075 1412 sanctum
1101 1364 1321 1409 nomen
1338 1348 1489 1420 ejus.
1525 1348 1757 1409 Tolerat
1781 1349 1964 1407 David
1986 1349 2223 1413 Sanlem

576 1446 1017 1513 persecutorem
1036 1454 1234 1501 suum,
1255 1437 1550 1499 sceleratis
1565 1438 1831 1499 moribus
1846 1438 2103 1495 cmlestia
2125 1437 2224 1497 de-

572 1533 889 1599 serentem,
914 1527 1165 1595 magicis
1181 1526 2026 1599 artibusinfernaquzerentem
2043 1544 2056 1594 ;
2071 1526 2220 1587 occiv

571 1634 704 1675 sum
727 1616 1008 1683 vindicat,
1026 1615 1309 1675 christum
1322 1614 1503 1675 etiam
1529 1615 1759 1675 Domini
1776 1620 2011 1687 propter
2025 1630 2220 1671 sacra-

570 1710 840 1767 mentum
857 1704 1215 1763 venerandas
1230 1704 1527 1761 unctionis
1548 1703 1825 1776 appellat.
1858 1702 2086 1761 Tolerat
2112 1703 2219 1759 Sa~

568 1794 728 1855 muel
751 1793 1045 1853 nefandos
1073 1792 1226 1849 ﬁlios
1250 1792 1390 1858 Heli,
1417 1808 1849 1865 perversosque
1875 1792 2028 1851 ﬁlios
2052 1808 2215 1862 suos,

565 1899 719 1953 quos
748 1882 1011 1955 populus
1043 1882 1187 1953 quia
1216 1880 1462 1942 tolerare
1493 1881 1703 1952 noluit,
1730 1881 1931 1939 divina
1969 1882 2214 1937 veritate

563 1978 904 2037 accusatus,
934 1970 1139 2031 divina
1171 1970 1482 2031 severitate
1513 1974 1822 2045 correptus
1856 1975 1962 2027 est.
1985 1969 2219 2031 Tolerat

562 2060 821 2133 denique
845 2059 1045 2131 ipsum
1063 2058 1355 2130 populum
1392 2059 1721 2135 superbum
1740 2063 2212 2128 contemptorem

560 2150 681 2205 Dei.
712 2149 943 2207 Tolerat
969 2149 1151 2207 Isaias
1171 2148 1225 2205 in
1254 2162 1409 2219 quos
1442 2152 1564 2209 tam
1594 2147 1781 2205 multa
1807 2163 1943 2207 vera
1959 2147 2211 2207 crimina

556 2237 876 2311 jaculatur,
901 2234 1432 2295 ToleratJeremias
1466 2252 1501 2293 a
1526 2236 1747 2309 quibus
1764 2240 1929 2295 tanta
1959 2236 2213 2311 perpeti-

557 2332 669 2384 tur.
693 2326 921 2387 Tolerat
939 2325 1254 2385 Zacharias
1279 2325 1605 2385 PharisteOS
1627 2332 1682 2381 et
1711 2326 1970 2390 Scribas,
2001 2324 2208 2399 quales

556 2416 657 2477 illo
688 2420 955 2488 tempore
975 2413 1157 2473 fuisse
1182 2413 1489 2487 Scriptura
1512 2417 1773 2473 testatur.
1808 2414 1939 2472 Scio
1954 2413 2207 2471 memul-

555 2509 648 2561 tos
660 2502 1147 2574 prastermisisse:
1177 2502 1377 2574 legant
1396 2503 1496 2573 qui
1512 2501 1736 2569 volunt,
1750 2502 2059 2575 legantqui
2077 2518 2209 2572 pos-

556 2597 693 2651 sunt
718 2590 956 2663 eloquia
979 2590 1258 2654 cmlestia.
1278 2591 1581 2649 invenient
1607 2606 1817 2649 omnes
1835 2596 2073 2649 sanctos
2104 2591 2205 2646 Dei

555 2696 759 2739 servos
785 2685 843 2735 et
879 2679 1108 2740 amicos
1142 2693 1381 2751 semper
1400 2678 1685 2739 habuisse
1704 2693 1856 2749 quos
1881 2681 1939 2737 in
1965 2695 2076 2735 suo
2101 2695 2204 2750 po-

551 2768 695 2841 pulo
726 2767 1042 2829 tolerarent
1070 2785 1082 2836 ;
1116 2783 1251 2823 cum
1271 2767 1493 2843 quibus
1519 2773 1720 2827 tamen
1740 2768 1894 2829 illius
1920 2769 2203 2841 temporis

549 2861 928 2917 sacramenta
953 2856 1495 2923 communicantes,
1512 2871 1633 2915 non
1651 2856 1844 2915 solum
1868 2872 1987 2915 non
2010 2858 2204 2935 inqui-

546 2946 871 3015 nabantur,
891 2947 996 3005 sed
1021 2945 1204 3005 etiam
1242 2944 1623 3005 laudabiliter
1653 2946 2049 3012 sustinebant,
2084 2955 2203 3002 stu-

543 3036 771 3105 dentes,
802 3035 957 3097 sicut
986 3034 1068 3091 ait
1102 3033 1448 3105 Apostolus,
1466 3048 1707 3095 servare
1727 3038 2009 3093 unitatem
2029 3036 2203 3103 spiri-

542 3133 631 3182 tus
660 3124 719 3183 in
761 3124 1008 3183 vinculo
1033 3123 1196 3192 pacis
1232 3122 1411 3194 (Eph.
1454 3140 1527 3189 ιν,
1562 3123 1637 3196 3).
1666 3123 1987 3181 Attendant
2020 3125 2200 3183 etiam

541 3218 680 3283 post
707 3212 940 3271 Domini
974 3211 1325 3276 adventum,
1356 3211 1455 3269 ubi
1497 3212 1686 3269 multo
1708 3211 1879 3282 plura
1904 3212 2083 3285 hujus
2113 3219 2199 3271 to-

538 3303 805 3361 lerantiae
830 3317 935 3372 per
966 3306 1152 3359 totum
1170 3301 1381 3359 orbem
1404 3300 1809 3357 inveniremus
1840 3296 2197 3377 exempla,si

538 3391 747 3449 omnia
779 3389 956 3451 scribi
990 3395 1043 3445 et
1081 3389 1138 3447 in
1173 3388 1598 3449 auctoritatem
1631 3389 1816 3457 redigi
1845 3391 2197 3462 potuissent,

538 3485 741 3537 tamen
771 3479 898 3537 haec
930 3478 1059 3548 ipsa
1101 3492 1235 3549 quae
1272 3475 1569 3533 habemus
1608 3476 1911 3535 advertite.
1964 3478 2192 3539 Tolerat

538 3568 667 3639 ipse
709 3566 998 3625 Dominus
1037 3565 1271 3632 ludam,
1306 3564 1638 3632 diabolum,
1675 3566 1866 3625 furem
1899 3572 1957 3623 et
1984 3568 2188 3627 vendi-

536 3662 725 3715 torem
780 3672 957 3715 suum
989 3672 1001 3710 :
1035 3655 1171 3711 sinit
1214 3654 1486 3726 accipere
1517 3654 1666 3715 inter
1706 3656 2052 3715 innocentes
2076 3656 2191 3714 dis-

534 3746 785 3817 cipulos,
823 3743 988 3816 quod
1032 3743 1237 3799 ﬁdeles
1278 3749 1572 3798 noverunt
1601 3744 1854 3821 pretium
1893 3750 2185 3807 nostrum.

531 3833 1072 3909 TolerantApostoli
1087 3832 1627 3913 pseudoapostolos
1646 3833 1886 3899 ;etinter
1898 3849 2005 3890 sua
2030 3851 2189 3907 quae-

529 3930 725 3978 rentes
741 3940 857 3978 non
878 3939 1009 4001 quae
1023 3924 1155 3979 Jesu
1181 3922 1411 3987 Christi,
1431 3921 1642 3976 Paulus
1658 3936 1778 3977 non
1794 3938 1901 3977 sua
1915 3938 2188 3993 querens

530 4013 634 4067 sed
669 4029 805 4091 qua;
837 4012 977 4069 Jesu
1021 4010 1254 4073 Christi,
1288 4026 1425 4071 cum
1478 4010 1910 4087 gloriossisima
1932 4011 2186 4067 toleran-

526 4100 604 4155 tia
635 4105 1043 4155 conversatur.
1101 4101 1425 4161 Postremo,
1458 4098 1619 4173 quod
1651 4099 1835 4169 paulo
1865 4106 2000 4155 ante
2025 4116 2185 4156 com-

525 4189 877 4259 memoravi,
914 4187 1119 4244 divina
1154 4186 2183 4256 vocelaudatursubangelinomine

522 4276 875 4349 prmpositus
890 4274 1357 4347 Ecclesiae,quod
1376 4290 1510 4328 cum
1526 4274 1751 4329 odisset
1764 4276 2086 4339 malos,eos
2098 4282 2181 4333 ta-

518 4368 918 4439 menltentatos
933 4370 985 4418 et
1000 4365 1271 4425 inventos
1286 4378 1393 4434 pro
1406 4362 1639 4418 nomine
1654 4364 1875 4419 Domini
1891 4363 2175 4421 toleravit.

594 4455 682 4515 24,
716 4452 801 4517 Ad
838 4467 1145 4509 summam
1163 4453 1389 4523 seipsos
1414 4453 2178 4521 interrogentzNonnetole-

520 4549 726 4600 rantur
752 4541 829 4598 ab
860 4540 943 4595 eis
971 4540 1167 4596 caedes
1190 4546 1249 4595 et
1285 4540 1564 4597 incendia
1594 4541 2173 4612 Circumcellionum,

520 4633 622 4704 qui
638 4632 807 4686 sunt'
826 4635 1205 4685 veneratores
1228 4630 1736 4705 praecipitatorum
1753 4630 1903 4686 ultro
1924 4633 2174 4688 cadave-

520 4737 674 4783 rum,
693 4725 748 4773 et
773 4718 885 4773 sub
898 4717 1225 4774 incredibili
1239 4719 1351 4771 bus
1367 4717 1541 4772 malis
1556 4720 1731 4773 unius
1756 4720 1951 4791 Optati
1968 4723 2053 4791 (a)
2070 4737 2172 4792 per

522 4813 601 4864 tot
630 4823 823 4873 annos
854 4806 1028 4867 totius
1058 4805 1262 4860 Africae
1300 4806 1555 4874 gemitus
1586 4805 1615 4860 τ
1649 4808 1962 4877 Parcojam
1978 4809 2170 4865 dicere

516 4896 891 4968 singularum
924 4910 1028 4974 per
1062 4894 1318 4948 Africam
1352 4894 1661 4963 regionum
1695 4899 1752 4949 et
1781 4897 2087 4953 civitatum
2115 4903 2170 4954 et

515 4986 1199 5057 fundorumtyrannicas
1213 4988 1556 5059 potestates,
1580 4990 1632 5040 et
1664 4985 1906 5056 publica
1938 4986 2168 5043 latroci-

512 5078 630 5133 nia.
666 5075 871 5131 Melius
903 5073 1064 5129 enim
1096 5074 1261 5127 vobis
1293 5073 1419 5127 haec
1449 5089 1551 5128 vos
1580 5074 1694 5145 ipsi
1722 5074 1933 5139 dicitis,
1956 5077 2079 5132 sive
2107 5077 2165 5132 in

515 5181 744 5235 aurem,
762 5165 880 5221 sive
894 5163 1117 5237 palam,
1153 5160 2165 5236 sicutlibitumfuerit.Quocumque

511 5253 667 5307 enim
698 5254 903 5308 oculos
931 5251 1234 5313 verteritis,
1265 5256 1535 5303 occurret
1565 5253 1726 5320 quod
1754 5251 1910 5316 dico,
1946 5252 2035 5307 vel
2058 5269 2166 5326 po-

515 5341 630 5396 tius
670 5345 831 5414 quod
861 5348 1044 5397 taceo.
1080 5341 1291 5412 Neque
1322 5338 1463 5393 hinc
1496 5341 1638 5395 istos
1672 5356 1824 5411 quos
1850 5341 1929 5395 ibi
1970 5342 2166 5411 diligi-

576 5519 591 5547 ¹
623 5516 683 5583 _l_n
710 5517 835 5583 mss.
872 5518 1176 5583 quindecim
1197 5517 1491 5583 omittitur,
1518 5517 1612 5583 rqui
1635 5524 1781 5583 sunt.
1820 5517 2027 5583 Videsls
2053 5534 2165 5583 per-

516 5579 743 5628 similem
770 5579 947 5628 locum
974 5581 1028 5628 in
1050 5580 1147 5629 lib.
1186 5581 1207 5627 1
1247 5583 1390 5628 cont.
1418 5579 1598 5635 Petil.,
1634 5579 1735 5633 litt.
1764 5594 1811 5630 ο.
1845 5582 1925 5633 24.

576 5644 655 5709 (ι)
676 5640 1137 5703 Thamugadensis
1159 5642 1411 5706 spisc0pi.
1442 5643 1571 5697 Vide
1602 5646 1713 5699 not.
1733 5644 1787 5695 in
1814 5645 1967 5708 epist.
1994 5647 2072 5697 53.

2340 816 2710 871 conscissam
2728 818 3035 886 unitatem,
3049 819 3256 874 iterata
3276 818 3661 890 baptismata,
3680 823 4002 879 exsufﬂata

2344 904 2754 969 Sacramenta,
2786 922 2922 977 qua
2961 908 3022 963 in
3051 907 3349 962 sceleratis
3376 924 3620 980 quoque
3639 910 3992 969 hominibus

2339 997 2547 1048 sancta
2575 999 2729 1058 sunt,
2772 995 3121 1066 plangimus
3150 1002 3206 1051 et
3233 996 3532 1067 lugemus.
3562 1000 3705 1063 Quae
3737 1000 3786 1053 si
3822 1004 3993 1072 parvi

2336 1080 2616 1150 pendunt,
2638 1083 3257 1154 intueanturexempla
3272 1085 3495 1155 quibus
3509 1086 3993 1147 demonstratum

2336 1174 2420 1224 est
2443 1173 2653 1242 quanti
2681 1173 2807 1227 hinc
2837 1174 3107 1245 penderit
3136 1177 3307 1229 Deus.
3339 1175 3448 1239 Qui
3469 1174 3736 1232 fecerunt
3756 1178 3989 1235 idolum

2334 1258 2551 1315 usitata
2565 1260 2742 1329 gladii
2774 1267 2961 1317 morte
2976 1263 3266 1333 perempti
3283 1269 3419 1317 sunt
3441 1264 3659 1333 (Exod.
3692 1283 3873 1329 xxxu.
3895 1270 3989 1333 27,

2330 1348 2421 1415 28)
2462 1364 2475 1401 :
2501 1350 2603 1419 qui
2637 1366 2777 1404 vero
2808 1350 3071 1405 schisma
3098 1351 3289 1405 facere
3321 1352 3655 1421 voluerunt,
3675 1355 3838 1411 hiatu
3871 1363 3993 1413 ter-

2328 1450 2407 1489 ras
2442 1438 2740 1508 principes
2768 1438 3058 1505 devorati,
3104 1445 3160 1495 et
3196 1440 3371 1495 turba
3418 1445 3799 1499 consentiens
3843 1446 3986 1514 igne

2327 1532 2692 1596 consumpta
2723 1532 2811 1582 est
2840 1528 3041 1596 (Num.
3082 1544 3198 1593 ni,
3229 1528 3441 1598 31-35).
3476 1531 3811 1588 Diversitate
3858 1550 3988 1605 pas-

2325 1627 2565 1677 narum,
2606 1614 2917 1669 diversitas
2947 1617 3296 1685 agnoscitur
3325 1617 3691 1676 meritorum.

2397 1702 2616 1757 CAPUT
2646 1702 2732 1757 1x.
2753 1708 2926 1759 —25.
2957 1705 3291 1759 Traduntur
3316 1706 3373 1761 in
3406 1710 3817 1777 persecutione
3843 1728 3985 1767 san-

2323 1788 2397 1842 cti
2422 1790 2688 1855 Codices,
2708 1793 3068 1848 conﬁtentur
3089 1794 3424 1857 traditores,
3452 1799 3508 1849 et
3528 1798 3644 1851 Deo
3670 1798 3981 1857 dimittun~

2323 1881 2436 1931 tur.
2454 1880 2577 1933 Non
2605 1880 3042 1950 interrogantur
3063 1882 3431 1947 innocentes,
3447 1885 3601 1939 etab
3625 1884 3984 1944 hominibus

2322 1968 2650 2023 temerariis
2663 1968 3045 2025 damnantur.
3061 1969 3592 2041 Probaturinteger
3615 1975 3788 2029 certis
3816 1978 3983 2047 judi-

2319 2055 2444 2119 ciis,
2481 2057 2581 2127 qui
2613 2057 2766 2112 inter
2793 2059 3071 2115 absentes
3100 2058 3421 2114 damnatos
3450 2061 3637 2117 multo
3670 2064 3983 2121 vehemen~

2319 2143 2431 2197 tius
2460 2146 2689 2199 cinteris
2722 2147 3071 2201 criminatus
3096 2148 3521 2205 est..ludicium
3543 2152 3975 2223 episcoporum

2316 2232 2391 2286 ad
2423 2232 2849 2303 Imperatorem
2881 2236 3217 2307 appellatur
3258 2236 3481 2307 :judex
3510 2238 3744 2309 eligitur
3772 2242 3977 2315 Impe-

2314 2324 2476 2374 rator
2534 2339 2546 2389 ;
2606 2322 2883 2391 judicans
2948 2324 3349 2378 contemnitur
3414 2325 3750 2396 Imperator.
3824 2332 3975 2395 Quas

2315 2412 2455 2462 tunc
2482 2415 2613 2464 acta
2658 2412 2775 2465 sint
2800 2412 3041 2480 legistis,
3077 2428 3213 2482 quas
3239 2428 3397 2467 nunc
3426 2422 3681 2485 agantur
3711 2417 3929 2475 videtis
3956 2439 3971 2476 :

2314 2496 2362 2549 si
2410 2497 2483 2551 de
2537 2498 2645 2553 illis
2710 2500 2768 2553 in
2820 2501 3022 2572 aliquo
3071 2500 3376 2565 dubitatis,
3409 2501 3667 2574 istajam
3721 2510 3968 2564 cernite.

2314 2584 2477 2641 Certe
2516 2602 2635 2641 non
2663 2587 2879 2641 chartis
2912 2589 3226 2653 veteribus,
3258 2605 3379 2644 non
3409 2591 3662 2646 archivis
3684 2595 3967 2666 publicis,

2311 2688 2432 2728 non
2492 2676 2674 2729 Geslis
2708 2676 3043 2732 forensibus
3086 2685 3191 2732 aut
3225 2678 3633 2735 ecclesiasticis
3676 2698 3967 2753 agamus.

2310 2762 2491 2831 Major
2541 2762 2691 2819 liber
2746 2772 2950 2821 noster
3010 2766 3172 2821 orbis
3223 2773 3513 2823 terrarum
3573 2777 3707 2833 est;
3765 2775 3829 2829 in
3889 2792 3966 2833 eo

2310 2849 2442 2919 lego
2484 2851 2849 2922 completum
2881 2854 3045 2925 quod
3081 2855 3139 2909 in
3180 2855 3350 2911 Libro
3383 2857 3477 2911 Dei
3526 2857 3659 2926 lego
3706 2865 3969 2931 promis-

2309 2954 2474 2995 sum:
2508 2941 2815 3006 Dominus,
2858 2943 3073 3014 inquit,
3112 2944 3269 2999 dixit
3298 2946 3378 2999 ad
3422 2962 3533 3010 me,
3566 2948 3758 3004 Filius
3793 2968 3965 3010 meus

2307 3041 2364 3081 es
2394 3034 2479 3097 tu,
2504 3043 2609 3098 ego
2638 3029 2809 3083 hodie
2836 3034 3012 3099 genui
3048 3038 3103 3086 te
3131 3049 3145 3084 :
3172 3034 3409 3100 postuta
3450 3050 3488 3089 a
3532 3051 3639 3099 me,
3697 3042 3748 3092 et
3800 3041 3962 3097 dabo

2307 3115 2413 3169 tibi
2438 3124 2641 3185 gentes
2654 3118 3054 3175 hereditatem
3071 3127 3255 3186 tuam,
3278 3128 3331 3177 et
3352 3132 3767 3189 possessionem
3788 3137 3961 3188 tuam

2307 3206 2583 3259 terminos
2614 3213 2790 3262 terra
2821 3209 3001 3273 (Psal.
3037 3227 3090 3273 ιι,
3129 3215 3179 3273 7,
3211 3214 3285 3277 8).
3319 3212 3463 3266 Huic
3494 3214 3821 3273 hmreditati
3849 3224 3961 3292 qui

2303 3308 2422 3347 non
2454 3298 2874 3359 communicat,
2910 3298 3207 3368 quoslibet
3235 3298 3418 3354 libros
3450 3307 3664 3367 teneat,
3692 3305 3962 3365 exhere-

2300 3379 2509 3435 datum
2540 3398 2602 3437 se
2628 3398 2757 3438 esse
2787 3391 3132 3453 cognoscat.
3164 3390 3323 3442 Hanc
3343 3388 3759 3448 hmreditatem
3786 3399 3960 3466 quis-

2300 3469 2436 3539 quis
2473 3478 2797 3542 expugnat,
2815 3473 3073 3529 alienum
3108 3492 3169 3530 se
3200 3493 3329 3532 esse
3362 3494 3396 3532 a
3426 3478 3655 3535 familia
3672 3484 3772 3537 Dei
3804 3488 3956 3543 satis

2300 3556 2540 3612 indicat.
2576 3560 2738 3615 Certe
2778 3561 2851 3615 de
2908 3563 3223 3618 traditione
3253 3566 3595 3622 divinorum
3630 3570 3949 3631 Librorum

2296 3647 2541 3702 vertitur
2569 3651 2840 3720 quasstio,
2878 3650 2973 3705 ubi
3010 3653 3321 3709 basreditas
3358 3656 3470 3710 ista
3500 3660 3808 3726 promissa
3839 3674 3948 3720 est.

2295 3734 2392 3791 Ille
2424 3752 2565 3808 ergo
2588 3739 3295 3797 credaturtestamentum
3325 3745 3637 3801 tradidisse
3652 3747 3947 3823 ﬂammis,

2292 3826 2393 3894 qui
2425 3832 2632 3887 contra
2669 3826 3036 3883 voluntatem
3080 3829 3265 3901 litigat
3305 3835 3617 3888 testatoris.
3653 3838 3807 3900 Quid
3844 3842 3950 3900 tibi

2291 3911 2443 3977 fecit,
2475 3929 2511 3967 ο
2543 3930 2680 3985 pars
2713 3918 2944 3977 Donati,
2976 3918 3121 3988 quid
3158 3920 3260 3974 tibi
3290 3918 3422 3975 fecit
3454 3923 3711 3979 Ecclesia
3743 3928 3948 3985 Corin-

2292 4000 2551 4056 thiorum
2586 4003 2614 4058 7
2643 4003 2810 4067 Quod
2840 4011 3043 4059 autem
3088 4005 3162 4060 de
3192 4008 3309 4062 ista
3342 4009 3499 4073 dico,
3534 4010 3607 4065 de
3648 4015 3946 4072 omnibus

2290 4088 2508 4144 talibus
2521 4096 2577 4144 et
2602 4096 2720 4146 tam
2737 4090 2911 4160 longe
2926 4094 3394 4165 positisintelligi
3412 4098 3564 4153 volo.
3589 4098 3740 4166 Quid
3774 4106 3950 4160 vobis

2286 4174 2567 4243 fecerunt,
2598 4194 2735 4249 quae
2751 4196 2859 4236 nec
2890 4182 3139 4238 omnino
3167 4184 3316 4255 quid
3344 4185 3592 4241 feceritis
3641 4205 3756 4246 nec
3786 4208 3949 4263 quos

2285 4264 2711 4325 infamaveritis
2726 4285 2900 4324 nosse
2915 4272 3343 4341 potuerunt‘ian
3357 4274 3501 4345 quia
3519 4277 3803 4334 Lucillam
3824 4283 3946 4337 Cas-

2283 4353 2533 4493 olilianus
2564 4356 2623 4411 in
2646 4356 3025 4425 Africalmsit,
3054 4360 3249 4416 lucem
3278 4362 3484 4418 Christi
3511 4365 3675 4421 orbis
3692 4369 3945 4425 amisit?

2352 4446 2439 4493 26.
2474 4444 2736 4493 Tandem
2766 4448 3197 4493 santiantmmd
3228 4449 3491 4493 ΐρηυηηὶ
3511 4470 3523 4482 ο
3542 4454 3755 4493 mor-Nn
3776 4466 3943 4493 mm“

2352 4446 2439 4498 26.
2474 4444 2737 4500 Tandem
2766 4448 3200 4520 sentiantquod
3227 4449 3755 4513 fecerunt:merito
3776 4466 3943 4514 certo

2282 4546 2579 4589 annorum
2611 4533 2920 4591 intervallo
2940 4537 3001 4591 in
3030 4537 3237 4593 oculos
3256 4556 3462 4595 eorum
3480 4542 3823 4601 revolutum
3847 4554 3943 4603 est

2279 4634 2431 4690 opus
2463 4620 2748 4691 ipsorum.
2781 4623 3038 4689 Quaerite
3066 4642 3171 4697 per
3197 4644 3383 4698 quam
3427 4630 3715 4687 feminam
3757 4634 3941 4691 Maxi~

2277 4709 2439 4765 mian
2450 4711 2736 4781 us(a),qui
2748 4710 2964 4768 dicitur
2975 4730 3106 4770 esse
3120 4717 3328 4771 Donati
3343 4720 3738 4791 propinquus,
3755 4738 3888 4779 sese
3903 4741 3939 4785 a

2277 4795 2983 4856 Primianieommunione
2997 4804 3934 4877 prasciderit,etquemadmodum

2274 4891 2637 4954 congregata
2650 4888 3065 4958 episcOporum
3079 4890 3359 4963 factione,
3373 4896 3740 4952 Primianum
3754 4898 3933 4957 dam-

2274 4973 2429 5031 narit
2449 4974 2781 5040 absentem,
2810 4978 3168 5033 etadversus
3188 4996 3324 5036 eum
3340 4983 3660 5055 episcOpus
3686 4987 3935 5045 ordina-

2332 5088 2407 5157 ζα)
2433 5088 2787 5157 Maximianus
2806 5092 3239 5157 Carthaginensis
3262 5096 3517 5146 diaconus
3535 5100 3808 5151 donatista
3828 5104 3935 5153 Pri-

2273 5150 2453 5215 miano
2467 5152 2717 5215 episcopo
2729 5168 2827 5203 suo
2840 5156 2981 5205 infen
2990 5150 3099 5212 svus,
3116 5163 3302 5208 auctor
3316 5162 3440 5209 novi
3454 5150 3933 5215 schismatisexsti.

2272 5213 2336 5259 tit
2360 5213 2730 5281 ci_rc.ar_1393,«
2746 5218 3040 5281 praecidens
3057 5223 3289 5269 frustum
3313 5223 3376 5270 de
3400 5222 3585 5281 frusto,
3602 5243 3626 5271 ιο
3661 5232 3720 5274 ut
3737 5213 3933 5279 nitidu-

2274 5231 2336 5259 ιιι
2360 5231 2480 5260 Circ.
2501 5231 2566 5261 an
2583 5231 2689 5271 duo,
2708 5234 2730 5259 α
2785 5231 3040 5267 Γωίῖιαθῃδ
3057 5231 3289 5269 trustum
3313 5231 3376 5270 (te
3400 5231 3585 5281 trusto,
3602 5243 3626 5271 ιο
3661 5232 3720 5274 ut
3737 5231 3811 5276 ait
3832 5233 3933 5279 Au-

2271 5276 2521 5339 gustinus
2538 5231 2778 5327 Enarraf
2805 5281 2899 5327 2in
2925 5282 3057 5330 Psal.
3078 5284 3154 5337 36,
3172 5286 3391 5335 scrm.2.
3416 5299 3467 5333 n.
3487 5288 3563 5339 20.
3584 5288 3674 5335 ubi
3700 5294 3749 5337 et
3771 5291 3933 5339 rctert

2273 5338 2584 5410 synodicam
2599 5342 2881 5413 epistolam
2896 5344 3296 5413 Donatistarum
3314 5349 3691 5413 episcoporum
3706 5358 3799 5413 qui
3825 5338 3927 5401 Pri?

2272 5401 2512 5480 inianum
2528 5403 2578 5480 lILl
2598 5401 3038 5480 Gabarsu‘ssitan‘o
3051 5409 3275 5476 conetlio
3294 5401 3637 5480 damnarunt.
3656 5401 3791 5480 etfin
3813 5417 3927 5480 ejus

2271 5461 2452 5535 locum
2475 5464 2846 5535 subrogarunt
2882 5469 3275 5535 Maximianum.
3308 5476 3373 5519 At
3397 5486 3538 5523 anxio
3572 5461 3926 5535 pro—ximcﬂse:

2270 5526 2456 5597 quanti
2473 5525 2769 5597 habitatum
2790 5534 3130 5597 estacmgteris
3146 5534 3432 5583 Donatistis
3446 5525 3740 5597 Bagaiense
3750 5541 3924 5588 conci-

2270 5587 2406 5695 lhi‘um
2436 5594 2622 5661 contra
2655 5596 2899 5647 exortum
2936 5594 3187 5653 schisma,
3219 5587 3616 5662 damnatusque
3652 5605 3737 5651 est
3764 5587 3924 5655 abiis

2325 5663 2645 5695 ἃιιωιιιῃιις-

2325 5663 2645 5701 anmtanus.
