4078 6166
1857 188 1916 242 S.
1959 183 2217 241 AUGUS']

2327 184 2342 239 [
2384 182 2698 238 EPISCOPI
3266 140 3269 145 Α
3831 195 3916 251 1⁵16

2322 309 2482 381 cipes
2514 309 2751 365 illorum
2805 309 3004 380 potius
3033 308 3216 364 fuisse
3244 308 3545 367 traditores
3577 329 3588 366 :
3620 317 3769 386 quod
3789 320 3829 373 si
3855 320 3918 376 de

2322 398 2437 453 hac
2466 414 2529 453 re
2555 403 2894 453 nostrorum
2924 397 3130 453 litteris
3162 397 3384 454 nollent
3420 401 3664 468 credere,
3710 420 3807 461 nec
3826 423 3918 464 nos

2325 488 2458 557 cogi
2488 492 2754 558 oportere
2784 493 2844 541 ut
2873 487 3076 541 litteris
3117 486 3428 542 credamus
3466 489 3739 560 ipsorum.

2397 576 2623 631 CAPUT
2650 577 2736 630 lll.
2770 608 2826 617 —
2859 576 3043 632 5.Sed
3060 581 3262 630 tamen
3278 581 3922 648 sequestrataistadubia

2325 665 3025 739 quastione,quarebam
3039 667 3346 736 quomodo
3361 681 3419 719 se
3433 667 3522 721 isti
3530 668 3548 737 j
3562 674 3679 724 uste
3693 686 3925 741 separas-

2327 760 2456 811 sent
2476 754 2552 809 ab
2600 754 2941 809 innocentia
2971 761 3319 810 caterorum
3360 753 3817 825 Christianorum,
3840 765 3920 832 qui

2326 858 2433 915 per
2459 842 2669 898 orbem
2696 849 2976 898 terrarum
3028 842 3422 898 successionis
3477 845 3733 900 ordinem
3758 855 3917 904 custo-

2326 932 2575 1000 dientes,
2596 931 2654 986 in
2674 930 3104 1002 antiquissimis
3124 930 3394 986 Ecclesiis
3410 933 3719 997 constituti,
3735 939 3923 1005 penitus

2328 1021 2671 1091 ignorarent
2686 1020 2790 1091 qui
2811 1019 3026 1075 fuerint
3046 1020 3105 1074 in
3124 1018 3316 1074 Africa
3339 1021 3667 1087 traditores;
3690 1023 3779 1093 qui
3799 1028 3923 1079 certe

2328 1124 2448 1165 non
2484 1114 2729 1179 possent
2753 1108 3225 1173 communicare,
3259 1107 3372 1163 nisi
3397 1108 3478 1163 eis
3499 1125 3645 1181 quos
3673 1111 3851 1165 sedere
3879 1114 3923 1167 in

2329 1197 2575 1253 sedibus
2587 1196 3033 1268 episcopalibus
3046 1197 3926 1269 audiebant.Respondit,tamdiu

2328 1288 2869 1344 transmarinarum
2891 1285 3156 1357 partium
3179 1286 3469 1342 Ecclesias
3495 1288 3766 1342 mansisse
3790 1288 3927 1342 inno-

2329 1382 2553 1441 centes,
2588 1375 2780 1431 donec
2812 1375 3259 1430 consensissent
3278 1376 3339 1431 in
3367 1392 3572 1431 eorum
3595 1378 3924 1445 sanguinem,

2327 1481 2481 1537 quos
2497 1465 2892 1520 Macarianam
2907 1464 3383 1535 persecutionem
3395 1465 3697 1535 pertulisse
3712 1465 3925 1519 dicebat.

2329 1554 2436 1609 Ubi
2465 1568 2575 1622 ego
2606 1569 2843 1624 possem
2870 1552 3116 1625 quidem
3146 1553 3366 1621 dicere,
3398 1569 3505 1609 nec
3535 1553 3746 1608 invidia
3770 1557 3928 1610 Maca-

2327 1643 2479 1697 riani
2502 1643 2787 1711 temporis
2808 1641 3213 1697 innocentiam
3238 1642 3754 1698 transmarinarum
3775 1642 3930 1696 Eccle-

2328 1731 2553 1785 siarum
2576 1731 2968 1785 contaminari
2988 1732 3246 1801 potuisse
3266 1748 3280 1797 ;
3300 1730 3776 1803 quandoquidem
3795 1730 3929 1784 nullo

2330 1819 2511 1874 modo
2533 1818 2885 1890 probaretur
2906 1818 3017 1873 illis
3036 1819 3384 1875 auctoribus
3402 1819 3542 1874 fecis
3556 1821 3721 1874 etiam
3736 1835 3854 1890 qua
3869 1818 3930 1872 ie-

2328 1914 2507 1964 cerat.
2540 1908 2654 1964 Sed
2684 1908 2757 1963 de
2781 1908 3141 1979 compendio
3158 1924 3427 1979 quarere
3451 1908 3649 1973 malui,
3668 1909 3710 1963 si
3734 1906 3932 1962 Macarii

2329 1996 2579 2061 savitia,
2601 2012 2669 2051 ex
2685 2012 2806 2067 quo
2824 1996 2883 2050 in
2897 2012 3030 2050 eam
3050 1997 3421 2052 consensisse
3433 1995 3931 2051 dicebanturtrans-

2328 2086 2573 2141 marina
2614 2084 2903 2149 Ecclesia,
2938 2102 3109 2140 suam
3142 2086 3545 2141 innocentiam
3569 2084 3928 2156 perdiderunt,

2325 2180 2526 2229 utrum
2581 2173 2794 2229 saltem
2840 2172 3191 2245 probaretur
3233 2191 3427 2247 usque
3458 2175 3533 2229 ad
3573 2174 3669 2229 illa
3705 2178 3933 2242 tempora

2326 2262 2663 2318 Donatistas
2719 2277 2858 2316 cum
2898 2262 3285 2317 orientalibus
3321 2262 3593 2318 Ecclesiis
3631 2260 3933 2330 caterisque

2326 2351 2487 2406 orbis
2519 2352 2789 2422 partibus
2821 2350 2879 2404 in
2913 2351 3133 2406 unitate
3165 2352 3482 2406 mansisse.

2395 2442 2449 2497 6.
2482 2442 2641 2494 Tunc
2668 2438 2908 2511 protulit
2936 2439 3247 2511 quoddam
3272 2441 3580 2508 volumen,
3622 2438 3716 2494 ubi
3736 2435 3935 2492 volebat

2324 2527 2640 2584 ostendere
2664 2527 3009 2583 Sardicense
3022 2528 3343 2584 concilium
3364 2529 3444 2585 ad
3462 2529 3763 2600 episcopos
3777 2524 3933 2586 Afros,

2325 2618 2428 2690 qui
2441 2617 3064 2673 erantcommunionis
3081 2612 3935 2683 Donati,dedisselitteras.Quod

2327 2722 2462 2762 cum
2483 2707 2791 2776 legeretur,
2817 2705 3162 2761 audivimus
3181 2707 3392 2762 Donati
3413 2723 3632 2762 nomen
3652 2708 3789 2760 inter
3801 2707 3938 2758 cate-

2326 2811 2423 2852 ros
2446 2796 2785 2866 episcopos,
2820 2794 3039 2866 quibus
3060 2794 3139 2849 illi
3163 2795 3549 2866 scripserant.
3580 2795 3771 2865 Itaque
3796 2791 3937 2859 ﬂagi-

2328 2890 2449 2940 tare
2463 2885 2756 2955 capimus
2781 2883 3168 2947 utdiceretur,
3184 2889 3385 2939 utrum
3400 2886 3529 2956 ipse
3550 2888 3695 2939 esset
3712 2882 3939 2936 Donatus

2327 2972 2401 3026 de
2427 2973 2599 3042 cujus
2632 2976 2797 3043 parte
2824 2971 2919 3027 isti
2955 2972 3466 3043 cognominantur
3497 2992 3509 3028 :
3536 2971 3659 3027 ﬁeri
3685 2971 3829 3025 enim
3850 2982 3938 3039 po-

2328 3059 2532 3128 tuisse,
2566 3065 2629 3115 ut
2656 3060 2831 3114 alicui
2884 3062 3112 3115 Donato
3152 3060 3393 3115 alterius
3426 3060 3665 3117 haresis
3692 3058 3939 3130 episcopo

2327 3149 2689 3219 scripserint,
2732 3164 2870 3203 cum
2926 3149 3187 3204 maxime
3220 3149 3280 3204 in
3326 3149 3441 3205 illis
3490 3148 3817 3205 nominibus
3852 3158 3938 3198 nec

2324 3237 2531 3292 Africa
2543 3238 2767 3293 mentio
2782 3237 2934 3293 facta
2952 3237 3470 3303 fuerit.Quomodo
3483 3253 3623 3309 ergo
3639 3240 3941 3308 possetpro-

2322 3326 2467 3381 bare
2496 3329 2788 3382 Donatum
2809 3327 2990 3398 partis
3017 3328 3226 3382 Donati
3250 3328 3607 3400 episcopum
3626 3320 3939 3382 nomineillo

2325 3414 2745 3486 accipiendum
2772 3430 2921 3483 esse,
2954 3416 3198 3487 quando
3230 3431 3303 3470 ne
3347 3416 3409 3471 id
3452 3416 3695 3488 quidem
3718 3411 3940 3485 probare

2324 3510 2549 3574 posset,
2570 3510 2768 3559 utrum
2794 3504 2871 3559 ad
2892 3504 3303 3559 Africanarum
3334 3503 3669 3577 specialiter
3698 3498 3941 3557 Ecclesia-

2320 3607 2454 3647 rum
2471 3593 2785 3664 episcopos
2801 3592 2915 3648 illa
2932 3592 3138 3648 littera
3152 3594 3351 3647 missa
3364 3593 3602 3649 fuerint.
3619 3593 3939 3660 Quanquam

2323 3680 2475 3736 enim
2491 3681 2700 3737 Donati
2714 3696 2935 3736 nomen
2948 3681 3155 3736 Afrum
3169 3696 3297 3736 esse
3312 3681 3522 3747 soleat,
3537 3696 3655 3737 non
3673 3686 3854 3735 tamen
3867 3690 3939 3730 re-

2322 3773 2662 3840 pugnareta
2676 3784 2834 3833 vero,
2860 3772 2917 3824 ut
2932 3769 3022 3825 vel
3036 3770 3295 3841 partium
3310 3769 3549 3825 illarum
3564 3768 3773 3841 aliquis
3790 3778 3941 3822 voca-

2321 3864 2481 3913 retur
2510 3858 2752 3914 nomine
2778 3858 2936 3924 Afro,
2958 3857 3052 3913 vel
3091 3858 3307 3930 aliquis
3328 3859 3464 3915 Afer
3488 3860 3548 3914 in
3574 3858 3683 3914 illis
3712 3854 3940 3930 partibus

2324 3946 2780 4002 constitueretur
2791 3947 3342 4019 episcopus.Neque
3355 3948 3517 4003 enim
3532 3948 3590 4002 in
3604 3948 3686 4003 eis
3706 3944 3789 4001 vel
3808 3942 3941 3997 diem

2325 4034 2416 4090 vel
2434 4034 2735 4091 consulem
2752 4035 3109 4101 invenimus,
3126 4035 3414 4091 utsaltem
3437 4036 3814 4093 consideratis
3827 4037 3945 4087 tem—

2323 4123 2565 4195 poribus
2591 4124 2731 4180 certi
2757 4123 2977 4196 aliquid
2999 4124 3271 4181 eluceret.
3298 4127 3452 4181 Sane
3468 4127 3755 4198 quoniam
3775 4118 3944 4177 nescio

2325 4213 2572 4285 quando
2603 4213 2990 4269 audieramus
3020 4215 3292 4280 Arianos,
3322 4232 3463 4270 cum
3495 4232 3532 4271 a
3558 4210 3947 4271 communione

582 194 683 248 1'75

567 317 1041 379 insinuaveratis,
1072 317 1224 371 bene
1253 313 1445 370 facere
1467 313 1755 386 potuisse,
1789 313 1837 369 si
1863 312 1923 368 in
1954 310 2215 367 Ecclesia

562 406 915 461 faceremus.
950 404 1172 459 Deinde
1203 418 1459 475 quaerere
1489 403 1779 474 coepimus
1804 416 2084 474 quanam
2116 400 2216 455 illa

563 499 715 548 esset
738 492 1012 557 Ecclesia,
1048 492 1151 546 ubi
1182 491 1380 547 vivere
1409 491 1494 545 sic
1516 496 1813 562 oporteret
1842 509 1854 558 ;
1887 494 2082 545 utrum
2115 487 2217 543 illa

563 597 718 652 qua,
735 582 885 635 sicut
896 584 1105 637 sancta
1121 584 1285 635 tanto
1300 586 1436 635 ante
1449 579 1752 651 Scriptura
1768 579 2138 651 pradixerat,
2153 593 2215 633 se

563 674 853 725 terrarum
880 669 1025 724 orbe
1046 668 1423 733 diffunderet,
1442 685 1517 724 an
1531 668 1631 724 illa
1643 684 1827 740 quam
1842 684 1982 740 pars
2002 668 2218 736 exigua

563 757 655 812 vel
683 758 959 813 Afrorum
990 758 1081 813 vel
1108 756 1315 812 Africa
1347 757 1695 813 contineret.
1727 756 1827 812 Hic
1843 757 2039 828 primo
2062 772 2217 812 asse-

561 862 689 901 rere
719 851 969 902 conatus
999 851 1107 909 est,
1132 846 1355 918 ubique
1374 850 1663 901 terrarum
1686 861 1815 900 esse
1845 845 2217 900 communio-

560 950 700 991 nem
730 951 929 992 suam.
974 935 1327 1000 Quarebam
1362 940 1560 991 utrum
1576 934 1859 1006 epistolas
1884 933 2218 989 communi-

563 1024 835 1091 catorias,
868 1040 1023 1095 quas
1037 1023 1322 1079 formatas
1339 1024 1615 1086 dicimus,
1634 1028 1843 1095 posset
1859 1038 1981 1094 quo
2005 1022 2218 1077 vellem

562 1114 726 1179 dare,
760 1119 816 1168 et
840 1113 1247 1175 afﬁrmabam,
1270 1113 1434 1185 quod
1462 1111 1845 1168 manifestum
1873 1118 1998 1168 erat
2026 1111 2217 1167 omni-

561 1200 696 1267 bus,
733 1202 846 1256 hoc
878 1201 1060 1257 modo
1126 1201 1404 1256 facillime
1457 1200 1622 1257 illam
1676 1201 1986 1256 terminari
2041 1215 2216 1271 posse

563 1290 957 1360 quastionem
986 1290 1089 1361 (a).
1124 1290 1414 1345 Parabam
1431 1295 1650 1356 autem,
1678 1294 1739 1344 ut
1761 1289 1811 1343 si
1834 1289 2214 1352 consentiret,

564 1377 641 1432 ad
672 1377 800 1433 illas
830 1378 1110 1433 ecclesias
1143 1394 1179 1433 a
1210 1378 1381 1433 nobis
1413 1379 1560 1433 tales
1586 1378 1791 1433 littera
1826 1378 2213 1441 mitterentur,

562 1482 715 1537 quas
742 1467 802 1521 in
834 1466 1177 1537 apostolicis
1217 1466 1671 1523 auctoritatibus
1725 1465 1946 1537 pariter
2002 1466 2220 1536 legere-

562 1571 699 1609 mus
731 1554 828 1610 illo
856 1556 983 1624 jam
1016 1559 1290 1626 tempore
1320 1555 1503 1610 fuisse
1532 1555 1837 1611 fundatas.

636 1647 686 1697 4.
721 1643 834 1698 Sed
864 1643 1008 1713 quia
1039 1658 1131 1697 res
1145 1648 1343 1713 aperte
1365 1642 1517 1699 falsa
1538 1642 2217 1715 erat,permixtisverhis

563 1731 678 1785 cito
712 1731 848 1786 inde
882 1730 1216 1786 discessum
1240 1736 1329 1787 est
1362 1748 1375 1796 ;
1408 1732 1706 1803 interqua
1721 1732 1900 1787 verba
1925 1731 2219 1801 evangeli-

562 1835 695 1875 cam
727 1819 892 1874 illam
920 1820 1154 1874 Domini
1183 1819 1655 1875 admonitionem
1699 1820 2218 1886 commemoravit,

560 1923 683 1978 qua
712 1907 862 1963 dixit
895 1925 907 1962 :
940 1908 1147 1964 Cavete
1167 1924 1203 1963 a
1220 1908 1788 1978 pseudoprophetis,-
1818 1907 1997 1964 multi
2025 1908 2106 1963 ad
2120 1923 2219 1964 vos

560 1996 795 2052 venient
812 1997 871 2051 in
899 1999 1109 2053 vestitu
1123 1997 1338 2064 ovium,
1353 1997 1511 2051 intus
1533 2004 1728 2053 autem
1740 2002 1877 2051 sunt
1894 1997 2021 2066 lupi
2042 2012 2219 2065 rapa-

559 2099 672 2140 ces:
686 2085 1070 2156 exfructibus
1082 2101 1285 2141 eorum
1299 2087 1659 2156 cognoscetis
1672 2101 1763 2142 eos
1777 2086 2213 2156 (Matth.vu,l5,

559 2174 676 2243 l6).
691 2175 832 2239 Qua
846 2173 1029 2229 verba
1046 2174 1280 2229 Domini
1294 2190 1432 2230 cum
1445 2175 1781 2230 diceremus
1795 2174 2004 2230 eadem
2019 2174 2093 2230 de
2107 2173 2218 2228 illis

560 2279 596 2318 a
626 2263 800 2319 nobis
816 2279 991 2333 posse
1003 2263 1257 2329 recitari,
1274 2270 1518 2319 ventum
1542 2263 1679 2318 inde
1701 2264 1879 2320 estad
1897 2279 2219 2334 exaggera-

558 2351 783 2407 tionem
801 2352 1252 2422 persecutionis,
1267 2368 1452 2423 quam
1469 2367 1626 2423 saepe
1645 2368 1815 2407 suam
1832 2357 2064 2423 partem
2090 2368 2219 2423 per-

561 2438 766 2494 tulisse
819 2438 1061 2494 dicebat
1094 2461 1106 2505 ;
1140 2438 1283 2493 hinc
1335 2439 1539 2495 volens
1570 2440 1885 2495 ostendere
1916 2457 2057 2495 suos
2086 2456 2218 2495 esse

561 2528 946 2594 christianos,
975 2527 1125 2599 quia
1155 2529 1634 2599 persecutionem
1674 2533 2034 2600 paterentur.
2070 2532 2220 2585 [nter

561 2631 699 2687 qua
727 2615 913 2671 verba
940 2632 1079 2671 cum
1110 2632 1223 2686 ego
1245 2633 1521 2688 pararem
1540 2633 1610 2672 ex
1640 2617 1955 2689 Evangelio
1971 2634 2221 2690 respon-

560 2704 721 2770 dere,
758 2704 895 2760 inde
925 2705 1251 2775 capitulum
1268 2707 1955 2778 commemoravitprior,
1989 2707 2093 2762 ubi
2108 2711 2221 2764 Do-

562 2793 761 2849 minus
783 2793 865 2849 ait
888 2810 898 2847 :
924 2794 1097 2850 Beati
1112 2796 1216 2865 qui
1232 2796 1696 2863 persecutionem
1710 2796 2032 2865 patiuntur
2044 2812 2218 2866 prop-

561 2888 650 2937 ter
651 2884 687 2951 j
692 2881 980 2952 ustitiam,
998 2899 1031 2954 q
1042 2883 1278 2939 uoniam
1298 2884 1563 2953 ipsorum
1576 2888 1659 2940 est
1675 2900 1924 2955 regnum
1939 2888 2219 2941 calorum

559 2970 677 3040 (Id.
704 2987 760 3035 v,
791 2971 897 3041 10).
923 2972 1046 3036 Quo
1067 2969 1201 3027 loco
1215 2986 1324 3042 ego
1338 2972 1690 3042 gratulatus.
1708 2973 2220 3046 subjecistatimid

560 3072 703 3128 ergo
744 3074 877 3115 esse
907 3061 1322 3131 quarendum,
1367 3064 1565 3116 utrum
1609 3062 1692 3117 illi
1744 3065 2219 3134 persecutionem

561 3147 1110 3220 propterjustitiam
1133 3149 1297 3219 passi
1321 3149 1515 3205 fuerit.
1534 3154 1595 3205 ln
1618 3168 1741 3223 qua
1756 3155 2085 3224 quastione
2105 3154 2220 3209 dis-

561 3237 680 3291 cuti
708 3236 1046 3308 cupiebam,
1066 3237 1231 3308 quod
1253 3239 1497 3309 quidem
1517 3240 1800 3296 omnibus
1823 3241 2050 3298 clarum
2071 3246 2214 3308 erat,

563 3328 765 3381 utrum
778 3324 955 3381 eosin
980 3324 1208 3380 unitate
1238 3326 1513 3382 Ecclesia
1538 3329 1907 3394 constitutos,
1937 3346 2014 3385 an
2037 3331 2219 3387 schis-

565 3418 725 3468 mate
734 3413 864 3484 jam
879 3412 1103 3468 divisos
1118 3414 1458 3471 Macariana
1474 3422 1745 3488 tempora
1758 3418 2091 3473 invenerint
2104 3420 2212 3490 (b):

564 3505 628 3554 ut
642 3501 743 3571 qui
763 3500 961 3555 videre
974 3500 1388 3557 vellentutrum
1404 3509 1643 3574 propter
1647 3505 1669 3575 j
1683 3506 1929 3560 uslitiam
1944 3522 2216 3577 persecu-

566 3587 787 3643 tionem
808 3589 970 3659 passi
991 3588 1225 3655 fuerint,
1246 3588 1305 3644 id
1328 3592 1523 3662 potius
1537 3592 1927 3659 attenderent,
1944 3600 2140 3650 utrum
2154 3612 2215 3651 se

556 3680 711 3731 recte
734 3693 770 3731 a
800 3678 978 3732 totius
1002 3678 1169 3733 orbis
1204 3678 1426 3735 unitate
1444 3681 1837 3751 praciderint.
1863 3683 2034 3748 Quod
2062 3685 2110 3737 si
2130 3684 2217 3738 in-

551 3764 710 3835 juste
725 3764 932 3820 fecisse
945 3766 1370 3834 invenirentur,
1388 3768 1769 3826 manifestum
1787 3776 1940 3828 esset
1961 3787 2063 3827 eos
2080 3788 2217 3844 pro-

556 3853 1052 3925 pterinjustitiam
1076 3856 1273 3926 potius
1296 3872 1480 3929 quam
1504 3863 1747 3930 propter
1762 3860 2053 3931 justitiam
2082 3878 2218 3933 pas-

562 3958 660 3999 sos
729 3944 1251 4014 persecutionem;
1301 3950 1357 4000 et
1407 3946 1542 4002 ideo
1608 3964 1859 4004 numero
1902 3950 2218 4007 beatorum

566 4031 666 4101 adj
678 4031 817 4102 ungi
833 4046 953 4086 non
976 4047 1176 4101 posse,
1196 4033 1270 4088 de
1283 4033 1505 4104 quibus
1522 4035 1752 4091 dictum
1772 4042 1891 4092 est:
1922 4039 2097 4095 Beati
2117 4042 2220 4110 qui

557 4119 1029 4189 persecutionem
1042 4121 1363 4189 patiuntur
1374 4130 1624 4192 propter
1623 4127 1945 4192 justitiam.
1962 4128 2046 4183 lbi
2060 4145 2220 4184 com-

563 4212 901 4263 memorata
927 4213 1014 4263 est
1038 4207 1328 4265 famosior
1357 4227 1543 4283 quam
1568 4213 1782 4270 certior
1807 4214 2091 4273 Codicum
2121 4218 2221 4275 illa

566 4295 826 4353 traditio.
852 4296 963 4351 Sed
992 4298 1469 4368 respondebatur
1489 4303 1806 4372 apartibus
1831 4306 2046 4361 nostris
2064 4307 2222 4378 prin-

633 4455 859 4528 ta)_llinc
884 4456 1189 4528 Donatistas
1236 4459 1465 4528 urgebat
1517 4462 1677 4528 etiam
1726 4463 1949 4528 Optatus
1979 4467 2031 4515 in
2057 4466 2148 4514 lib.
2172 4469 2217 4515 2.

573 4536 596 4564 α
628 4519 810 4575 Nobis,
829 4520 1174 4591 inquit,totus
1188 4519 1667 4591 orbiscommercio
1683 4519 2027 4588 [armatarum
2042 4530 2095 4577 in
2114 4543 2223 4579 una

573 4598 597 4625 α
634 4585 1029 4631 communionis
1064 4585 1316 4634 societate
1372 4588 1662 4636 concordat
1683 4585 1747 4638 ⁷».
1786 4591 1842 4638 ln
1891 4592 2070 4640 codice
2101 4606 2219 4641 can.

572 4642 768 4715 Eccles.
801 4644 1165 4715 Afric._exstat
1198 4661 1370 4696 canon
1398 4649 1479 4704 23,
1503 4654 1560 4698 ut
1590 4651 1873 4715 episcopus
1898 4656 2045 4703 trans
2076 4668 2222 4703 mare

572 4704 927 4775 profecturus,
959 4708 1237 4775 formatam
1274 4716 1454 4775 sumat
1483 4704 1784 4775 apriinate:

635 4767 705 4841 .(b)
730 4767 991 4841 Macarius
1014 4772 1341 4841 cujus‘gesta
1354 4773 1406 4820 in
1420 4767 1720 4841 catholicos
1738 4777 2035 4841 calumnios
2051 4778 2223 4841 objec-

572 4829 759 4901 tabant
782 4829 1095 4901 Donatista,
1120 4829 1340 4901 adcoqut
1360 4850 1432 4901 ei;
1457 4836 1625 4899 ipsius
1646 4840 1865 4888 nomine
1890 4829 2222 4891 Macariahos

572 4892 1056 4963 illos_appell‘a_rent,
1073 4907 1103 4942 a
1115 4894 1401 4945 Constante
1404 4892 1492 4963 _im'
1492 4904 1735 4963 peratore
1748 4902 1870 4950 circ.
1885 4916 1970 4950 an.
1987 4904 2223 4957 348,mis-

575 4970 667 5003 sus
682 4955 852 5004 fuitin
868 4956 1093 5005 Africam
1120 4971 1226 5006 una
1250 4972 1373 5007 cum
1402 4955 1581 5018 Paulo,
1616 4966 1730 5010 tum
1761 4968 1817 5012 ut
1853 4955 2222 5018 eleemosynas

572 5023 816 5086 erogaret
831 5020 885 5067 in
899 5033 1179 5086 pauperes,
1193 5024 1306 5086 tum
1321 5025 1377 5070 ut
1394 5024 1636 5086 singulos
1649 5026 1717 5073 ad
1736 5028 1994 5075 unitatem
2007 5020 2224 5077 catholi-

572 5081 1099 5151 camadhortaretur.
1115 5082 1459 5151 Guiepiscopi
1476 5081 1837 5151 donatista.in
1852 5090 2037 5151 primis
2054 5090 2224 5139 Dona-

572 5146 658 5213 tus
674 5144 1105 5213 Carthaginiensis
1121 5148 1172 5213 et
1186 5144 1739 5213 DonatusBagaiensis
1753 5144 2225 5200 vehementerobs-

574 5207 835 5269 tituerunt
862 5224 872 5259 ;
899 5207 1029 5269 quin
1052 5210 1105 5255 et
1126 5207 1179 5254 in
1210 5221 1333 5256 eum
1359 5207 1698 5259 concitarunt
1718 5212 2222 5263 Circumcellionum

573 5264 850 5340 furorem}
875 5283 900 5316 e
916 5264 1128 5340 quibus
1146 5270 1439 5340 permultia
1466 5274 1723 5340 militibus
1742 5276 1933 5330 necati,
1953 5279 2004 5340 e_t
2027 5282 2223 5340 marty-

574 5340 691 5392 rum
708 5330 862 5392 titulo
880 5330 1022 5392 apud
1043 5330 1347 5381 Donatistas
1363 5336 1603 5383 exornati
1624 5351 1635 5389 ;
1658 5336 1795 5384 inter
1810 5350 1899 5385 eos
1912 5330 2225 5389 celebriorés

574 5388 842 5458 Marculus
860 5388 1190 5458 ct'Donatus,
1210 5395 1411 5443 scilicet
1428 5397 1749 5458 Bagaiensis.
1767 5399 1912 5448 Alter
1926 5404 2106 5449 autem
2128 5388 2226 5452 ubi

574 5455 753 5507 natus,
786 5467 907 5520 cum
935 5456 997 5520 iis
1023 5458 1115 5518 qui
1158 5458 1226 5505 ad
1254 5455 1594 5508 concordiam
1631 5463 1864 5510 revocari
1902 5462 2119 5520 nollent,
2148 5466 2227 5514 fu-

576 5526 707 5589 gam‘
722 5517 1069 5589 postmodum
1089 5520 1344 5589 arripuit,
1373 5522 1483 5569 sive
1499 5522 1553 5570 in
1579 5521 1796 5589 exilium
1820 5525 2085 5589 relegatus
2108 5517 2223 5586 fuit,

576 5589 640 5628 ex
670 5575 863 5640 Optato
887 5578 937 5624 in
974 5578 1063 5627 lib.
1087 5581 1131 5636 3,
1161 5575 1354 5646 partim
1382 5597 1536 5633 suam
1571 5599 1632 5635 ex
1658 5575 1976 5649 Augustino,
2010 5593 2108 5640 etc.

2325 4302 2619 4358 catholica
2634 4301 3091 4375 discrepassent,
3118 4305 3455 4360 Donatistas
3475 4305 3539 4360 in
3560 4303 3751 4359 Africa
3763 4299 3862 4355 sibi
3878 4311 3948 4350 so-

2326 4392 2483 4447 ciare
2508 4395 2790 4447 tentasse:
2814 4392 2891 4447 ad
2906 4408 3111 4448 aurem
3133 4392 3281 4448 mihi
3294 4394 3407 4449 hoc
3435 4392 3824 4465 ipsumfrater
3835 4385 3948 4457 Aly-

2326 4482 2462 4552 pius
2476 4480 2791 4552 suggessit.
2807 4480 3365 4554 Tuncacceptoipso
3380 4476 3949 4550 volumine,ejusdem

2327 4568 2560 4626 concilii
2592 4574 2809 4625 statuta
2822 4570 3227 4635 considerans,
3252 4570 3389 4641 legi1
3410 4570 3798 4627 Athanasium
3819 4563 3951 4637 epis-

2327 4674 2548 4730 copum
2577 4658 3050 4714 Alexandrinum
3101 4659 3489 4727 catholicum,
3523 4661 3695 4731 cujus
3722 4656 3950 4714 maxime

2328 4747 2613 4803 adversus
2638 4747 2887 4803 Arianos
2908 4748 3331 4804 acerrimarum
3354 4750 3821 4821 disputationum
3833 4756 3953 4799 con-

2326 4836 2523 4891 ﬂictus
2554 4835 2824 4902 eminuit,
2859 4836 3142 4893 etJulium
3172 4837 3445 4893 Ecclesia
3464 4834 3956 4906 Romanaepisco-

2329 4941 2498 4997 pum,
2540 4924 2932 4981 nihilominus
2952 4927 3339 4995 catholicum,
3370 4926 3469 4983 illo
3501 4926 3753 4982 concilio
3792 4916 3954 4979 Sardi-

2329 5015 2489 5069 censi
2517 5014 2697 5069 fuisse
2728 5015 3122 5086 improbatos.
3156 5016 3320 5071 Unde
3368 5016 3532 5087 apud
3567 5031 3678 5071 nos
3727 5006 3959 5069 constitit

2329 5104 2686 5158 Arianorum
2718 5103 2898 5158 fuisse
2956 5104 3299 5172 concilium,
3333 5103 3556 5177 quibus
3596 5103 3691 5158 isti
3720 5093 3958 5172 episcopi

2330 5190 2606 5247 catholici
2629 5192 3535 5249 vehementissimeresistebant.
3554 5196 3755 5263 Itaque
3767 5188 3840 5245 ad
3851 5182 3961 5241 dili—

2332 5280 2660 5349 gentiorem
2676 5282 2855 5337 etiam
2875 5287 3217 5353 temporum
3232 5282 3677 5338 discussionem
3692 5276 3961 5335 voluimus

2331 5369 2531 5441 ipsum
2562 5370 2839 5427 volumen
2871 5372 3140 5443 accipere
3181 5377 3359 5445 atque
3390 5370 3621 5427 auferre
3652 5368 3960 5425 nobiscum.

2333 5458 2443 5527 Qui
2473 5459 2838 5529 noluitdare,
2870 5460 3096 5528 dicens,
3120 5461 3201 5516 ibi
3234 5478 3343 5517 nos
3368 5461 3591 5517 habere
3609 5457 3959 5528 illud,quan-

2399 5595 2412 5621 ¹
2445 5593 2598 5657 Apud
2628 5592 2758 5648 Bad.
2795 5594 2913 5643 Am.
2940 5593 3024 5644 Er.
3060 5597 3112 5644 et
3141 5595 3320 5659 plures
3351 5594 3492 5652 Mss...
3535 5592 3681 5658 legit.
