  <div class='ocr_page' id='page_1' title='image "/cluster/home/n/w/nwhite01/storage/ocr_20150623/33/hvd.32044096580568/086.png"; bbox 0 0 4078 6166; ppageno 0'>
   <div class='ocr_carea' id='block_1_1' title="bbox 147 171 2292 235">
    <p class='ocr_par' dir='ltr' id='par_1_1' title="bbox 147 171 2292 235">
     <span class='ocr_line' id='line_1_1' title="bbox 147 171 2292 235; baseline -0.002 -2"><span class='ocrx_word' id='word_1_1' title='bbox 147 178 225 235; x_wconf 80' lang='lat' dir='ltr'><strong><em>t&#39;l&#39;i</em></strong></span> <span class='ocrx_word' id='word_1_2' title='bbox 1351 171 1854 229; x_wconf 85' lang='lat' dir='ltr'><strong><em>EPISTOLARUM</em></strong></span> <span class='ocrx_word' id='word_1_3' title='bbox 1891 174 2182 232; x_wconf 88' lang='lat' dir='ltr'><strong><em>CLASSIS</em></strong></span> <span class='ocrx_word' id='word_1_4' title='bbox 2221 174 2292 231; x_wconf 92' lang='lat' dir='ltr'><strong><em>II.</em></strong></span> 
     </span>
    </p>
   </div>
   <div class='ocr_carea' id='block_1_2' title="bbox 141 293 1750 368">
    <p class='ocr_par' dir='ltr' id='par_1_2' title="bbox 141 293 1750 368">
     <span class='ocr_line' id='line_1_2' title="bbox 141 293 1750 368; baseline -0.002 -15"><span class='ocrx_word' id='word_1_5' title='bbox 141 299 202 353; x_wconf 89' lang='lat' dir='ltr'><strong><em>do</em></strong></span> <span class='ocrx_word' id='word_1_6' title='bbox 244 295 459 368; x_wconf 85' lang='lat' dir='ltr'><strong><em>aliquid</em></strong></span> <span class='ocrx_word' id='word_1_7' title='bbox 502 296 561 351; x_wconf 85' lang='lat' dir='ltr'><strong><em>in</em></strong></span> <span class='ocrx_word' id='word_1_8' title='bbox 618 310 691 351; x_wconf 93' lang='lat' dir='ltr'><strong><em>eo</em></strong></span> <span class='ocrx_word' id='word_1_9' title='bbox 731 293 1117 351; x_wconf 89' lang='lat' dir='ltr'><strong><em>considerare</em></strong></span> <span class='ocrx_word' id='word_1_10' title='bbox 1167 294 1482 351; x_wconf 83' lang='lat' dir='ltr'><strong><em>vellemus.</em></strong></span> <span class='ocrx_word' id='word_1_11' title='bbox 1526 296 1750 365; x_wconf 82' lang='lat' dir='ltr'><strong><em>Rogavi</em></strong></span> 
     </span>
    </p>
   </div>
   <div class='ocr_carea' id='block_1_3' title="bbox 140 382 1754 455">
    <p class='ocr_par' dir='ltr' id='par_1_3' title="bbox 140 382 1754 455">
     <span class='ocr_line' id='line_1_3' title="bbox 140 382 1754 455; baseline -0.002 -13"><span class='ocrx_word' id='word_1_12' title='bbox 140 388 289 442; x_wconf 83' lang='lat' dir='ltr'><strong><em>etiam</em></strong></span> <span class='ocrx_word' id='word_1_13' title='bbox 315 392 373 440; x_wconf 91' lang='lat' dir='ltr'><strong><em>ut</em></strong></span> <span class='ocrx_word' id='word_1_14' title='bbox 404 400 581 440; x_wconf 87' lang='lat' dir='ltr'><strong><em>manu</em></strong></span> <span class='ocrx_word' id='word_1_15' title='bbox 613 399 751 439; x_wconf 90' lang='lat' dir='ltr'><strong><em>mea</em></strong></span> <span class='ocrx_word' id='word_1_16' title='bbox 787 384 979 439; x_wconf 90' lang='lat' dir='ltr'><strong><em>notari</em></strong></span> <span class='ocrx_word' id='word_1_17' title='bbox 1026 382 1407 455; x_wconf 81' lang='lat' dir='ltr'><strong><em>permitteret,</em></strong></span> <span class='ocrx_word' id='word_1_18' title='bbox 1442 385 1647 450; x_wconf 86' lang='lat' dir='ltr'><strong><em>fateor,</em></strong></span> <span class='ocrx_word' id='word_1_19' title='bbox 1685 385 1754 440; x_wconf 91' lang='lat' dir='ltr'><strong><em>ti-</em></strong></span> 
     </span>
    </p>
   </div>
   <div class='ocr_carea' id='block_1_4' title="bbox 140 473 1753 544">
    <p class='ocr_par' dir='ltr' id='par_1_4' title="bbox 140 473 1753 544">
     <span class='ocr_line' id='line_1_4' title="bbox 140 473 1753 544; baseline -0.001 -14"><span class='ocrx_word' id='word_1_20' title='bbox 140 492 277 531; x_wconf 87' lang='lat' dir='ltr'><strong><em>mens</em></strong></span> <span class='ocrx_word' id='word_1_21' title='bbox 312 490 383 529; x_wconf 88' lang='lat' dir='ltr'><strong><em>ne</em></strong></span> <span class='ocrx_word' id='word_1_22' title='bbox 421 473 562 528; x_wconf 89' lang='lat' dir='ltr'><strong><em>mihi</em></strong></span> <span class='ocrx_word' id='word_1_23' title='bbox 615 473 761 528; x_wconf 87' lang='lat' dir='ltr'><strong><em>forte</em></strong></span> <span class='ocrx_word' id='word_1_24' title='bbox 804 488 989 527; x_wconf 89' lang='lat' dir='ltr'><strong><em>causa</em></strong></span> <span class='ocrx_word' id='word_1_25' title='bbox 1026 473 1321 541; x_wconf 82' lang='lat' dir='ltr'><strong><em>exigente,</em></strong></span> <span class='ocrx_word' id='word_1_26' title='bbox 1362 489 1500 529; x_wconf 91' lang='lat' dir='ltr'><strong><em>cum</em></strong></span> <span class='ocrx_word' id='word_1_27' title='bbox 1553 478 1753 544; x_wconf 91' lang='lat' dir='ltr'><strong><em>peten-</em></strong></span> 
     </span>
    </p>
   </div>
   <div class='ocr_carea' id='block_1_5' title="bbox 134 560 1753 634">
    <p class='ocr_par' dir='ltr' id='par_1_5' title="bbox 134 560 1753 634">
     <span class='ocr_line' id='line_1_5' title="bbox 134 560 1753 634; baseline -0.002 -15"><span class='ocrx_word' id='word_1_28' title='bbox 134 566 253 619; x_wconf 90' lang='lat' dir='ltr'><strong><em>dum</em></strong></span> <span class='ocrx_word' id='word_1_29' title='bbox 281 569 448 633; x_wconf 81' lang='lat' dir='ltr'><strong><em>esset,</em></strong></span> <span class='ocrx_word' id='word_1_30' title='bbox 484 577 589 634; x_wconf 91' lang='lat' dir='ltr'><strong><em>pro</em></strong></span> <span class='ocrx_word' id='word_1_31' title='bbox 620 561 722 616; x_wconf 90' lang='lat' dir='ltr'><strong><em>illo</em></strong></span> <span class='ocrx_word' id='word_1_32' title='bbox 751 560 913 617; x_wconf 83' lang='lat' dir='ltr'><strong><em>aliud</em></strong></span> <span class='ocrx_word' id='word_1_33' title='bbox 982 561 1342 632; x_wconf 85' lang='lat' dir='ltr'><strong><em>proferretur</em></strong></span> <span class='ocrx_word' id='word_1_34' title='bbox 1376 577 1608 633; x_wconf 90' lang='lat' dir='ltr'><strong><em>;neque</em></strong></span> <span class='ocrx_word' id='word_1_35' title='bbox 1640 561 1753 617; x_wconf 92' lang='lat' dir='ltr'><strong><em>hoc</em></strong></span> 
     </span>
    </p>
   </div>
   <div class='ocr_carea' id='block_1_6' title="bbox 138 653 311 708">
    <p class='ocr_par' dir='ltr' id='par_1_6' title="bbox 138 653 311 708">
     <span class='ocr_line' id='line_1_6' title="bbox 138 653 311 708; baseline 0.017 -3"><span class='ocrx_word' id='word_1_36' title='bbox 138 653 311 708; x_wconf 82' lang='lat' dir='ltr'><strong><em>voluit.</em></strong></span> 
     </span>
    </p>
   </div>
   <div class='ocr_carea' id='block_1_7' title="bbox 188 739 1750 811">
    <p class='ocr_par' dir='ltr' id='par_1_7' title="bbox 188 739 1750 811">
     <span class='ocr_line' id='line_1_7' title="bbox 188 739 1750 811; baseline -0.001 -14"><span class='ocrx_word' id='word_1_37' title='bbox 188 742 394 797; x_wconf 76' lang='lat' dir='ltr'><strong>CAPUT</strong></span> <span class='ocrx_word' id='word_1_38' title='bbox 424 740 513 794; x_wconf 89' lang='lat' dir='ltr'><strong><em>IV.</em></strong></span> <span class='ocrx_word' id='word_1_39' title='bbox 538 772 606 779; x_wconf 94' lang='lat'>—</span> <span class='ocrx_word' id='word_1_40' title='bbox 630 746 682 795; x_wconf 88' lang='lat'><strong><em>7.</em></strong></span> <span class='ocrx_word' id='word_1_41' title='bbox 704 739 925 795; x_wconf 90' lang='lat' dir='ltr'><strong><em>Deinde</em></strong></span> <span class='ocrx_word' id='word_1_42' title='bbox 949 739 1092 794; x_wconf 92' lang='lat' dir='ltr'><strong><em>mihi</em></strong></span> <span class='ocrx_word' id='word_1_43' title='bbox 1121 740 1301 811; x_wconf 71' lang='lat' dir='ltr'><strong><em>coepit</em></strong></span> <span class='ocrx_word' id='word_1_44' title='bbox 1321 740 1562 803; x_wconf 89' lang='lat' dir='ltr'><strong><em>instare,</em></strong></span> <span class='ocrx_word' id='word_1_45' title='bbox 1595 739 1750 795; x_wconf 88' lang='lat' dir='ltr'><strong><em>utad</em></strong></span> 
     </span>
    </p>
   </div>
   <div class='ocr_carea' id='block_1_8' title="bbox 131 829 1753 901">
    <p class='ocr_par' dir='ltr' id='par_1_8' title="bbox 131 829 1753 901">
     <span class='ocr_line' id='line_1_8' title="bbox 131 829 1753 901; baseline -0.001 -15"><span class='ocrx_word' id='word_1_46' title='bbox 131 830 621 900; x_wconf 87' lang='lat' dir='ltr'><strong><em>interrogationem</em></strong></span> <span class='ocrx_word' id='word_1_47' title='bbox 637 845 811 884; x_wconf 89' lang='lat' dir='ltr'><strong><em>suam</em></strong></span> <span class='ocrx_word' id='word_1_48' title='bbox 838 829 1091 885; x_wconf 78' lang='lat' dir='ltr'><strong><em>breviter</em></strong></span> <span class='ocrx_word' id='word_1_49' title='bbox 1116 830 1565 901; x_wconf 87' lang='lat' dir='ltr'><strong><em>responderem,</em></strong></span> <span class='ocrx_word' id='word_1_50' title='bbox 1594 846 1753 901; x_wconf 72' lang='lat' dir='ltr'><strong><em>quae-</em></strong></span> 
     </span>
    </p>
   </div>
   <div class='ocr_carea' id='block_1_9' title="bbox 131 918 1751 991">
    <p class='ocr_par' dir='ltr' id='par_1_9' title="bbox 131 918 1751 991">
     <span class='ocr_line' id='line_1_9' title="bbox 131 918 1751 991; baseline -0.001 -16"><span class='ocrx_word' id='word_1_51' title='bbox 131 936 239 976; x_wconf 87' lang='lat' dir='ltr'><strong><em>rens</em></strong></span> <span class='ocrx_word' id='word_1_52' title='bbox 267 935 301 974; x_wconf 87' lang='lat' dir='ltr'><strong><em>a</em></strong></span> <span class='ocrx_word' id='word_1_53' title='bbox 328 935 424 973; x_wconf 91' lang='lat' dir='ltr'><strong><em>me</em></strong></span> <span class='ocrx_word' id='word_1_54' title='bbox 445 934 625 991; x_wconf 86' lang='lat' dir='ltr'><strong><em>quem</em></strong></span> <span class='ocrx_word' id='word_1_55' title='bbox 655 918 889 988; x_wconf 86' lang='lat' dir='ltr'><strong><em>justum</em></strong></span> <span class='ocrx_word' id='word_1_56' title='bbox 928 924 1224 989; x_wconf 89' lang='lat' dir='ltr'><strong><em>putarem,</em></strong></span> <span class='ocrx_word' id='word_1_57' title='bbox 1259 934 1397 974; x_wconf 92' lang='lat' dir='ltr'><strong><em>eum</em></strong></span> <span class='ocrx_word' id='word_1_58' title='bbox 1419 919 1520 990; x_wconf 88' lang='lat' dir='ltr'><strong><em>qui</em></strong></span> <span class='ocrx_word' id='word_1_59' title='bbox 1549 934 1751 990; x_wconf 85' lang='lat' dir='ltr'><strong><em>perse-</em></strong></span> 
     </span>
    </p>
   </div>
   <div class='ocr_carea' id='block_1_10' title="bbox 130 1007 1752 1079">
    <p class='ocr_par' dir='ltr' id='par_1_10' title="bbox 130 1007 1752 1079">
     <span class='ocr_line' id='line_1_10' title="bbox 130 1007 1752 1079; baseline -0.001 -16"><span class='ocrx_word' id='word_1_60' title='bbox 130 1013 397 1079; x_wconf 86' lang='lat' dir='ltr'><strong><em>queretur,</em></strong></span> <span class='ocrx_word' id='word_1_61' title='bbox 412 1024 490 1062; x_wconf 91' lang='lat' dir='ltr'><strong><em>an</em></strong></span> <span class='ocrx_word' id='word_1_62' title='bbox 517 1024 659 1062; x_wconf 90' lang='lat' dir='ltr'><strong><em>cum</em></strong></span> <span class='ocrx_word' id='word_1_63' title='bbox 679 1007 781 1079; x_wconf 87' lang='lat' dir='ltr'><strong><em>qui</em></strong></span> <span class='ocrx_word' id='word_1_64' title='bbox 805 1008 1277 1078; x_wconf 82' lang='lat' dir='ltr'><strong><em>persecutionem</em></strong></span> <span class='ocrx_word' id='word_1_65' title='bbox 1297 1011 1618 1078; x_wconf 89' lang='lat' dir='ltr'><strong><em>pateretur.</em></strong></span> <span class='ocrx_word' id='word_1_66' title='bbox 1648 1007 1752 1062; x_wconf 89' lang='lat' dir='ltr'><strong><em>Cui</em></strong></span> 
     </span>
    </p>
   </div>
   <div class='ocr_carea' id='block_1_11' title="bbox 130 1095 1753 1166">
    <p class='ocr_par' dir='ltr' id='par_1_11' title="bbox 130 1095 1753 1166">
     <span class='ocr_line' id='line_1_11' title="bbox 130 1095 1753 1166; baseline -0.001 -15"><span class='ocrx_word' id='word_1_67' title='bbox 130 1096 559 1166; x_wconf 82' lang='lat' dir='ltr'><strong><em>respondebam,</em></strong></span> <span class='ocrx_word' id='word_1_68' title='bbox 584 1110 707 1151; x_wconf 92' lang='lat' dir='ltr'><strong><em>non</em></strong></span> <span class='ocrx_word' id='word_1_69' title='bbox 729 1100 881 1150; x_wconf 89' lang='lat' dir='ltr'><strong><em>recte</em></strong></span> <span class='ocrx_word' id='word_1_70' title='bbox 907 1095 987 1150; x_wconf 91' lang='lat' dir='ltr'><strong><em>ita</em></strong></span> <span class='ocrx_word' id='word_1_71' title='bbox 1010 1095 1365 1165; x_wconf 88' lang='lat' dir='ltr'><strong><em>interrogari</em></strong></span> <span class='ocrx_word' id='word_1_72' title='bbox 1397 1113 1409 1150; x_wconf 94' lang='lat'><strong>:</strong></span> <span class='ocrx_word' id='word_1_73' title='bbox 1444 1095 1569 1150; x_wconf 76' lang='lat' dir='ltr'><strong><em>fieri</em></strong></span> <span class='ocrx_word' id='word_1_74' title='bbox 1592 1095 1753 1151; x_wconf 90' lang='lat' dir='ltr'><strong><em>enim</em></strong></span> 
     </span>
    </p>
   </div>
   <div class='ocr_carea' id='block_1_12' title="bbox 131 1184 1755 1256">
    <p class='ocr_par' dir='ltr' id='par_1_12' title="bbox 131 1184 1755 1256">
     <span class='ocr_line' id='line_1_12' title="bbox 131 1184 1755 1256; baseline 0.001 -18"><span class='ocrx_word' id='word_1_75' title='bbox 131 1201 274 1256; x_wconf 88' lang='lat' dir='ltr'><strong><em>posse</em></strong></span> <span class='ocrx_word' id='word_1_76' title='bbox 305 1190 364 1239; x_wconf 92' lang='lat' dir='ltr'><strong><em>ut</em></strong></span> <span class='ocrx_word' id='word_1_77' title='bbox 392 1184 581 1239; x_wconf 90' lang='lat' dir='ltr'><strong><em>ambo</em></strong></span> <span class='ocrx_word' id='word_1_78' title='bbox 606 1184 795 1255; x_wconf 88' lang='lat' dir='ltr'><strong><em>iniqui</em></strong></span> <span class='ocrx_word' id='word_1_79' title='bbox 821 1184 955 1249; x_wconf 90' lang='lat' dir='ltr'><strong><em>sint,</em></strong></span> <span class='ocrx_word' id='word_1_80' title='bbox 983 1184 1109 1239; x_wconf 84' lang='lat' dir='ltr'><strong><em>ﬁeri</em></strong></span> <span class='ocrx_word' id='word_1_81' title='bbox 1141 1185 1317 1239; x_wconf 86' lang='lat' dir='ltr'><strong><em>etiam</em></strong></span> <span class='ocrx_word' id='word_1_82' title='bbox 1351 1201 1528 1256; x_wconf 88' lang='lat' dir='ltr'><strong><em>posse</em></strong></span> <span class='ocrx_word' id='word_1_83' title='bbox 1558 1190 1620 1239; x_wconf 91' lang='lat' dir='ltr'><strong><em>ut</em></strong></span> <span class='ocrx_word' id='word_1_84' title='bbox 1651 1184 1755 1239; x_wconf 92' lang='lat' dir='ltr'><strong><em>ini-</em></strong></span> 
     </span>
    </p>
   </div>
   <div class='ocr_carea' id='block_1_13' title="bbox 128 1273 1755 1346">
    <p class='ocr_par' dir='ltr' id='par_1_13' title="bbox 128 1273 1755 1346">
     <span class='ocr_line' id='line_1_13' title="bbox 128 1273 1755 1346; baseline 0.001 -19"><span class='ocrx_word' id='word_1_85' title='bbox 128 1275 363 1346; x_wconf 86' lang='lat' dir='ltr'><strong><em>quiorem</em></strong></span> <span class='ocrx_word' id='word_1_86' title='bbox 382 1273 603 1343; x_wconf 90' lang='lat' dir='ltr'><strong><em>justior</em></strong></span> <span class='ocrx_word' id='word_1_87' title='bbox 622 1282 1031 1344; x_wconf 76' lang='lat' dir='ltr'><strong><em>persequatur.</em></strong></span> <span class='ocrx_word' id='word_1_88' title='bbox 1063 1276 1190 1328; x_wconf 89' lang='lat' dir='ltr'><strong><em>Non</em></strong></span> <span class='ocrx_word' id='word_1_89' title='bbox 1220 1289 1362 1343; x_wconf 90' lang='lat' dir='ltr'><strong><em>ergo</em></strong></span> <span class='ocrx_word' id='word_1_90' title='bbox 1381 1290 1509 1328; x_wconf 91' lang='lat' dir='ltr'><strong><em>esse</em></strong></span> <span class='ocrx_word' id='word_1_91' title='bbox 1541 1289 1755 1329; x_wconf 89' lang='lat' dir='ltr'><strong><em>conse-</em></strong></span> 
     </span>
    </p>
   </div>
   <div class='ocr_carea' id='block_1_14' title="bbox 128 1361 1756 1435">
    <p class='ocr_par' dir='ltr' id='par_1_14' title="bbox 128 1361 1756 1435">
     <span class='ocr_line' id='line_1_14' title="bbox 128 1361 1756 1435; baseline 0.001 -19"><span class='ocrx_word' id='word_1_92' title='bbox 128 1362 544 1433; x_wconf 88' lang='lat' dir='ltr'><strong><em>quens,utideo</em></strong></span> <span class='ocrx_word' id='word_1_93' title='bbox 572 1363 647 1416; x_wconf 91' lang='lat' dir='ltr'><strong><em>sit</em></strong></span> <span class='ocrx_word' id='word_1_94' title='bbox 673 1362 929 1433; x_wconf 89' lang='lat' dir='ltr'><strong><em>quisque</em></strong></span> <span class='ocrx_word' id='word_1_95' title='bbox 952 1361 1190 1433; x_wconf 87' lang='lat' dir='ltr'><strong><em>justior,</em></strong></span> <span class='ocrx_word' id='word_1_96' title='bbox 1221 1363 1364 1434; x_wconf 87' lang='lat' dir='ltr'><strong><em>quia</em></strong></span> <span class='ocrx_word' id='word_1_97' title='bbox 1396 1362 1756 1435; x_wconf 83' lang='lat' dir='ltr'><strong><em>persecutio-</em></strong></span> 
     </span>
    </p>
   </div>
   <div class='ocr_carea' id='block_1_15' title="bbox 131 1449 1757 1522">
    <p class='ocr_par' dir='ltr' id='par_1_15' title="bbox 131 1449 1757 1522">
     <span class='ocr_line' id='line_1_15' title="bbox 131 1449 1757 1522; baseline 0 -16"><span class='ocrx_word' id='word_1_98' title='bbox 131 1468 240 1506; x_wconf 90' lang='lat' dir='ltr'><strong><em>nem</em></strong></span> <span class='ocrx_word' id='word_1_99' title='bbox 251 1452 486 1522; x_wconf 87' lang='lat' dir='ltr'><strong><em>patitur,</em></strong></span> <span class='ocrx_word' id='word_1_100' title='bbox 502 1450 784 1521; x_wconf 88' lang='lat' dir='ltr'><strong><em>quamvis</em></strong></span> <span class='ocrx_word' id='word_1_101' title='bbox 797 1450 857 1504; x_wconf 90' lang='lat' dir='ltr'><strong><em>id</em></strong></span> <span class='ocrx_word' id='word_1_102' title='bbox 872 1449 1225 1522; x_wconf 90' lang='lat' dir='ltr'><strong><em>plerumque</em></strong></span> <span class='ocrx_word' id='word_1_103' title='bbox 1239 1452 1567 1520; x_wconf 88' lang='lat' dir='ltr'><strong><em>contingat.</em></strong></span> <span class='ocrx_word' id='word_1_104' title='bbox 1591 1451 1757 1506; x_wconf 89' lang='lat' dir='ltr'><strong><em>Dein-</em></strong></span> 
     </span>
    </p>
   </div>
   <div class='ocr_carea' id='block_1_16' title="bbox 130 1538 1757 1605">
    <p class='ocr_par' dir='ltr' id='par_1_16' title="bbox 130 1538 1757 1605">
     <span class='ocr_line' id='line_1_16' title="bbox 130 1538 1757 1605; baseline 0.001 -11"><span class='ocrx_word' id='word_1_105' title='bbox 130 1540 185 1594; x_wconf 87' lang='lat' dir='ltr'><strong><em>de</em></strong></span> <span class='ocrx_word' id='word_1_106' title='bbox 203 1557 325 1594; x_wconf 91' lang='lat' dir='ltr'><strong><em>cum</em></strong></span> <span class='ocrx_word' id='word_1_107' title='bbox 356 1538 624 1594; x_wconf 83' lang='lat' dir='ltr'><strong><em>viderem</em></strong></span> <span class='ocrx_word' id='word_1_108' title='bbox 648 1540 707 1593; x_wconf 91' lang='lat' dir='ltr'><strong><em>in</em></strong></span> <span class='ocrx_word' id='word_1_109' title='bbox 733 1538 848 1594; x_wconf 92' lang='lat' dir='ltr'><strong><em>hoc</em></strong></span> <span class='ocrx_word' id='word_1_110' title='bbox 880 1554 1017 1593; x_wconf 89' lang='lat' dir='ltr'><strong><em>eum</em></strong></span> <span class='ocrx_word' id='word_1_111' title='bbox 1049 1539 1303 1594; x_wconf 87' lang='lat' dir='ltr'><strong><em>multum</em></strong></span> <span class='ocrx_word' id='word_1_112' title='bbox 1332 1539 1663 1605; x_wconf 86' lang='lat' dir='ltr'><strong><em>immorari,</em></strong></span> <span class='ocrx_word' id='word_1_113' title='bbox 1700 1545 1757 1596; x_wconf 89' lang='lat' dir='ltr'><strong><em>ut</em></strong></span> 
     </span>
    </p>
   </div>
   <div class='ocr_carea' id='block_1_17' title="bbox 128 1628 1753 1699">
    <p class='ocr_par' dir='ltr' id='par_1_17' title="bbox 128 1628 1753 1699">
     <span class='ocr_line' id='line_1_17' title="bbox 128 1628 1753 1699; baseline -0.001 -16"><span class='ocrx_word' id='word_1_114' title='bbox 128 1630 375 1698; x_wconf 75' lang='lat' dir='ltr'><strong><em>justitiam</em></strong></span> <span class='ocrx_word' id='word_1_115' title='bbox 410 1644 547 1683; x_wconf 65' lang='lat' dir='ltr'><strong><em>suae</em></strong></span> <span class='ocrx_word' id='word_1_116' title='bbox 578 1632 763 1699; x_wconf 87' lang='lat' dir='ltr'><strong><em>partis</em></strong></span> <span class='ocrx_word' id='word_1_117' title='bbox 796 1644 867 1683; x_wconf 84' lang='lat' dir='ltr'><strong><em>ex</em></strong></span> <span class='ocrx_word' id='word_1_118' title='bbox 907 1643 977 1683; x_wconf 93' lang='lat' dir='ltr'><strong><em>eo</em></strong></span> <span class='ocrx_word' id='word_1_119' title='bbox 1020 1633 1246 1683; x_wconf 89' lang='lat' dir='ltr'><strong><em>certam</em></strong></span> <span class='ocrx_word' id='word_1_120' title='bbox 1281 1629 1453 1684; x_wconf 88' lang='lat' dir='ltr'><strong><em>vellet</em></strong></span> <span class='ocrx_word' id='word_1_121' title='bbox 1483 1628 1753 1699; x_wconf 86' lang='lat' dir='ltr'><strong><em>intelligi,</em></strong></span> 
     </span>
    </p>
   </div>
   <div class='ocr_carea' id='block_1_18' title="bbox 130 1716 1752 1789">
    <p class='ocr_par' dir='ltr' id='par_1_18' title="bbox 130 1716 1752 1789">
     <span class='ocr_line' id='line_1_18' title="bbox 130 1716 1752 1789; baseline 0.001 -18"><span class='ocrx_word' id='word_1_122' title='bbox 130 1716 245 1788; x_wconf 85' lang='lat' dir='ltr'><strong><em>quia</em></strong></span> <span class='ocrx_word' id='word_1_123' title='bbox 268 1717 755 1789; x_wconf 84' lang='lat' dir='ltr'><strong><em>persecutionem</em></strong></span> <span class='ocrx_word' id='word_1_124' title='bbox 794 1733 973 1787; x_wconf 88' lang='lat' dir='ltr'><strong><em>passa</em></strong></span> <span class='ocrx_word' id='word_1_125' title='bbox 998 1717 1175 1772; x_wconf 87' lang='lat' dir='ltr'><strong><em>fuerit</em></strong></span> <span class='ocrx_word' id='word_1_126' title='bbox 1222 1734 1235 1782; x_wconf 94' lang='lat'><strong>;</strong></span> <span class='ocrx_word' id='word_1_127' title='bbox 1269 1718 1519 1789; x_wconf 67' lang='lat' dir='ltr'><strong><em>quaesivi</em></strong></span> <span class='ocrx_word' id='word_1_128' title='bbox 1553 1718 1630 1772; x_wconf 90' lang='lat' dir='ltr'><strong><em>ab</em></strong></span> <span class='ocrx_word' id='word_1_129' title='bbox 1663 1734 1752 1786; x_wconf 91' lang='lat' dir='ltr'><strong><em>eo,</em></strong></span> 
     </span>
    </p>
   </div>
   <div class='ocr_carea' id='block_1_19' title="bbox 131 1805 1758 1878">
    <p class='ocr_par' dir='ltr' id='par_1_19' title="bbox 131 1805 1758 1878">
     <span class='ocr_line' id='line_1_19' title="bbox 131 1805 1758 1878; baseline 0.001 -19"><span class='ocrx_word' id='word_1_130' title='bbox 131 1813 293 1860; x_wconf 86' lang='lat' dir='ltr'><strong><em>utrum</em></strong></span> <span class='ocrx_word' id='word_1_131' title='bbox 301 1807 538 1875; x_wconf 90' lang='lat' dir='ltr'><strong><em>justum</em></strong></span> <span class='ocrx_word' id='word_1_132' title='bbox 555 1810 612 1860; x_wconf 91' lang='lat' dir='ltr'><strong><em>et</em></strong></span> <span class='ocrx_word' id='word_1_133' title='bbox 633 1805 1025 1861; x_wconf 79' lang='lat' dir='ltr'><strong><em>christianum</em></strong></span> <span class='ocrx_word' id='word_1_134' title='bbox 1038 1810 1273 1877; x_wconf 86' lang='lat' dir='ltr'><strong><em>putaret</em></strong></span> <span class='ocrx_word' id='word_1_135' title='bbox 1286 1808 1637 1878; x_wconf 82' lang='lat' dir='ltr'><strong><em>episcOpum</em></strong></span> <span class='ocrx_word' id='word_1_136' title='bbox 1652 1808 1758 1861; x_wconf 86' lang='lat' dir='ltr'><strong><em>Me-</em></strong></span> 
     </span>
    </p>
   </div>
   <div class='ocr_carea' id='block_1_20' title="bbox 131 1894 1757 1967">
    <p class='ocr_par' dir='ltr' id='par_1_20' title="bbox 131 1894 1757 1967">
     <span class='ocr_line' id='line_1_20' title="bbox 131 1894 1757 1967; baseline 0.001 -19"><span class='ocrx_word' id='word_1_137' title='bbox 131 1894 460 1950; x_wconf 86' lang='lat' dir='ltr'><strong><em>diolanensis</em></strong></span> <span class='ocrx_word' id='word_1_138' title='bbox 475 1894 753 1949; x_wconf 81' lang='lat' dir='ltr'><strong><em>Ecclesiae</em></strong></span> <span class='ocrx_word' id='word_1_139' title='bbox 769 1894 1176 1949; x_wconf 83' lang='lat' dir='ltr'><strong><em>Ambrosium.</em></strong></span> <span class='ocrx_word' id='word_1_140' title='bbox 1194 1895 1530 1965; x_wconf 90' lang='lat' dir='ltr'><strong><em>Cogebatur</em></strong></span> <span class='ocrx_word' id='word_1_141' title='bbox 1551 1896 1757 1967; x_wconf 89' lang='lat' dir='ltr'><strong><em>utique</em></strong></span> 
     </span>
    </p>
   </div>
   <div class='ocr_carea' id='block_1_21' title="bbox 131 1982 1760 2054">
    <p class='ocr_par' dir='ltr' id='par_1_21' title="bbox 131 1982 1760 2054">
     <span class='ocr_line' id='line_1_21' title="bbox 131 1982 1760 2054; baseline 0.001 -19"><span class='ocrx_word' id='word_1_142' title='bbox 131 1997 310 2050; x_wconf 86' lang='lat' dir='ltr'><strong><em>negare</em></strong></span> <span class='ocrx_word' id='word_1_143' title='bbox 323 1983 491 2054; x_wconf 89' lang='lat' dir='ltr'><strong><em>quod</em></strong></span> <span class='ocrx_word' id='word_1_144' title='bbox 522 1982 621 2038; x_wconf 88' lang='lat' dir='ltr'><strong><em>ille</em></strong></span> <span class='ocrx_word' id='word_1_145' title='bbox 645 1983 1104 2038; x_wconf 87' lang='lat' dir='ltr'><strong><em>virchristianus</em></strong></span> <span class='ocrx_word' id='word_1_146' title='bbox 1124 1987 1281 2039; x_wconf 89' lang='lat' dir='ltr'><strong><em>esset</em></strong></span> <span class='ocrx_word' id='word_1_147' title='bbox 1306 1983 1760 2054; x_wconf 85' lang='lat' dir='ltr'><strong><em>etjustus;quia</em></strong></span> 
     </span>
    </p>
   </div>
   <div class='ocr_carea' id='block_1_22' title="bbox 131 2070 1759 2143">
    <p class='ocr_par' dir='ltr' id='par_1_22' title="bbox 131 2070 1759 2143">
     <span class='ocr_line' id='line_1_22' title="bbox 131 2070 1759 2143; baseline 0.002 -21"><span class='ocrx_word' id='word_1_148' title='bbox 131 2071 167 2124; x_wconf 81' lang='lat' dir='ltr'><strong><em>si</em></strong></span> <span class='ocrx_word' id='word_1_149' title='bbox 198 2070 478 2142; x_wconf 80' lang='lat' dir='ltr'><strong><em>fateretur,</em></strong></span> <span class='ocrx_word' id='word_1_150' title='bbox 523 2073 725 2127; x_wconf 85' lang='lat' dir='ltr'><strong><em>statim</em></strong></span> <span class='ocrx_word' id='word_1_151' title='bbox 749 2071 1149 2141; x_wconf 87' lang='lat' dir='ltr'><strong><em>objiceremus</em></strong></span> <span class='ocrx_word' id='word_1_152' title='bbox 1181 2073 1349 2143; x_wconf 88' lang='lat' dir='ltr'><strong><em>quod</em></strong></span> <span class='ocrx_word' id='word_1_153' title='bbox 1380 2089 1517 2127; x_wconf 90' lang='lat' dir='ltr'><strong><em>eum</em></strong></span> <span class='ocrx_word' id='word_1_154' title='bbox 1546 2072 1759 2141; x_wconf 86' lang='lat' dir='ltr'><strong><em>rebap-</em></strong></span> 
     </span>
    </p>
   </div>
   <div class='ocr_carea' id='block_1_23' title="bbox 132 2159 1758 2232">
    <p class='ocr_par' dir='ltr' id='par_1_23' title="bbox 132 2159 1758 2232">
     <span class='ocr_line' id='line_1_23' title="bbox 132 2159 1758 2232; baseline 0.001 -21"><span class='ocrx_word' id='word_1_155' title='bbox 132 2159 396 2215; x_wconf 88' lang='lat' dir='ltr'><strong><em>tizandum</em></strong></span> <span class='ocrx_word' id='word_1_156' title='bbox 411 2176 559 2215; x_wconf 89' lang='lat' dir='ltr'><strong><em>esse</em></strong></span> <span class='ocrx_word' id='word_1_157' title='bbox 587 2166 875 2215; x_wconf 88' lang='lat' dir='ltr'><strong><em>censeret.</em></strong></span> <span class='ocrx_word' id='word_1_158' title='bbox 894 2161 1039 2215; x_wconf 89' lang='lat' dir='ltr'><strong><em>Cum</em></strong></span> <span class='ocrx_word' id='word_1_159' title='bbox 1066 2176 1209 2229; x_wconf 87' lang='lat' dir='ltr'><strong><em>ergo</em></strong></span> <span class='ocrx_word' id='word_1_160' title='bbox 1240 2177 1311 2216; x_wconf 91' lang='lat' dir='ltr'><strong><em>ea</em></strong></span> <span class='ocrx_word' id='word_1_161' title='bbox 1340 2160 1758 2232; x_wconf 86' lang='lat' dir='ltr'><strong><em>loquicogere-</em></strong></span> 
     </span>
    </p>
   </div>
   <div class='ocr_carea' id='block_1_24' title="bbox 134 2248 1759 2319">
    <p class='ocr_par' dir='ltr' id='par_1_24' title="bbox 134 2248 1759 2319">
     <span class='ocr_line' id='line_1_24' title="bbox 134 2248 1759 2319; baseline 0.002 -19"><span class='ocrx_word' id='word_1_162' title='bbox 134 2252 220 2309; x_wconf 87' lang='lat' dir='ltr'><strong><em>tur,</em></strong></span> <span class='ocrx_word' id='word_1_163' title='bbox 254 2248 469 2319; x_wconf 89' lang='lat' dir='ltr'><strong><em>quibus</em></strong></span> <span class='ocrx_word' id='word_1_164' title='bbox 502 2248 605 2303; x_wconf 89' lang='lat' dir='ltr'><strong><em>ille</em></strong></span> <span class='ocrx_word' id='word_1_165' title='bbox 637 2264 756 2303; x_wconf 92' lang='lat' dir='ltr'><strong><em>non</em></strong></span> <span class='ocrx_word' id='word_1_166' title='bbox 785 2255 937 2304; x_wconf 89' lang='lat' dir='ltr'><strong><em>esset</em></strong></span> <span class='ocrx_word' id='word_1_167' title='bbox 968 2249 1288 2305; x_wconf 88' lang='lat' dir='ltr'><strong><em>habendus</em></strong></span> <span class='ocrx_word' id='word_1_168' title='bbox 1313 2249 1678 2304; x_wconf 86' lang='lat' dir='ltr'><strong><em>christianus</em></strong></span> <span class='ocrx_word' id='word_1_169' title='bbox 1702 2252 1759 2303; x_wconf 88' lang='lat' dir='ltr'><strong><em>et</em></strong></span> 
     </span>
    </p>
   </div>
   <div class='ocr_carea' id='block_1_25' title="bbox 128 2336 1760 2410">
    <p class='ocr_par' dir='ltr' id='par_1_25' title="bbox 128 2336 1760 2410">
     <span class='ocr_line' id='line_1_25' title="bbox 128 2336 1760 2410; baseline 0.002 -21"><span class='ocrx_word' id='word_1_170' title='bbox 128 2336 303 2403; x_wconf 78' lang='lat' dir='ltr'><strong><em>justus,</em></strong></span> <span class='ocrx_word' id='word_1_171' title='bbox 320 2338 804 2393; x_wconf 84' lang='lat' dir='ltr'><strong><em>commemoravi</em></strong></span> <span class='ocrx_word' id='word_1_172' title='bbox 826 2344 1121 2409; x_wconf 88' lang='lat' dir='ltr'><strong><em>quantum</em></strong></span> <span class='ocrx_word' id='word_1_173' title='bbox 1138 2338 1613 2410; x_wconf 88' lang='lat' dir='ltr'><strong><em>persecutionem</em></strong></span> <span class='ocrx_word' id='word_1_174' title='bbox 1634 2353 1760 2408; x_wconf 90' lang='lat' dir='ltr'><strong><em>per-</em></strong></span> 
     </span>
    </p>
   </div>
   <div class='ocr_carea' id='block_1_26' title="bbox 134 2424 1755 2492">
    <p class='ocr_par' dir='ltr' id='par_1_26' title="bbox 134 2424 1755 2492">
     <span class='ocr_line' id='line_1_26' title="bbox 134 2424 1755 2492; baseline 0.003 -16"><span class='ocrx_word' id='word_1_175' title='bbox 134 2424 310 2492; x_wconf 87' lang='lat' dir='ltr'><strong><em>tulerit,</em></strong></span> <span class='ocrx_word' id='word_1_176' title='bbox 331 2425 719 2481; x_wconf 88' lang='lat' dir='ltr'><strong><em>circumdata</em></strong></span> <span class='ocrx_word' id='word_1_177' title='bbox 735 2426 913 2481; x_wconf 91' lang='lat' dir='ltr'><strong><em>etiam</em></strong></span> <span class='ocrx_word' id='word_1_178' title='bbox 930 2426 1211 2482; x_wconf 87' lang='lat' dir='ltr'><strong><em>militibus</em></strong></span> <span class='ocrx_word' id='word_1_179' title='bbox 1226 2428 1469 2482; x_wconf 90' lang='lat' dir='ltr'><strong><em>armatis</em></strong></span> <span class='ocrx_word' id='word_1_180' title='bbox 1488 2426 1755 2481; x_wconf 84' lang='lat' dir='ltr'><strong><em>ecclesia.</em></strong></span> 
     </span>
    </p>
   </div>
   <div class='ocr_carea' id='block_1_27' title="bbox 136 2510 1759 2586">
    <p class='ocr_par' dir='ltr' id='par_1_27' title="bbox 136 2510 1759 2586">
     <span class='ocr_line' id='line_1_27' title="bbox 136 2510 1759 2586; baseline 0.002 -20"><span class='ocrx_word' id='word_1_181' title='bbox 136 2510 551 2577; x_wconf 68' lang='lat' dir='ltr'><strong><em>Quaesivietiatn</em></strong></span> <span class='ocrx_word' id='word_1_182' title='bbox 572 2520 774 2569; x_wconf 90' lang='lat' dir='ltr'><strong><em>utrum</em></strong></span> <span class='ocrx_word' id='word_1_183' title='bbox 791 2515 1232 2580; x_wconf 78' lang='lat' dir='ltr'><strong><em>Maximianum,</em></strong></span> <span class='ocrx_word' id='word_1_184' title='bbox 1261 2515 1455 2586; x_wconf 89' lang='lat' dir='ltr'><strong><em>quiab</em></strong></span> <span class='ocrx_word' id='word_1_185' title='bbox 1486 2516 1569 2569; x_wconf 90' lang='lat' dir='ltr'><strong><em>eis</em></strong></span> <span class='ocrx_word' id='word_1_186' title='bbox 1596 2515 1759 2585; x_wconf 91' lang='lat' dir='ltr'><strong><em>apud</em></strong></span> 
     </span>
    </p>
   </div>
   <div class='ocr_carea' id='block_1_28' title="bbox 132 2603 1761 2675">
    <p class='ocr_par' dir='ltr' id='par_1_28' title="bbox 132 2603 1761 2675">
     <span class='ocr_line' id='line_1_28' title="bbox 132 2603 1761 2675; baseline 0 -18"><span class='ocrx_word' id='word_1_187' title='bbox 132 2603 515 2673; x_wconf 80' lang='lat' dir='ltr'><strong><em>Carthaginem</em></strong></span> <span class='ocrx_word' id='word_1_188' title='bbox 540 2603 813 2658; x_wconf 86' lang='lat' dir='ltr'><strong><em>schisma</em></strong></span> <span class='ocrx_word' id='word_1_189' title='bbox 834 2603 1068 2669; x_wconf 82' lang='lat' dir='ltr'><strong><em>fecerat,</em></strong></span> <span class='ocrx_word' id='word_1_190' title='bbox 1098 2612 1153 2659; x_wconf 93' lang='lat' dir='ltr'><strong><em>et</em></strong></span> <span class='ocrx_word' id='word_1_191' title='bbox 1174 2603 1761 2675; x_wconf 86' lang='lat' dir='ltr'><strong><em>justumetchristia-</em></strong></span> 
     </span>
    </p>
   </div>
   <div class='ocr_carea' id='block_1_29' title="bbox 134 2692 1762 2763">
    <p class='ocr_par' dir='ltr' id='par_1_29' title="bbox 134 2692 1762 2763">
     <span class='ocr_line' id='line_1_29' title="bbox 134 2692 1762 2763; baseline 0.002 -19"><span class='ocrx_word' id='word_1_192' title='bbox 134 2707 248 2746; x_wconf 87' lang='lat' dir='ltr'><strong><em>num</em></strong></span> <span class='ocrx_word' id='word_1_193' title='bbox 275 2698 529 2763; x_wconf 85' lang='lat' dir='ltr'><strong><em>putaret.</em></strong></span> <span class='ocrx_word' id='word_1_194' title='bbox 568 2695 695 2747; x_wconf 85' lang='lat' dir='ltr'><strong><em>Non</em></strong></span> <span class='ocrx_word' id='word_1_195' title='bbox 733 2692 1086 2763; x_wconf 85' lang='lat' dir='ltr'><strong><em>poteratnisi</em></strong></span> <span class='ocrx_word' id='word_1_196' title='bbox 1118 2706 1359 2758; x_wconf 87' lang='lat' dir='ltr'><strong><em>negare.</em></strong></span> <span class='ocrx_word' id='word_1_197' title='bbox 1386 2692 1762 2747; x_wconf 87' lang='lat' dir='ltr'><strong><em>Commemo-</em></strong></span> 
     </span>
    </p>
   </div>
   <div class='ocr_carea' id='block_1_30' title="bbox 134 2780 1759 2852">
    <p class='ocr_par' dir='ltr' id='par_1_30' title="bbox 134 2780 1759 2852">
     <span class='ocr_line' id='line_1_30' title="bbox 134 2780 1759 2852; baseline 0.001 -18"><span class='ocrx_word' id='word_1_198' title='bbox 134 2783 232 2836; x_wconf 76' lang='lat' dir='ltr'><strong><em>rari</em></strong></span> <span class='ocrx_word' id='word_1_199' title='bbox 244 2798 373 2852; x_wconf 87' lang='lat' dir='ltr'><strong><em>ergo</em></strong></span> <span class='ocrx_word' id='word_1_200' title='bbox 385 2784 576 2837; x_wconf 88' lang='lat' dir='ltr'><strong><em>etiam</em></strong></span> <span class='ocrx_word' id='word_1_201' title='bbox 595 2781 763 2835; x_wconf 89' lang='lat' dir='ltr'><strong><em>illum</em></strong></span> <span class='ocrx_word' id='word_1_202' title='bbox 779 2781 955 2836; x_wconf 90' lang='lat' dir='ltr'><strong><em>talem</em></strong></span> <span class='ocrx_word' id='word_1_203' title='bbox 969 2780 1432 2851; x_wconf 90' lang='lat' dir='ltr'><strong><em>persecutionem</em></strong></span> <span class='ocrx_word' id='word_1_204' title='bbox 1448 2782 1759 2852; x_wconf 89' lang='lat' dir='ltr'><strong><em>pertulisse</em></strong></span> 
     </span>
    </p>
   </div>
   <div class='ocr_carea' id='block_1_31' title="bbox 136 2868 1752 2940">
    <p class='ocr_par' dir='ltr' id='par_1_31' title="bbox 136 2868 1752 2940">
     <span class='ocr_line' id='line_1_31' title="bbox 136 2868 1752 2940; baseline 0.002 -19"><span class='ocrx_word' id='word_1_205' title='bbox 136 2875 183 2922; x_wconf 90' lang='lat' dir='ltr'><strong><em>ut</em></strong></span> <span class='ocrx_word' id='word_1_206' title='bbox 204 2871 436 2925; x_wconf 80' lang='lat' dir='ltr'><strong><em>ecclesia</em></strong></span> <span class='ocrx_word' id='word_1_207' title='bbox 466 2870 608 2939; x_wconf 82' lang='lat' dir='ltr'><strong><em>eius</em></strong></span> <span class='ocrx_word' id='word_1_208' title='bbox 643 2886 829 2940; x_wconf 88' lang='lat' dir='ltr'><strong><em>usque</em></strong></span> <span class='ocrx_word' id='word_1_209' title='bbox 868 2870 945 2925; x_wconf 90' lang='lat' dir='ltr'><strong><em>ad</em></strong></span> <span class='ocrx_word' id='word_1_210' title='bbox 972 2868 1363 2924; x_wconf 85' lang='lat' dir='ltr'><strong><em>fundamenta</em></strong></span> <span class='ocrx_word' id='word_1_211' title='bbox 1394 2869 1752 2926; x_wconf 88' lang='lat' dir='ltr'><strong><em>dirueretur.</em></strong></span> 
     </span>
    </p>
   </div>
   <div class='ocr_carea' id='block_1_32' title="bbox 140 2957 1760 3029">
    <p class='ocr_par' dir='ltr' id='par_1_32' title="bbox 140 2957 1760 3029">
     <span class='ocr_line' id='line_1_32' title="bbox 140 2957 1760 3029; baseline 0.004 -22"><span class='ocrx_word' id='word_1_212' title='bbox 140 2957 211 3009; x_wconf 87' lang='lat' dir='ltr'><strong><em>llis</em></strong></span> <span class='ocrx_word' id='word_1_213' title='bbox 230 2958 397 3025; x_wconf 87' lang='lat' dir='ltr'><strong><em>igitur</em></strong></span> <span class='ocrx_word' id='word_1_214' title='bbox 426 2957 733 3029; x_wconf 80' lang='lat' dir='ltr'><strong><em>exemplis</em></strong></span> <span class='ocrx_word' id='word_1_215' title='bbox 764 2958 837 3021; x_wconf 89' lang='lat' dir='ltr'><strong><em>ei,</em></strong></span> <span class='ocrx_word' id='word_1_216' title='bbox 870 2958 917 3012; x_wconf 90' lang='lat' dir='ltr'><strong><em>si</em></strong></span> <span class='ocrx_word' id='word_1_217' title='bbox 948 2974 1213 3028; x_wconf 87' lang='lat' dir='ltr'><strong><em>possem,</em></strong></span> <span class='ocrx_word' id='word_1_218' title='bbox 1244 2958 1604 3028; x_wconf 87' lang='lat' dir='ltr'><strong><em>persuadere</em></strong></span> <span class='ocrx_word' id='word_1_219' title='bbox 1639 2974 1760 3013; x_wconf 88' lang='lat' dir='ltr'><strong><em>mo-</em></strong></span> 
     </span>
    </p>
   </div>
   <div class='ocr_carea' id='block_1_33' title="bbox 136 3044 1763 3119">
    <p class='ocr_par' dir='ltr' id='par_1_33' title="bbox 136 3044 1763 3119">
     <span class='ocr_line' id='line_1_33' title="bbox 136 3044 1763 3119; baseline 0.002 -22"><span class='ocrx_word' id='word_1_220' title='bbox 136 3044 286 3100; x_wconf 81' lang='lat' dir='ltr'><strong><em>liebar</em></strong></span> <span class='ocrx_word' id='word_1_221' title='bbox 303 3055 359 3102; x_wconf 89' lang='lat' dir='ltr'><strong><em>ut</em></strong></span> <span class='ocrx_word' id='word_1_222' title='bbox 364 3048 495 3119; x_wconf 87' lang='lat' dir='ltr'><strong><em>jam</em></strong></span> <span class='ocrx_word' id='word_1_223' title='bbox 522 3048 832 3103; x_wconf 87' lang='lat' dir='ltr'><strong><em>desineret</em></strong></span> <span class='ocrx_word' id='word_1_224' title='bbox 850 3046 1044 3102; x_wconf 90' lang='lat' dir='ltr'><strong><em>dicere</em></strong></span> <span class='ocrx_word' id='word_1_225' title='bbox 1062 3046 1493 3119; x_wconf 90' lang='lat' dir='ltr'><strong><em>persecutionis</em></strong></span> <span class='ocrx_word' id='word_1_226' title='bbox 1522 3062 1763 3118; x_wconf 87' lang='lat' dir='ltr'><strong><em>perpes-</em></strong></span> 
     </span>
    </p>
   </div>
   <div class='ocr_carea' id='block_1_34' title="bbox 136 3135 1763 3206">
    <p class='ocr_par' dir='ltr' id='par_1_34' title="bbox 136 3135 1763 3206">
     <span class='ocr_line' id='line_1_34' title="bbox 136 3135 1763 3206; baseline 0.003 -19"><span class='ocrx_word' id='word_1_227' title='bbox 136 3135 349 3202; x_wconf 84' lang='lat' dir='ltr'><strong><em>sionem,</em></strong></span> <span class='ocrx_word' id='word_1_228' title='bbox 395 3137 747 3201; x_wconf 75' lang='lat' dir='ltr'><strong><em>christianae</em></strong></span> <span class='ocrx_word' id='word_1_229' title='bbox 786 3136 1029 3206; x_wconf 71' lang='lat' dir='ltr'><strong><em>justitim</em></strong></span> <span class='ocrx_word' id='word_1_230' title='bbox 1072 3135 1470 3191; x_wconf 88' lang='lat' dir='ltr'><strong><em>certissimum</em></strong></span> <span class='ocrx_word' id='word_1_231' title='bbox 1502 3151 1631 3191; x_wconf 90' lang='lat' dir='ltr'><strong><em>esse</em></strong></span> <span class='ocrx_word' id='word_1_232' title='bbox 1662 3137 1763 3192; x_wconf 89' lang='lat' dir='ltr'><strong><em>do-</em></strong></span> 
     </span>
    </p>
   </div>
   <div class='ocr_carea' id='block_1_35' title="bbox 135 3232 469 3281">
    <p class='ocr_par' dir='ltr' id='par_1_35' title="bbox 135 3232 469 3281">
     <span class='ocr_line' id='line_1_35' title="bbox 135 3232 469 3281; baseline 0.006 -5"><span class='ocrx_word' id='word_1_233' title='bbox 135 3232 469 3281; x_wconf 87' lang='lat' dir='ltr'><strong><em>cumentum.</em></strong></span> 
     </span>
    </p>
   </div>
   <div class='ocr_carea' id='block_1_36' title="bbox 190 3312 1762 3383">
    <p class='ocr_par' dir='ltr' id='par_1_36' title="bbox 190 3312 1762 3383">
     <span class='ocr_line' id='line_1_36' title="bbox 190 3312 1762 3383; baseline 0.001 -16"><span class='ocrx_word' id='word_1_234' title='bbox 190 3317 231 3367; x_wconf 89' lang='lat'><strong><em>8.</em></strong></span> <span class='ocrx_word' id='word_1_235' title='bbox 262 3315 527 3371; x_wconf 89' lang='lat' dir='ltr'><strong><em>Narravit</em></strong></span> <span class='ocrx_word' id='word_1_236' title='bbox 548 3314 731 3369; x_wconf 90' lang='lat' dir='ltr'><strong><em>etiam</em></strong></span> <span class='ocrx_word' id='word_1_237' title='bbox 754 3313 960 3383; x_wconf 89' lang='lat' dir='ltr'><strong><em>inipsa</em></strong></span> <span class='ocrx_word' id='word_1_238' title='bbox 983 3312 1322 3367; x_wconf 89' lang='lat' dir='ltr'><strong><em>schismatis</em></strong></span> <span class='ocrx_word' id='word_1_239' title='bbox 1348 3314 1607 3369; x_wconf 88' lang='lat' dir='ltr'><strong><em>novitate</em></strong></span> <span class='ocrx_word' id='word_1_240' title='bbox 1641 3330 1762 3369; x_wconf 87' lang='lat' dir='ltr'><strong><em>ma-</em></strong></span> 
     </span>
    </p>
   </div>
   <div class='ocr_carea' id='block_1_37' title="bbox 131 3401 1762 3473">
    <p class='ocr_par' dir='ltr' id='par_1_37' title="bbox 131 3401 1762 3473">
     <span class='ocr_line' id='line_1_37' title="bbox 131 3401 1762 3473; baseline 0.002 -18"><span class='ocrx_word' id='word_1_241' title='bbox 131 3402 260 3469; x_wconf 86' lang='lat' dir='ltr'><strong><em>jores</em></strong></span> <span class='ocrx_word' id='word_1_242' title='bbox 288 3420 445 3470; x_wconf 87' lang='lat' dir='ltr'><strong><em>suos,</em></strong></span> <span class='ocrx_word' id='word_1_243' title='bbox 501 3420 652 3459; x_wconf 88' lang='lat' dir='ltr'><strong><em>cum</em></strong></span> <span class='ocrx_word' id='word_1_244' title='bbox 700 3403 1027 3472; x_wconf 79' lang='lat' dir='ltr'><strong><em>cogitarent</em></strong></span> <span class='ocrx_word' id='word_1_245' title='bbox 1055 3401 1296 3473; x_wconf 91' lang='lat' dir='ltr'><strong><em>culpam</em></strong></span> <span class='ocrx_word' id='word_1_246' title='bbox 1338 3402 1656 3469; x_wconf 81' lang='lat' dir='ltr'><strong><em>Caeciliani,</em></strong></span> <span class='ocrx_word' id='word_1_247' title='bbox 1690 3418 1762 3458; x_wconf 91' lang='lat' dir='ltr'><strong><em>ne</em></strong></span> 
     </span>
    </p>
   </div>
   <div class='ocr_carea' id='block_1_38' title="bbox 135 3490 1763 3563">
    <p class='ocr_par' dir='ltr' id='par_1_38' title="bbox 135 3490 1763 3563">
     <span class='ocr_line' id='line_1_38' title="bbox 135 3490 1763 3563; baseline 0.002 -20"><span class='ocrx_word' id='word_1_248' title='bbox 135 3490 357 3547; x_wconf 88' lang='lat' dir='ltr'><strong><em>schisma</em></strong></span> <span class='ocrx_word' id='word_1_249' title='bbox 380 3492 583 3555; x_wconf 85' lang='lat' dir='ltr'><strong><em>ﬁeret,</em></strong></span> <span class='ocrx_word' id='word_1_250' title='bbox 614 3506 864 3563; x_wconf 88' lang='lat' dir='ltr'><strong><em>quoquo</em></strong></span> <span class='ocrx_word' id='word_1_251' title='bbox 893 3490 1075 3546; x_wconf 91' lang='lat' dir='ltr'><strong><em>modo</em></strong></span> <span class='ocrx_word' id='word_1_252' title='bbox 1107 3490 1248 3545; x_wconf 86' lang='lat' dir='ltr'><strong><em>velle</em></strong></span> <span class='ocrx_word' id='word_1_253' title='bbox 1277 3491 1495 3560; x_wconf 88' lang='lat' dir='ltr'><strong><em>sopire,</em></strong></span> <span class='ocrx_word' id='word_1_254' title='bbox 1527 3491 1763 3546; x_wconf 90' lang='lat' dir='ltr'><strong><em>dedisse</em></strong></span> 
     </span>
    </p>
   </div>
   <div class='ocr_carea' id='block_1_39' title="bbox 135 3578 1761 3651">
    <p class='ocr_par' dir='ltr' id='par_1_39' title="bbox 135 3578 1761 3651">
     <span class='ocr_line' id='line_1_39' title="bbox 135 3578 1761 3651; baseline 0.002 -20"><span class='ocrx_word' id='word_1_255' title='bbox 135 3582 425 3648; x_wconf 86' lang='lat' dir='ltr'><strong><em>quemdam</em></strong></span> <span class='ocrx_word' id='word_1_256' title='bbox 453 3583 929 3637; x_wconf 89' lang='lat' dir='ltr'><strong><em>interventorem</em></strong></span> <span class='ocrx_word' id='word_1_257' title='bbox 974 3579 1055 3651; x_wconf 87' lang='lat' dir='ltr'><strong><em>(a)</em></strong></span> <span class='ocrx_word' id='word_1_258' title='bbox 1089 3578 1311 3650; x_wconf 92' lang='lat' dir='ltr'><strong><em>populo</em></strong></span> <span class='ocrx_word' id='word_1_259' title='bbox 1342 3596 1464 3634; x_wconf 63' lang='lat' dir='ltr'><strong><em>suae</em></strong></span> <span class='ocrx_word' id='word_1_260' title='bbox 1495 3595 1761 3635; x_wconf 88' lang='lat' dir='ltr'><strong><em>commu-</em></strong></span> 
     </span>
    </p>
   </div>
   <div class='ocr_carea' id='block_1_40' title="bbox 133 3666 1762 3742">
    <p class='ocr_par' dir='ltr' id='par_1_40' title="bbox 133 3666 1762 3742">
     <span class='ocr_line' id='line_1_40' title="bbox 133 3666 1762 3742; baseline 0.003 -23"><span class='ocrx_word' id='word_1_261' title='bbox 133 3666 293 3723; x_wconf 88' lang='lat' dir='ltr'><strong><em>nionis</em></strong></span> <span class='ocrx_word' id='word_1_262' title='bbox 314 3672 474 3742; x_wconf 87' lang='lat' dir='ltr'><strong><em>apud</em></strong></span> <span class='ocrx_word' id='word_1_263' title='bbox 499 3669 929 3738; x_wconf 84' lang='lat' dir='ltr'><strong><em>Carthaginem</em></strong></span> <span class='ocrx_word' id='word_1_264' title='bbox 951 3668 1287 3732; x_wconf 89' lang='lat' dir='ltr'><strong><em>constituto,</em></strong></span> <span class='ocrx_word' id='word_1_265' title='bbox 1302 3674 1627 3740; x_wconf 89' lang='lat' dir='ltr'><strong><em>antequam</em></strong></span> <span class='ocrx_word' id='word_1_266' title='bbox 1651 3671 1762 3724; x_wconf 84' lang='lat' dir='ltr'><strong><em>Ma-</em></strong></span> 
     </span>
    </p>
   </div>
   <div class='ocr_carea' id='block_1_41' title="bbox 127 3755 1759 3822">
    <p class='ocr_par' dir='ltr' id='par_1_41' title="bbox 127 3755 1759 3822">
     <span class='ocr_line' id='line_1_41' title="bbox 127 3755 1759 3822; baseline 0.002 -13"><span class='ocrx_word' id='word_1_267' title='bbox 127 3755 323 3822; x_wconf 84' lang='lat' dir='ltr'><strong><em>jorinus</em></strong></span> <span class='ocrx_word' id='word_1_268' title='bbox 367 3760 674 3815; x_wconf 85' lang='lat' dir='ltr'><strong><em>adversus</em></strong></span> <span class='ocrx_word' id='word_1_269' title='bbox 724 3757 1102 3813; x_wconf 59' lang='lat' dir='ltr'><strong><em>Caecilianum</em></strong></span> <span class='ocrx_word' id='word_1_270' title='bbox 1155 3757 1553 3812; x_wconf 90' lang='lat' dir='ltr'><strong><em>ordinaretur.</em></strong></span> <span class='ocrx_word' id='word_1_271' title='bbox 1596 3760 1759 3812; x_wconf 88' lang='lat' dir='ltr'><strong><em>Hunc</em></strong></span> 
     </span>
    </p>
   </div>
   <div class='ocr_carea' id='block_1_42' title="bbox 132 3844 1759 3913">
    <p class='ocr_par' dir='ltr' id='par_1_42' title="bbox 132 3844 1759 3913">
     <span class='ocr_line' id='line_1_42' title="bbox 132 3844 1759 3913; baseline 0.002 -16"><span class='ocrx_word' id='word_1_272' title='bbox 132 3847 723 3913; x_wconf 81' lang='lat' dir='ltr'><strong><em>ergointerventorem</em></strong></span> <span class='ocrx_word' id='word_1_273' title='bbox 745 3846 804 3901; x_wconf 90' lang='lat' dir='ltr'><strong><em>in</em></strong></span> <span class='ocrx_word' id='word_1_274' title='bbox 824 3861 934 3901; x_wconf 88' lang='lat' dir='ltr'><strong><em>suo</em></strong></span> <span class='ocrx_word' id='word_1_275' title='bbox 960 3844 1377 3901; x_wconf 90' lang='lat' dir='ltr'><strong><em>conventiculo</em></strong></span> <span class='ocrx_word' id='word_1_276' title='bbox 1394 3862 1429 3900; x_wconf 92' lang='lat' dir='ltr'><strong><em>a</em></strong></span> <span class='ocrx_word' id='word_1_277' title='bbox 1443 3846 1661 3900; x_wconf 88' lang='lat' dir='ltr'><strong><em>nostris</em></strong></span> <span class='ocrx_word' id='word_1_278' title='bbox 1675 3847 1759 3901; x_wconf 92' lang='lat' dir='ltr'><strong><em>di-</em></strong></span> 
     </span>
    </p>
   </div>
   <div class='ocr_carea' id='block_1_43' title="bbox 132 3934 1757 4005">
    <p class='ocr_par' dir='ltr' id='par_1_43' title="bbox 132 3934 1757 4005">
     <span class='ocr_line' id='line_1_43' title="bbox 132 3934 1757 4005; baseline 0.002 -20"><span class='ocrx_word' id='word_1_279' title='bbox 132 3934 546 3992; x_wconf 81' lang='lat' dir='ltr'><strong><em>eebatoccisum</em></strong></span> <span class='ocrx_word' id='word_1_280' title='bbox 565 3935 757 4001; x_wconf 86' lang='lat' dir='ltr'><strong><em>.Quod</em></strong></span> <span class='ocrx_word' id='word_1_281' title='bbox 771 3934 978 3999; x_wconf 81' lang='lat' dir='ltr'><strong><em>fateor,</em></strong></span> <span class='ocrx_word' id='word_1_282' title='bbox 996 3950 1305 4005; x_wconf 90' lang='lat' dir='ltr'><strong><em>nunquam</em></strong></span> <span class='ocrx_word' id='word_1_283' title='bbox 1319 3940 1496 3989; x_wconf 91' lang='lat' dir='ltr'><strong><em>antea</em></strong></span> <span class='ocrx_word' id='word_1_284' title='bbox 1510 3951 1757 4005; x_wconf 90' lang='lat' dir='ltr'><strong><em>prorsus</em></strong></span> 
     </span>
    </p>
   </div>
   <div class='ocr_carea' id='block_1_44' title="bbox 132 4021 1758 4093">
    <p class='ocr_par' dir='ltr' id='par_1_44' title="bbox 132 4021 1758 4093">
     <span class='ocr_line' id='line_1_44' title="bbox 132 4021 1758 4093; baseline 0.002 -18"><span class='ocrx_word' id='word_1_285' title='bbox 132 4021 422 4091; x_wconf 76' lang='lat' dir='ltr'><strong><em>audieram,</em></strong></span> <span class='ocrx_word' id='word_1_286' title='bbox 456 4040 611 4080; x_wconf 88' lang='lat' dir='ltr'><strong><em>cum</em></strong></span> <span class='ocrx_word' id='word_1_287' title='bbox 642 4030 764 4079; x_wconf 91' lang='lat' dir='ltr'><strong><em>tam</em></strong></span> <span class='ocrx_word' id='word_1_288' title='bbox 794 4024 981 4079; x_wconf 85' lang='lat' dir='ltr'><strong><em>multa</em></strong></span> <span class='ocrx_word' id='word_1_289' title='bbox 1017 4023 1096 4078; x_wconf 90' lang='lat' dir='ltr'><strong><em>ab</em></strong></span> <span class='ocrx_word' id='word_1_290' title='bbox 1125 4022 1210 4077; x_wconf 91' lang='lat' dir='ltr'><strong><em>eis</em></strong></span> <span class='ocrx_word' id='word_1_291' title='bbox 1240 4023 1471 4093; x_wconf 90' lang='lat' dir='ltr'><strong><em>objecta</em></strong></span> <span class='ocrx_word' id='word_1_292' title='bbox 1503 4023 1758 4078; x_wconf 90' lang='lat' dir='ltr'><strong><em>crimina</em></strong></span> 
     </span>
    </p>
   </div>
   <div class='ocr_carea' id='block_1_45' title="bbox 131 4110 1754 4183">
    <p class='ocr_par' dir='ltr' id='par_1_45' title="bbox 131 4110 1754 4183">
     <span class='ocr_line' id='line_1_45' title="bbox 131 4110 1754 4183; baseline 0.002 -21"><span class='ocrx_word' id='word_1_293' title='bbox 131 4112 500 4170; x_wconf 82' lang='lat' dir='ltr'><strong><em>refellerentur</em></strong></span> <span class='ocrx_word' id='word_1_294' title='bbox 522 4118 586 4169; x_wconf 86' lang='lat' dir='ltr'><strong><em>et</em></strong></span> <span class='ocrx_word' id='word_1_295' title='bbox 623 4113 1123 4181; x_wconf 86' lang='lat' dir='ltr'><strong><em>redarguerentur</em></strong></span> <span class='ocrx_word' id='word_1_296' title='bbox 1160 4128 1195 4165; x_wconf 92' lang='lat' dir='ltr'><strong><em>a</em></strong></span> <span class='ocrx_word' id='word_1_297' title='bbox 1227 4112 1468 4179; x_wconf 88' lang='lat' dir='ltr'><strong><em>nostris,</em></strong></span> <span class='ocrx_word' id='word_1_298' title='bbox 1494 4115 1672 4183; x_wconf 89' lang='lat' dir='ltr'><strong><em>atque</em></strong></span> <span class='ocrx_word' id='word_1_299' title='bbox 1693 4110 1754 4166; x_wconf 93' lang='lat' dir='ltr'><strong><em>in</em></strong></span> 
     </span>
    </p>
   </div>
   <div class='ocr_carea' id='block_1_46' title="bbox 132 4200 1756 4272">
    <p class='ocr_par' dir='ltr' id='par_1_46' title="bbox 132 4200 1756 4272">
     <span class='ocr_line' id='line_1_46' title="bbox 132 4200 1756 4272; baseline 0.002 -19"><span class='ocrx_word' id='word_1_300' title='bbox 132 4212 211 4253; x_wconf 80' lang='lat' dir='ltr'><strong><em>eos</em></strong></span> <span class='ocrx_word' id='word_1_301' title='bbox 230 4203 386 4272; x_wconf 87' lang='lat' dir='ltr'><strong><em>plura</em></strong></span> <span class='ocrx_word' id='word_1_302' title='bbox 402 4211 461 4259; x_wconf 89' lang='lat' dir='ltr'><strong><em>et</em></strong></span> <span class='ocrx_word' id='word_1_303' title='bbox 488 4202 734 4272; x_wconf 88' lang='lat' dir='ltr'><strong><em>majora</em></strong></span> <span class='ocrx_word' id='word_1_304' title='bbox 760 4201 1118 4272; x_wconf 89' lang='lat' dir='ltr'><strong><em>jacerentur.</em></strong></span> <span class='ocrx_word' id='word_1_305' title='bbox 1153 4200 1266 4256; x_wconf 89' lang='lat' dir='ltr'><strong><em>Sed</em></strong></span> <span class='ocrx_word' id='word_1_306' title='bbox 1296 4205 1498 4255; x_wconf 89' lang='lat' dir='ltr'><strong><em>tamen</em></strong></span> <span class='ocrx_word' id='word_1_307' title='bbox 1520 4206 1756 4272; x_wconf 86' lang='lat' dir='ltr'><strong><em>postea-</em></strong></span> 
     </span>
    </p>
   </div>
   <div class='ocr_carea' id='block_1_47' title="bbox 131 4289 1755 4358">
    <p class='ocr_par' dir='ltr' id='par_1_47' title="bbox 131 4289 1755 4358">
     <span class='ocr_line' id='line_1_47' title="bbox 131 4289 1755 4358; baseline 0.001 -16"><span class='ocrx_word' id='word_1_308' title='bbox 131 4302 283 4357; x_wconf 86' lang='lat' dir='ltr'><strong><em>quam</em></strong></span> <span class='ocrx_word' id='word_1_309' title='bbox 310 4292 420 4348; x_wconf 91' lang='lat' dir='ltr'><strong><em>hoc</em></strong></span> <span class='ocrx_word' id='word_1_310' title='bbox 469 4291 766 4349; x_wconf 86' lang='lat' dir='ltr'><strong><em>narravit,</em></strong></span> <span class='ocrx_word' id='word_1_311' title='bbox 798 4305 1003 4344; x_wconf 84' lang='lat' dir='ltr'><strong><em>rursus</em></strong></span> <span class='ocrx_word' id='word_1_312' title='bbox 1053 4306 1089 4344; x_wconf 89' lang='lat' dir='ltr'><strong><em>a</em></strong></span> <span class='ocrx_word' id='word_1_313' title='bbox 1130 4305 1223 4342; x_wconf 91' lang='lat' dir='ltr'><strong><em>me</em></strong></span> <span class='ocrx_word' id='word_1_314' title='bbox 1255 4289 1543 4343; x_wconf 87' lang='lat' dir='ltr'><strong><em>instanter</em></strong></span> <span class='ocrx_word' id='word_1_315' title='bbox 1576 4289 1755 4358; x_wconf 74' lang='lat' dir='ltr'><strong><em>coepit</em></strong></span> 
     </span>
    </p>
   </div>
   <div class='ocr_carea' id='block_1_48' title="bbox 132 4377 1750 4451">
    <p class='ocr_par' dir='ltr' id='par_1_48' title="bbox 132 4377 1750 4451">
     <span class='ocr_line' id='line_1_48' title="bbox 132 4377 1750 4451; baseline 0.001 -21"><span class='ocrx_word' id='word_1_316' title='bbox 132 4391 359 4446; x_wconf 73' lang='lat' dir='ltr'><strong><em>quaerere</em></strong></span> <span class='ocrx_word' id='word_1_317' title='bbox 376 4398 565 4451; x_wconf 88' lang='lat' dir='ltr'><strong><em>quem</em></strong></span> <span class='ocrx_word' id='word_1_318' title='bbox 581 4380 815 4449; x_wconf 87' lang='lat' dir='ltr'><strong><em>justum</em></strong></span> <span class='ocrx_word' id='word_1_319' title='bbox 837 4384 1132 4450; x_wconf 89' lang='lat' dir='ltr'><strong><em>putarem,</em></strong></span> <span class='ocrx_word' id='word_1_320' title='bbox 1156 4393 1373 4433; x_wconf 91' lang='lat' dir='ltr'><strong><em>eumne</em></strong></span> <span class='ocrx_word' id='word_1_321' title='bbox 1390 4377 1493 4447; x_wconf 90' lang='lat' dir='ltr'><strong><em>qui</em></strong></span> <span class='ocrx_word' id='word_1_322' title='bbox 1514 4377 1750 4441; x_wconf 91' lang='lat' dir='ltr'><strong><em>occidit,</em></strong></span> 
     </span>
    </p>
   </div>
   <div class='ocr_carea' id='block_1_49' title="bbox 132 4466 1754 4542">
    <p class='ocr_par' dir='ltr' id='par_1_49' title="bbox 132 4466 1754 4542">
     <span class='ocr_line' id='line_1_49' title="bbox 132 4466 1754 4542; baseline 0.003 -25"><span class='ocrx_word' id='word_1_323' title='bbox 132 4480 189 4520; x_wconf 87' lang='lat' dir='ltr'><strong><em>an</em></strong></span> <span class='ocrx_word' id='word_1_324' title='bbox 216 4486 340 4525; x_wconf 88' lang='lat' dir='ltr'><strong><em>eum</em></strong></span> <span class='ocrx_word' id='word_1_325' title='bbox 365 4471 467 4542; x_wconf 90' lang='lat' dir='ltr'><strong><em>qui</em></strong></span> <span class='ocrx_word' id='word_1_326' title='bbox 496 4469 740 4525; x_wconf 87' lang='lat' dir='ltr'><strong><em>occisus</em></strong></span> <span class='ocrx_word' id='word_1_327' title='bbox 768 4472 924 4522; x_wconf 90' lang='lat' dir='ltr'><strong><em>esset</em></strong></span> <span class='ocrx_word' id='word_1_328' title='bbox 957 4484 970 4531; x_wconf 92' lang='lat'>;</span> <span class='ocrx_word' id='word_1_329' title='bbox 1002 4466 1176 4538; x_wconf 88' lang='lat' dir='ltr'><strong><em>quasi</em></strong></span> <span class='ocrx_word' id='word_1_330' title='bbox 1207 4467 1340 4538; x_wconf 87' lang='lat' dir='ltr'><strong><em>jam</em></strong></span> <span class='ocrx_word' id='word_1_331' title='bbox 1362 4466 1506 4521; x_wconf 88' lang='lat' dir='ltr'><strong><em>mihi</em></strong></span> <span class='ocrx_word' id='word_1_332' title='bbox 1538 4466 1754 4537; x_wconf 86' lang='lat' dir='ltr'><strong><em>proba-</em></strong></span> 
     </span>
    </p>
   </div>
   <div class='ocr_carea' id='block_1_50' title="bbox 131 4554 1752 4624">
    <p class='ocr_par' dir='ltr' id='par_1_50' title="bbox 131 4554 1752 4624">
     <span class='ocr_line' id='line_1_50' title="bbox 131 4554 1752 4624; baseline 0.004 -21"><span class='ocrx_word' id='word_1_333' title='bbox 131 4554 290 4624; x_wconf 84' lang='lat' dir='ltr'><strong><em>visset,</em></strong></span> <span class='ocrx_word' id='word_1_334' title='bbox 308 4560 383 4613; x_wconf 89' lang='lat' dir='ltr'><strong><em>ita</em></strong></span> <span class='ocrx_word' id='word_1_335' title='bbox 406 4566 469 4614; x_wconf 90' lang='lat' dir='ltr'><strong><em>ut</em></strong></span> <span class='ocrx_word' id='word_1_336' title='bbox 492 4561 862 4622; x_wconf 89' lang='lat' dir='ltr'><strong><em>narraverat,</em></strong></span> <span class='ocrx_word' id='word_1_337' title='bbox 889 4572 1017 4611; x_wconf 91' lang='lat' dir='ltr'><strong><em>esse</em></strong></span> <span class='ocrx_word' id='word_1_338' title='bbox 1035 4555 1447 4610; x_wconf 90' lang='lat' dir='ltr'><strong><em>commissum.</em></strong></span> <span class='ocrx_word' id='word_1_339' title='bbox 1470 4555 1752 4610; x_wconf 85' lang='lat' dir='ltr'><strong><em>Dicebam</em></strong></span> 
     </span>
    </p>
   </div>
   <div class='ocr_carea' id='block_1_51' title="bbox 131 4643 1746 4716">
    <p class='ocr_par' dir='ltr' id='par_1_51' title="bbox 131 4643 1746 4716">
     <span class='ocr_line' id='line_1_51' title="bbox 131 4643 1746 4716; baseline -0.001 -18"><span class='ocrx_word' id='word_1_340' title='bbox 131 4656 263 4709; x_wconf 70' lang='lat' dir='ltr'><strong><em>ergo,</em></strong></span> <span class='ocrx_word' id='word_1_341' title='bbox 294 4648 454 4716; x_wconf 89' lang='lat' dir='ltr'><strong><em>prius</em></strong></span> <span class='ocrx_word' id='word_1_342' title='bbox 489 4652 693 4701; x_wconf 90' lang='lat' dir='ltr'><strong><em>utrum</em></strong></span> <span class='ocrx_word' id='word_1_343' title='bbox 724 4661 927 4700; x_wconf 91' lang='lat' dir='ltr'><strong><em>verum</em></strong></span> <span class='ocrx_word' id='word_1_344' title='bbox 958 4650 1117 4699; x_wconf 89' lang='lat' dir='ltr'><strong><em>esset</em></strong></span> <span class='ocrx_word' id='word_1_345' title='bbox 1147 4659 1278 4699; x_wconf 90' lang='lat' dir='ltr'><strong><em>esse</em></strong></span> <span class='ocrx_word' id='word_1_346' title='bbox 1303 4643 1699 4714; x_wconf 66' lang='lat' dir='ltr'><strong><em>quaerendum</em></strong></span> <span class='ocrx_word' id='word_1_347' title='bbox 1732 4660 1746 4709; x_wconf 89' lang='lat'><strong>;</strong></span> 
     </span>
    </p>
   </div>
   <div class='ocr_carea' id='block_1_52' title="bbox 133 4732 1749 4805">
    <p class='ocr_par' dir='ltr' id='par_1_52' title="bbox 133 4732 1749 4805">
     <span class='ocr_line' id='line_1_52' title="bbox 133 4732 1749 4805; baseline 0.003 -23"><span class='ocrx_word' id='word_1_348' title='bbox 133 4745 226 4785; x_wconf 86' lang='lat' dir='ltr'><strong><em>non</em></strong></span> <span class='ocrx_word' id='word_1_349' title='bbox 240 4737 386 4790; x_wconf 90' lang='lat' dir='ltr'><strong><em>enim</em></strong></span> <span class='ocrx_word' id='word_1_350' title='bbox 402 4742 635 4791; x_wconf 86' lang='lat' dir='ltr'><strong><em>temere</em></strong></span> <span class='ocrx_word' id='word_1_351' title='bbox 648 4734 805 4789; x_wconf 92' lang='lat' dir='ltr'><strong><em>credi</em></strong></span> <span class='ocrx_word' id='word_1_352' title='bbox 822 4739 1095 4804; x_wconf 86' lang='lat' dir='ltr'><strong><em>Oportere</em></strong></span> <span class='ocrx_word' id='word_1_353' title='bbox 1117 4748 1517 4805; x_wconf 72' lang='lat' dir='ltr'><strong><em>quaecumque</em></strong></span> <span class='ocrx_word' id='word_1_354' title='bbox 1535 4732 1749 4787; x_wconf 87' lang='lat' dir='ltr'><strong><em>dicun-</em></strong></span> 
     </span>
    </p>
   </div>
   <div class='ocr_carea' id='block_1_53' title="bbox 134 4821 1748 4893">
    <p class='ocr_par' dir='ltr' id='par_1_53' title="bbox 134 4821 1748 4893">
     <span class='ocr_line' id='line_1_53' title="bbox 134 4821 1748 4893; baseline 0.004 -24"><span class='ocrx_word' id='word_1_355' title='bbox 134 4824 228 4874; x_wconf 86' lang='lat' dir='ltr'><strong><em>tur:</em></strong></span> <span class='ocrx_word' id='word_1_356' title='bbox 250 4828 515 4880; x_wconf 89' lang='lat' dir='ltr'><strong><em>ettamen</em></strong></span> <span class='ocrx_word' id='word_1_357' title='bbox 546 4824 673 4878; x_wconf 75' lang='lat' dir='ltr'><strong><em>fieri</em></strong></span> <span class='ocrx_word' id='word_1_358' title='bbox 694 4823 982 4893; x_wconf 84' lang='lat' dir='ltr'><strong><em>potuisse,</em></strong></span> <span class='ocrx_word' id='word_1_359' title='bbox 1009 4822 1169 4876; x_wconf 90' lang='lat' dir='ltr'><strong><em>utvel</em></strong></span> <span class='ocrx_word' id='word_1_360' title='bbox 1196 4821 1380 4876; x_wconf 88' lang='lat' dir='ltr'><strong><em>ambo</em></strong></span> <span class='ocrx_word' id='word_1_361' title='bbox 1407 4836 1578 4892; x_wconf 67' lang='lat' dir='ltr'><strong><em>asque</em></strong></span> <span class='ocrx_word' id='word_1_362' title='bbox 1607 4821 1748 4877; x_wconf 91' lang='lat' dir='ltr'><strong><em>mali</em></strong></span> 
     </span>
    </p>
   </div>
   <div class='ocr_carea' id='block_1_54' title="bbox 132 4909 1744 4981">
    <p class='ocr_par' dir='ltr' id='par_1_54' title="bbox 132 4909 1744 4981">
     <span class='ocr_line' id='line_1_54' title="bbox 132 4909 1744 4981; baseline 0.003 -21"><span class='ocrx_word' id='word_1_363' title='bbox 132 4914 405 4977; x_wconf 84' lang='lat' dir='ltr'><strong><em>essent,vel</em></strong></span> <span class='ocrx_word' id='word_1_364' title='bbox 419 4915 602 4968; x_wconf 87' lang='lat' dir='ltr'><strong><em>etiam</em></strong></span> <span class='ocrx_word' id='word_1_365' title='bbox 620 4913 883 4981; x_wconf 87' lang='lat' dir='ltr'><strong><em>pejorem</em></strong></span> <span class='ocrx_word' id='word_1_366' title='bbox 896 4911 1213 4981; x_wconf 87' lang='lat' dir='ltr'><strong><em>quisquam</em></strong></span> <span class='ocrx_word' id='word_1_367' title='bbox 1228 4910 1417 4964; x_wconf 85' lang='lat' dir='ltr'><strong><em>malus</em></strong></span> <span class='ocrx_word' id='word_1_368' title='bbox 1430 4909 1744 4965; x_wconf 91' lang='lat' dir='ltr'><strong><em>occideret.</em></strong></span> 
     </span>
    </p>
   </div>
   <div class='ocr_carea' id='block_1_55' title="bbox 133 4997 1747 5071">
    <p class='ocr_par' dir='ltr' id='par_1_55' title="bbox 133 4997 1747 5071">
     <span class='ocr_line' id='line_1_55' title="bbox 133 4997 1747 5071; baseline 0.004 -23"><span class='ocrx_word' id='word_1_369' title='bbox 133 4997 487 5056; x_wconf 50' lang='lat' dir='ltr'><strong><em>Reveraefiim</em></strong></span> <span class='ocrx_word' id='word_1_370' title='bbox 511 5000 637 5055; x_wconf 72' lang='lat' dir='ltr'><strong><em>fieri</em></strong></span> <span class='ocrx_word' id='word_1_371' title='bbox 666 5006 947 5071; x_wconf 85' lang='lat' dir='ltr'><strong><em>potest,ut</em></strong></span> <span class='ocrx_word' id='word_1_372' title='bbox 968 4999 1305 5054; x_wconf 88' lang='lat' dir='ltr'><strong><em>sceleratior</em></strong></span> <span class='ocrx_word' id='word_1_373' title='bbox 1332 4999 1404 5053; x_wconf 92' lang='lat' dir='ltr'><strong><em>sit</em></strong></span> <span class='ocrx_word' id='word_1_374' title='bbox 1428 4999 1747 5070; x_wconf 86' lang='lat' dir='ltr'><strong><em>rebaptiza-</em></strong></span> 
     </span>
    </p>
   </div>
   <div class='ocr_carea' id='block_1_56' title="bbox 133 5086 1743 5160">
    <p class='ocr_par' dir='ltr' id='par_1_56' title="bbox 133 5086 1743 5160">
     <span class='ocr_line' id='line_1_56' title="bbox 133 5086 1743 5160; baseline 0.003 -24"><span class='ocrx_word' id='word_1_375' title='bbox 133 5090 376 5143; x_wconf 83' lang='lat' dir='ltr'><strong><em>tortotius</em></strong></span> <span class='ocrx_word' id='word_1_376' title='bbox 390 5089 854 5160; x_wconf 87' lang='lat' dir='ltr'><strong><em>hominis,quam</em></strong></span> <span class='ocrx_word' id='word_1_377' title='bbox 867 5086 1050 5142; x_wconf 88' lang='lat' dir='ltr'><strong><em>solius</em></strong></span> <span class='ocrx_word' id='word_1_378' title='bbox 1063 5087 1327 5158; x_wconf 88' lang='lat' dir='ltr'><strong><em>corporis</em></strong></span> <span class='ocrx_word' id='word_1_379' title='bbox 1343 5086 1743 5158; x_wconf 90' lang='lat' dir='ltr'><strong><em>interemptor.</em></strong></span> 
     </span>
    </p>
   </div>
   <div class='ocr_carea' id='block_1_57' title="bbox 189 5176 1742 5249">
    <p class='ocr_par' dir='ltr' id='par_1_57' title="bbox 189 5176 1742 5249">
     <span class='ocr_line' id='line_1_57' title="bbox 189 5176 1742 5249; baseline 0.001 -21"><span class='ocrx_word' id='word_1_380' title='bbox 189 5178 231 5228; x_wconf 80' lang='lat'><strong><em>9.</em></strong></span> <span class='ocrx_word' id='word_1_381' title='bbox 261 5177 413 5233; x_wconf 83' lang='lat' dir='ltr'><strong><em>Unde</em></strong></span> <span class='ocrx_word' id='word_1_382' title='bbox 446 5180 629 5233; x_wconf 91' lang='lat' dir='ltr'><strong><em>etiam</em></strong></span> <span class='ocrx_word' id='word_1_383' title='bbox 664 5177 805 5231; x_wconf 77' lang='lat' dir='ltr'><strong><em>illud</em></strong></span> <span class='ocrx_word' id='word_1_384' title='bbox 834 5176 989 5249; x_wconf 84' lang='lat' dir='ltr'><strong><em>quod</em></strong></span> <span class='ocrx_word' id='word_1_385' title='bbox 1019 5192 1053 5230; x_wconf 93' lang='lat' dir='ltr'><strong><em>a</em></strong></span> <span class='ocrx_word' id='word_1_386' title='bbox 1082 5192 1176 5230; x_wconf 90' lang='lat' dir='ltr'><strong><em>me</em></strong></span> <span class='ocrx_word' id='word_1_387' title='bbox 1215 5182 1423 5245; x_wconf 86' lang='lat' dir='ltr'><strong><em>postea</em></strong></span> <span class='ocrx_word' id='word_1_388' title='bbox 1452 5176 1742 5247; x_wconf 73' lang='lat' dir='ltr'><strong><em>quaesivit,</em></strong></span> 
     </span>
    </p>
   </div>
   <div class='ocr_carea' id='block_1_58' title="bbox 129 5262 1747 5337">
    <p class='ocr_par' dir='ltr' id='par_1_58' title="bbox 129 5262 1747 5337">
     <span class='ocr_line' id='line_1_58' title="bbox 129 5262 1747 5337; baseline -0.001 -18"><span class='ocrx_word' id='word_1_389' title='bbox 129 5262 625 5337; x_wconf 71' lang='lat' dir='ltr'><strong><em>jamquasreudum</em></strong></span> <span class='ocrx_word' id='word_1_390' title='bbox 641 5265 1185 5321; x_wconf 79' lang='lat' dir='ltr'><strong><em>nonerat.Aitenim</em></strong></span> <span class='ocrx_word' id='word_1_391' title='bbox 1201 5264 1375 5319; x_wconf 80' lang='lat' dir='ltr'><strong><em>etiam</em></strong></span> <span class='ocrx_word' id='word_1_392' title='bbox 1394 5265 1747 5319; x_wconf 84' lang='lat' dir='ltr'><strong><em>malumnon</em></strong></span> 
     </span>
    </p>
   </div>
   <div class='ocr_carea' id='block_1_59' title="bbox 138 5476 1750 5590">
    <p class='ocr_par' dir='ltr' id='par_1_59' title="bbox 138 5476 1750 5590">
     <span class='ocr_line' id='line_1_59' title="bbox 138 5476 1750 5590; baseline 0 -64"><span class='ocrx_word' id='word_1_393' title='bbox 138 5476 607 5590; x_wconf 39' lang='lat' dir='ltr'><strong><em>Bglsﬁggrventor</em></strong></span> <span class='ocrx_word' id='word_1_394' title='bbox 641 5478 936 5533; x_wconf 86' lang='lat' dir='ltr'><strong><em>dicebatur,</em></strong></span> <span class='ocrx_word' id='word_1_395' title='bbox 968 5478 1058 5543; x_wconf 86' lang='lat' dir='ltr'><strong><em>qui</em></strong></span> <span class='ocrx_word' id='word_1_396' title='bbox 1093 5479 1317 5526; x_wconf 88' lang='lat' dir='ltr'><strong><em>vacante</em></strong></span> <span class='ocrx_word' id='word_1_397' title='bbox 1366 5476 1489 5526; x_wconf 84' lang='lat' dir='ltr'><strong><em>sede</em></strong></span> <span class='ocrx_word' id='word_1_398' title='bbox 1529 5477 1750 5540; x_wconf 85' lang='lat' dir='ltr'><strong><em>regebat</em></strong></span> 
     </span>
    </p>
   </div>
   <div class='ocr_carea' id='block_1_60' title="bbox 3412 180 3517 237">
    <p class='ocr_par' dir='ltr' id='par_1_60' title="bbox 3412 180 3517 237">
     <span class='ocr_line' id='line_1_60' title="bbox 3412 180 3517 237; baseline 0 -1"><span class='ocrx_word' id='word_1_399' title='bbox 3412 180 3517 237; x_wconf 80' lang='grc'><strong><em>178</em></strong></span> 
     </span>
    </p>
   </div>
   <div class='ocr_carea' id='block_1_61' title="bbox 1859 296 3517 378">
    <p class='ocr_par' dir='ltr' id='par_1_61' title="bbox 1859 296 3517 378">
     <span class='ocr_line' id='line_1_61' title="bbox 1859 296 3517 378; baseline 0.007 -26"><span class='ocrx_word' id='word_1_400' title='bbox 1859 296 2135 353; x_wconf 89' lang='lat' dir='ltr'><strong><em>debuisse</em></strong></span> <span class='ocrx_word' id='word_1_401' title='bbox 2163 300 2349 355; x_wconf 89' lang='lat' dir='ltr'><strong><em>occidi</em></strong></span> <span class='ocrx_word' id='word_1_402' title='bbox 2372 316 2407 356; x_wconf 90' lang='lat' dir='ltr'><strong><em>a</em></strong></span> <span class='ocrx_word' id='word_1_403' title='bbox 2430 300 2769 358; x_wconf 89' lang='lat' dir='ltr'><strong><em>christianis</em></strong></span> <span class='ocrx_word' id='word_1_404' title='bbox 2788 307 2841 359; x_wconf 94' lang='lat' dir='ltr'><strong><em>et</em></strong></span> <span class='ocrx_word' id='word_1_405' title='bbox 2855 304 3028 375; x_wconf 90' lang='lat' dir='ltr'><strong><em>justis</em></strong></span> <span class='ocrx_word' id='word_1_406' title='bbox 3056 322 3069 371; x_wconf 90' lang='lat'><strong>;</strong></span> <span class='ocrx_word' id='word_1_407' title='bbox 3091 305 3268 378; x_wconf 91' lang='lat' dir='ltr'><strong><em>quasi</em></strong></span> <span class='ocrx_word' id='word_1_408' title='bbox 3282 319 3394 362; x_wconf 91' lang='lat' dir='ltr'><strong><em>nos</em></strong></span> <span class='ocrx_word' id='word_1_409' title='bbox 3413 315 3517 362; x_wconf 81' lang='lat' dir='ltr'><strong><em>eos</em></strong></span> 
     </span>
    </p>
   </div>
   <div class='ocr_carea' id='block_1_62' title="bbox 1858 386 3515 467">
    <p class='ocr_par' dir='ltr' id='par_1_62' title="bbox 1858 386 3515 467">
     <span class='ocr_line' id='line_1_62' title="bbox 1858 386 3515 467; baseline 0.007 -28"><span class='ocrx_word' id='word_1_410' title='bbox 1858 386 1963 457; x_wconf 91' lang='lat' dir='ltr'><strong><em>qui</em></strong></span> <span class='ocrx_word' id='word_1_411' title='bbox 1989 386 2116 441; x_wconf 79' lang='lat' dir='ltr'><strong><em>haec</em></strong></span> <span class='ocrx_word' id='word_1_412' title='bbox 2138 388 2198 442; x_wconf 89' lang='lat' dir='ltr'><strong><em>in</em></strong></span> <span class='ocrx_word' id='word_1_413' title='bbox 2216 389 2513 447; x_wconf 86' lang='lat' dir='ltr'><strong><em>Catholica</em></strong></span> <span class='ocrx_word' id='word_1_414' title='bbox 2541 391 2996 463; x_wconf 85' lang='lat' dir='ltr'><strong><em>faciunt,justos</em></strong></span> <span class='ocrx_word' id='word_1_415' title='bbox 3030 410 3349 451; x_wconf 85' lang='lat' dir='ltr'><strong><em>vocemus:</em></strong></span> <span class='ocrx_word' id='word_1_416' title='bbox 3378 410 3515 467; x_wconf 66' lang='lat' dir='ltr'><strong><em>quae</em></strong></span> 
     </span>
    </p>
   </div>
   <div class='ocr_carea' id='block_1_63' title="bbox 1861 477 3515 555">
    <p class='ocr_par' dir='ltr' id='par_1_63' title="bbox 1861 477 3515 555">
     <span class='ocr_line' id='line_1_63' title="bbox 1861 477 3515 555; baseline 0.007 -26"><span class='ocrx_word' id='word_1_417' title='bbox 1861 479 2058 531; x_wconf 90' lang='lat' dir='ltr'><strong><em>tamen</em></strong></span> <span class='ocrx_word' id='word_1_418' title='bbox 2091 477 2260 533; x_wconf 91' lang='lat' dir='ltr'><strong><em>nobis</em></strong></span> <span class='ocrx_word' id='word_1_419' title='bbox 2292 479 2511 534; x_wconf 89' lang='lat' dir='ltr'><strong><em>abistis</em></strong></span> <span class='ocrx_word' id='word_1_420' title='bbox 2541 480 2658 535; x_wconf 90' lang='lat' dir='ltr'><strong><em>dici</em></strong></span> <span class='ocrx_word' id='word_1_421' title='bbox 2681 480 2912 536; x_wconf 87' lang='lat' dir='ltr'><strong><em>facilius</em></strong></span> <span class='ocrx_word' id='word_1_422' title='bbox 2943 499 3124 554; x_wconf 87' lang='lat' dir='ltr'><strong><em>quam</em></strong></span> <span class='ocrx_word' id='word_1_423' title='bbox 3156 484 3397 555; x_wconf 90' lang='lat' dir='ltr'><strong><em>probari</em></strong></span> <span class='ocrx_word' id='word_1_424' title='bbox 3424 500 3515 540; x_wconf 90' lang='lat' dir='ltr'><strong><em>so-</em></strong></span> 
     </span>
    </p>
   </div>
   <div class='ocr_carea' id='block_1_64' title="bbox 1860 565 3516 631">
    <p class='ocr_par' dir='ltr' id='par_1_64' title="bbox 1860 565 3516 631">
     <span class='ocr_line' id='line_1_64' title="bbox 1860 565 3516 631; baseline 0.005 -12"><span class='ocrx_word' id='word_1_425' title='bbox 1860 565 2000 631; x_wconf 90' lang='lat' dir='ltr'><strong><em>lent,</em></strong></span> <span class='ocrx_word' id='word_1_426' title='bbox 2020 582 2158 621; x_wconf 91' lang='lat' dir='ltr'><strong><em>cum</em></strong></span> <span class='ocrx_word' id='word_1_427' title='bbox 2189 571 2309 623; x_wconf 91' lang='lat' dir='ltr'><strong><em>tam</em></strong></span> <span class='ocrx_word' id='word_1_428' title='bbox 2346 568 2563 625; x_wconf 88' lang='lat' dir='ltr'><strong><em>multas</em></strong></span> <span class='ocrx_word' id='word_1_429' title='bbox 2585 569 3042 626; x_wconf 83' lang='lat' dir='ltr'><strong><em>violentissimas</em></strong></span> <span class='ocrx_word' id='word_1_430' title='bbox 3067 572 3260 627; x_wconf 80' lang='lat' dir='ltr'><strong><em>caedes</em></strong></span> <span class='ocrx_word' id='word_1_431' title='bbox 3285 577 3341 628; x_wconf 92' lang='lat' dir='ltr'><strong><em>et</em></strong></span> <span class='ocrx_word' id='word_1_432' title='bbox 3373 577 3516 628; x_wconf 59' lang='lat' dir='ltr'><strong><em>strac</em></strong></span> 
     </span>
    </p>
   </div>
   <div class='ocr_carea' id='block_1_65' title="bbox 1860 654 3518 732">
    <p class='ocr_par' dir='ltr' id='par_1_65' title="bbox 1860 654 3518 732">
     <span class='ocr_line' id='line_1_65' title="bbox 1860 654 3518 732; baseline 0.005 -24"><span class='ocrx_word' id='word_1_433' title='bbox 1860 668 1964 723; x_wconf 89' lang='lat' dir='ltr'><strong><em>ges</em></strong></span> <span class='ocrx_word' id='word_1_434' title='bbox 2003 654 2271 725; x_wconf 89' lang='lat' dir='ltr'><strong><em>plerique</em></strong></span> <span class='ocrx_word' id='word_1_435' title='bbox 2307 656 2577 727; x_wconf 91' lang='lat' dir='ltr'><strong><em>ipsorum</em></strong></span> <span class='ocrx_word' id='word_1_436' title='bbox 2632 662 2687 713; x_wconf 91' lang='lat' dir='ltr'><strong><em>et</em></strong></span> <span class='ocrx_word' id='word_1_437' title='bbox 2719 658 2987 730; x_wconf 90' lang='lat' dir='ltr'><strong><em>episcopi</em></strong></span> <span class='ocrx_word' id='word_1_438' title='bbox 3015 665 3070 715; x_wconf 92' lang='lat' dir='ltr'><strong><em>et</em></strong></span> <span class='ocrx_word' id='word_1_439' title='bbox 3099 660 3431 732; x_wconf 88' lang='lat' dir='ltr'><strong><em>presbyteri</em></strong></span> <span class='ocrx_word' id='word_1_440' title='bbox 3463 666 3518 715; x_wconf 90' lang='lat' dir='ltr'><strong><em>et</em></strong></span> 
     </span>
    </p>
   </div>
   <div class='ocr_carea' id='block_1_66' title="bbox 1860 742 3518 815">
    <p class='ocr_par' dir='ltr' id='par_1_66' title="bbox 1860 742 3518 815">
     <span class='ocr_line' id='line_1_66' title="bbox 1860 742 3518 815; baseline 0.004 -18"><span class='ocrx_word' id='word_1_441' title='bbox 1860 742 2311 814; x_wconf 88' lang='lat' dir='ltr'><strong><em>quilibetclerici</em></strong></span> <span class='ocrx_word' id='word_1_442' title='bbox 2328 747 2708 815; x_wconf 87' lang='lat' dir='ltr'><strong><em>congregatis</em></strong></span> <span class='ocrx_word' id='word_1_443' title='bbox 2726 747 2911 801; x_wconf 89' lang='lat' dir='ltr'><strong><em>turbis</em></strong></span> <span class='ocrx_word' id='word_1_444' title='bbox 2925 748 3239 803; x_wconf 86' lang='lat' dir='ltr'><strong><em>hominum</em></strong></span> <span class='ocrx_word' id='word_1_445' title='bbox 3257 749 3518 804; x_wconf 87' lang='lat' dir='ltr'><strong><em>furiosis-</em></strong></span> 
     </span>
    </p>
   </div>
   <div class='ocr_carea' id='block_1_67' title="bbox 1861 833 3516 910">
    <p class='ocr_par' dir='ltr' id='par_1_67' title="bbox 1861 833 3516 910">
     <span class='ocr_line' id='line_1_67' title="bbox 1861 833 3516 910; baseline 0.005 -24"><span class='ocrx_word' id='word_1_446' title='bbox 1861 833 2175 898; x_wconf 89' lang='lat' dir='ltr'><strong><em>simorum,</em></strong></span> <span class='ocrx_word' id='word_1_447' title='bbox 2201 849 2318 889; x_wconf 92' lang='lat' dir='ltr'><strong><em>non</em></strong></span> <span class='ocrx_word' id='word_1_448' title='bbox 2341 835 2648 890; x_wconf 90' lang='lat' dir='ltr'><strong><em>catholicis</em></strong></span> <span class='ocrx_word' id='word_1_449' title='bbox 2674 841 2921 901; x_wconf 88' lang='lat' dir='ltr'><strong><em>tantum,</em></strong></span> <span class='ocrx_word' id='word_1_450' title='bbox 2949 837 3052 891; x_wconf 92' lang='lat' dir='ltr'><strong><em>sed</em></strong></span> <span class='ocrx_word' id='word_1_451' title='bbox 3075 852 3516 910; x_wconf 89' lang='lat' dir='ltr'><strong><em>nonnunquam</em></strong></span> 
     </span>
    </p>
   </div>
   <div class='ocr_carea' id='block_1_68' title="bbox 1860 920 3512 995">
    <p class='ocr_par' dir='ltr' id='par_1_68' title="bbox 1860 920 3512 995">
     <span class='ocr_line' id='line_1_68' title="bbox 1860 920 3512 995; baseline 0.004 -20"><span class='ocrx_word' id='word_1_452' title='bbox 1860 920 2037 976; x_wconf 88' lang='lat' dir='ltr'><strong><em>etiam</em></strong></span> <span class='ocrx_word' id='word_1_453' title='bbox 2080 921 2228 986; x_wconf 90' lang='lat' dir='ltr'><strong><em>suis,</em></strong></span> <span class='ocrx_word' id='word_1_454' title='bbox 2261 922 2361 977; x_wconf 91' lang='lat' dir='ltr'><strong><em>ubi</em></strong></span> <span class='ocrx_word' id='word_1_455' title='bbox 2384 929 2660 994; x_wconf 90' lang='lat' dir='ltr'><strong><em>possunt,</em></strong></span> <span class='ocrx_word' id='word_1_456' title='bbox 2692 924 2906 980; x_wconf 86' lang='lat' dir='ltr'><strong><em>inferre</em></strong></span> <span class='ocrx_word' id='word_1_457' title='bbox 2948 940 3068 980; x_wconf 91' lang='lat' dir='ltr'><strong><em>non</em></strong></span> <span class='ocrx_word' id='word_1_458' title='bbox 3087 931 3337 981; x_wconf 91' lang='lat' dir='ltr'><strong><em>cessent.</em></strong></span> <span class='ocrx_word' id='word_1_459' title='bbox 3370 926 3512 995; x_wconf 68' lang='lat' dir='ltr'><strong><em>Quae</em></strong></span> 
     </span>
    </p>
   </div>
   <div class='ocr_carea' id='block_1_69' title="bbox 1861 1010 3516 1077">
    <p class='ocr_par' dir='ltr' id='par_1_69' title="bbox 1861 1010 3516 1077">
     <span class='ocr_line' id='line_1_69' title="bbox 1861 1010 3516 1077; baseline 0.002 -12"><span class='ocrx_word' id='word_1_460' title='bbox 1861 1025 1998 1065; x_wconf 91' lang='lat' dir='ltr'><strong><em>cum</em></strong></span> <span class='ocrx_word' id='word_1_461' title='bbox 2038 1010 2118 1065; x_wconf 91' lang='lat' dir='ltr'><strong><em>ita</em></strong></span> <span class='ocrx_word' id='word_1_462' title='bbox 2136 1010 2272 1077; x_wconf 87' lang='lat' dir='ltr'><strong><em>sint,</em></strong></span> <span class='ocrx_word' id='word_1_463' title='bbox 2305 1012 2689 1069; x_wconf 89' lang='lat' dir='ltr'><strong><em>dissimulans</em></strong></span> <span class='ocrx_word' id='word_1_464' title='bbox 2716 1019 2915 1070; x_wconf 89' lang='lat' dir='ltr'><strong><em>tamen</em></strong></span> <span class='ocrx_word' id='word_1_465' title='bbox 2940 1014 3018 1070; x_wconf 89' lang='lat' dir='ltr'><strong><em>ab</em></strong></span> <span class='ocrx_word' id='word_1_466' title='bbox 3045 1015 3516 1070; x_wconf 89' lang='lat' dir='ltr'><strong><em>sceleratissimis</em></strong></span> 
     </span>
    </p>
   </div>
   <div class='ocr_carea' id='block_1_70' title="bbox 1858 1097 3519 1174">
    <p class='ocr_par' dir='ltr' id='par_1_70' title="bbox 1858 1097 3519 1174">
     <span class='ocr_line' id='line_1_70' title="bbox 1858 1097 3519 1174; baseline 0.003 -20"><span class='ocrx_word' id='word_1_467' title='bbox 1858 1097 2031 1154; x_wconf 88' lang='lat' dir='ltr'><strong><em>factis</em></strong></span> <span class='ocrx_word' id='word_1_468' title='bbox 2052 1115 2321 1168; x_wconf 92' lang='lat' dir='ltr'><strong><em>suorum,</em></strong></span> <span class='ocrx_word' id='word_1_469' title='bbox 2351 1117 2484 1172; x_wconf 55' lang='lat' dir='ltr'><strong><em>quae.</em></strong></span> <span class='ocrx_word' id='word_1_470' title='bbox 2514 1101 2644 1173; x_wconf 90' lang='lat' dir='ltr'><strong><em>ipse</em></strong></span> <span class='ocrx_word' id='word_1_471' title='bbox 2676 1102 2810 1174; x_wconf 91' lang='lat' dir='ltr'><strong><em>plus</em></strong></span> <span class='ocrx_word' id='word_1_472' title='bbox 2840 1104 3023 1169; x_wconf 90' lang='lat' dir='ltr'><strong><em>novit,</em></strong></span> <span class='ocrx_word' id='word_1_473' title='bbox 3050 1103 3301 1172; x_wconf 89' lang='lat' dir='ltr'><strong><em>urgebat</em></strong></span> <span class='ocrx_word' id='word_1_474' title='bbox 3323 1108 3390 1158; x_wconf 91' lang='lat' dir='ltr'><strong><em>ut</em></strong></span> <span class='ocrx_word' id='word_1_475' title='bbox 3428 1104 3519 1159; x_wconf 92' lang='lat' dir='ltr'><strong><em>di-</em></strong></span> 
     </span>
    </p>
   </div>
   <div class='ocr_carea' id='block_1_71' title="bbox 1840 1188 3508 1263">
    <p class='ocr_par' dir='ltr' id='par_1_71' title="bbox 1840 1188 3508 1263">
     <span class='ocr_line' id='line_1_71' title="bbox 1840 1188 3508 1263; baseline 0.004 -22"><span class='ocrx_word' id='word_1_476' title='bbox 1840 1203 2076 1252; x_wconf 11' lang='lat' dir='ltr'><strong><em>scerem,</em></strong></span> <span class='ocrx_word' id='word_1_477' title='bbox 2100 1188 2545 1259; x_wconf 88' lang='lat' dir='ltr'><strong><em>quisjustorum</em></strong></span> <span class='ocrx_word' id='word_1_478' title='bbox 2562 1192 2649 1245; x_wconf 90' lang='lat' dir='ltr'><strong><em>vel</em></strong></span> <span class='ocrx_word' id='word_1_479' title='bbox 2668 1191 2892 1245; x_wconf 90' lang='lat' dir='ltr'><strong><em>malum</em></strong></span> <span class='ocrx_word' id='word_1_480' title='bbox 2910 1191 3175 1263; x_wconf 90' lang='lat' dir='ltr'><strong><em>aliquem</em></strong></span> <span class='ocrx_word' id='word_1_481' title='bbox 3197 1192 3508 1247; x_wconf 89' lang='lat' dir='ltr'><strong><em>occiderit.</em></strong></span> 
     </span>
    </p>
   </div>
   <div class='ocr_carea' id='block_1_72' title="bbox 1863 1275 3517 1349">
    <p class='ocr_par' dir='ltr' id='par_1_72' title="bbox 1863 1275 3517 1349">
     <span class='ocr_line' id='line_1_72' title="bbox 1863 1275 3517 1349; baseline 0.002 -19"><span class='ocrx_word' id='word_1_482' title='bbox 1863 1275 2032 1340; x_wconf 91' lang='lat' dir='ltr'><strong><em>Quod</em></strong></span> <span class='ocrx_word' id='word_1_483' title='bbox 2055 1276 2288 1330; x_wconf 91' lang='lat' dir='ltr'><strong><em>etiamsi</em></strong></span> <span class='ocrx_word' id='word_1_484' title='bbox 2310 1277 2389 1331; x_wconf 89' lang='lat' dir='ltr'><strong><em>ad</em></strong></span> <span class='ocrx_word' id='word_1_485' title='bbox 2415 1293 2661 1333; x_wconf 90' lang='lat' dir='ltr'><strong><em>causam</em></strong></span> <span class='ocrx_word' id='word_1_486' title='bbox 2678 1279 2806 1348; x_wconf 84' lang='lat' dir='ltr'><strong><em>jam</em></strong></span> <span class='ocrx_word' id='word_1_487' title='bbox 2827 1294 2945 1334; x_wconf 89' lang='lat' dir='ltr'><strong><em>non</em></strong></span> <span class='ocrx_word' id='word_1_488' title='bbox 2969 1279 3304 1349; x_wconf 89' lang='lat' dir='ltr'><strong><em>pertinebat</em></strong></span> <span class='ocrx_word' id='word_1_489' title='bbox 3338 1279 3517 1344; x_wconf 86' lang='lat' dir='ltr'><strong><em>;fate-</em></strong></span> 
     </span>
    </p>
   </div>
   <div class='ocr_carea' id='block_1_73' title="bbox 1860 1363 3515 1438">
    <p class='ocr_par' dir='ltr' id='par_1_73' title="bbox 1860 1363 3515 1438">
     <span class='ocr_line' id='line_1_73' title="bbox 1860 1363 3515 1438; baseline 0.002 -20"><span class='ocrx_word' id='word_1_490' title='bbox 1860 1363 2078 1418; x_wconf 90' lang='lat' dir='ltr'><strong><em>bamur</em></strong></span> <span class='ocrx_word' id='word_1_491' title='bbox 2099 1364 2255 1418; x_wconf 91' lang='lat' dir='ltr'><strong><em>enim</em></strong></span> <span class='ocrx_word' id='word_1_492' title='bbox 2290 1364 2418 1419; x_wconf 68' lang='lat' dir='ltr'><strong><em>haec</em></strong></span> <span class='ocrx_word' id='word_1_493' title='bbox 2442 1364 2805 1438; x_wconf 91' lang='lat' dir='ltr'><strong><em>ubicumque</em></strong></span> <span class='ocrx_word' id='word_1_494' title='bbox 2837 1366 2951 1420; x_wconf 91' lang='lat' dir='ltr'><strong><em>sub</em></strong></span> <span class='ocrx_word' id='word_1_495' title='bbox 2980 1367 3225 1421; x_wconf 89' lang='lat' dir='ltr'><strong><em>nomine</em></strong></span> <span class='ocrx_word' id='word_1_496' title='bbox 3244 1366 3515 1421; x_wconf 87' lang='lat' dir='ltr'><strong><em>christia-</em></strong></span> 
     </span>
    </p>
   </div>
   <div class='ocr_carea' id='block_1_74' title="bbox 1861 1451 3517 1519">
    <p class='ocr_par' dir='ltr' id='par_1_74' title="bbox 1861 1451 3517 1519">
     <span class='ocr_line' id='line_1_74' title="bbox 1861 1451 3517 1519; baseline 0.002 -14"><span class='ocrx_word' id='word_1_497' title='bbox 1861 1468 1937 1506; x_wconf 89' lang='lat' dir='ltr'><strong><em>no</em></strong></span> <span class='ocrx_word' id='word_1_498' title='bbox 1956 1452 2182 1516; x_wconf 81' lang='lat' dir='ltr'><strong><em>tierent,</em></strong></span> <span class='ocrx_word' id='word_1_499' title='bbox 2202 1468 2321 1507; x_wconf 93' lang='lat' dir='ltr'><strong><em>non</em></strong></span> <span class='ocrx_word' id='word_1_500' title='bbox 2354 1451 2472 1507; x_wconf 85' lang='lat' dir='ltr'><strong><em>ﬁeri</em></strong></span> <span class='ocrx_word' id='word_1_501' title='bbox 2497 1453 2757 1519; x_wconf 91' lang='lat' dir='ltr'><strong><em>abonis;</em></strong></span> <span class='ocrx_word' id='word_1_502' title='bbox 2786 1454 2890 1508; x_wconf 92' lang='lat' dir='ltr'><strong><em>sed</em></strong></span> <span class='ocrx_word' id='word_1_503' title='bbox 2920 1458 3114 1509; x_wconf 87' lang='lat' dir='ltr'><strong><em>tamen</em></strong></span> <span class='ocrx_word' id='word_1_504' title='bbox 3142 1459 3206 1508; x_wconf 91' lang='lat' dir='ltr'><strong><em>ut</em></strong></span> <span class='ocrx_word' id='word_1_505' title='bbox 3228 1454 3517 1509; x_wconf 86' lang='lat' dir='ltr'><strong><em>admone-</em></strong></span> 
     </span>
    </p>
   </div>
   <div class='ocr_carea' id='block_1_75' title="bbox 1861 1540 3517 1614">
    <p class='ocr_par' dir='ltr' id='par_1_75' title="bbox 1861 1540 3517 1614">
     <span class='ocr_line' id='line_1_75' title="bbox 1861 1540 3517 1614; baseline 0.001 -19"><span class='ocrx_word' id='word_1_506' title='bbox 1861 1544 2020 1596; x_wconf 88' lang='lat' dir='ltr'><strong><em>retur</em></strong></span> <span class='ocrx_word' id='word_1_507' title='bbox 2035 1540 2179 1612; x_wconf 90' lang='lat' dir='ltr'><strong><em>quid</em></strong></span> <span class='ocrx_word' id='word_1_508' title='bbox 2203 1546 2358 1595; x_wconf 91' lang='lat' dir='ltr'><strong><em>esset</em></strong></span> <span class='ocrx_word' id='word_1_509' title='bbox 2372 1542 2767 1613; x_wconf 69' lang='lat' dir='ltr'><strong><em>quaerendum</em></strong></span> <span class='ocrx_word' id='word_1_510' title='bbox 2786 1543 3231 1614; x_wconf 90' lang='lat' dir='ltr'><strong><em>respondimus,</em></strong></span> <span class='ocrx_word' id='word_1_511' title='bbox 3247 1558 3517 1614; x_wconf 72' lang='lat' dir='ltr'><strong><em>qureren-</em></strong></span> 
     </span>
    </p>
   </div>
   <div class='ocr_carea' id='block_1_76' title="bbox 1864 1630 3518 1700">
    <p class='ocr_par' dir='ltr' id='par_1_76' title="bbox 1864 1630 3518 1700">
     <span class='ocr_line' id='line_1_76' title="bbox 1864 1630 3518 1700; baseline 0.001 -17"><span class='ocrx_word' id='word_1_512' title='bbox 1864 1632 1948 1683; x_wconf 91' lang='lat' dir='ltr'><strong><em>tes</em></strong></span> <span class='ocrx_word' id='word_1_513' title='bbox 1993 1633 2192 1683; x_wconf 90' lang='lat' dir='ltr'><strong><em>utrum</em></strong></span> <span class='ocrx_word' id='word_1_514' title='bbox 2248 1630 2401 1684; x_wconf 90' lang='lat' dir='ltr'><strong><em>Elias</em></strong></span> <span class='ocrx_word' id='word_1_515' title='bbox 2431 1630 2628 1699; x_wconf 86' lang='lat' dir='ltr'><strong><em>justus</em></strong></span> <span class='ocrx_word' id='word_1_516' title='bbox 2660 1630 2713 1684; x_wconf 90' lang='lat' dir='ltr'><strong><em>ei</em></strong></span> <span class='ocrx_word' id='word_1_517' title='bbox 2745 1631 3044 1685; x_wconf 86' lang='lat' dir='ltr'><strong><em>videretur</em></strong></span> <span class='ocrx_word' id='word_1_518' title='bbox 3074 1631 3255 1685; x_wconf 89' lang='lat' dir='ltr'><strong><em>fuisse</em></strong></span> <span class='ocrx_word' id='word_1_519' title='bbox 3298 1648 3309 1685; x_wconf 92' lang='lat'><strong>:</strong></span> <span class='ocrx_word' id='word_1_520' title='bbox 3355 1632 3518 1700; x_wconf 91' lang='lat' dir='ltr'><strong><em>quod</em></strong></span> 
     </span>
    </p>
   </div>
   <div class='ocr_carea' id='block_1_77' title="bbox 1863 1718 3517 1792">
    <p class='ocr_par' dir='ltr' id='par_1_77' title="bbox 1863 1718 3517 1792">
     <span class='ocr_line' id='line_1_77' title="bbox 1863 1718 3517 1792; baseline 0.002 -21"><span class='ocrx_word' id='word_1_521' title='bbox 1863 1732 2082 1786; x_wconf 91' lang='lat' dir='ltr'><strong><em>negare</em></strong></span> <span class='ocrx_word' id='word_1_522' title='bbox 2100 1734 2221 1772; x_wconf 92' lang='lat' dir='ltr'><strong><em>non</em></strong></span> <span class='ocrx_word' id='word_1_523' title='bbox 2241 1718 2449 1788; x_wconf 88' lang='lat' dir='ltr'><strong><em>potuit.</em></strong></span> <span class='ocrx_word' id='word_1_524' title='bbox 2463 1719 2680 1775; x_wconf 91' lang='lat' dir='ltr'><strong><em>Deinde</em></strong></span> <span class='ocrx_word' id='word_1_525' title='bbox 2695 1719 3065 1790; x_wconf 88' lang='lat' dir='ltr'><strong><em>subjecimus</em></strong></span> <span class='ocrx_word' id='word_1_526' title='bbox 3085 1736 3271 1792; x_wconf 88' lang='lat' dir='ltr'><strong><em>quam</em></strong></span> <span class='ocrx_word' id='word_1_527' title='bbox 3299 1720 3517 1775; x_wconf 89' lang='lat' dir='ltr'><strong><em>multos</em></strong></span> 
     </span>
    </p>
   </div>
   <div class='ocr_carea' id='block_1_78' title="bbox 1863 1804 3518 1879">
    <p class='ocr_par' dir='ltr' id='par_1_78' title="bbox 1863 1804 3518 1879">
     <span class='ocr_line' id='line_1_78' title="bbox 1863 1804 3518 1879; baseline 0.002 -20"><span class='ocrx_word' id='word_1_528' title='bbox 1863 1804 2424 1877; x_wconf 88' lang='lat' dir='ltr'><strong><em>pseudoprophetas</em></strong></span> <span class='ocrx_word' id='word_1_529' title='bbox 2438 1823 2546 1862; x_wconf 90' lang='lat' dir='ltr'><strong><em>sua</em></strong></span> <span class='ocrx_word' id='word_1_530' title='bbox 2566 1823 2749 1862; x_wconf 91' lang='lat' dir='ltr'><strong><em>manu</em></strong></span> <span class='ocrx_word' id='word_1_531' title='bbox 2768 1808 3081 1879; x_wconf 92' lang='lat' dir='ltr'><strong><em>peremerit</em></strong></span> <span class='ocrx_word' id='word_1_532' title='bbox 3096 1808 3187 1878; x_wconf 86' lang='grc' dir='ltr'>(ΙΙΙ</span> <span class='ocrx_word' id='word_1_533' title='bbox 3202 1810 3518 1878; x_wconf 78' lang='lat' dir='ltr'><strong><em>Reg.xvm,</em></strong></span> 
     </span>
    </p>
   </div>
   <div class='ocr_carea' id='block_1_79' title="bbox 1864 1894 3520 1967">
    <p class='ocr_par' dir='ltr' id='par_1_79' title="bbox 1864 1894 3520 1967">
     <span class='ocr_line' id='line_1_79' title="bbox 1864 1894 3520 1967; baseline 0.002 -19"><span class='ocrx_word' id='word_1_534' title='bbox 1864 1894 1975 1965; x_wconf 71' lang='grc'><strong><em>40).</em></strong></span> <span class='ocrx_word' id='word_1_535' title='bbox 2012 1895 2109 1949; x_wconf 84' lang='lat' dir='ltr'><strong><em>Hic</em></strong></span> <span class='ocrx_word' id='word_1_536' title='bbox 2134 1911 2339 1951; x_wconf 87' lang='lat' dir='ltr'><strong><em>revera</em></strong></span> <span class='ocrx_word' id='word_1_537' title='bbox 2359 1895 2506 1951; x_wconf 90' lang='lat' dir='ltr'><strong><em>vidit</em></strong></span> <span class='ocrx_word' id='word_1_538' title='bbox 2524 1896 2689 1967; x_wconf 92' lang='lat' dir='ltr'><strong><em>quod</em></strong></span> <span class='ocrx_word' id='word_1_539' title='bbox 2718 1896 3045 1952; x_wconf 88' lang='lat' dir='ltr'><strong><em>videndum</em></strong></span> <span class='ocrx_word' id='word_1_540' title='bbox 3068 1902 3206 1960; x_wconf 89' lang='lat' dir='ltr'><strong><em>erat,</em></strong></span> <span class='ocrx_word' id='word_1_541' title='bbox 3232 1897 3372 1953; x_wconf 85' lang='lat' dir='ltr'><strong><em>talia</em></strong></span> <span class='ocrx_word' id='word_1_542' title='bbox 3395 1902 3520 1953; x_wconf 87' lang='lat' dir='ltr'><strong><em>tum</em></strong></span> 
     </span>
    </p>
   </div>
   <div class='ocr_carea' id='block_1_80' title="bbox 1862 1980 3512 2056">
    <p class='ocr_par' dir='ltr' id='par_1_80' title="bbox 1862 1980 3512 2056">
     <span class='ocr_line' id='line_1_80' title="bbox 1862 1980 3512 2056; baseline 0.002 -20"><span class='ocrx_word' id='word_1_543' title='bbox 1862 1980 2100 2038; x_wconf 88' lang='lat' dir='ltr'><strong><em>licuisse</em></strong></span> <span class='ocrx_word' id='word_1_544' title='bbox 2122 1982 2315 2053; x_wconf 84' lang='lat' dir='ltr'><strong><em>justis.</em></strong></span> <span class='ocrx_word' id='word_1_545' title='bbox 2352 1986 2483 2039; x_wconf 80' lang='lat' dir='ltr'><strong><em>Haec</em></strong></span> <span class='ocrx_word' id='word_1_546' title='bbox 2513 1986 2673 2039; x_wconf 92' lang='lat' dir='ltr'><strong><em>enim</em></strong></span> <span class='ocrx_word' id='word_1_547' title='bbox 2698 1985 3046 2056; x_wconf 89' lang='lat' dir='ltr'><strong><em>prophetico</em></strong></span> <span class='ocrx_word' id='word_1_548' title='bbox 3074 1986 3281 2056; x_wconf 90' lang='lat' dir='ltr'><strong><em>spiritu</em></strong></span> <span class='ocrx_word' id='word_1_549' title='bbox 3311 1991 3512 2041; x_wconf 89' lang='lat' dir='ltr'><strong><em>aucto-</em></strong></span> 
     </span>
    </p>
   </div>
   <div class='ocr_carea' id='block_1_81' title="bbox 1863 2071 3520 2145">
    <p class='ocr_par' dir='ltr' id='par_1_81' title="bbox 1863 2071 3520 2145">
     <span class='ocr_line' id='line_1_81' title="bbox 1863 2071 3520 2145; baseline 0.002 -20"><span class='ocrx_word' id='word_1_550' title='bbox 1863 2071 2034 2126; x_wconf 90' lang='lat' dir='ltr'><strong><em>ritate</em></strong></span> <span class='ocrx_word' id='word_1_551' title='bbox 2052 2071 2150 2126; x_wconf 91' lang='lat' dir='ltr'><strong><em>Dei</em></strong></span> <span class='ocrx_word' id='word_1_552' title='bbox 2170 2071 2595 2144; x_wconf 87' lang='lat' dir='ltr'><strong><em>faciebant,qui</em></strong></span> <span class='ocrx_word' id='word_1_553' title='bbox 2614 2074 2821 2145; x_wconf 92' lang='lat' dir='ltr'><strong><em>procul</em></strong></span> <span class='ocrx_word' id='word_1_554' title='bbox 2838 2073 2872 2127; x_wconf 93' lang='lat' dir='ltr'><strong><em>d</em></strong></span> <span class='ocrx_word' id='word_1_555' title='bbox 2885 2073 3024 2128; x_wconf 92' lang='lat' dir='ltr'><strong><em>ubio</em></strong></span> <span class='ocrx_word' id='word_1_556' title='bbox 3042 2075 3213 2128; x_wconf 90' lang='lat' dir='ltr'><strong><em>Novit</em></strong></span> <span class='ocrx_word' id='word_1_557' title='bbox 3228 2074 3322 2128; x_wconf 91' lang='lat' dir='ltr'><strong><em>cui</em></strong></span> <span class='ocrx_word' id='word_1_558' title='bbox 3335 2073 3520 2129; x_wconf 89' lang='lat' dir='ltr'><strong><em>etiam</em></strong></span> 
     </span>
    </p>
   </div>
   <div class='ocr_carea' id='block_1_82' title="bbox 1866 2159 3509 2231">
    <p class='ocr_par' dir='ltr' id='par_1_82' title="bbox 1866 2159 3509 2231">
     <span class='ocr_line' id='line_1_82' title="bbox 1866 2159 3509 2231; baseline 0.001 -18"><span class='ocrx_word' id='word_1_559' title='bbox 1866 2159 2053 2231; x_wconf 91' lang='lat' dir='ltr'><strong><em>prosit</em></strong></span> <span class='ocrx_word' id='word_1_560' title='bbox 2076 2159 2287 2214; x_wconf 91' lang='lat' dir='ltr'><strong><em>occidi.</em></strong></span> <span class='ocrx_word' id='word_1_561' title='bbox 2314 2161 2597 2231; x_wconf 84' lang='lat' dir='ltr'><strong><em>Exigebat</em></strong></span> <span class='ocrx_word' id='word_1_562' title='bbox 2634 2177 2776 2229; x_wconf 85' lang='lat' dir='ltr'><strong><em>ergo</em></strong></span> <span class='ocrx_word' id='word_1_563' title='bbox 2810 2167 2871 2216; x_wconf 90' lang='lat' dir='ltr'><strong><em>ut</em></strong></span> <span class='ocrx_word' id='word_1_564' title='bbox 2908 2162 3183 2216; x_wconf 91' lang='lat' dir='ltr'><strong><em>docerem</em></strong></span> <span class='ocrx_word' id='word_1_565' title='bbox 3215 2162 3342 2230; x_wconf 91' lang='lat' dir='ltr'><strong><em>jam</em></strong></span> <span class='ocrx_word' id='word_1_566' title='bbox 3374 2162 3509 2216; x_wconf 90' lang='lat' dir='ltr'><strong><em>novi</em></strong></span> 
     </span>
    </p>
   </div>
   <div class='ocr_carea' id='block_1_83' title="bbox 1864 2248 3516 2321">
    <p class='ocr_par' dir='ltr' id='par_1_83' title="bbox 1864 2248 3516 2321">
     <span class='ocr_line' id='line_1_83' title="bbox 1864 2248 3516 2321; baseline 0.001 -18"><span class='ocrx_word' id='word_1_567' title='bbox 1864 2248 2223 2303; x_wconf 89' lang='lat' dir='ltr'><strong><em>Testamenti</em></strong></span> <span class='ocrx_word' id='word_1_568' title='bbox 2260 2249 2656 2320; x_wconf 89' lang='lat' dir='ltr'><strong><em>temopribus,</em></strong></span> <span class='ocrx_word' id='word_1_569' title='bbox 2717 2250 2852 2321; x_wconf 89' lang='lat' dir='ltr'><strong><em>quis</em></strong></span> <span class='ocrx_word' id='word_1_570' title='bbox 2896 2250 3195 2320; x_wconf 89' lang='lat' dir='ltr'><strong><em>justorum</em></strong></span> <span class='ocrx_word' id='word_1_571' title='bbox 3251 2249 3516 2321; x_wconf 87' lang='lat' dir='ltr'><strong><em>aliquem</em></strong></span> 
     </span>
    </p>
   </div>
   <div class='ocr_carea' id='block_1_84' title="bbox 1865 2336 3178 2409">
    <p class='ocr_par' dir='ltr' id='par_1_84' title="bbox 1865 2336 3178 2409">
     <span class='ocr_line' id='line_1_84' title="bbox 1865 2336 3178 2409; baseline 0 -18"><span class='ocrx_word' id='word_1_572' title='bbox 1865 2336 2169 2401; x_wconf 90' lang='lat' dir='ltr'><strong><em>occiderit,</em></strong></span> <span class='ocrx_word' id='word_1_573' title='bbox 2212 2337 2391 2392; x_wconf 90' lang='lat' dir='ltr'><strong><em>etiam</em></strong></span> <span class='ocrx_word' id='word_1_574' title='bbox 2424 2337 2774 2393; x_wconf 91' lang='lat' dir='ltr'><strong><em>sceleratum</em></strong></span> <span class='ocrx_word' id='word_1_575' title='bbox 2809 2343 2864 2393; x_wconf 92' lang='lat' dir='ltr'><strong><em>et</em></strong></span> <span class='ocrx_word' id='word_1_576' title='bbox 2901 2339 3178 2409; x_wconf 90' lang='lat' dir='ltr'><strong><em>impium.</em></strong></span> 
     </span>
    </p>
   </div>
   <div class='ocr_carea' id='block_1_85' title="bbox 1939 2425 3517 2497">
    <p class='ocr_par' dir='ltr' id='par_1_85' title="bbox 1939 2425 3517 2497">
     <span class='ocr_line' id='line_1_85' title="bbox 1939 2425 3517 2497; baseline 0.001 -17"><span class='ocrx_word' id='word_1_577' title='bbox 1939 2426 2162 2481; x_wconf 83' lang='lat' dir='ltr'><strong><em>CAPUT</em></strong></span> <span class='ocrx_word' id='word_1_578' title='bbox 2187 2425 2256 2483; x_wconf 88' lang='lat' dir='ltr'><strong><em>V.</em></strong></span> <span class='ocrx_word' id='word_1_579' title='bbox 2283 2458 2352 2465; x_wconf 99' lang='lat'>—</span> <span class='ocrx_word' id='word_1_580' title='bbox 2369 2426 2457 2480; x_wconf 85' lang='grc'><strong><em>10.</em></strong></span> <span class='ocrx_word' id='word_1_581' title='bbox 2484 2428 2644 2481; x_wconf 91' lang='lat' dir='ltr'><strong><em>Tunc</em></strong></span> <span class='ocrx_word' id='word_1_582' title='bbox 2662 2426 2921 2482; x_wconf 89' lang='lat' dir='ltr'><strong><em>reditum</em></strong></span> <span class='ocrx_word' id='word_1_583' title='bbox 2946 2431 3032 2481; x_wconf 89' lang='lat' dir='ltr'><strong><em>est</em></strong></span> <span class='ocrx_word' id='word_1_584' title='bbox 3050 2428 3124 2481; x_wconf 91' lang='lat' dir='ltr'><strong><em>ad</em></strong></span> <span class='ocrx_word' id='word_1_585' title='bbox 3146 2426 3517 2497; x_wconf 89' lang='lat' dir='ltr'><strong><em>superiorem</em></strong></span> 
     </span>
    </p>
   </div>
   <div class='ocr_carea' id='block_1_86' title="bbox 1866 2514 3521 2587">
    <p class='ocr_par' dir='ltr' id='par_1_86' title="bbox 1866 2514 3521 2587">
     <span class='ocr_line' id='line_1_86' title="bbox 1866 2514 3521 2587; baseline 0.001 -19"><span class='ocrx_word' id='word_1_586' title='bbox 1866 2516 2206 2579; x_wconf 88' lang='lat' dir='ltr'><strong><em>tractatum,</em></strong></span> <span class='ocrx_word' id='word_1_587' title='bbox 2223 2530 2347 2585; x_wconf 89' lang='lat' dir='ltr'><strong><em>quo</em></strong></span> <span class='ocrx_word' id='word_1_588' title='bbox 2369 2514 2723 2571; x_wconf 88' lang='lat' dir='ltr'><strong><em>volebamus</em></strong></span> <span class='ocrx_word' id='word_1_589' title='bbox 2741 2516 3055 2571; x_wconf 87' lang='lat' dir='ltr'><strong><em>ostendere</em></strong></span> <span class='ocrx_word' id='word_1_590' title='bbox 3071 2531 3263 2587; x_wconf 91' lang='lat' dir='ltr'><strong><em>neque</em></strong></span> <span class='ocrx_word' id='word_1_591' title='bbox 3278 2531 3388 2571; x_wconf 91' lang='lat' dir='ltr'><strong><em>nos</em></strong></span> <span class='ocrx_word' id='word_1_592' title='bbox 3405 2515 3521 2569; x_wconf 92' lang='lat' dir='ltr'><strong><em>illis</em></strong></span> 
     </span>
    </p>
   </div>
   <div class='ocr_carea' id='block_1_87' title="bbox 1866 2602 3518 2675">
    <p class='ocr_par' dir='ltr' id='par_1_87' title="bbox 1866 2602 3518 2675">
     <span class='ocr_line' id='line_1_87' title="bbox 1866 2602 3518 2675; baseline 0.001 -20"><span class='ocrx_word' id='word_1_593' title='bbox 1866 2602 2084 2658; x_wconf 89' lang='lat' dir='ltr'><strong><em>debere</em></strong></span> <span class='ocrx_word' id='word_1_594' title='bbox 2105 2602 2363 2673; x_wconf 91' lang='lat' dir='ltr'><strong><em>objicere</em></strong></span> <span class='ocrx_word' id='word_1_595' title='bbox 2379 2619 2628 2659; x_wconf 91' lang='lat' dir='ltr'><strong><em>suorum</em></strong></span> <span class='ocrx_word' id='word_1_596' title='bbox 2644 2604 2887 2669; x_wconf 89' lang='lat' dir='ltr'><strong><em>scelera,</em></strong></span> <span class='ocrx_word' id='word_1_597' title='bbox 2911 2620 3106 2675; x_wconf 91' lang='lat' dir='ltr'><strong><em>neque</em></strong></span> <span class='ocrx_word' id='word_1_598' title='bbox 3125 2603 3252 2658; x_wconf 90' lang='lat' dir='ltr'><strong><em>illos</em></strong></span> <span class='ocrx_word' id='word_1_599' title='bbox 3275 2604 3448 2659; x_wconf 91' lang='lat' dir='ltr'><strong><em>nobis</em></strong></span> <span class='ocrx_word' id='word_1_600' title='bbox 3469 2605 3518 2658; x_wconf 88' lang='lat' dir='ltr'><strong><em>si</em></strong></span> 
     </span>
    </p>
   </div>
   <div class='ocr_carea' id='block_1_88' title="bbox 1866 2690 3520 2761">
    <p class='ocr_par' dir='ltr' id='par_1_88' title="bbox 1866 2690 3520 2761">
     <span class='ocr_line' id='line_1_88' title="bbox 1866 2690 3520 2761; baseline 0.003 -19"><span class='ocrx_word' id='word_1_601' title='bbox 1866 2706 1987 2761; x_wconf 87' lang='lat' dir='ltr'><strong><em>qua</em></strong></span> <span class='ocrx_word' id='word_1_602' title='bbox 2030 2690 2438 2748; x_wconf 88' lang='lat' dir='ltr'><strong><em>invenirentur</em></strong></span> <span class='ocrx_word' id='word_1_603' title='bbox 2464 2693 2602 2749; x_wconf 91' lang='lat' dir='ltr'><strong><em>talia</em></strong></span> <span class='ocrx_word' id='word_1_604' title='bbox 2643 2692 2795 2748; x_wconf 87' lang='lat' dir='ltr'><strong><em>facta</em></strong></span> <span class='ocrx_word' id='word_1_605' title='bbox 2840 2700 3202 2748; x_wconf 89' lang='lat' dir='ltr'><strong><em>nostrorum.</em></strong></span> <span class='ocrx_word' id='word_1_606' title='bbox 3236 2694 3315 2747; x_wconf 93' lang='lat' dir='ltr'><strong><em>De</em></strong></span> <span class='ocrx_word' id='word_1_607' title='bbox 3356 2695 3520 2748; x_wconf 91' lang='lat' dir='ltr'><strong><em>Novo</em></strong></span> 
     </span>
    </p>
   </div>
   <div class='ocr_carea' id='block_1_89' title="bbox 1867 2777 3523 2852">
    <p class='ocr_par' dir='ltr' id='par_1_89' title="bbox 1867 2777 3523 2852">
     <span class='ocr_line' id='line_1_89' title="bbox 1867 2777 3523 2852; baseline 0.002 -20"><span class='ocrx_word' id='word_1_608' title='bbox 1867 2777 2029 2832; x_wconf 91' lang='lat' dir='ltr'><strong><em>enim</em></strong></span> <span class='ocrx_word' id='word_1_609' title='bbox 2046 2780 2420 2835; x_wconf 86' lang='lat' dir='ltr'><strong><em>Testamento</em></strong></span> <span class='ocrx_word' id='word_1_610' title='bbox 2442 2780 2673 2835; x_wconf 82' lang='lat' dir='ltr'><strong><em>ostendi</em></strong></span> <span class='ocrx_word' id='word_1_611' title='bbox 2701 2780 2951 2852; x_wconf 90' lang='lat' dir='ltr'><strong><em>quidem</em></strong></span> <span class='ocrx_word' id='word_1_612' title='bbox 2975 2796 3096 2835; x_wconf 88' lang='lat' dir='ltr'><strong><em>non</em></strong></span> <span class='ocrx_word' id='word_1_613' title='bbox 3128 2796 3328 2851; x_wconf 89' lang='lat' dir='ltr'><strong><em>posse,</em></strong></span> <span class='ocrx_word' id='word_1_614' title='bbox 3353 2782 3523 2850; x_wconf 84' lang='lat' dir='ltr'><strong><em>quod</em></strong></span> 
     </span>
    </p>
   </div>
   <div class='ocr_carea' id='block_1_90' title="bbox 1860 2867 3519 2940">
    <p class='ocr_par' dir='ltr' id='par_1_90' title="bbox 1860 2867 3519 2940">
     <span class='ocr_line' id='line_1_90' title="bbox 1860 2867 3519 2940; baseline 0.003 -21"><span class='ocrx_word' id='word_1_615' title='bbox 1860 2867 2064 2939; x_wconf 88' lang='lat' dir='ltr'><strong><em>justus</em></strong></span> <span class='ocrx_word' id='word_1_616' title='bbox 2094 2868 2415 2940; x_wconf 86' lang='lat' dir='ltr'><strong><em>quisquam</em></strong></span> <span class='ocrx_word' id='word_1_617' title='bbox 2447 2868 2803 2924; x_wconf 82' lang='lat' dir='ltr'><strong><em>interfecerit</em></strong></span> <span class='ocrx_word' id='word_1_618' title='bbox 2835 2868 3095 2939; x_wconf 90' lang='lat' dir='ltr'><strong><em>aliquem</em></strong></span> <span class='ocrx_word' id='word_1_619' title='bbox 3132 2885 3144 2934; x_wconf 92' lang='lat'>;</span> <span class='ocrx_word' id='word_1_620' title='bbox 3176 2871 3283 2923; x_wconf 90' lang='lat' dir='ltr'><strong><em>sed</em></strong></span> <span class='ocrx_word' id='word_1_621' title='bbox 3316 2875 3519 2925; x_wconf 90' lang='lat' dir='ltr'><strong><em>tamen</em></strong></span> 
     </span>
    </p>
   </div>
   <div class='ocr_carea' id='block_1_91' title="bbox 1869 2955 3523 3029">
    <p class='ocr_par' dir='ltr' id='par_1_91' title="bbox 1869 2955 3523 3029">
     <span class='ocr_line' id='line_1_91' title="bbox 1869 2955 3523 3029; baseline 0.002 -20"><span class='ocrx_word' id='word_1_622' title='bbox 1869 2955 2014 3011; x_wconf 91' lang='lat' dir='ltr'><strong><em>illud</em></strong></span> <span class='ocrx_word' id='word_1_623' title='bbox 2028 2958 2270 3027; x_wconf 89' lang='lat' dir='ltr'><strong><em>probari</em></strong></span> <span class='ocrx_word' id='word_1_624' title='bbox 2297 2974 2473 3029; x_wconf 88' lang='lat' dir='ltr'><strong><em>posse</em></strong></span> <span class='ocrx_word' id='word_1_625' title='bbox 2494 2959 2629 3029; x_wconf 88' lang='lat' dir='ltr'><strong><em>ipso</em></strong></span> <span class='ocrx_word' id='word_1_626' title='bbox 2642 2957 2916 3029; x_wconf 83' lang='lat' dir='ltr'><strong><em>exemplo</em></strong></span> <span class='ocrx_word' id='word_1_627' title='bbox 2938 2959 3189 3023; x_wconf 89' lang='lat' dir='ltr'><strong><em>Domini,</em></strong></span> <span class='ocrx_word' id='word_1_628' title='bbox 3208 2958 3523 3014; x_wconf 89' lang='lat' dir='ltr'><strong><em>sceleratos</em></strong></span> 
     </span>
    </p>
   </div>
   <div class='ocr_carea' id='block_1_92' title="bbox 1868 3045 3522 3103">
    <p class='ocr_par' dir='ltr' id='par_1_92' title="bbox 1868 3045 3522 3103">
     <span class='ocr_line' id='line_1_92' title="bbox 1868 3045 3522 3103; baseline 0 -2"><span class='ocrx_word' id='word_1_629' title='bbox 1868 3045 1946 3101; x_wconf 90' lang='lat' dir='ltr'><strong><em>ab</em></strong></span> <span class='ocrx_word' id='word_1_630' title='bbox 1967 3045 2386 3101; x_wconf 90' lang='lat' dir='ltr'><strong><em>innocentibus</em></strong></span> <span class='ocrx_word' id='word_1_631' title='bbox 2418 3046 2599 3103; x_wconf 87' lang='lat' dir='ltr'><strong><em>fuisse</em></strong></span> <span class='ocrx_word' id='word_1_632' title='bbox 2619 3046 2921 3102; x_wconf 88' lang='lat' dir='ltr'><strong><em>toleratos.</em></strong></span> <span class='ocrx_word' id='word_1_633' title='bbox 2955 3046 3321 3102; x_wconf 90' lang='lat' dir='ltr'><strong><em>Traditorem</em></strong></span> <span class='ocrx_word' id='word_1_634' title='bbox 3362 3047 3522 3103; x_wconf 90' lang='lat' dir='ltr'><strong><em>enim</em></strong></span> 
     </span>
    </p>
   </div>
   <div class='ocr_carea' id='block_1_93' title="bbox 1868 3135 3523 3207">
    <p class='ocr_par' dir='ltr' id='par_1_93' title="bbox 1868 3135 3523 3207">
     <span class='ocr_line' id='line_1_93' title="bbox 1868 3135 3523 3207; baseline 0.002 -20"><span class='ocrx_word' id='word_1_635' title='bbox 1868 3150 2069 3199; x_wconf 90' lang='lat' dir='ltr'><strong><em>suum,</em></strong></span> <span class='ocrx_word' id='word_1_636' title='bbox 2110 3135 2215 3206; x_wconf 90' lang='lat' dir='ltr'><strong><em>qui</em></strong></span> <span class='ocrx_word' id='word_1_637' title='bbox 2251 3135 2379 3205; x_wconf 90' lang='lat' dir='ltr'><strong><em>jam</em></strong></span> <span class='ocrx_word' id='word_1_638' title='bbox 2408 3135 2661 3207; x_wconf 86' lang='lat' dir='ltr'><strong><em>pretium</em></strong></span> <span class='ocrx_word' id='word_1_639' title='bbox 2692 3136 2820 3204; x_wconf 84' lang='lat' dir='ltr'><strong><em>ejus</em></strong></span> <span class='ocrx_word' id='word_1_640' title='bbox 2850 3139 3182 3206; x_wconf 89' lang='lat' dir='ltr'><strong><em>acceperat,</em></strong></span> <span class='ocrx_word' id='word_1_641' title='bbox 3219 3150 3412 3206; x_wconf 91' lang='lat' dir='ltr'><strong><em>usque</em></strong></span> <span class='ocrx_word' id='word_1_642' title='bbox 3444 3135 3523 3190; x_wconf 86' lang='lat' dir='ltr'><strong><em>ad</em></strong></span> 
     </span>
    </p>
   </div>
   <div class='ocr_carea' id='block_1_94' title="bbox 1868 3222 3522 3294">
    <p class='ocr_par' dir='ltr' id='par_1_94' title="bbox 1868 3222 3522 3294">
     <span class='ocr_line' id='line_1_94' title="bbox 1868 3222 3522 3294; baseline -0.001 -16"><span class='ocrx_word' id='word_1_643' title='bbox 1868 3222 2145 3278; x_wconf 91' lang='lat' dir='ltr'><strong><em>ultimum</em></strong></span> <span class='ocrx_word' id='word_1_644' title='bbox 2161 3223 2327 3294; x_wconf 88' lang='lat' dir='ltr'><strong><em>pacis</em></strong></span> <span class='ocrx_word' id='word_1_645' title='bbox 2343 3222 2618 3278; x_wconf 90' lang='lat' dir='ltr'><strong><em>osculum</em></strong></span> <span class='ocrx_word' id='word_1_646' title='bbox 2640 3224 2789 3278; x_wconf 89' lang='lat' dir='ltr'><strong><em>inter</em></strong></span> <span class='ocrx_word' id='word_1_647' title='bbox 2804 3223 3146 3278; x_wconf 89' lang='lat' dir='ltr'><strong><em>innocentes</em></strong></span> <span class='ocrx_word' id='word_1_648' title='bbox 3163 3238 3367 3277; x_wconf 92' lang='lat' dir='ltr'><strong><em>secum</em></strong></span> <span class='ocrx_word' id='word_1_649' title='bbox 3390 3238 3522 3277; x_wconf 92' lang='lat' dir='ltr'><strong><em>esse</em></strong></span> 
     </span>
    </p>
   </div>
   <div class='ocr_carea' id='block_1_95' title="bbox 1870 3310 3521 3383">
    <p class='ocr_par' dir='ltr' id='par_1_95' title="bbox 1870 3310 3521 3383">
     <span class='ocr_line' id='line_1_95' title="bbox 1870 3310 3521 3383; baseline -0.001 -18"><span class='ocrx_word' id='word_1_650' title='bbox 1870 3326 2193 3382; x_wconf 89' lang='lat' dir='ltr'><strong><em>perpessus</em></strong></span> <span class='ocrx_word' id='word_1_651' title='bbox 2232 3315 2320 3366; x_wconf 87' lang='lat' dir='ltr'><strong><em>est</em></strong></span> <span class='ocrx_word' id='word_1_652' title='bbox 2360 3328 2373 3366; x_wconf 93' lang='lat'><strong>:</strong></span> <span class='ocrx_word' id='word_1_653' title='bbox 2414 3311 2636 3383; x_wconf 90' lang='lat' dir='ltr'><strong><em>quibus</em></strong></span> <span class='ocrx_word' id='word_1_654' title='bbox 2662 3327 2784 3367; x_wconf 93' lang='lat' dir='ltr'><strong><em>non</em></strong></span> <span class='ocrx_word' id='word_1_655' title='bbox 2820 3311 3000 3366; x_wconf 90' lang='lat' dir='ltr'><strong><em>tacuit</em></strong></span> <span class='ocrx_word' id='word_1_656' title='bbox 3038 3326 3167 3365; x_wconf 85' lang='lat' dir='ltr'><strong><em>esse</em></strong></span> <span class='ocrx_word' id='word_1_657' title='bbox 3199 3310 3350 3365; x_wconf 81' lang='lat' dir='ltr'><strong><em>inter</em></strong></span> <span class='ocrx_word' id='word_1_658' title='bbox 3390 3310 3521 3366; x_wconf 89' lang='lat' dir='ltr'><strong><em>illos</em></strong></span> 
     </span>
    </p>
   </div>
   <div class='ocr_carea' id='block_1_96' title="bbox 1871 3400 3524 3471">
    <p class='ocr_par' dir='ltr' id='par_1_96' title="bbox 1871 3400 3524 3471">
     <span class='ocr_line' id='line_1_96' title="bbox 1871 3400 3524 3471; baseline 0.001 -18"><span class='ocrx_word' id='word_1_659' title='bbox 1871 3400 2016 3455; x_wconf 87' lang='lat' dir='ltr'><strong><em>tanti</em></strong></span> <span class='ocrx_word' id='word_1_660' title='bbox 2048 3400 2286 3456; x_wconf 90' lang='lat' dir='ltr'><strong><em>sceleris</em></strong></span> <span class='ocrx_word' id='word_1_661' title='bbox 2310 3400 2618 3456; x_wconf 89' lang='lat' dir='ltr'><strong><em>hominem</em></strong></span> <span class='ocrx_word' id='word_1_662' title='bbox 2654 3419 2668 3465; x_wconf 90' lang='lat'><strong>;</strong></span> <span class='ocrx_word' id='word_1_663' title='bbox 2706 3404 2762 3455; x_wconf 91' lang='lat' dir='ltr'><strong><em>et</em></strong></span> <span class='ocrx_word' id='word_1_664' title='bbox 2791 3405 2992 3456; x_wconf 88' lang='lat' dir='ltr'><strong><em>tamen</em></strong></span> <span class='ocrx_word' id='word_1_665' title='bbox 3019 3400 3282 3471; x_wconf 89' lang='lat' dir='ltr'><strong><em>primum</em></strong></span> <span class='ocrx_word' id='word_1_666' title='bbox 3317 3401 3524 3456; x_wconf 88' lang='lat' dir='ltr'><strong><em>Sacra-</em></strong></span> 
     </span>
    </p>
   </div>
   <div class='ocr_carea' id='block_1_97' title="bbox 1874 3487 3522 3561">
    <p class='ocr_par' dir='ltr' id='par_1_97' title="bbox 1874 3487 3522 3561">
     <span class='ocr_line' id='line_1_97' title="bbox 1874 3487 3522 3561; baseline -0.001 -17"><span class='ocrx_word' id='word_1_667' title='bbox 1874 3493 2139 3544; x_wconf 89' lang='lat' dir='ltr'><strong><em>mentum</em></strong></span> <span class='ocrx_word' id='word_1_668' title='bbox 2166 3490 2434 3561; x_wconf 91' lang='lat' dir='ltr'><strong><em>corporis</em></strong></span> <span class='ocrx_word' id='word_1_669' title='bbox 2458 3487 2841 3559; x_wconf 88' lang='lat' dir='ltr'><strong><em>etsanguinis</em></strong></span> <span class='ocrx_word' id='word_1_670' title='bbox 2856 3488 2999 3553; x_wconf 89' lang='lat' dir='ltr'><strong><em>suis,</em></strong></span> <span class='ocrx_word' id='word_1_671' title='bbox 3018 3488 3290 3543; x_wconf 91' lang='lat' dir='ltr'><strong><em>nondum</em></strong></span> <span class='ocrx_word' id='word_1_672' title='bbox 3310 3487 3410 3544; x_wconf 93' lang='lat' dir='ltr'><strong><em>illo</em></strong></span> <span class='ocrx_word' id='word_1_673' title='bbox 3425 3504 3522 3543; x_wconf 79' lang='lat' dir='ltr'><strong><em>ex-</em></strong></span> 
     </span>
    </p>
   </div>
   <div class='ocr_carea' id='block_1_98' title="bbox 1870 3576 3521 3648">
    <p class='ocr_par' dir='ltr' id='par_1_98' title="bbox 1870 3576 3521 3648">
     <span class='ocr_line' id='line_1_98' title="bbox 1870 3576 3521 3648; baseline 0.001 -17"><span class='ocrx_word' id='word_1_674' title='bbox 1870 3577 2054 3648; x_wconf 88' lang='lat' dir='ltr'><strong><em>cluso,</em></strong></span> <span class='ocrx_word' id='word_1_675' title='bbox 2080 3579 2478 3633; x_wconf 89' lang='lat' dir='ltr'><strong><em>communiter</em></strong></span> <span class='ocrx_word' id='word_1_676' title='bbox 2503 3579 2784 3634; x_wconf 92' lang='lat' dir='ltr'><strong><em>omnibus</em></strong></span> <span class='ocrx_word' id='word_1_677' title='bbox 2806 3577 2969 3632; x_wconf 90' lang='lat' dir='ltr'><strong><em>dedit</em></strong></span> <span class='ocrx_word' id='word_1_678' title='bbox 2991 3576 3230 3648; x_wconf 80' lang='lat' dir='ltr'><strong><em>(Matth.</em></strong></span> <span class='ocrx_word' id='word_1_679' title='bbox 3261 3593 3383 3644; x_wconf 80' lang='lat' dir='ltr'><strong><em>xvr,</em></strong></span> <span class='ocrx_word' id='word_1_680' title='bbox 3423 3581 3521 3632; x_wconf 81' lang='lat'><strong>20-</strong></span> 
     </span>
    </p>
   </div>
   <div class='ocr_carea' id='block_1_99' title="bbox 1865 3667 3518 3739">
    <p class='ocr_par' dir='ltr' id='par_1_99' title="bbox 1865 3667 3518 3739">
     <span class='ocr_line' id='line_1_99' title="bbox 1865 3667 3518 3739; baseline 0.001 -19"><span class='ocrx_word' id='word_1_681' title='bbox 1865 3668 1978 3737; x_wconf 80' lang='lat'><strong><em>28).</em></strong></span> <span class='ocrx_word' id='word_1_682' title='bbox 2011 3669 2139 3733; x_wconf 89' lang='lat' dir='ltr'><strong><em>Quo</em></strong></span> <span class='ocrx_word' id='word_1_683' title='bbox 2162 3667 2438 3739; x_wconf 85' lang='lat' dir='ltr'><strong><em>exemplo</em></strong></span> <span class='ocrx_word' id='word_1_684' title='bbox 2477 3684 2616 3723; x_wconf 90' lang='lat' dir='ltr'><strong><em>cum</em></strong></span> <span class='ocrx_word' id='word_1_685' title='bbox 2649 3683 2835 3739; x_wconf 90' lang='lat' dir='ltr'><strong><em>prope</em></strong></span> <span class='ocrx_word' id='word_1_686' title='bbox 2866 3682 3077 3722; x_wconf 90' lang='lat' dir='ltr'><strong><em>omnes</em></strong></span> <span class='ocrx_word' id='word_1_687' title='bbox 3119 3671 3518 3731; x_wconf 90' lang='lat' dir='ltr'><strong><em>moverentur,</em></strong></span> 
     </span>
    </p>
   </div>
   <div class='ocr_carea' id='block_1_100' title="bbox 1867 3756 3521 3826">
    <p class='ocr_par' dir='ltr' id='par_1_100' title="bbox 1867 3756 3521 3826">
     <span class='ocr_line' id='line_1_100' title="bbox 1867 3756 3521 3826; baseline 0 -17"><span class='ocrx_word' id='word_1_688' title='bbox 1867 3756 2118 3812; x_wconf 88' lang='lat' dir='ltr'><strong><em>tentavit</em></strong></span> <span class='ocrx_word' id='word_1_689' title='bbox 2137 3757 2352 3821; x_wconf 92' lang='lat' dir='ltr'><strong><em>dicere,</em></strong></span> <span class='ocrx_word' id='word_1_690' title='bbox 2373 3760 2507 3811; x_wconf 88' lang='lat' dir='ltr'><strong><em>ante</em></strong></span> <span class='ocrx_word' id='word_1_691' title='bbox 2530 3756 2876 3826; x_wconf 91' lang='lat' dir='ltr'><strong><em>passionem</em></strong></span> <span class='ocrx_word' id='word_1_692' title='bbox 2894 3756 3126 3811; x_wconf 88' lang='lat' dir='ltr'><strong><em>Domini</em></strong></span> <span class='ocrx_word' id='word_1_693' title='bbox 3147 3756 3521 3810; x_wconf 87' lang='lat' dir='ltr'><strong><em>communio-</em></strong></span> 
     </span>
    </p>
   </div>
   <div class='ocr_carea' id='block_1_101' title="bbox 1865 3843 3525 3913">
    <p class='ocr_par' dir='ltr' id='par_1_101' title="bbox 1865 3843 3525 3913">
     <span class='ocr_line' id='line_1_101' title="bbox 1865 3843 3525 3913; baseline 0 -14"><span class='ocrx_word' id='word_1_694' title='bbox 1865 3860 2001 3899; x_wconf 89' lang='lat' dir='ltr'><strong><em>nem</em></strong></span> <span class='ocrx_word' id='word_1_695' title='bbox 2018 3844 2180 3900; x_wconf 91' lang='lat' dir='ltr'><strong><em>illam</em></strong></span> <span class='ocrx_word' id='word_1_696' title='bbox 2192 3861 2330 3899; x_wconf 92' lang='lat' dir='ltr'><strong><em>cum</em></strong></span> <span class='ocrx_word' id='word_1_697' title='bbox 2345 3844 2627 3899; x_wconf 91' lang='lat' dir='ltr'><strong><em>scelerato</em></strong></span> <span class='ocrx_word' id='word_1_698' title='bbox 2642 3859 2762 3899; x_wconf 92' lang='lat' dir='ltr'><strong><em>non</em></strong></span> <span class='ocrx_word' id='word_1_699' title='bbox 2777 3843 3043 3898; x_wconf 85' lang='lat' dir='ltr'><strong><em>obfuisse</em></strong></span> <span class='ocrx_word' id='word_1_700' title='bbox 3055 3843 3525 3913; x_wconf 82' lang='lat' dir='ltr'><strong><em>Apostolis,quia</em></strong></span> 
     </span>
    </p>
   </div>
   <div class='ocr_carea' id='block_1_102' title="bbox 1865 3930 3519 4004">
    <p class='ocr_par' dir='ltr' id='par_1_102' title="bbox 1865 3930 3519 4004">
     <span class='ocr_line' id='line_1_102' title="bbox 1865 3930 3519 4004; baseline -0.002 -15"><span class='ocrx_word' id='word_1_701' title='bbox 1865 3932 2137 3989; x_wconf 87' lang='lat' dir='ltr'><strong><em>nondum</em></strong></span> <span class='ocrx_word' id='word_1_702' title='bbox 2152 3933 2460 3988; x_wconf 91' lang='lat' dir='ltr'><strong><em>habebant</em></strong></span> <span class='ocrx_word' id='word_1_703' title='bbox 2481 3932 2854 4004; x_wconf 89' lang='lat' dir='ltr'><strong><em>baptismum</em></strong></span> <span class='ocrx_word' id='word_1_704' title='bbox 2882 3930 3113 3997; x_wconf 88' lang='lat' dir='ltr'><strong><em>Christi,</em></strong></span> <span class='ocrx_word' id='word_1_705' title='bbox 3148 3931 3253 3986; x_wconf 92' lang='lat' dir='ltr'><strong><em>sed</em></strong></span> <span class='ocrx_word' id='word_1_706' title='bbox 3283 3931 3519 4003; x_wconf 89' lang='lat' dir='ltr'><strong><em>baptis-</em></strong></span> 
     </span>
    </p>
   </div>
   <div class='ocr_carea' id='block_1_103' title="bbox 1864 4019 3518 4092">
    <p class='ocr_par' dir='ltr' id='par_1_103' title="bbox 1864 4019 3518 4092">
     <span class='ocr_line' id='line_1_103' title="bbox 1864 4019 3518 4092; baseline -0.001 -16"><span class='ocrx_word' id='word_1_707' title='bbox 1864 4037 2031 4077; x_wconf 88' lang='lat' dir='ltr'><strong><em>mum</em></strong></span> <span class='ocrx_word' id='word_1_708' title='bbox 2059 4021 2322 4076; x_wconf 84' lang='lat' dir='ltr'><strong><em>Joannis.</em></strong></span> <span class='ocrx_word' id='word_1_709' title='bbox 2354 4021 2519 4087; x_wconf 88' lang='lat' dir='ltr'><strong><em>Quod</em></strong></span> <span class='ocrx_word' id='word_1_710' title='bbox 2550 4026 2948 4092; x_wconf 90' lang='lat' dir='ltr'><strong><em>posteaquam</em></strong></span> <span class='ocrx_word' id='word_1_711' title='bbox 2971 4020 3143 4085; x_wconf 84' lang='lat' dir='ltr'><strong><em>dixit,</em></strong></span> <span class='ocrx_word' id='word_1_712' title='bbox 3164 4019 3317 4092; x_wconf 68' lang='lat' dir='ltr'><strong><em>coepi</em></strong></span> <span class='ocrx_word' id='word_1_713' title='bbox 3338 4019 3416 4076; x_wconf 91' lang='lat' dir='ltr'><strong><em>ad</em></strong></span> <span class='ocrx_word' id='word_1_714' title='bbox 3448 4036 3518 4075; x_wconf 93' lang='lat' dir='ltr'><strong><em>eo</em></strong></span> 
     </span>
    </p>
   </div>
   <div class='ocr_carea' id='block_1_104' title="bbox 1862 4109 3518 4182">
    <p class='ocr_par' dir='ltr' id='par_1_104' title="bbox 1862 4109 3518 4182">
     <span class='ocr_line' id='line_1_104' title="bbox 1862 4109 3518 4182; baseline 0 -18"><span class='ocrx_word' id='word_1_715' title='bbox 1862 4126 2129 4182; x_wconf 58' lang='lat' dir='ltr'><strong><em>quaerere</em></strong></span> <span class='ocrx_word' id='word_1_716' title='bbox 2145 4109 2659 4181; x_wconf 89' lang='lat' dir='ltr'><strong><em>quemadmodum</em></strong></span> <span class='ocrx_word' id='word_1_717' title='bbox 2683 4125 2824 4181; x_wconf 89' lang='lat' dir='ltr'><strong><em>ergo</em></strong></span> <span class='ocrx_word' id='word_1_718' title='bbox 2848 4110 3136 4181; x_wconf 89' lang='lat' dir='ltr'><strong><em>scriptum</em></strong></span> <span class='ocrx_word' id='word_1_719' title='bbox 3169 4114 3323 4164; x_wconf 86' lang='lat' dir='ltr'><strong><em>esset</em></strong></span> <span class='ocrx_word' id='word_1_720' title='bbox 3350 4109 3518 4180; x_wconf 91' lang='lat' dir='ltr'><strong><em>quod</em></strong></span> 
     </span>
    </p>
   </div>
   <div class='ocr_carea' id='block_1_105' title="bbox 1859 4197 3515 4271">
    <p class='ocr_par' dir='ltr' id='par_1_105' title="bbox 1859 4197 3515 4271">
     <span class='ocr_line' id='line_1_105' title="bbox 1859 4197 3515 4271; baseline 0 -18"><span class='ocrx_word' id='word_1_721' title='bbox 1859 4201 2026 4253; x_wconf 91' lang='lat' dir='ltr'><strong><em>Jesus</em></strong></span> <span class='ocrx_word' id='word_1_722' title='bbox 2058 4199 2442 4270; x_wconf 88' lang='lat' dir='ltr'><strong><em>baptizaverit</em></strong></span> <span class='ocrx_word' id='word_1_723' title='bbox 2471 4198 2670 4267; x_wconf 91' lang='lat' dir='ltr'><strong><em>plures</em></strong></span> <span class='ocrx_word' id='word_1_724' title='bbox 2692 4215 2879 4271; x_wconf 89' lang='lat' dir='ltr'><strong><em>quam</em></strong></span> <span class='ocrx_word' id='word_1_725' title='bbox 2908 4201 3187 4264; x_wconf 90' lang='lat' dir='ltr'><strong><em>Joannes,</em></strong></span> <span class='ocrx_word' id='word_1_726' title='bbox 3217 4213 3356 4253; x_wconf 92' lang='lat' dir='ltr'><strong><em>cum</em></strong></span> <span class='ocrx_word' id='word_1_727' title='bbox 3386 4197 3515 4268; x_wconf 91' lang='lat' dir='ltr'><strong><em>ipse</em></strong></span> 
     </span>
    </p>
   </div>
   <div class='ocr_carea' id='block_1_106' title="bbox 1860 4287 3513 4361">
    <p class='ocr_par' dir='ltr' id='par_1_106' title="bbox 1860 4287 3513 4361">
     <span class='ocr_line' id='line_1_106' title="bbox 1860 4287 3513 4361; baseline -0.001 -19"><span class='ocrx_word' id='word_1_728' title='bbox 1860 4303 1979 4343; x_wconf 90' lang='lat' dir='ltr'><strong><em>non</em></strong></span> <span class='ocrx_word' id='word_1_729' title='bbox 2000 4287 2343 4359; x_wconf 86' lang='lat' dir='ltr'><strong><em>baptizaret,</em></strong></span> <span class='ocrx_word' id='word_1_730' title='bbox 2361 4287 2464 4342; x_wconf 90' lang='lat' dir='ltr'><strong><em>sed</em></strong></span> <span class='ocrx_word' id='word_1_731' title='bbox 2486 4288 2764 4359; x_wconf 89' lang='lat' dir='ltr'><strong><em>discipuli</em></strong></span> <span class='ocrx_word' id='word_1_732' title='bbox 2789 4288 2841 4361; x_wconf 90' lang='lat' dir='ltr'><strong><em>ej</em></strong></span> <span class='ocrx_word' id='word_1_733' title='bbox 2854 4305 2943 4353; x_wconf 89' lang='lat' dir='ltr'><strong><em>us,</em></strong></span> <span class='ocrx_word' id='word_1_734' title='bbox 2962 4288 3077 4343; x_wconf 91' lang='lat' dir='ltr'><strong><em>hoc</em></strong></span> <span class='ocrx_word' id='word_1_735' title='bbox 3101 4294 3206 4354; x_wconf 89' lang='lat' dir='ltr'><strong><em>est,</em></strong></span> <span class='ocrx_word' id='word_1_736' title='bbox 3240 4304 3345 4358; x_wconf 90' lang='lat' dir='ltr'><strong><em>per</em></strong></span> <span class='ocrx_word' id='word_1_737' title='bbox 3370 4302 3513 4342; x_wconf 90' lang='lat' dir='ltr'><strong><em>suos</em></strong></span> 
     </span>
    </p>
   </div>
   <div class='ocr_carea' id='block_1_107' title="bbox 1859 4376 3512 4448">
    <p class='ocr_par' dir='ltr' id='par_1_107' title="bbox 1859 4376 3512 4448">
     <span class='ocr_line' id='line_1_107' title="bbox 1859 4376 3512 4448; baseline 0 -17"><span class='ocrx_word' id='word_1_738' title='bbox 1859 4376 2181 4448; x_wconf 89' lang='lat' dir='ltr'><strong><em>discipulos</em></strong></span> <span class='ocrx_word' id='word_1_739' title='bbox 2201 4377 2531 4447; x_wconf 87' lang='lat' dir='ltr'><strong><em>baptizaret</em></strong></span> <span class='ocrx_word' id='word_1_740' title='bbox 2548 4377 2743 4447; x_wconf 85' lang='lat' dir='ltr'><strong><em>(Joan.</em></strong></span> <span class='ocrx_word' id='word_1_741' title='bbox 2762 4394 2839 4441; x_wconf 85' lang='lat' dir='ltr'><strong><em>iv,</em></strong></span> <span class='ocrx_word' id='word_1_742' title='bbox 2862 4382 2907 4441; x_wconf 89' lang='grc' dir='ltr'>Ι,</span> <span class='ocrx_word' id='word_1_743' title='bbox 2934 4380 3012 4447; x_wconf 74' lang='lat'><strong><em>2).</em></strong></span> <span class='ocrx_word' id='word_1_744' title='bbox 3031 4376 3347 4441; x_wconf 87' lang='lat' dir='ltr'><strong><em>Quomodo</em></strong></span> <span class='ocrx_word' id='word_1_745' title='bbox 3370 4391 3512 4446; x_wconf 87' lang='lat' dir='ltr'><strong><em>ergo</em></strong></span> 
     </span>
    </p>
   </div>
   <div class='ocr_carea' id='block_1_108' title="bbox 1858 4463 3511 4537">
    <p class='ocr_par' dir='ltr' id='par_1_108' title="bbox 1858 4463 3511 4537">
     <span class='ocr_line' id='line_1_108' title="bbox 1858 4463 3511 4537; baseline -0.001 -18"><span class='ocrx_word' id='word_1_746' title='bbox 1858 4463 2087 4521; x_wconf 91' lang='lat' dir='ltr'><strong><em>dabant</em></strong></span> <span class='ocrx_word' id='word_1_747' title='bbox 2115 4466 2277 4537; x_wconf 90' lang='lat' dir='ltr'><strong><em>quod</em></strong></span> <span class='ocrx_word' id='word_1_748' title='bbox 2318 4480 2440 4519; x_wconf 90' lang='lat' dir='ltr'><strong><em>non</em></strong></span> <span class='ocrx_word' id='word_1_749' title='bbox 2467 4466 2869 4536; x_wconf 87' lang='lat' dir='ltr'><strong><em>acceperant?</em></strong></span> <span class='ocrx_word' id='word_1_750' title='bbox 2898 4465 3063 4536; x_wconf 90' lang='lat' dir='ltr'><strong><em>quod</em></strong></span> <span class='ocrx_word' id='word_1_751' title='bbox 3104 4464 3215 4536; x_wconf 90' lang='lat' dir='ltr'><strong><em>ipsi</em></strong></span> <span class='ocrx_word' id='word_1_752' title='bbox 3247 4465 3511 4518; x_wconf 84' lang='lat' dir='ltr'><strong><em>maxime</em></strong></span> 
     </span>
    </p>
   </div>
   <div class='ocr_carea' id='block_1_109' title="bbox 1860 4552 3509 4623">
    <p class='ocr_par' dir='ltr' id='par_1_109' title="bbox 1860 4552 3509 4623">
     <span class='ocr_line' id='line_1_109' title="bbox 1860 4552 3509 4623; baseline -0.001 -15"><span class='ocrx_word' id='word_1_753' title='bbox 1860 4554 2053 4609; x_wconf 89' lang='lat' dir='ltr'><strong><em>solent</em></strong></span> <span class='ocrx_word' id='word_1_754' title='bbox 2081 4555 2292 4609; x_wconf 90' lang='lat' dir='ltr'><strong><em>dicere.</em></strong></span> <span class='ocrx_word' id='word_1_755' title='bbox 2324 4556 2410 4608; x_wconf 86' lang='lat' dir='ltr'><strong><em>An</em></strong></span> <span class='ocrx_word' id='word_1_756' title='bbox 2443 4554 2593 4608; x_wconf 83' lang='lat' dir='ltr'><strong><em>forte</em></strong></span> <span class='ocrx_word' id='word_1_757' title='bbox 2634 4554 2901 4609; x_wconf 87' lang='lat' dir='ltr'><strong><em>Christus</em></strong></span> <span class='ocrx_word' id='word_1_758' title='bbox 2928 4553 3235 4623; x_wconf 81' lang='lat' dir='ltr'><strong><em>baptismo</em></strong></span> <span class='ocrx_word' id='word_1_759' title='bbox 3264 4552 3509 4607; x_wconf 88' lang='lat' dir='ltr'><strong><em>Joannis</em></strong></span> 
     </span>
    </p>
   </div>
   <div class='ocr_carea' id='block_1_110' title="bbox 1858 4640 3514 4714">
    <p class='ocr_par' dir='ltr' id='par_1_110' title="bbox 1858 4640 3514 4714">
     <span class='ocr_line' id='line_1_110' title="bbox 1858 4640 3514 4714; baseline 0 -17"><span class='ocrx_word' id='word_1_760' title='bbox 1858 4641 2193 4714; x_wconf 89' lang='lat' dir='ltr'><strong><em>baptizabat</em></strong></span> <span class='ocrx_word' id='word_1_761' title='bbox 2220 4643 2249 4698; x_wconf 76' lang='lat'>?</span> <span class='ocrx_word' id='word_1_762' title='bbox 2282 4641 2504 4696; x_wconf 91' lang='lat' dir='ltr'><strong><em>Deinde</em></strong></span> <span class='ocrx_word' id='word_1_763' title='bbox 2532 4641 2589 4695; x_wconf 92' lang='lat' dir='ltr'><strong><em>in</em></strong></span> <span class='ocrx_word' id='word_1_764' title='bbox 2620 4642 2735 4696; x_wconf 91' lang='lat' dir='ltr'><strong><em>hac</em></strong></span> <span class='ocrx_word' id='word_1_765' title='bbox 2766 4641 3057 4697; x_wconf 90' lang='lat' dir='ltr'><strong><em>sententia</em></strong></span> <span class='ocrx_word' id='word_1_766' title='bbox 3077 4640 3264 4695; x_wconf 88' lang='lat' dir='ltr'><strong><em>multa</em></strong></span> <span class='ocrx_word' id='word_1_767' title='bbox 3294 4640 3514 4712; x_wconf 67' lang='lat' dir='ltr'><strong><em>quaesi-</em></strong></span> 
     </span>
    </p>
   </div>
   <div class='ocr_carea' id='block_1_111' title="bbox 1857 4729 3511 4802">
    <p class='ocr_par' dir='ltr' id='par_1_111' title="bbox 1857 4729 3511 4802">
     <span class='ocr_line' id='line_1_111' title="bbox 1857 4729 3511 4802; baseline -0.001 -16"><span class='ocrx_word' id='word_1_768' title='bbox 1857 4734 2023 4786; x_wconf 87' lang='lat' dir='ltr'><strong><em>turus</em></strong></span> <span class='ocrx_word' id='word_1_769' title='bbox 2052 4747 2239 4793; x_wconf 91' lang='lat' dir='ltr'><strong><em>eram,</em></strong></span> <span class='ocrx_word' id='word_1_770' title='bbox 2262 4730 2571 4802; x_wconf 84' lang='lat' dir='ltr'><strong><em>quomodo</em></strong></span> <span class='ocrx_word' id='word_1_771' title='bbox 2594 4729 2671 4785; x_wconf 90' lang='lat' dir='ltr'><strong><em>ab</em></strong></span> <span class='ocrx_word' id='word_1_772' title='bbox 2698 4730 2827 4800; x_wconf 92' lang='lat' dir='ltr'><strong><em>ipso</em></strong></span> <span class='ocrx_word' id='word_1_773' title='bbox 2857 4731 3086 4785; x_wconf 88' lang='lat' dir='ltr'><strong><em>Joanne</em></strong></span> <span class='ocrx_word' id='word_1_774' title='bbox 3119 4734 3258 4785; x_wconf 90' lang='lat' dir='ltr'><strong><em>tunc</em></strong></span> <span class='ocrx_word' id='word_1_775' title='bbox 3288 4730 3511 4801; x_wconf 66' lang='lat' dir='ltr'><strong><em>quaesi-</em></strong></span> 
     </span>
    </p>
   </div>
   <div class='ocr_carea' id='block_1_112' title="bbox 1855 4818 3504 4891">
    <p class='ocr_par' dir='ltr' id='par_1_112' title="bbox 1855 4818 3504 4891">
     <span class='ocr_line' id='line_1_112' title="bbox 1855 4818 3504 4891; baseline -0.002 -15"><span class='ocrx_word' id='word_1_776' title='bbox 1855 4825 1978 4876; x_wconf 88' lang='lat' dir='ltr'><strong><em>tum</em></strong></span> <span class='ocrx_word' id='word_1_777' title='bbox 2009 4821 2081 4875; x_wconf 90' lang='lat' dir='ltr'><strong><em>sit</em></strong></span> <span class='ocrx_word' id='word_1_778' title='bbox 2122 4819 2196 4874; x_wconf 93' lang='lat' dir='ltr'><strong><em>de</em></strong></span> <span class='ocrx_word' id='word_1_779' title='bbox 2228 4820 2530 4889; x_wconf 89' lang='lat' dir='ltr'><strong><em>baptismo</em></strong></span> <span class='ocrx_word' id='word_1_780' title='bbox 2559 4819 2807 4884; x_wconf 90' lang='lat' dir='ltr'><strong><em>Domini,</em></strong></span> <span class='ocrx_word' id='word_1_781' title='bbox 2852 4824 2908 4874; x_wconf 90' lang='lat' dir='ltr'><strong><em>et</em></strong></span> <span class='ocrx_word' id='word_1_782' title='bbox 2931 4818 3305 4891; x_wconf 88' lang='lat' dir='ltr'><strong><em>responderit</em></strong></span> <span class='ocrx_word' id='word_1_783' title='bbox 3337 4819 3504 4889; x_wconf 92' lang='lat' dir='ltr'><strong><em>quod</em></strong></span> 
     </span>
    </p>
   </div>
   <div class='ocr_carea' id='block_1_113' title="bbox 1855 4907 3507 4979">
    <p class='ocr_par' dir='ltr' id='par_1_113' title="bbox 1855 4907 3507 4979">
     <span class='ocr_line' id='line_1_113' title="bbox 1855 4907 3507 4979; baseline -0.002 -17"><span class='ocrx_word' id='word_1_784' title='bbox 1855 4908 1948 4963; x_wconf 91' lang='lat' dir='ltr'><strong><em>ille</em></strong></span> <span class='ocrx_word' id='word_1_785' title='bbox 1979 4908 2222 4964; x_wconf 92' lang='lat' dir='ltr'><strong><em>haberet</em></strong></span> <span class='ocrx_word' id='word_1_786' title='bbox 2252 4922 2561 4978; x_wconf 90' lang='lat' dir='ltr'><strong><em>sponsam,</em></strong></span> <span class='ocrx_word' id='word_1_787' title='bbox 2593 4912 2647 4963; x_wconf 92' lang='lat' dir='ltr'><strong><em>et</em></strong></span> <span class='ocrx_word' id='word_1_788' title='bbox 2679 4907 2774 4963; x_wconf 90' lang='lat' dir='ltr'><strong><em>ille</em></strong></span> <span class='ocrx_word' id='word_1_789' title='bbox 2800 4912 2956 4963; x_wconf 89' lang='lat' dir='ltr'><strong><em>esset</em></strong></span> <span class='ocrx_word' id='word_1_790' title='bbox 2984 4924 3246 4979; x_wconf 91' lang='lat' dir='ltr'><strong><em>sponsus</em></strong></span> <span class='ocrx_word' id='word_1_791' title='bbox 3276 4908 3389 4974; x_wconf 83' lang='lat' dir='ltr'><strong><em>(Id.</em></strong></span> <span class='ocrx_word' id='word_1_792' title='bbox 3424 4922 3507 4968; x_wconf 90' lang='grc' dir='ltr'>ιιι,</span> 
     </span>
    </p>
   </div>
   <div class='ocr_carea' id='block_1_114' title="bbox 1854 4995 3506 5068">
    <p class='ocr_par' dir='ltr' id='par_1_114' title="bbox 1854 4995 3506 5068">
     <span class='ocr_line' id='line_1_114' title="bbox 1854 4995 3506 5068; baseline -0.002 -19"><span class='ocrx_word' id='word_1_793' title='bbox 1854 4998 1967 5068; x_wconf 88' lang='lat'><strong><em>29).</em></strong></span> <span class='ocrx_word' id='word_1_794' title='bbox 1985 4996 2282 5067; x_wconf 90' lang='lat' dir='ltr'><strong><em>Numquid</em></strong></span> <span class='ocrx_word' id='word_1_795' title='bbox 2301 5011 2442 5065; x_wconf 88' lang='lat' dir='ltr'><strong><em>ergo</em></strong></span> <span class='ocrx_word' id='word_1_796' title='bbox 2457 4998 2546 5051; x_wconf 87' lang='lat' dir='ltr'><strong><em>fas</em></strong></span> <span class='ocrx_word' id='word_1_797' title='bbox 2558 5001 2684 5051; x_wconf 90' lang='lat' dir='ltr'><strong><em>erat</em></strong></span> <span class='ocrx_word' id='word_1_798' title='bbox 2700 5002 2761 5052; x_wconf 94' lang='lat' dir='ltr'><strong><em>ut</em></strong></span> <span class='ocrx_word' id='word_1_799' title='bbox 2774 4996 3079 5067; x_wconf 87' lang='lat' dir='ltr'><strong><em>baptismo</em></strong></span> <span class='ocrx_word' id='word_1_800' title='bbox 3092 4995 3336 5051; x_wconf 87' lang='lat' dir='ltr'><strong><em>Joannis</em></strong></span> <span class='ocrx_word' id='word_1_801' title='bbox 3352 4995 3506 5063; x_wconf 87' lang='lat' dir='ltr'><strong><em>bap-</em></strong></span> 
     </span>
    </p>
   </div>
   <div class='ocr_carea' id='block_1_115' title="bbox 1854 5081 3506 5157">
    <p class='ocr_par' dir='ltr' id='par_1_115' title="bbox 1854 5081 3506 5157">
     <span class='ocr_line' id='line_1_115' title="bbox 1854 5081 3506 5157; baseline -0.002 -18"><span class='ocrx_word' id='word_1_802' title='bbox 1854 5086 2055 5141; x_wconf 87' lang='lat' dir='ltr'><strong><em>tizaret</em></strong></span> <span class='ocrx_word' id='word_1_803' title='bbox 2084 5101 2361 5157; x_wconf 91' lang='lat' dir='ltr'><strong><em>sponsus,</em></strong></span> <span class='ocrx_word' id='word_1_804' title='bbox 2404 5084 2465 5140; x_wconf 88' lang='lat' dir='ltr'><strong><em>id</em></strong></span> <span class='ocrx_word' id='word_1_805' title='bbox 2496 5092 2582 5139; x_wconf 91' lang='lat' dir='ltr'><strong><em>est</em></strong></span> <span class='ocrx_word' id='word_1_806' title='bbox 2614 5084 2919 5156; x_wconf 88' lang='lat' dir='ltr'><strong><em>baptismo</em></strong></span> <span class='ocrx_word' id='word_1_807' title='bbox 2950 5084 3128 5139; x_wconf 89' lang='lat' dir='ltr'><strong><em>amici</em></strong></span> <span class='ocrx_word' id='word_1_808' title='bbox 3162 5083 3251 5137; x_wconf 91' lang='lat' dir='ltr'><strong><em>vel</em></strong></span> <span class='ocrx_word' id='word_1_809' title='bbox 3286 5081 3439 5135; x_wconf 82' lang='lat' dir='ltr'><strong><em>servi</em></strong></span> <span class='ocrx_word' id='word_1_810' title='bbox 3479 5082 3506 5136; x_wconf 88' lang='lat'><strong>?</strong></span> 
     </span>
    </p>
   </div>
   <div class='ocr_carea' id='block_1_116' title="bbox 1853 5169 3508 5246">
    <p class='ocr_par' dir='ltr' id='par_1_116' title="bbox 1853 5169 3508 5246">
     <span class='ocr_line' id='line_1_116' title="bbox 1853 5169 3508 5246; baseline -0.002 -19"><span class='ocrx_word' id='word_1_811' title='bbox 1853 5174 2073 5229; x_wconf 91' lang='lat' dir='ltr'><strong><em>Deinde</em></strong></span> <span class='ocrx_word' id='word_1_812' title='bbox 2102 5173 2411 5246; x_wconf 90' lang='lat' dir='ltr'><strong><em>quomodo</em></strong></span> <span class='ocrx_word' id='word_1_813' title='bbox 2443 5179 2711 5244; x_wconf 90' lang='lat' dir='ltr'><strong><em>poterant</em></strong></span> <span class='ocrx_word' id='word_1_814' title='bbox 2758 5173 3191 5228; x_wconf 88' lang='lat' dir='ltr'><strong><em>Eucharistiam</em></strong></span> <span class='ocrx_word' id='word_1_815' title='bbox 3239 5169 3508 5239; x_wconf 90' lang='lat' dir='ltr'><strong><em>accipere</em></strong></span> 
     </span>
    </p>
   </div>
   <div class='ocr_carea' id='block_1_117' title="bbox 1852 5257 3505 5333">
    <p class='ocr_par' dir='ltr' id='par_1_117' title="bbox 1852 5257 3505 5333">
     <span class='ocr_line' id='line_1_117' title="bbox 1852 5257 3505 5333; baseline -0.001 -16"><span class='ocrx_word' id='word_1_816' title='bbox 1852 5264 2125 5318; x_wconf 87' lang='lat' dir='ltr'><strong><em>nondum</em></strong></span> <span class='ocrx_word' id='word_1_817' title='bbox 2151 5263 2430 5333; x_wconf 87' lang='lat' dir='ltr'><strong><em>baptizati</em></strong></span> <span class='ocrx_word' id='word_1_818' title='bbox 2461 5262 2488 5315; x_wconf 90' lang='lat'><strong>?</strong></span> <span class='ocrx_word' id='word_1_819' title='bbox 2520 5268 2623 5317; x_wconf 91' lang='lat' dir='ltr'><strong><em>aut</em></strong></span> <span class='ocrx_word' id='word_1_820' title='bbox 2649 5261 2960 5333; x_wconf 88' lang='lat' dir='ltr'><strong><em>quomodo</em></strong></span> <span class='ocrx_word' id='word_1_821' title='bbox 2989 5261 3156 5314; x_wconf 88' lang='lat' dir='ltr'><strong><em>Petro</em></strong></span> <span class='ocrx_word' id='word_1_822' title='bbox 3189 5257 3413 5312; x_wconf 90' lang='lat' dir='ltr'><strong><em>volenti</em></strong></span> <span class='ocrx_word' id='word_1_823' title='bbox 3443 5264 3505 5315; x_wconf 89' lang='lat' dir='ltr'><strong><em>ut</em></strong></span> 
     </span>
    </p>
   </div>
   <div class='ocr_carea' id='block_1_118' title="bbox 1855 5348 3505 5422">
    <p class='ocr_par' dir='ltr' id='par_1_118' title="bbox 1855 5348 3505 5422">
     <span class='ocr_line' id='line_1_118' title="bbox 1855 5348 3505 5422; baseline -0.002 -17"><span class='ocrx_word' id='word_1_824' title='bbox 1855 5357 2040 5407; x_wconf 91' lang='lat' dir='ltr'><strong><em>totum</em></strong></span> <span class='ocrx_word' id='word_1_825' title='bbox 2075 5368 2135 5405; x_wconf 90' lang='lat' dir='ltr'><strong><em>se</em></strong></span> <span class='ocrx_word' id='word_1_826' title='bbox 2161 5350 2400 5413; x_wconf 87' lang='lat' dir='ltr'><strong><em>lavaret,</em></strong></span> <span class='ocrx_word' id='word_1_827' title='bbox 2438 5350 2813 5422; x_wconf 85' lang='lat' dir='ltr'><strong><em>responderit</em></strong></span> <span class='ocrx_word' id='word_1_828' title='bbox 2845 5365 2857 5403; x_wconf 95' lang='lat'>:</span> <span class='ocrx_word' id='word_1_829' title='bbox 2892 5350 3004 5415; x_wconf 82' lang='lat' dir='ltr'><strong><em>Qui</em></strong></span> <span class='ocrx_word' id='word_1_830' title='bbox 3027 5349 3185 5403; x_wconf 77' lang='lat' dir='ltr'><strong><em>lotus</em></strong></span> <span class='ocrx_word' id='word_1_831' title='bbox 3205 5354 3288 5403; x_wconf 81' lang='lat' dir='ltr'><strong><em>est</em></strong></span> <span class='ocrx_word' id='word_1_832' title='bbox 3308 5348 3505 5413; x_wconf 83' lang='lat' dir='ltr'><strong><em>semel,</em></strong></span> 
     </span>
    </p>
   </div>
   <div class='ocr_carea' id='block_1_119' title="bbox 1853 5438 3506 5508">
    <p class='ocr_par' dir='ltr' id='par_1_119' title="bbox 1853 5438 3506 5508">
     <span class='ocr_line' id='line_1_119' title="bbox 1853 5438 3506 5508; baseline -0.002 -13"><span class='ocrx_word' id='word_1_833' title='bbox 1853 5456 1967 5495; x_wconf 84' lang='lat' dir='ltr'><strong><em>non</em></strong></span> <span class='ocrx_word' id='word_1_834' title='bbox 1981 5456 2110 5495; x_wconf 87' lang='lat' dir='ltr'><strong><em>eum</em></strong></span> <span class='ocrx_word' id='word_1_835' title='bbox 2125 5445 2354 5508; x_wconf 77' lang='lat' dir='ltr'><strong><em>oportet</em></strong></span> <span class='ocrx_word' id='word_1_836' title='bbox 2370 5440 2586 5495; x_wconf 78' lang='lat' dir='ltr'><strong><em>iterum</em></strong></span> <span class='ocrx_word' id='word_1_837' title='bbox 2612 5438 2823 5500; x_wconf 82' lang='lat' dir='ltr'><strong><em>lavari,</em></strong></span> <span class='ocrx_word' id='word_1_838' title='bbox 2844 5438 2943 5492; x_wconf 76' lang='lat' dir='ltr'><strong><em>sed</em></strong></span> <span class='ocrx_word' id='word_1_839' title='bbox 2968 5442 3051 5491; x_wconf 83' lang='lat' dir='ltr'><strong><em>est</em></strong></span> <span class='ocrx_word' id='word_1_840' title='bbox 3069 5438 3327 5492; x_wconf 83' lang='lat' dir='ltr'><strong><em>mundus</em></strong></span> <span class='ocrx_word' id='word_1_841' title='bbox 3349 5442 3506 5492; x_wconf 81' lang='lat' dir='ltr'><strong><em>totus</em></strong></span> 
     </span>
    </p>
   </div>
   <div class='ocr_carea' id='block_1_120' title="bbox 1852 5525 3503 5599">
    <p class='ocr_par' dir='ltr' id='par_1_120' title="bbox 1852 5525 3503 5599">
     <span class='ocr_line' id='line_1_120' title="bbox 1852 5525 3503 5599; baseline -0.001 -16"><span class='ocrx_word' id='word_1_842' title='bbox 1852 5528 1969 5599; x_wconf 83' lang='lat' dir='ltr'><strong><em>(Id.</em></strong></span> <span class='ocrx_word' id='word_1_843' title='bbox 2004 5544 2123 5591; x_wconf 75' lang='lat' dir='ltr'><strong><em>xm,</em></strong></span> <span class='ocrx_word' id='word_1_844' title='bbox 2158 5528 2266 5598; x_wconf 87' lang='grc'><strong><em>10.)</em></strong></span> <span class='ocrx_word' id='word_1_845' title='bbox 2293 5527 2551 5583; x_wconf 86' lang='lat' dir='ltr'><strong><em>Perfecta</em></strong></span> <span class='ocrx_word' id='word_1_846' title='bbox 2573 5526 2733 5582; x_wconf 90' lang='lat' dir='ltr'><strong><em>enim</em></strong></span> <span class='ocrx_word' id='word_1_847' title='bbox 2757 5525 3067 5583; x_wconf 79' lang='lat' dir='ltr'><strong><em>inundatio</em></strong></span> <span class='ocrx_word' id='word_1_848' title='bbox 3089 5542 3207 5583; x_wconf 93' lang='lat' dir='ltr'><strong><em>non</em></strong></span> <span class='ocrx_word' id='word_1_849' title='bbox 3243 5526 3301 5582; x_wconf 90' lang='lat' dir='ltr'><strong><em>in</em></strong></span> <span class='ocrx_word' id='word_1_850' title='bbox 3327 5526 3503 5583; x_wconf 86' lang='lat' dir='ltr'><strong><em>Joan-</em></strong></span> 
     </span>
    </p>
   </div>
  </div>
