4040 6174
191 87 278 144 {Si

182 228 305 267 ecce
335 227 444 284 per
464 215 645 266 totum
670 211 1003 279 biennium,
1034 229 1106 270 ex
1132 228 1254 286 quo
1286 215 1459 270 nobis
1488 211 1812 269 dulcissimi

183 301 377 356 fratres
400 304 700 355 Romanus
713 302 958 370 etAgilis
976 303 1053 356 ad
1082 318 1189 357 vos
1213 308 1652 365 remeaverunt,
1680 302 1811 355 nul-

176 390 255 445 las
285 406 321 444 a
350 390 510 444 vobis
534 389 756 445 litteras
786 392 1179 462 sumpsimus,
1206 392 1411 462 pigros
1440 391 1517 446 ad
1550 390 1809 445 scriben-

174 480 309 536 dum
336 478 490 533 iecit.
516 482 661 533 Nam
694 494 831 533 cum
859 482 918 534 in
946 480 1075 535 aliis
1099 480 1279 535 rebus
1304 488 1531 552 quanto
1552 480 1807 551 quisque

171 568 422 638 amplius
443 567 718 636 diligitur,
736 574 897 623 tanto
919 569 1495 638 digniorimitatione
1512 568 1804 636 videatur,

169 658 221 711 in
250 657 362 711 hac
387 671 450 711 re
474 662 678 712 contra
693 663 798 713 est.
821 659 950 722 Quo
976 658 1137 714 enim
1166 675 1272 713 vos
1294 673 1572 714 amamus
1594 657 1806 713 ardea-

170 746 374 809 tius,eo
397 746 595 800 minus
623 746 866 801 ferimus
878 748 1043 818 quod
1059 748 1232 803 nobis
1245 764 1366 803 non
1388 749 1673 812 scribitis;
1693 762 1803 802 nec

166 848 259 889 vos
274 835 331 888 in
352 849 426 889 eo
442 833 720 889 volumus
741 835 1317 908 imitari.Eoceigitur
1328 836 1661 893 salutamus
1674 852 1798 903 vos,

166 923 206 976 si
226 938 340 977 non
364 924 789 993 respondentes
814 924 1077 995 epistolis
1098 926 1329 990 vestris,
1357 942 1492 998 qua
1520 925 1695 981 nullae
1721 924 1799 980 ad

164 1026 263 1065 nos
294 1012 558 1078 veniunt,
592 1012 803 1067 saltem
843 1014 1309 1085 expostulantes,
1341 1020 1400 1069 et
1428 1026 1549 1070 non
1589 1014 1797 1069 dolore

162 1100 455 1164 mediocri,
488 1101 765 1172 quamvis
785 1102 1039 1158 fortasse
1082 1104 1261 1159 etiam
1288 1103 1556 1158 Charitas
1600 1109 1797 1159 vestra

159 1189 412 1243 similiter
432 1197 857 1262 conqueratur,
873 1191 1170 1262 siquidem
1192 1192 1406 1247 missas
1420 1209 1455 1247 a
1470 1192 1637 1247 vobis
1659 1208 1795 1247 nos-

158 1278 221 1332 tis
235 1293 366 1349 quas
387 1277 467 1333 ad
502 1293 608 1333 nos
636 1294 756 1333 non
780 1287 1202 1351 pervenerunt,
1229 1281 1613 1351 vicissimque
1632 1297 1668 1336 a
1694 1296 1794 1335 no-

156 1367 236 1420 bis
251 1382 381 1437 quae
409 1368 648 1422 emissas
668 1374 835 1423 erant
860 1384 981 1423 non
1008 1370 1328 1425 suntvobis
1344 1370 1518 1425 datae.
1546 1368 1717 1435 Quod
1743 1374 1790 1428 si

156 1457 222 1511 ita
246 1462 351 1519 est,
379 1456 663 1528 querelas
690 1463 923 1513 nostras
949 1464 1372 1514 convertemus
1402 1459 1462 1513 in
1481 1474 1682 1529 preces
1712 1457 1792 1514 ad

154 1545 477 1612 Dominum,
514 1560 587 1599 ne
615 1551 780 1601 tanta
809 1547 1023 1602 solatia
1047 1547 1299 1617 deneget
1332 1548 1530 1602 nobis.

212 1634 260 1687 2.
297 1633 569 1689 Scribere
601 1641 656 1690 te
685 1634 1069 1691 audieramus
1108 1636 1425 1692 adversum
1468 1640 1738 1705 Paganos
1772 1653 1785 1701 ;

153 1720 294 1794 Quod
324 1724 370 1777 si
401 1722 752 1779 absolutum
782 1728 888 1789 est,
918 1738 1266 1795 qumsumus
1291 1740 1364 1779 ne
1390 1724 1631 1781 differas
1660 1726 1789 1780 mit-

155 1819 254 1867 tere
283 1811 639 1883 perlatorem
674 1813 853 1883 hujus
885 1812 1173 1884 epistolm.
1215 1814 1441 1870 Charus
1474 1814 1649 1869 nobis
1676 1820 1785 1882 est,

152 1902 301 1969 cujus
328 1901 713 1957 testimationi
745 1903 803 1956 in
834 1903 1178 1972 regionibus
1209 1904 1424 1958 nostris
1455 1918 1783 1974 possumus

150 2005 250 2043 non
277 1994 501 2045 temere
530 1990 760 2045 bonum
790 1992 1203 2047 testimonium
1236 1992 1566 2063 perhibere.
1598 1995 1785 2061 Rogat

151 2092 238 2147 per
264 2093 365 2132 nos
390 2079 877 2134 Sanctimonium
908 2086 1193 2146 vestrum,
1228 2087 1286 2136 ut
1311 2097 1450 2135 eum
1481 2092 1784 2136 commen-

148 2165 268 2220 dare
283 2166 616 2234 dignemini
633 2183 772 2222 cum
789 2168 1009 2239 quibus
1030 2170 1082 2223 ei
1100 2170 1405 2237 negotium
1427 2174 1535 2237 est,
1551 2175 1603 2223 et
1618 2169 1781 2239 apud

149 2270 277 2325 quos
289 2270 357 2309 ne
380 2255 550 2310 bona
571 2272 753 2311 causa
775 2258 906 2326 ejus
926 2258 1317 2328 opprimatur,
1345 2258 1525 2313 timet.
1551 2258 1701 2323 Quid
1722 2259 1780 2313 in

147 2358 196 2397 re
219 2349 415 2411 agatur
440 2344 829 2399 commodius
854 2346 980 2417 ipse
1006 2347 1296 2401 narrabit:
1326 2348 1473 2417 quid
1498 2347 1675 2403 etiam
1702 2347 1782 2402 ad

150 2431 369 2501 singula,
396 2432 702 2505 quieforte
718 2434 990 2489 animum
1018 2435 1308 2491 moverint
1332 2436 1549 2491 inter...
1576 2436 1781 2504 gratis-

147 2523 334 2577 simum
364 2524 695 2588 habemus,
737 2530 791 2578 et
829 2524 993 2594 apud
1037 2525 1351 2579 Dominum
1410 2529 1593 2580 Deum
1646 2542 1781 2581 nos-

146 2614 277 2665 trum
306 2611 732 2666 sincerissimm
770 2618 981 2668 vestras
1021 2613 1372 2682 benignitati
1404 2615 1625 2682 gratias
1657 2615 1779 2684 agi-

150 2714 276 2763 inus,
316 2702 363 2754 si
402 2717 515 2772 per
551 2708 814 2756 vestram
842 2718 1092 2773 operam
1132 2704 1209 2758 de
1242 2702 1544 2760 christiani
1582 2702 1776 2759 fratris

150 2789 424 2845 securitate
456 2790 859 2859 gaudeamus.

598 2881 927 2936 EPISTOLA
981 2882 1159 2935 XLVI"
1201 2882 1300 2951 (α).

206 2967 464 3022 Publicola
497 2970 803 3037 Augustino
839 2972 1092 3040 proponit
1122 2972 1323 3025 multas
1356 2971 1698 3041 quaestiones.

204 3055 400 3113 Dilecto
430 3063 487 3113 et
521 3057 843 3113 venerabili
870 3060 1026 3129 patri
1050 3066 1366 3115 AUGUSTlNO
1392 3061 1697 3131 episcopo,

778 3148 1109 3203 Pusucou.

203 3241 461 3312 Scriptum
490 3248 573 3298 est
598 3261 612 3297 :
640 3246 969 3314 «Interroga
990 3249 1205 3314 patrem
1228 3250 1403 3311 tuum,
1428 3254 1479 3301 et
1500 3246 1769 3302 indicabit

150 3347 170 3376 α
198 3331 287 3383 tibi
306 3353 323 3393 ;
348 3335 591 3388 seniores
622 3337 758 3396 tuos,
790 3337 843 3388 et
871 3334 1050 3388 dicent
1082 3336 1183 3389 tibi
1216 3356 1239 3385 »
1270 3335 1452 3405 (Deut.
1483 3350 1659 3399 χχχιι,
1687 3338 1766 3403 7).

153 3416 276 3471 Unde
296 3424 343 3473 et
369 3421 509 3475 mihi
528 3422 925 3491 exquirendum
959 3425 1129 3492 legem
1159 3424 1225 3477 de
1251 3436 1341 3478 ore
1368 3424 1661 3478 sacerdotis
1678 3424 1771 3493 ju-

149 3505 295 3561 dicavi
319 3511 372 3562 in
392 3524 565 3565 causa
587 3512 689 3566 tali
701 3528 719 3564 :
741 3526 860 3582 quae
882 3508 1060 3581 qualis
1080 3514 1276 3581 sit,per
1293 3514 1506 3567 litteras
1524 3528 1731 3582 expono
1748 3531 1767 3575 ;

148 3595 283 3649 simul
301 3600 462 3652 etiam
484 3604 547 3652 ut
575 3604 625 3654 et
647 3616 737 3668 ego
758 3600 1007 3654 instruar
1022 3605 1080 3655 in
1098 3600 1324 3656 diversis
1340 3604 1537 3656 causis.
1562 3603 1767 3670 Singu-

151 3683 215 3736 las
230 3691 395 3740 autem
413 3689 739 3758 quaestiones
758 3694 810 3745 et
834 3690 1090 3754 diversas,
1104 3705 1202 3759 per
1224 3692 1464 3760 capitula
1487 3692 1768 3759 designari

147 3772 250 3838 feci,
277 3774 338 3827 ad
367 3792 498 3845 quas
528 3776 863 3845 singillatim
914 3776 1145 3847 dignare
1193 3778 1533 3847 respondere.
1590 3808 1655 3818 --
1703 3781 1767 3834 In

149 3861 439 3930 Anugibus,
464 3868 523 3917 ut
556 3865 763 3929 audivi,
794 3866 1075 3920 decurioni
1102 3868 1199 3936 qui
1221 3867 1389 3921 limiti
1415 3869 1429 3902 ¹
1461 3872 1657 3937 praeest
1684 3870 1764 3922 vel

150 3947 334 4004 tribuno
360 3952 531 4006 solent
551 3953 749 4023 jurare
787 3954 1036 4018 barbari,
1068 3956 1325 4025 juruntes
1361 3970 1458 4025 per
1495 3956 1763 4011 daemones

146 4047 259 4095 suos,
284 4041 371 4107 qui
396 4041 464 4093 ad
493 4042 830 4096 deducendas
857 4043 1107 4111 bastagas
1139 4043 1213 4113 (b)
1239 4044 1386 4111 pacti
1413 4047 1644 4112 fuerint,
1677 4047 1762 4100 vel

147 4121 291 4193 aliqui
306 4128 370 4181 ad
390 4130 688 4184 servandas
714 4132 897 4200 fruges
924 4133 1086 4200 ipsas,
1111 4132 1317 4202 singuli
1335 4146 1656 4201 possessores
1678 4136 1761 4189 vel

147 4213 452 4271 conductores
487 4219 663 4272 solent
702 4218 772 4272 ad
809 4219 1186 4274 custodiendas
1230 4224 1416 4290 fruges
1462 4224 1753 4293 suscipere,

146 4304 275 4366 quasi
299 4306 415 4373 jam
451 4308 656 4373 ﬁdeles,
710 4309 993 4378 epistolam
1029 4308 1317 4365 decurione
1368 4313 1634 4375 mittente,
1674 4314 1758 4367 vel

145 4389 316 4458 singuli
340 4397 678 4450 transeuntes
706 4397 901 4465 quibus
930 4412 1133 4452 necesse
1154 4403 1234 4452 est
1259 4415 1354 4468 per
1381 4414 1466 4454 eos
1497 4400 1752 4456 transire.

149 4474 428 4535 Hibiautem
447 4484 772 4554 disceptatio
798 4487 857 4538 in
875 4486 1030 4540 corde
1050 4492 1183 4541 nata
1204 4492 1304 4553 est,
1318 4491 1368 4542 si
1385 4487 1476 4543 ille
1494 4504 1756 4559 possessor

148 4624 343 4705 {inperio
362 4633 513 4705 datis,
533 4636 730 4705 quibus
758 4638 832 4705 illi
854 4640 1171 4705 co_ns_titu‘tas
1193 4641 1245 4687 in
1268 4641 1542 4689 haereticos
1569 4656 1754 4705 poenas

150 4690 294 4767 subire
314 4690 588 4751 tenientur,
616 4716 639 4743 α
673 4700 771 4767 nisi
808 4700 874 4767 ad
896 4699 985 4767 Dei
1014 4700 1217 4749 cultum
1250 4690 1753 4767 venerationi-inque

149 4748 447 4805 christianam
471 4748 716 4809 conversi
746 4760 961 4809 fuerint.
998 4782 1022 4807 ι

172 4816 206 4889 ,ί
234 4821 499 4889 ,ᾼιω-μῌθᾴέ
533 4826 586 4889 et
618 4824 747 4889 Mss.
780 4829 1005 4889 septem,
1044 4825 1224 4879 militi.
1268 4827 1370 4875 Sed
1422 4828 1613 4877 melius
1643 4830 1750 4886 alii,

152 4872 292 4951 limiti:
437 4884 629 4951 AN_9_ti_t_._
640 4872 966 4951 dignitatum
993 4872 1222 4951 imperii:

196 4936 375 5014 ’VXLVI
404 4949 453 4993 et
481 4936 944 5014 XLVIIrEcensltae
967 4936 1093 4998 sunt
1126 4950 1190 4999 ad
1214 4936 1261 5000 a.
1290 4950 1377 5014 bg.
1408 4952 1478 5001 bl.
1507 4964 1555 5001 c.
1587 4967 1663 5001 cc.
1696 4952 1749 5002 σ.

179 5013 368 5111 ﬁt)?
399 5021 440 5054 r.
473 5022 514 5057 ε.
548 5014 583 5057 t.
618 5025 697 5058 vc.
736 5012 870 5059 duos
906 5012 984 5060 sb.
1032 5020 1263 5075 quatuor
1296 5012 1353 5061 νζ
1380 5015 1455 5071 ad
1474 5018 1587 5064 Ani.
1624 5017 1749 5066 Bad.

208 5099 217 5107 .
252 5078 360 5114 ιδον.

200 5122 256 5175 (αι
287 5127 416 5178 Alias
452 5133 567 5181 153:
600 5148 718 5197 qum
754 5140 934 5184 autem
965 5138 1023 5184 46
1046 5140 1175 5193 erat,
1214 5152 1355 5187 nunc
1390 5140 1500 5187 214.
1546 5142 1752 5206 Scripta

150 5180 257 5233 forte
286 5202 369 5242 an.
409 5194 512 5243 398.

286 5202 369 5242 an.
409 5202 512 5242 398.

202 5248 258 5326 [δι
278 5250 532 5326 βᾶξιᾳεᾶᾶ
555 5259 785 5326 bastazo,
809 5262 1003 5324 bajulo.
1034 5264 1280 5326 ferculum
1303 5268 1391 5319 est,
1422 5266 1576 5326 juxta
1607 5267 1749 5316 Lexi-

152 5314 232 5382 fon
270 5311 449 5382 lvi-id.“
481 5338 505 5366 ι
542 5311 818 5382 portandis
864 5311 1044 5373 rebus,
1067 5311 1342 5375 ﬂscalibus
1380 5311 1749 5378 laetamen.

154 5371 318 5453 £2923
350 5371 734 5453 bastagiavero
763 5371 1040 5453 dicebatur
1068 5371 1267 5450 ipsum—
1286 5371 1751 5453 Emis

153 5438 248 5481 tum
270 5449 431 5490 rerum
467 5438 558 5507 ρξε’
581 5446 841 5509 jumente.

1415 84 1911 144 EPISTOLARUM
1952 85 2239 143 GLASSIS
2282 90 2355 145 ΙΙ.

3476 90 3582 146 182

1921 214 2327 285 quisusceperit
2350 216 2659 281 barbarum,
2676 216 2831 286 cujus
2848 215 2981 285 ﬁdes
2997 230 3095 285 per
3109 215 3582 284 diemonumjura'

1920 303 2123 355 tionem
2158 303 2322 370 ﬁrma
2352 307 2467 359 visa
2495 313 2592 367 est,
2628 322 2737 360 non
2768 306 3161 374 coinquinatur
3200 306 3280 359 vel
3328 306 3457 376 ipse,
3498 306 3581 360 vel

1918 390 2019 444 illa
2040 407 2159 459 qua
2173 394 2427 456 custodit,
2444 395 2624 449 velille
2654 395 2749 464 qui
2773 394 3068 449 deducitur
3088 411 3121 447 a
3142 393 3427 449 deductore
3452 394 3580 448 bar-

1919 479 2066 534 baro.
2098 480 2201 535 Sed
2231 481 2328 536 hoc
2378 482 2530 537 debes
2566 485 2710 537 scire
2764 484 2893 552 quia
2929 484 3024 552 qui
3044 482 3206 549 jurat
3246 483 3512 538 barbarus
3544 501 3580 539 a

1911 583 2207 637 possessore
2234 587 2330 639 pro
2360 570 2642 626 servandis
2679 572 2929 640 frugibus
2969 572 3205 641 accipiat
3240 586 3460 635 aurum,
3494 574 3575 628 vel

1912 672 1948 708 a
1982 657 2194 713 viatore
2221 658 2505 714 deductor:
2536 659 2627 714 sed
2657 662 2839 713 tamen
2871 675 2994 713 cum
3018 659 3118 713 hac
3140 658 3310 714 veluti
3334 660 3574 715 mercede

1910 760 2029 813 quas
2048 746 2181 801 solet
2209 746 2335 801 dari
2364 760 2403 803 a
2428 762 2747 815 possessore,
2774 749 2860 802 vel
2886 764 2917 801 a
2946 750 3169 813 viatore,
3188 749 3572 817 juramentum

1907 834 2075 887 etiam
2115 835 2255 890 illud
2281 839 2338 890 in
2369 837 2545 891 medio
2577 841 2656 891 est
2688 837 2921 891 mortale
2951 836 3141 890 datum
3170 837 3455 893 decurioni
3487 838 3571 893 vel

1907 922 2319 994 tribuno:quod
2340 926 2628 996 perturbat
2660 940 2744 979 me
2764 941 2831 979 ne
2856 925 3065 994 polluat
3088 924 3247 979 illum
3278 927 3374 995 qui
3400 928 3569 980 susci-

1901 1011 1986 1080 pit
2013 1011 2238 1067 barbari
2248 1014 2650 1083 juramentum,
2672 1015 2755 1068 vel
2771 1014 2870 1068 illa
2892 1030 3009 1084 quas
3030 1013 3260 1069 custodit
3277 1014 3564 1069 barbarus.

1907 1098 2253 1170 Quacumque
2290 1104 2441 1156 enim
2470 1102 2797 1167 conditione,
2825 1103 2997 1157 etiam
3026 1118 3161 1157 auro
3191 1102 3317 1157 dato
3346 1109 3399 1157 et
3428 1103 3569 1157 obsi-

1901 1186 2059 1241 dibus
2107 1190 2276 1255 datis,
2318 1194 2379 1245 ut
2421 1191 2630 1254 audivi,
2683 1195 2864 1246 tamen
2895 1192 3280 1262 juramentum
3312 1193 3566 1262 iniquum

1901 1276 2145 1332 medium
2178 1280 2500 1335 intercessit.
2526 1282 2766 1350 Dignare
2792 1284 2978 1334 autem
3000 1280 3143 1335 mihi
3159 1280 3432 1350 definitive
3456 1296 3567 1335 res-

1898 1366 2127 1429 cribere,
2145 1373 2197 1421 et
2214 1384 2324 1422 non
2339 1386 2614 1439 suspense.
2634 1368 2782 1436 Quod
2802 1371 2851 1423 si
2876 1371 2987 1437 ipse
3001 1370 3204 1423 scribas
3224 1369 3561 1433 dubitanter,

1898 1468 1989 1522 ego
2037 1454 2098 1508 in
2130 1456 2365 1524 majores
2411 1458 2781 1512 dubitationes
2816 1458 3054 1513 incidere
3108 1474 3346 1529 possum,
3396 1474 3563 1527 quam

1897 1546 2191 1613 antequam
2218 1547 2650 1615 interrogassem.
2677 1572 2742 1586 -ι-
2758 1547 2862 1599 Hoc
2886 1548 3059 1601 etiam
3079 1546 3211 1600 audi
3217 1548 3287 1611 vi,
3307 1546 3437 1617 quia
3455 1547 3561 1615 ipsi

1897 1630 2139 1687 homines
2158 1634 2506 1691 conductores
2528 1637 2623 1706 qui
2635 1645 2881 1706 praesunt
2900 1637 2984 1691 rei
3004 1636 3559 1703 mese,juramentum

1891 1736 1991 1790 per
2019 1722 2293 1777 (immanes
2330 1739 2453 1778 suos
2481 1725 2804 1793 jurantibus
2854 1726 3105 1780 barbaris
3141 1725 3419 1794 accipiunt
3453 1738 3555 1793 pro

1894 1809 2176 1863 servandis
2200 1812 2474 1881 frugibus.
2505 1812 2565 1866 Si
2589 1829 2717 1882 ergo
2747 1829 2873 1868 cum
2902 1814 2988 1867 illi
3008 1813 3209 1882 jurant
3237 1828 3334 1883 per
3357 1811 3555 1865 daemo-

1892 1912 1987 1950 nes
2013 1913 2136 1951 suos
2162 1903 2222 1951 ut
2246 1899 2767 1971 custodiantfruges,
2785 1917 2890 1956 non
2905 1902 3159 1972 polluunl
3178 1902 3322 1971 ipsas
3338 1902 3545 1969 fruges,

1892 1994 1951 2039 ut
1973 1988 2022 2039 si
2048 1985 2172 2041 inde
2202 1990 2615 2045 manducaverit
2642 1991 2975 2045 christianus
3000 1992 3173 2044 sciens
3192 1992 3273 2044 vel
3297 1990 3361 2044 de
3372 1991 3548 2061 pretio

1892 2075 2137 2140 ipsarum
2152 2092 2339 2130 rerum
2351 2079 2540 2145 fuerit,
2555 2080 2955 2149 coinquinetur,
2970 2080 3283 2149 significare
3293 2078 3543 2148 dignare.

1892 2188 1959 2201 —
1989 2164 2121 2216 [tem
2149 2163 2217 2217 ab
2248 2164 2357 2218 alio
2387 2166 2578 2220 audivi
2602 2167 2741 2235 quod
2770 2167 3083 2221 conductori
3112 2181 3220 2221 nan
3241 2166 3475 2234 juratur
3512 2179 3548 2218 a

1890 2249 2142 2318 barbaro,
2196 2257 2249 2306 et
2298 2254 2445 2308 alter
2498 2254 2642 2308 dixit
2691 2256 2822 2325 quia
2842 2256 3081 2325 juratur
3117 2254 3455 2310 conductori.
3489 2252 3549 2307 Si

1888 2340 2056 2394 etiam
2085 2341 2285 2407 falsum
2312 2343 2448 2397 mihi
2472 2343 2618 2397 dixit
2650 2344 2762 2409 ille,
2797 2345 2898 2415 qui
2923 2344 3067 2398 dixit
3091 2344 3288 2413 jurari
3316 2342 3547 2396 conduci

1890 2430 2017 2493 tori,
2046 2431 2095 2482 si
2114 2430 2241 2499 jam
2270 2447 2367 2497 pro
2399 2431 2495 2485 hoc
2522 2432 2661 2501 quod
2691 2433 2866 2486 solum
2898 2433 3103 2494 audivi,
3138 2447 3247 2486 non
3272 2432 3432 2486 debeo
3463 2431 3549 2483 uti

1888 2518 1951 2572 de
1976 2518 2109 2587 ipsis
2145 2520 2419 2588 frugibus,
2463 2520 2544 2575 vel
2586 2520 2648 2575 de
2676 2523 2850 2591 pretio
2879 2522 3127 2590 ipsarum
3146 2524 3367 2591 pr0pler
3394 2519 3547 2573 audi-

1886 2614 2005 2660 tum
2032 2608 2226 2670 solum,
2260 2610 2390 2678 quia
2415 2608 2623 2663 dictum
2652 2614 2731 2664 est
2763 2627 2779 2663 :
2813 2631 2842 2659 ‹‹
2868 2610 2928 2666 Si
2954 2614 3139 2665 autem
3166 2611 3287 2679 quis
3308 2609 3546 2663 dixerit:

1888 2716 1916 2743 «
1957 2696 2065 2751 Hoc
2093 2697 2509 2751 immolatitium
2532 2702 2611 2752 est
2637 2698 2815 2762 idolis,
2832 2699 3000 2753 nolite
3022 2699 3370 2761 manducare,
3388 2714 3546 2768 prop-

1887 2804 1916 2834 «
1957 2788 2039 2838 ter
2072 2785 2232 2838 illum
2257 2786 2351 2855 qui
2378 2786 2647 2842 indicavit
2672 2789 2701 2839 ?
2739 2805 2759 2837 ο
2794 2788 2840 2854 (l
2876 2788 2996 2842 Cor.
3028 2804 3087 2853 x,
3121 2788 3237 2857 ‘28).
3272 2786 3331 2841 Si
3360 2791 3544 2840 tamen

1882 2874 2050 2927 etiam
2079 2874 2189 2927 haec
2211 2891 2378 2928 causa
2396 2876 2596 2930 similis
2617 2880 2696 2931 est
2716 2892 2893 2931 causa:
2913 2877 2977 2931 de
2998 2877 3367 2931 immolatitio.
3390 2874 3541 2942 Quod

1880 2964 1930 3014 si
1940 2964 2019 3015 ita
2040 2967 2137 3024 est,
2156 2964 2284 3033 quid
2295 2962 2454 3019 debeo
2476 2965 2539 3019 de
2562 2968 2691 3035 ipsis
2708 2966 2983 3035 frugibus,
3006 2966 3089 3020 vel
3109 2965 3174 3019 de
3194 2967 3371 3035 pretio
3396 2967 3537 3032 ipsa-

1880 3066 2006 3103 rum
2024 3051 2247 3121 facere?
2270 3080 2335 3093 -
2351 3054 2412 3107 Si
2433 3054 2594 3109 debeo
2611 3056 2889 3124 requirere
2917 3054 2981 3109 de
3009 3058 3257 3124 utroque,
3287 3055 3382 3123 qui
3402 3052 3539 3106 mihi

1878 3139 2021 3193 dixit
2052 3142 2181 3209 quia
2220 3157 2324 3196 non
2346 3144 2585 3209 juratur
2616 3142 2952 3207 conductori,
2986 3146 3084 3198 aut
3113 3145 3207 3213 qui
3236 3142 3380 3197 dixit
3407 3143 3538 3211 quia

1867 3230 2104 3297 juratur
2128 3230 2444 3286 conductori
2466 3250 2483 3294 ;
2527 3236 2579 3285 et
2609 3231 2815 3286 dictum
2854 3234 3280 3302 uniuscujusque
3303 3231 3537 3301 probare

1873 3334 1969 3386 per
1998 3322 2171 3382 testes,
2213 3321 2309 3389 qui
2346 3336 2536 3374 verum
2579 3320 2725 3375 dixit
2751 3320 2815 3375 de
2848 3322 2959 3375 illis
3001 3321 3224 3385 duobus,
3262 3323 3313 3375 et
3342 3318 3537 3373 tandiu

1871 3421 1979 3459 non
2005 3409 2317 3476 contingere
2345 3408 2555 3478 deipsis
2581 3410 2854 3479 frugibus,
2878 3412 2957 3465 vel
2983 3410 3046 3465 de
3074 3413 3272 3481 pretio,
3290 3407 3536 3479 quandiu

1873 3495 2014 3549 mihi
2040 3496 2327 3566 probatum
2352 3499 2519 3565 fuerit
2549 3499 2598 3551 si
2616 3514 2800 3552 verum
2827 3499 2972 3552 dixit
3003 3500 3098 3553 ille
3122 3500 3217 3569 qui
3241 3499 3384 3551 dicit
3404 3497 3535 3566 quia

1872 3599 1979 3637 non
2001 3584 2230 3651 juralur
2259 3585 2620 3639 conductori?
2652 3612 2718 3625 σ-
2749 3586 2808 3639 Si
2838 3586 3105 3641 barbarus
3137 3588 3232 3655 qui
3257 3601 3355 3656 per
3376 3586 3539 3654 jura-

1870 3676 2116 3725 mentum
2142 3689 2303 3727 suum
2318 3674 2477 3743 jurat
2504 3675 2730 3740 malum,
2752 3676 2945 3743 fecerit
2978 3675 3139 3729 illum
3163 3674 3530 3729 christianum

1870 3760 2267 3824 conductorem,
2311 3762 2398 3817 vel
2436 3764 2720 3817 tribunum
2759 3764 2853 3833 qui
2883 3764 3050 3817 limiti
3076 3768 3295 3832 praeest,
3331 3763 3531 3831 jurare

1867 3850 1973 3902 sibi
1995 3866 2093 3919 pro
2117 3849 2220 3918 fide
2237 3850 2324 3903 illi
2345 3852 2615 3905 servanda
2639 3868 2737 3921 pro
2766 3851 3130 3907 custodiendis
3146 3852 3421 3920 frugibus,
3434 3866 3529 3921 per

1870 3938 2047 4007 ipsum
2067 3938 2447 4006 juramentum
2470 3942 2703 3994 mortale
2732 3956 2830 4010 per
2848 3940 2987 4009 quod
3004 3941 3115 4010 ipse
3125 3940 3526 4011 jurat,sisolus

1866 4026 1961 4080 ille
1986 4027 2317 4081 christianus
2345 4029 2727 4098 coinquinalus
2748 4030 2861 4083 sit?
2881 4031 2941 4084 Si
2964 4044 3069 4083 non
3097 4037 3147 4083 et
3170 4030 3268 4083 illa
3293 4045 3525 4098 quorum

1863 4132 2027 4169 causa
2031 4117 2229 4185 jurat?
2250 4118 2349 4171 Aul
2373 4119 2423 4171 si
2443 4134 2693 4188 paganus
2715 4120 2808 4189 qui
2828 4120 2998 4173 limiti
3022 4123 3236 4188 praeest,
3245 4119 3307 4187 ju
3318 4120 3525 4173 raverit

1867 4205 2095 4259 barbaro
2104 4222 2203 4275 pro
2215 4206 2418 4273 ﬁdeilli
2445 4208 2714 4261 servanda
2741 4223 2844 4275 per
2865 4207 3093 4261 mortale
3112 4208 3142 4276 j
3149 4211 3399 4260 uramenl
3408 4223 3521 4271 um,

1860 4295 1909 4348 si
1945 4310 2055 4349 non
2092 4296 2411 4365 coinquinat
2448 4312 2544 4365 pro
2582 4298 2775 4366 quibus
2791 4297 2997 4366 jurat?
3035 4296 3095 4351 Si
3122 4312 3281 4365 quem
3323 4297 3524 4351 misero

1861 4382 1930 4435 ad
1950 4384 2206 4454 Arsuges,
2238 4385 2287 4437 si
2317 4383 2441 4437 licet
2472 4386 2523 4438 ei
2540 4385 2928 4453 juramentum
2956 4386 3201 4453 accipere
3228 4402 3259 4437 at
3294 4384 3523 4438 barbaro

1860 4471 1999 4524 illud
2020 4476 2288 4538 mortale;
2314 4476 2366 4526 et
2385 4476 2435 4526 si
2456 4490 2563 4527 non
2587 4475 2997 4543 coinquinalur,
3020 4474 3069 4526 si
3088 4474 3385 4541 susceperit
3412 4472 3524 4526 tale

1849 4562 2238 4628 juramenlum
2270 4562 2603 4616 christianus
2635 4564 2662 4615 i’
2693 4590 2760 4602 —-
2791 4564 2849 4617 Si
2885 4562 2950 4616 de
2997 4578 3129 4616 area
3168 4563 3523 4616 trituraloria

1862 4650 2035 4702 tritici
2056 4651 2137 4704 vel
2158 4653 2549 4720 cujuscumque
2569 4652 2881 4722 leguminis,
2904 4656 3003 4706 aut
3025 4652 3311 4719 torculari,
3336 4651 3400 4706 de
3418 4667 3522 4721 quo

1858 4736 2095 4791 daemoni
2118 4738 2361 4793 oblatum
2386 4749 2481 4804 est,
2510 4742 2559 4793 si
2590 4740 2710 4795 licet
2741 4740 2866 4795 inde
2894 4741 3231 4795 manducare
3260 4740 3523 4795 christia-

1858 4843 1993 4879 num
2022 4828 2282 4881 scientem
2307 4828 2336 4878 ?
2384 4856 2448 4869 -
2491 4830 2563 4883 De
2604 4831 2723 4883 luco
2752 4832 2801 4883 si
2828 4830 2949 4884 licet
2981 4830 3051 4883 ad
3078 4830 3315 4899 aliquem
3358 4844 3515 4882 usum

1855 4930 2016 4967 suum
2054 4914 2420 4971 christianum
2453 4919 2713 4972 scientem
2747 4920 2897 4987 ligna
2924 4919 3111 4973 tollere
3142 4919 3170 4971 ?
3199 4944 3265 4956 -ι
3302 4916 3360 4970 Si
3399 4918 3517 4985 quis

1857 5002 2051 5056 cadens
2073 5003 2143 5056 ad
2162 5004 2452 5058 macellum
2479 5010 2625 5059 emat
2649 5022 2875 5060 carnem
2902 5023 3021 5075 qua:
3049 5022 3155 5061 non
3176 5008 3247 5060 sit
3270 5004 3519 5059 immola-

1855 5092 1999 5155 titia,
2041 5097 2092 5146 el
2115 5095 2470 5162 cogitationes
2497 5094 2630 5148 duas
2659 5095 2912 5149 habuerit
2945 5097 3003 5148 in
3032 5094 3207 5157 corde,
3238 5092 3377 5162 quod
3416 5095 3516 5147 im-

1854 5181 2060 5235 molata
2087 5184 2179 5247 sit,
2212 5187 2264 5237 et
2288 5198 2396 5237 non
2425 5184 2498 5236 sit
2524 5184 2827 5246 immolata,
2855 5188 2907 5237 et
2938 5184 3095 5237 illam
3114 5183 3353 5236 tenuerit
3374 5184 3517 5252 cogi-

1857 5272 2119 5325 tationem
2167 5288 2275 5341 qua
2308 5289 2412 5325 non
2446 5274 2791 5327 immolatum
2826 5274 3106 5341 cogitabit,
3138 5273 3187 5325 si
3216 5271 3517 5325 manduca-

1854 5362 1994 5413 verit
2021 5378 2094 5413 an
2117 5362 2339 5430 peccat?
2366 5390 2430 5402 -
2461 5362 2520 5416 Si
2542 5363 2662 5431 quis
2692 5362 2886 5415 bonam
2910 5377 3045 5425 rem,
3074 5361 3137 5416 de
3168 5377 3275 5431 qua
3297 5360 3514 5415 dubitat

1855 5465 1929 5502 an
1966 5448 2104 5501 bona
2133 5454 2230 5503 aut
2262 5452 2407 5504 mala
2459 5452 2549 5513 sit,
2601 5452 2652 5503 si
2687 5451 2856 5517 faciat
2898 5454 3096 5521 putans
3137 5450 3350 5513 bonam,
3391 5465 3517 5504 cum
