4078 6166
394 156 399 159 »
490 121 599 177 183

485 255 670 307 tamen
697 252 935 322 putasset
962 256 1011 304 et
1038 249 1262 312 malam,
1292 249 1341 301 si
1357 252 1638 318 peccatum
1658 248 1728 302 ad
1751 250 2028 304 scribatur
2047 251 2137 304 ei?

484 371 554 380 —
585 339 645 393 Si
676 343 796 409 quis
825 340 1027 393 diverit
1057 337 1197 406 quod
1226 336 1641 391 immolatitium
1669 342 1746 392 est
1774 340 2060 405 mentiens,
2085 343 2137 393 et

481 437 663 500 postea
693 428 898 482 dixerit
938 428 1135 480 iterum
1166 427 1296 495 quia
1342 427 1603 481 mentitus
1652 434 1749 493 est,
1791 432 1840 481 et
1870 428 1939 481 ad
1976 428 2138 497 ﬁdem

484 533 610 573 vere
629 517 889 569 mentitus
912 518 1007 577 est,
1024 515 1073 568 si
1098 515 1221 569 licet
1246 514 1614 569 christianum
1638 515 1764 570 inde
1786 516 2135 581 manducare,

484 608 581 659 aut
618 603 863 667 vendere,
892 610 941 656 et
968 603 1033 657 de
1067 604 1243 674 pretio
1274 605 1359 657 uti
1387 620 1461 659 ex
1500 620 1559 659 eo
1590 604 1729 675 quod
1757 605 1969 659 audivit
2000 609 2025 658 .9
2071 636 2139 644 ~—

488 693 548 747 Si
575 691 907 746 christianus
940 691 1142 762 aliquis
1171 692 1481 756 ambulans,
1524 709 1711 763 possus
1739 696 2135 759 necessitatem,

483 783 658 835 victus
678 783 825 850 fame
852 782 1017 835 unius
1037 780 1168 845 diei,
1184 782 1271 836 vel
1293 782 1462 847 bidui,
1480 782 1565 837 vel
1585 783 1887 836 multorum
1904 783 2139 850 dierum,

484 873 547 924 ut
589 869 704 932 iam
737 869 942 923 durare
971 886 1082 923 non
1126 872 1313 940 possit,
1366 872 1444 925 ita
1491 873 1811 937 occurrerit,
1845 880 1904 927 ut
1933 873 1993 926 in
2024 873 2140 942 ipsa

483 959 802 1013 necessitate
827 960 1012 1025 famis,
1043 960 1100 1011 in
1124 975 1228 1028 qua
1261 959 1368 1013 sibi
1396 958 1541 1014 videt
1555 962 1680 1028 jam
1705 965 1937 1015 mortem
1955 963 2145 1031 proxi-

488 1062 666 1111 mare,
686 1048 959 1100 invenerit
980 1046 1164 1101 cibum
1186 1048 1245 1100 in
1272 1047 1438 1102 idolio
1459 1051 1723 1118 positum,
1746 1050 1842 1103 ubi
1862 1049 2049 1104 nullus
2070 1052 2143 1105 sit

489 1133 791 1200 hominum,
808 1138 860 1188 et
872 1151 975 1188 non
996 1138 1160 1204 possit
1174 1136 1417 1191 invenire
1430 1137 1605 1190 alium
1620 1138 1821 1202 cibum,
1837 1139 1987 1193 debet
2005 1140 2145 1193 mori

485 1228 584 1278 aut
606 1224 800 1279 exinde
818 1223 1036 1277 cibari?
1052 1256 1117 1263 ——
1144 1223 1205 1277 Si
1227 1225 1562 1280 christianus
1586 1226 1765 1282 videat
1785 1243 1840 1281 se
1860 1244 1893 1280 a
1906 1228 2143 1282 barbaro

489 1314 569 1368 vel
598 1316 834 1367 Romano
872 1313 1008 1367 velle
1046 1314 1307 1383 interﬁci,
1338 1314 1489 1369 debet
1527 1331 1613 1369 eos
1659 1317 1774 1386 ipse
1803 1317 2144 1371 christianus

486 1405 810 1471 interﬁcere,
843 1419 912 1457 ne
950 1404 1018 1457 ab
1048 1404 1164 1458 illis
1196 1406 1609 1474 interﬁciatur:
1662 1406 1745 1461 vel
1791 1408 1842 1460 si
1875 1408 1997 1461 licet
2027 1409 2146 1461 sine

490 1492 879 1553 interfectione
905 1508 989 1547 eos
1016 1493 1274 1563 repellere
1299 1495 1378 1547 vel
1408 1495 1746 1564 impugnare,
1780 1496 1910 1565 quia
1939 1495 2146 1549 dictum

489 1584 569 1634 est
600 1595 619 1635 :
653 1599 679 1630 «
711 1581 829 1634 Non
881 1582 1134 1635 resistere
1163 1584 1308 1635 malo
1335 1583 1363 1635 ?
1394 1604 1420 1630 ››
1466 1583 1682 1651 (Matth.
1735 1600 1786 1647 ν,
1829 1584 1940 1653 39).
1981 1614 2051 1623 —
2090 1584 2149 1638 Si

488 1686 711 1723 murum
722 1670 1056 1738 possessioni
1080 1670 1231 1724 debet
1260 1671 1321 1724 ch
1331 1673 1595 1725 ristianus
1610 1673 1789 1739 facere
1802 1672 2149 1743 propter/tos-

492 1762 621 1822 tem,
655 1762 707 1812 et
729 1760 779 1811 si
803 1758 900 1811 ille
918 1757 1250 1813 christianus
1270 1761 1365 1829 qui
1387 1762 1581 1829 fecerit
1599 1777 1839 1826 murum,
1856 1778 2019 1815 causa
2038 1778 2146 1817 non

493 1848 678 1901 existit
701 1846 1001 1908 homicidii,
1035 1863 1156 1901 cum
1182 1848 1308 1902 inde
1332 1848 1511 1918 aliqui
1536 1852 1797 1919 cceperint
1814 1866 2076 1921 pugnare,
2097 1855 2149 1905 et

494 1936 804 2004 interﬁcere
842 1935 1016 1991 hostes
1045 1937 1074 1987 ?
1112 1968 1179 1976 —
1218 1937 1280 1990 Si
1317 1938 1443 1992 licet
1470 1937 1535 1992 de
1562 1940 1702 2007 fonte
1743 1939 1942 2006 bibere,
1983 1939 2065 1994 vel
2089 1939 2149 1992 de

493 2026 653 2093 puteo
679 2023 776 2077 ubi
799 2023 863 2078 de
892 2026 1160 2093 sacriﬁcio
1191 2025 1400 2095 aliquid
1424 2028 1652 2080 missum
1679 2032 1757 2081 est
1776 2029 1804 2081 .9
1828 2028 1886 2081 Si
1909 2028 1974 2081 de
1995 2032 2150 2098 pateo

496 2113 591 2181 qui
611 2113 671 2165 in
692 2112 889 2181 templo
909 2117 1006 2178 est,
1030 2116 1083 2167 et
1103 2113 1371 2168 desertum
1391 2116 1607 2183 factum
1625 2120 1702 2170 est
1724 2116 1872 2171 debet
1896 2118 2151 2171 christia-

494 2216 599 2254 nus
628 2201 848 2255 bibere?
867 2200 925 2255 Si
951 2202 1006 2254 in
1033 2204 1227 2272 templo
1253 2220 1355 2272 quo
1380 2203 1583 2258 colitur
1609 2205 1829 2267 idolum,
1860 2211 2053 2276 puteus
2076 2206 2153 2260 ibi

498 2290 573 2342 sit
604 2290 686 2343 vel
712 2291 851 2358 fons,
886 2294 937 2344 et
968 2290 1112 2345 nihil
1141 2292 1219 2345 ibi
1245 2296 1454 2361 factum
1485 2297 1553 2347 sit
1585 2296 1640 2346 in
1673 2293 1855 2348 eodem
1884 2300 2040 2363 puteo
2069 2296 2154 2349 vel

494 2378 728 2446 fonte,si
757 2378 904 2431 debet
926 2378 1148 2433 haurire
1176 2397 1377 2449 aquam
1407 2381 1527 2434 inde
1553 2381 1913 2451 christianus,
1939 2387 1986 2436 et
2015 2384 2154 2436 bibe-

498 2481 561 2519 re
588 2466 616 2519 ἵ
653 2497 721 2505 —
759 2465 819 2519 Si
856 2467 1190 2521 christianus
1219 2469 1371 2522 debet
1401 2471 1457 2521 in
1500 2470 1705 2523 balneis
1752 2472 1955 2535 lavare,
1981 2472 2067 2525 vel
2094 2473 2151 2524 in

500 2554 749 2617 thermis,
779 2556 835 2607 in
860 2555 1053 2624 quibus
1078 2557 1423 2624 sacriﬁcatur
1442 2558 1792 2611 simulacris?
1818 2560 1876 2613 Si
1900 2559 2155 2613 christia-

498 2658 604 2695 nus
630 2642 783 2696 debet
805 2645 861 2695 in
894 2643 1123 2707 balneis,
1141 2646 1335 2713 quibus
1358 2647 1416 2699 in
1437 2645 1525 2700 die
1547 2647 1682 2713 festo
1703 2664 1798 2701 suo
1822 2649 2037 2716 Pagani
2059 2649 2156 2703 loti

500 2737 646 2793 sunt,
681 2728 885 2793 lavare,
916 2732 1027 2785 sive
1051 2747 1175 2785 cum
1205 2733 1352 2801 ipsis,
1392 2736 1504 2787 sive
1530 2736 1649 2788 sine
1678 2737 1807 2805 ipsis
1840 2736 1867 2788 ?
1904 2767 1972 2774 —
2008 2736 2067 2789 Si
2098 2738 2156 2789 in

500 2819 635 2873 solio
661 2818 742 2887 (a)
763 2818 857 2872 ubi
885 2818 1275 2875 descenderunt
1297 2822 1511 2891 Pagani
1530 2823 1598 2877 ab
1620 2825 1777 2879 idolis
1800 2827 2070 2879 venientes
2099 2826 2157 2877 in

504 2906 593 2961 die
630 2909 767 2976 festo
817 2924 935 2973 suo,
967 2914 1020 2962 et
1050 2910 1261 2979 aliquid
1312 2912 1429 2965 illic
1480 2914 1537 2965 in
1572 2913 1707 2967 solio
1758 2912 2034 2983 sacrilegii
2068 2914 2160 2968 sui

500 2995 757 3066 fecerint,
789 3001 843 3051 et
870 2999 1055 3053 scierit
1082 2998 1443 3064 christianus,
1475 3002 1524 3054 si
1548 3002 1696 3057 debet
1726 3004 1782 3055 in
1810 3003 1990 3057 eodem
2024 3004 2156 3057 solio

503 3084 863 3141 descendere?
885 3118 948 3127 —
966 3087 1026 3141 Si
1049 3087 1320 3143 Christian
1331 3106 1387 3144 us
1416 3091 1682 3144 invitatus
1703 3091 1768 3144 ab
1788 3093 1971 3163 aliquo
1997 3108 2157 3162 appo-

502 3179 667 3229 sitam
681 3175 931 3231 habuerit
944 3194 1169 3232 carnem
1183 3181 1236 3232 in
1250 3195 1449 3243 escam,
1465 3180 1527 3235 de
1543 3198 1651 3251 qua
1671 3182 1877 3235 dictum
1886 3183 2057 3251 fuerit
2074 3182 2159 3236 illi

505 3266 635 3334 quia
666 3266 1021 3319 immolatitia
1046 3272 1145 3334 est,
1176 3271 1227 3320 et
1252 3284 1357 3322 non
1382 3270 1790 3325 manducaverit
1804 3286 1954 3334 eam;
1977 3279 2159 3341 postea

503 3353 690 3404 autem
720 3351 787 3404 ab
814 3352 994 3419 aliquo
1022 3352 1350 3405 translatam
1376 3354 1549 3423 ipsam
1575 3371 1796 3409 carnem
1821 3356 2004 3425 aliquo
2029 3372 2155 3409 casu

508 3438 782 3491 invenerit
821 3439 1085 3501 venalem,
1116 3443 1165 3492 et
1194 3442 1391 3493 emerit
1428 3457 1569 3509 eam,
1601 3446 1699 3496 aut
1727 3444 2034 3513 appositam
2072 3443 2168 3495 ha-

508 3526 685 3580 buerit
709 3526 775 3580 ab
807 3526 992 3597 aliquo
1016 3528 1126 3583 alio
1156 3529 1438 3593 invitatus,
1468 3534 1519 3584 et
1544 3547 1656 3586 non
1687 3533 1991 3601 cognoverit
2021 3548 2162 3595 eam,

505 3619 557 3669 et
588 3614 1018 3679 manducauerit,
1039 3619 1090 3671 si
1121 3620 1350 3687 peccat?
1379 3651 1446 3659 -—
1478 3621 1537 3673 Si
1562 3620 1629 3673 de
1655 3620 1809 3675 horto
1845 3621 1925 3674 vel
1954 3621 2015 3674 de
2043 3637 2167 3690 pos-

506 3704 744 3758 sessione
772 3703 1042 3759 idolorum
1057 3707 1139 3761 vel
1159 3708 1497 3762 sacerdotum
1519 3725 1706 3763 eorum
1726 3709 1880 3764 debet
1906 3710 2164 3764 christiao

506 3809 611 3846 nus
645 3794 820 3848 sciens
866 3794 984 3848 olus
1021 3812 1217 3861 emere,
1259 3797 1341 3851 vel
1379 3798 1617 3868 aliquem
1646 3800 1909 3866 fructum,
1956 3803 2008 3854 et
2040 3798 2166 3853 inde

514 3881 672 3937 edere
701 3883 731 3933 ?
758 3883 899 3937 Sane
927 3883 991 3938 de
1012 3884 1346 3953 juramento,
1380 3887 1471 3941 vel
1500 3886 1562 3940 de
1592 3886 1773 3951 idolis,
1830 3891 1890 3941 ut
1929 3887 2166 3941 laborem

508 3986 621 4025 non
648 3973 881 4041 patiaris
906 3974 962 4025 in
985 3974 1335 4042 requirendo,
1365 3990 1486 4044 qua
1506 3976 1731 4029 Domino
1756 3976 1991 4030 donante
2020 3977 2167 4031 inve-

508 4060 774 4123 nerimus,
789 4064 916 4114 ante
932 4062 1108 4115 oculos
1127 4066 1244 4115 tuos
1265 4063 1409 4116 volui
1424 4079 1757 4130 proponere:
1774 4064 1968 4134 siquid
1982 4069 2167 4119 autem

511 4147 667 4200 aliud
678 4148 917 4217 apertius
933 4153 1030 4202 aut
1046 4150 1242 4203 melius
1255 4152 1313 4203 in
1326 4151 1622 4220 Scripturis
1636 4154 2167 4222 inveneris,dignare

512 4234 656 4289 mihi
691 4236 1024 4307 signiﬁcare.
1074 4238 1221 4292 Unde
1259 4255 1383 4308 qua:
1412 4241 1739 4307 invenimus,
1772 4241 1888 4296 ham
1914 4246 2042 4295 sunt
2073 4243 2168 4296 ubi

512 4324 703 4378 Laban
724 4326 867 4379 dixit
885 4326 952 4380 ad
972 4327 1150 4390 Jacob,
1173 4348 1196 4378 «ι
1225 4329 1364 4382 Deus
1386 4329 1660 4383 Abraham
1681 4334 1731 4383 et
1748 4332 1884 4384 Deus
1904 4331 2118 4385 Nachor
2141 4353 2161 4379 ι

516 4412 669 4482 (Gen.
712 4431 870 4481 xxx1,
913 4418 1001 4483 53)
1028 4434 1045 4485 ;
1081 4432 1239 4487 quem
1269 4423 1455 4473 autem
1486 4420 1671 4482 Deum,
1704 4434 1813 4473 non
1838 4420 2168 4489 signiﬁcavit

515 4502 818 4573 Scriptura.
846 4505 907 4558 Et
930 4506 1149 4570 iterum,
1168 4525 1196 4556 «
1212 4509 1245 4560 Α
1258 4506 1512 4561 bimelech
1529 4508 1744 4578 quando
1766 4510 1910 4563 venit
1933 4509 2001 4562 ad
2018 4511 2168 4564 Isaac

514 4613 543 4643 ‹‹
572 4593 917 4661 ubijuravit,
934 4595 1013 4648 vel
1039 4596 1135 4665 qui
1154 4596 1375 4651 cumillo
1395 4601 1554 4650 erant
1584 4598 1723 4665 »(ld.
1745 4613 1906 4663 xxvr,
1933 4598 2052 4669 3t);
2076 4599 2168 4653 sed

517 4683 677 4751 quale
695 4682 1096 4751 juramentum,
1131 4702 1237 4739 non
1272 4687 1602 4756 signiﬁcavit
1629 4688 1937 4756 Scriptura.
1966 4690 2169 4743 Iterum

517 4768 579 4822 de
611 4768 788 4833 idolis,
821 4770 916 4823 ubi
944 4770 1013 4823 ad
1045 4771 1251 4827 Gedeon
1280 4775 1488 4828 dictum
1516 4783 1591 4830 est
1619 4793 1652 4829 a
1684 4777 1908 4831 Domino
1940 4780 1999 4830 in
2031 4776 2167 4830 libro

514 4857 789 4921 Iudicum,
841 4863 902 4912 ut
948 4859 1011 4913 de
1066 4861 1235 4916 vitulo
1276 4878 1433 4931 quem
1482 4865 1749 4919 occiderat
1797 4865 2171 4919 holocaustum

518 4950 724 5016 faceret
754 4949 897 5020 (Iud.
931 4966 1007 5013 Vl,
1050 4950 1161 5019 26).
1203 4952 1267 5004 Et
1312 4953 1370 5004 in
1398 4954 1519 5008 Jesu
1553 4955 1697 5009 Nave
1735 4954 1798 5009 de
1828 4954 2064 5018 Jericho,
2110 4957 2169 5008 ut

520 5054 915 5103 omneaurum,
950 5043 1260 5108 argentum,
1296 5044 1347 5094 et
1373 5046 1738 5096 atramentum
1778 5045 2080 5109 inferretur
2112 5044 2166 5095 in

519 5127 786 5183 thesauris
816 5129 1050 5197 Domini,
1085 5134 1137 5183 et
1172 5134 1424 5184 sanctum
1453 5134 1695 5184 vocatum
1725 5135 1803 5184 est
1832 5130 1894 5183 de
1924 5133 2166 5195 civitate,

522 5232 643 5284 quae
672 5220 962 5273 anathema
993 5222 1071 5273 est
1100 5220 1230 5288 (Jos.
1266 5235 1338 5283 v1,
1376 5222 1483 5287 l9).
1509 5220 1573 5272 Et
1611 5218 1739 5288 quid
1769 5222 1849 5273 est
1878 5218 2013 5271 illud
2031 5219 2171 5289 quod

525 5305 580 5357 in
619 5306 1027 5361 Deuteronomio
1055 5309 1289 5378 positum
1321 5312 1399 5362 est
1432 5325 1447 5360 :
1490 5325 1517 5355 «
1551 5308 1667 5361 Non
1706 5308 1939 5371 iri/erres
1969 5307 2172 5360 abomi-

532 5414 552 5439 α
597 5394 872 5449 nationem
906 5398 961 5448 in
988 5398 1207 5451 domum
1238 5409 1410 5465 tuam,
1442 5400 1494 5450 et
1523 5394 1821 5450 anathema
1858 5397 1990 5460 eris,
2032 5398 2173 5450 sicut

587 5528 658 5587 (a)
694 5526 829 5575 Vase
860 5527 1060 5579 scilicet
1088 5530 1139 5576 in
1166 5544 1273 5593 quo
1299 5530 1547 5580 sedentes
1578 5528 1916 5583 lavabantur.

1777 121 1839 176 S.
1880 122 2257 180 AUGUSTINI
2298 124 2624 181 EPISCOPI

3803 118 3913 173 184

2248 270 2276 301 ‹‹
2318 251 2420 306 hoc
2440 252 2621 322 ipsum
2640 253 2766 307 est?
2800 270 2828 301 »
2853 251 3029 321 (Deut.
3066 264 3163 315 vn,
3191 249 3299 317 ςὶὸ).
3325 248 3585 302 Dominus
3617 248 3668 299 te
3693 246 3870 299 servet
3902 235 3920 273 ³

2246 339 2426 395 saluto
2455 345 2507 394 te
2529 358 2547 403 ;
2587 357 2686 395 ora
2714 356 2812 410 pro
2842 356 2947 393 me.

2736 428 3065 483 EPISTOLA
3108 428 3280 481 an
3328 426 3427 494 (a).

2248 517 2581 586 Augustinus
2623 516 2916 571 Publicola:
2957 514 3203 569 dissolvit
3256 515 3463 583 aliquot
3516 527 3583 566 ea:
3621 510 3919 580 propositis

2875 604 3166 674 quastioni
3172 602 3291 656 bus.

2250 693 2591 749 Honorabili
2623 698 2680 749 et
2702 693 3088 748 dilectissimo
3121 692 3241 746 tilio
3272 694 3618 756 PUBLIGOLE,
3648 691 3919 740 AUGUSTI-

2683 800 2805 849 NUS,
2836 784 2896 838 in
2927 783 3182 837 Domino
3209 780 3484 835 salutem.

2320 875 2373 929 1.
2416 874 2610 927 Αέεῐυε
2654 872 2841 927 animi
2884 871 2967 926 tui
3012 875 3404 940 posteaquam
3452 866 3633 921 didici
3686 863 3910 919 littteris

2251 960 2385 1025 tuis,
2415 961 2595 1015 etiam
2640 961 2755 1015 mei
2801 960 3084 1014 continuo
3130 959 3267 1014 facti
3302 961 3460 1021 sunt,
3510 971 3631 1009 non
3665 968 3791 1025 quo
3825 967 3917 1007 me

2251 1049 2457 1104 omnia
2485 1049 2621 1104 talia
2644 1052 3073 1120 permoverent,
3098 1045 3378 1117 qualibus
3407 1043 3682 1098 indicasti
3711 1048 3764 1096 te
3790 1055 3918 1095 esse

2251 1143 2621 1210 permotum:
2656 1139 2760 1193 sed
2782 1138 3090 1210 quomodo
3113 1136 3218 1191 tibi
3245 1133 3618 1190 auferrentur
3633 1132 3697 1187 hi
3715 1138 3919 1191 astus,

2253 1227 2460 1291 fateor,
2502 1228 2789 1293 aestuavi;
2833 1226 3096 1281 maxime
3128 1224 3273 1296 quia
3303 1223 3455 1295 petis
3498 1227 3559 1276 ut
3614 1220 3923 1276 deﬁnitiva

2253 1316 2358 1371 tibi
2399 1317 2811 1380 rescriberem,
2843 1331 2918 1370 ne
2949 1315 3008 1369 in
3045 1314 3308 1383 majores
3339 1310 3745 1366 dubitationes
3778 1308 3922 1362 inci-

2253 1404 2446 1472 deres,
2497 1420 2681 1477 quam
2736 1410 3063 1475 antequam
3120 1403 3572 1469 interrogasses.
3609 1400 3728 1453 Hoc
3756 1396 3919 1451 enim

2254 1493 2433 1549 video
2459 1510 2578 1548 non
2610 1509 2746 1548 esse
2780 1494 2837 1547 in
2865 1508 3000 1547 mea
3031 1496 3339 1562 potestate.
3368 1492 3513 1544 Nam
3538 1485 3921 1559 quomodoli-

2255 1583 2356 1638 bet
2382 1583 2675 1653 scripsero
2702 1598 2838 1653 quas
2867 1581 3012 1636 mihi
3040 1580 3312 1634 videntur
3333 1594 3460 1631 esse
3491 1575 3847 1640 certissima,
3873 1574 3923 1628 si

2257 1672 2358 1727 tibi
2386 1686 2507 1726 non
2528 1686 2899 1740 persuasero,
2918 1668 3123 1740 procul
3141 1666 3327 1723 dubio
3342 1666 3456 1721 eris
3477 1665 3772 1720 incertior.
3795 1666 3923 1717 Non

2257 1765 2456 1815 autem
2489 1760 2639 1814 sicut
2667 1759 2809 1813 mihi
2835 1758 3070 1827 adjacet
3093 1756 3368 1818 suadere,
3387 1769 3458 1810 eo
3483 1753 3663 1809 modo
3687 1752 3784 1822 adj
3796 1756 3925 1806 acet

2257 1849 2433 1903 etiam
2475 1847 2835 1919 persuadere
2880 1847 3130 1901 cuilibet.
3172 1848 3384 1900 Verum
3432 1849 3637 1898 tamen
3690 1858 3766 1896 ne
3808 1847 3924 1895 tuae

2257 1937 2558 1993 dilectioni
2585 1952 2865 2006 negarem
2898 1934 3207 2006 operulam
3237 1948 3455 1995 meam,
3490 1938 3616 2002 post
3649 1930 3923 2001 aliquan-

2258 2032 2379 2082 tam
2413 2024 2911 2080 deliberationem
2943 2022 3395 2078 rescribendum
3436 2019 3664 2091 putavi.

2332 2119 2384 2169 2.
2428 2116 2611 2170 Movet
2661 2121 2712 2167 te
2751 2119 2905 2167 certe
2958 2118 3158 2166 utrum
3188 2112 3321 2179 ejus
3350 2109 3468 2164 ﬁde
3499 2107 3791 2163 utendum
3827 2107 3921 2168 sit,

2258 2204 2364 2275 qui
2396 2207 2459 2256 ut
2495 2217 2629 2256 eam
2675 2207 2866 2256 servet
2905 2216 3012 2271 per
3040 2199 3343 2254 daemonia
3388 2196 3692 2267 juraverit.
3734 2196 3841 2251 Ubi
3876 2200 3926 2249 te

2258 2291 2397 2346 volo
2418 2291 2581 2361 prius
2603 2289 3002 2351 considerare,
3030 2294 3228 2341 utrum
3253 2287 3298 2341 si
3325 2286 3631 2357 quispiam
3651 2300 3757 2354 per
3782 2284 3927 2337 deos

2261 2380 2441 2437 falsos
2467 2379 2752 2448 juraverit
2783 2394 2844 2431 se
2882 2377 3064 2431 ﬁdem
3099 2382 3495 2439 servaturum,
3540 2379 3595 2428 et
3635 2389 3771 2428 eam
3806 2387 3928 2426 non

2260 2470 2596 2531 servaverit,
2623 2484 2745 2522 non
2779 2467 2881 2521 tibi
2913 2466 3184 2520 videatur
3214 2465 3309 2520 bis
3341 2480 3650 2535 peccasse.
3677 2464 3734 2518 Si
3766 2462 3926 2516 enim

2262 2557 2363 2611 tali
2408 2558 2708 2626 juratione
2766 2554 3127 2625 promissam
3180 2553 3503 2607 custodiret
3545 2552 3749 2615 fidem,
3796 2550 3927 2604 ideo

2261 2650 2495 2700 tantum
2526 2660 2811 2716 peccasse
2852 2643 3238 2713 judicaretur,
3287 2642 3428 2713 quia
3467 2657 3568 2711 per
3606 2639 3753 2694 tales
3784 2639 3929 2693 deos

2258 2734 2520 2804 juravit;
2564 2733 2709 2787 illud
2764 2739 2965 2787 autem
3018 2747 3196 2785 nemo
3248 2736 3405 2785 recte
3449 2728 3929 2800 reprehenderet,

2264 2823 2410 2894 quia
2440 2822 2621 2877 tidem
2647 2822 2918 2875 servavit.
2946 2824 3109 2875 Nunc
3132 2836 3287 2883 vero,
3318 2821 3463 2890 quia
3493 2825 3547 2873 et
3572 2818 3797 2888 juravit
3830 2833 3933 2886 per

2264 2927 2416 2982 quos
2446 2927 2564 2965 non
2603 2909 2825 2972 debuit,
2878 2914 2934 2963 et
2964 2914 3170 2964 contra
3201 2907 3524 2979 pollicitam
3564 2907 3748 2960 tidem
3789 2906 3923 2961 fecit

2264 2998 2430 3070 quod
2462 3015 2582 3053 non
2615 2998 2844 3065 debuit,
2882 2997 2974 3052 bis
3008 2997 3207 3066 utique
3239 2996 3504 3067 peccavit
3531 3012 3545 3060 ;
3579 3010 3648 3049 ac
3680 3010 3787 3065 per
3818 2995 3935 3048 hoc

2264 3088 2369 3158 qui
2392 3087 2568 3142 utitur
2593 3087 2709 3141 ﬁde
2742 3086 2897 3141 illius
2929 3102 3110 3157 quem
3133 3088 3369 3140 constat
3394 3084 3627 3152 jurasse
3660 3098 3767 3153 per
3788 3082 3935 3137 deos

2266 3175 2470 3241 falsos,
2505 3180 2560 3230 et
2600 3176 2777 3230 utitur
2810 3191 2927 3229 non
2971 3174 3048 3229 ad
3092 3173 3340 3236 malum,
3375 3172 3479 3226 sed
3510 3171 3588 3226 ad
3618 3172 3846 3225 licitum
3881 3177 3937 3224 et

2266 3265 2518 3331 bonum,
2534 3281 2653 3319 non
2674 3271 2916 3335 peccato
2937 3263 2987 3334 ej
3002 3280 3069 3317 us
3087 3279 3145 3317 se
3161 3261 3479 3332 sociatquo
3502 3276 3605 3331 per
3625 3260 3938 3315 daemonia

2261 3352 2499 3423 juravit,
2554 3353 2660 3408 sed
2703 3354 2864 3407 bono
2895 3359 3071 3423 pacto
3102 3352 3232 3420 ejus
3269 3366 3392 3421 quo
3424 3349 3604 3404 ﬁdem
3640 3350 3926 3403 servavit.

2275 3446 2475 3515 Neque
2490 3444 2584 3497 hic
2601 3459 2734 3497 eam
2755 3442 2933 3496 ﬁdem
2948 3441 3082 3496 dico
3099 3440 3338 3504 servari,
3353 3455 3473 3511 qua
3498 3438 3699 3493 ﬁdeles
3715 3454 3935 3493 vocan-

2274 3536 2371 3587 tur
2398 3532 2503 3603 qui
2532 3531 2909 3601 baptizantur
2932 3531 2991 3584 in
3021 3530 3262 3584 Christo.
3300 3528 3403 3583 llla
3432 3528 3591 3582 enim
3616 3527 3797 3595 longe
3819 3526 3941 3581 alia

2276 3628 2365 3677 est
2392 3622 2689 3693 longeque
2719 3622 2975 3676 discreta
3003 3620 3080 3675 ad
3110 3620 3229 3673 ﬁde
3262 3620 3668 3673 humanorum
3693 3618 3943 3688 placito-

2274 3727 2410 3766 rum
2443 3717 2620 3782 atque
2639 3715 2972 3782 pactorum.
3008 3711 3428 3763 Verumtamen
3460 3708 3587 3761 sine
3620 3705 3740 3760 ulla
3763 3705 3944 3761 dubi-

2275 3800 2497 3855 tatione
2528 3800 2727 3853 minus
2761 3798 2988 3852 malum
3020 3803 3109 3850 est
3142 3812 3247 3867 per
3276 3796 3456 3850 deum
3493 3795 3707 3849 falsum
3735 3795 3943 3864 jurare

2275 3891 2581 3951 veraciter,
2605 3904 2787 3958 quam
2809 3903 2912 3956 per
2942 3889 3120 3940 Deum
3140 3902 3346 3938 verum
3370 3883 3677 3939 fallaciter.
3706 3886 3944 3948 Quanto

2275 3979 2433 4032 enim
2460 3993 2563 4047 per
2582 3977 2993 4047 quodjuratur
3010 3976 3190 4043 magis
3205 3980 3294 4027 est
3311 3979 3608 4036 sanctum,
3626 3977 3791 4027 tanto
3821 3990 3947 4027 ma-

2277 4067 2364 4136 gis
2378 4072 2465 4120 est
2482 4065 2716 4135 poenale
2733 4065 2852 4134 perj
2866 4062 3204 4118 urium.Alio
3218 4077 3360 4130 ergo
3376 4063 3618 4132 quaastio
3633 4066 3947 4123 est,utrum

2276 4170 2397 4209 non
2421 4159 2625 4225 peccet
2646 4153 2748 4224 qui
2780 4169 2883 4223 per
2913 4152 3097 4206 falsos
3119 4151 3264 4205 deos
3285 4151 3395 4204 sibi
3414 4149 3603 4218 jurari
3627 4149 3781 4211 fecit,
3798 4150 3948 4220 quia

2276 4243 2370 4297 ille
2392 4245 2496 4313 qui
2518 4243 2567 4297 ei
2589 4243 2770 4312 jurat,
2790 4240 2935 4296 deos
2964 4240 3143 4294 falsos
3171 4239 3325 4294 colit.
3347 4238 3447 4293 Cui
3472 4238 3786 4308 quaestioni
3807 4252 3949 4308 pos-

2276 4331 2527 4386 suntilla
2551 4331 2886 4385 testimonia
2912 4328 3249 4395 suﬂragari,
3267 4343 3403 4397 quae
3432 4326 3559 4396 ipse
3575 4341 3951 4381 commemo-

2276 4421 2422 4475 rasti
2440 4420 2513 4474 de
2534 4419 2799 4473 Labanet
2816 4417 3177 4480 Abimelech,
3193 4417 3238 4469 si
3263 4423 3460 4469 tamen
3478 4414 3822 4469 Abimelech
3842 4431 3951 4485 per

2276 4508 2421 4563 deos
2454 4523 2595 4561 suos
2616 4506 2856 4576 juravit,
2888 4506 3040 4559 sicut
3073 4504 3268 4559 Laban
3301 4519 3404 4573 per
3429 4505 3611 4556 Deum
3638 4502 3873 4558 Nachor
3902 4506 3948 4556 ί.

2280 4600 2430 4660 Haec,
2448 4594 2777 4659 utdixi,alia
2797 4594 3047 4664 quaestio
3064 4599 3310 4663 est,quae
3332 4609 3424 4645 me
3446 4592 3653 4645 merito
3678 4590 3952 4646 fortassis

2278 4690 2561 4748 moveret,
2595 4685 2705 4737 nisi
2738 4683 2835 4737 illa
2861 4681 3135 4751 exempla
3155 4682 3551 4734 occurrissent
3583 4679 3657 4734 de
3688 4683 3856 4734 Isaac
3894 4686 3953 4734 et

2276 4774 2479 4837 Jacob,
2504 4773 2621 4827 etsi
2642 4789 2762 4843 qua
2784 4772 2901 4825 alia
2921 4775 3170 4841 possunt
3195 4769 3469 4822 inveniri.
3490 4767 3545 4823 Si
3572 4775 3769 4821 tamen
3796 4767 3951 4822 illud

2277 4878 2398 4918 non
2426 4862 2625 4917 adhuc
2654 4866 2851 4915 movet
2876 4860 3038 4931 quod
3057 4860 3112 4912 in
3133 4861 3287 4912 Novo
3313 4859 3691 4911 Testamento
3716 4855 3953 4911 dictum

2279 4957 2384 5015 est,
2419 4966 2492 5004 ne
2523 4951 2771 5005 omnino
2803 4949 3077 5019 juremus
3123 4946 3342 5015 (Matth.
3387 4962 3444 5012 v,
3480 4946 3567 5011 34,
3616 4945 3729 5014 36).
3776 4946 3953 5009 Quod

2278 5038 2523 5110 quidem
2548 5038 2691 5092 mihi
2714 5035 3259 5108 proptereadictum
3282 5034 3666 5101 videtur,non
3691 5034 3830 5101 quia
3855 5049 3955 5087 ve-

2277 5145 2411 5183 rum
2433 5129 2631 5194 jurare
2648 5132 2956 5197 peccatum
2971 5130 3076 5189 est,
3104 5123 3205 5177 sed
3227 5125 3368 5194 quia
3392 5123 3657 5193 pejorave
3679 5121 3955 5177 immane

2280 5221 2592 5287 peccatum
2614 5223 2736 5280 est;
2761 5232 2795 5268 a
2815 5231 2936 5286 quo
2964 5229 3073 5267 nos
3098 5212 3273 5281 longe
3302 5228 3429 5265 esse
3457 5210 3657 5273 voluit,
3684 5210 3785 5280 qui
3823 5226 3955 5265 om“

2342 5343 2355 5369 ¹
2388 5340 2520 5388 Edd.
2549 5345 2602 5388 et
2631 5341 2775 5389 Mss.
2804 5353 2897 5399 per
2927 5339 3083 5386 Deum
3116 5336 3288 5383 Jacob.
3324 5334 3647 5396 Castigatius
3682 5334 3889 5381 citatur
3925 5348 3956 5382 ει

2280 5404 2591 5455 canonistis,
2626 5418 2719 5463 per
2749 5402 2912 5449 Deum
2943 5400 3167 5449 Nachor.

2342 5467 2413 5526 (η)
2450 5466 2591 5514 Alias
2616 5458 2739 5511 {54:
2774 5478 2888 5527 qua:
2919 5466 3100 5512 autem
3130 5462 3189 5509 47
3238 5462 3370 5516 erat,
3402 5473 3546 5508 nunc
3580 5460 3688 5506 215.
3728 5458 3951 5521 Scripta

2282 5530 2421 5579 circa
2456 5529 2596 5575 idem
2626 5532 2854 5590 tempus.
