4078 6166
556 132 657 187 187

550 258 745 326 pascit
772 274 784 323 ;
809 273 931 312 non
948 262 1011 312 ut
1024 256 1446 313 correctionem
1466 256 1782 313 hominum
1797 256 2193 327 negligamus.

554 346 717 400 Unde
732 363 838 400 nec
854 363 990 401 reus
1004 351 1088 400 est
1104 346 1308 399 mortis
1331 346 1670 418 alienae,qui
1686 363 1807 401 sum
1822 344 2195 417 possessioni

552 450 791 488 murum
805 434 1338 498 circumduxerit,si
1355 435 1571 506 aliquis
1585 451 1652 489 ex
1667 436 1850 506 ipsius
1866 436 2049 489 ruinis
2070 450 2196 505 per-

552 524 1017 576 cussusintereat
1044 524 1291 592 ‘.Neque
1321 523 1479 577 enim
1495 523 2119 589 reusestchristianus,
2146 522 2197 575 si

548 610 658 664 bos
672 610 798 678 ejus
813 610 1074 680 aliquem
1090 610 1473 679 feriendo,vel
1487 629 1677 683 equus
1693 611 2195 683 calcemjaciendo

546 697 799 768 aliquem
816 698 1068 765 occidat;
1084 706 1185 754 aut
1198 700 1327 755 ideo
1342 717 1461 755 non
1473 698 2002 757 debentcbristiani
2017 699 2196 754 boves

547 784 770 839 habere
783 802 924 840 corn
935 794 1138 853 ua,aut
1151 804 1341 859 equus
1362 789 1966 859 ungulas.autdentes
1979 787 2146 843 canis
2179 804 2192 852 ;

546 880 649 928 aut
676 890 811 929 vero
836 876 1126 945 quoniam
1158 876 1469 947 apostolus
1493 879 1705 932 Paulus
1737 878 1882 933 satis
1908 878 2026 947 egit
2056 877 2193 931 utin

547 962 1048 1017 tribuninotitiam
1065 964 1436 1034 perferretur,
1469 966 1714 1021 insidias
1743 966 1857 1020 sibi
1885 982 1921 1020 a
1948 964 2194 1036 quibus-

548 1050 673 1105 dam
693 1052 934 1121 perditis
953 1054 1361 1123 praeparari,et
1375 1054 1452 1108 ob
1468 1055 1579 1108 hoc
1593 1055 1706 1109 ded
1717 1061 1947 1109 uctores
1964 1054 2193 1123 accepit

548 1147 812 1194 armatos
843 1140 994 1209 (Act.
1024 1158 1177 1205 xxui,
1210 1143 1419 1211 17-24),
1455 1144 1501 1197 si
1522 1144 1580 1198 in
1610 1143 1707 1199 illa
1733 1160 1903 1198 arma
1924 1141 2189 1196 scelerati

546 1228 820 1283 homines
848 1230 1205 1293 incidissent,
1235 1231 1445 1285 Paulus
1475 1233 1534 1286 in
1565 1233 1856 1286 effusione
1881 1232 2189 1298 sanguinis

546 1333 753 1371 eorum
768 1334 875 1370 suu
888 1334 942 1371 m
958 1319 1179 1372 crimen
1196 1322 1735 1388 agnosceret.Absit
1750 1326 2037 1390 uteaquaa
2059 1335 2190 1389 pro-

545 1409 672 1475 pter
693 1404 919 1459 bonum
934 1406 1239 1461 aclicitum
1258 1407 1642 1468 facimus,aut
1663 1406 2189 1478 habemus,siquid

543 1509 647 1563 per
661 1493 786 1547 haec
825 1502 1032 1563 praeter
1055 1502 1322 1551 nostram
1342 1497 1705 1553 voluntatem
1733 1497 2015 1567 cuiquam
2047 1494 2188 1549 mali

542 1580 844 1647 acciderit,
879 1584 1689 1658 nobisin1putetur.Alioquin
1706 1585 2188 1640 necferramenta

543 1669 871 1726 domestica
889 1676 940 1725 et
955 1674 1211 1741 agrestia
1226 1680 1363 1728 sunt
1379 1675 1762 1737 habenda.ne
1775 1674 1909 1745 quis
1922 1673 2004 1727 eis
2017 1672 2108 1727 vel
2123 1687 2187 1726 se

544 1759 636 1813 vel
668 1759 916 1815 alterum
936 1763 1267 1827 interimat;
1294 1779 1399 1818 nec
1426 1765 1605 1818 arbor
1630 1769 1731 1817 aut
1756 1763 2028 1825 restis,ne
2049 1761 2185 1833 quis

542 1865 601 1902 se
629 1849 764 1903 inde
785 1851 1147 1919 suspendat;
1172 1867 1282 1905 nec
1308 1853 1567 1907 fenestra
1589 1852 2064 1915 faciendaest,ne
2083 1866 2187 1921 per

542 1936 697 1991 hanc
718 1954 780 1993 se
798 1940 1055 2010 quisque
1080 1942 1424 2012 praecipitet.
1455 1942 1602 2006 Quid
1627 1940 1799 2013 plura
1821 1954 2187 1995 commemo-

539 2042 686 2090 rem,
722 2044 857 2081 cum
890 2045 959 2083 ea
981 2031 1515 2085 commemorando
1546 2031 1713 2085 ﬁnire
1741 2046 1860 2085 non
1897 2029 2125 2099 possim
2156 2029 2184 2084 ?

544 2116 695 2180 Quid
722 2116 878 2171 enim
893 2123 979 2172 est
1005 2118 1063 2171 in
1086 2134 1194 2172 usu
1216 2118 1532 2174 hominum
1555 2120 1715 2174 bono
1743 2134 1812 2173 ac
1837 2116 2184 2181 licito,unde

538 2219 659 2258 non
695 2206 878 2274 possit
908 2208 1084 2260 etiam
1106 2209 1394 2277 pernicies
1426 2207 1673 2277 irrogari
1713 2207 1741 2261 ‘?

612 2298 661 2347 6.
688 2296 902 2359 Restat,
925 2295 982 2347 ni
1002 2294 1195 2357 fallor,
1225 2302 1285 2351 ut
1308 2296 1582 2351 dicamus
1606 2296 1830 2367 aliquid
1848 2296 1921 2350 de
1944 2295 2042 2349 illo
2064 2294 2185 2348 via-

540 2387 663 2438 tore
686 2383 1026 2447 christiano,
1050 2401 1230 2454 quem
1263 2386 1982 2440 commemorastivictum
2010 2384 2184 2438 famis

538 2473 909 2535 necessitate,
932 2472 979 2525 si
1012 2473 1155 2526 nihil
1190 2475 1422 2543 uspiam
1448 2476 1729 2529 invenerit
1755 2474 1864 2527 nisi
1898 2473 2098 2527 cibum
2122 2472 2183 2526 in

539 2559 717 2613 idolio
734 2560 1127 2629 positum,ubi
1158 2561 1353 2615 nullus
1368 2562 1519 2616 alius
1540 2570 1625 2615 est
1642 2562 2183 2625 hominum,ntrum

539 2648 591 2701 ei
617 2649 801 2701 satius
832 2649 904 2702 sit
927 2648 1085 2703 fame
1124 2652 1329 2713 emori,
1358 2666 1543 2721 quam
1576 2651 1722 2705 illud
1750 2651 1809 2704 in
1833 2648 2183 2705 alimentum

538 2751 773 2789 sumere
801 2755 813 2788 :
848 2736 905 2790 in
934 2753 1055 2807 qua
1092 2738 1446 2808 quaestione,
1470 2739 1756 2809 quoniam
1784 2754 1905 2793 non
1934 2743 2021 2791 est
2046 2753 2182 2792 con-

538 2839 819 2894 sequens,
852 2832 911 2879 ut
937 2826 1107 2880 cibus
1129 2826 1221 2881 ille
1247 2827 1647 2898 idolothytum
1672 2828 1780 2890 sit;
1814 2827 2003 2897 potuit
2023 2826 2184 2881 enim

537 2912 625 2965 vel
648 2914 726 2967 ab
760 2914 841 2967 eis
870 2914 973 2984 qui
1006 2914 1104 2969 tibi
1127 2915 1203 2970 ab
1236 2916 1438 2970 itinere
1473 2915 1831 2970 divertentes
1853 2930 2071 2985 corpus
2096 2929 2183 2967 re-

536 3001 770 3066 fecerat,
795 3001 1094 3057 oblivione
1122 3020 1226 3057 seu
1252 3003 1550 3059 voluntate
1582 3004 1815 3069 dimitti,
1841 3002 1933 3058 vel
1956 3003 2072 3058 illic
2103 3002 2182 3057 ob

538 3089 720 3145 aliam
747 3107 990 3146 causam
1009 3093 1340 3165 quamlibet
1355 3094 1523 3164 poni;
1549 3093 1805 3149 breviter
1822 3092 2180 3163 respondeo.

536 3182 649 3232 Aut
674 3185 899 3234 certum
931 3186 1017 3234 est
1046 3197 1173 3235 esse
1222 3181 1643 3252 idolothytum,
1683 3188 1787 3237 aut
1825 3186 2053 3236 certum
2094 3185 2184 3235 est

536 3280 655 3321 non
679 3282 832 3330 esse,
862 3275 964 3321 aut
989 3269 1295 3336 ignoratur
1333 3290 1345 3327 ;
1378 3270 1426 3323 si
1466 3286 1606 3337 ergo
1647 3276 1872 3324 certum
1900 3276 1985 3321 est
2030 3285 2180 3332 esse,

537 3354 747 3409 melius
779 3356 1103 3410 christiana
1130 3357 1339 3411 virtute
1371 3359 1673 3427 respuitur
1707 3374 1720 3422 ;
1763 3358 1809 3411 si
1842 3363 2040 3411 autem
2090 3356 2182 3411 vel

536 3458 657 3497 non
689 3460 818 3498 esse
850 3445 1049 3508 scitur,
1080 3445 1169 3498 vel
1202 3446 1526 3515 ignoratur,
1558 3447 1684 3500 sine
1728 3446 1841 3500 ullo
1868 3445 2179 3499 conscien-

536 3530 627 3585 tiae
654 3531 934 3601 scrupulo
965 3532 1022 3586 in
1048 3549 1222 3587 usum
1246 3534 1615 3588 necessitatis
1654 3533 1999 3589 assumitur.

962 3624 1293 3677 EPISTOLA
1350 3624 1548 3677 XLVIII
1583 3626 1595 3638 '
1638 3627 1745 3694 (α).

532 3708 904 3776 Augustinus
934 3710 1210 3766 Eudoxio
1249 3712 1455 3767 abbati
1492 3713 1918 3767 monachorum
1966 3712 2179 3767 insula:

603 3798 935 3866 Caprariae,
977 3801 1301 3856 exhortans
1350 3809 1412 3856 ut
1452 3803 1569 3857 otio
1596 3803 1675 3857 ad
1711 3802 2007 3871 pietatem,
2057 3817 2176 3856 non

603 3888 683 3941 ad
711 3889 1011 3956 ignaviam
1037 3897 1309 3955 utantur,
1340 3898 1392 3946 et
1407 3892 1594 3947 sicubi
1615 3892 1885 3947 Ecclesia
1910 3891 2177 3961 requirat

602 3976 844 4031 illorum
874 3993 1132 4045 operam,
1164 3995 1236 4034 ne
1265 3981 1606 4035 detrectent.

534 4082 786 4136 Domino
832 4082 1044 4137 dilecto
1084 4089 1138 4138 et
1193 4086 1639 4155 exoptatissimo
1700 4086 1862 4139 fratri
1907 4091 1963 4140 et
2010 4101 2175 4139 com-

603 4169 951 4239 presbytero
982 4174 1228 4227 Eunomo
1268 4179 1325 4227 et
1349 4175 1449 4244 qui
1479 4180 1669 4227 tecum
1701 4178 1837 4228 sunt
1871 4173 2173 4239 fratribus,

604 4266 973 4323 AUGUSTINUS,
1021 4266 1077 4313 et
1124 4262 1226 4331 qui
1269 4277 1505 4316 mecum
1534 4266 1670 4316 sunt
1702 4262 1927 4327 fratres,
1962 4262 2019 4316 in
2068 4263 2177 4317 Do-

601 4346 767 4401 mino
797 4352 1074 4402 salutem.

606 4458 650 4507 t.
673 4455 925 4518 Quando
942 4457 1201 4525 quietem
1217 4461 1470 4511 vestram
1498 4458 1856 4525 cogitamus,
1872 4473 2057 4529 quam
2071 4458 2177 4512 ha-

527 4542 676 4596 betis
693 4543 751 4596 in
780 4543 1028 4609 Christo,
1045 4546 1222 4600 etiam
1237 4561 1364 4610 nos,
1383 4548 1657 4618 quamvis
1672 4548 1729 4600 in
1755 4546 2061 4601 laboribus
2080 4562 2174 4601 va-

525 4630 624 4683 riis
639 4632 989 4703 asperisque
1004 4636 1391 4698 versemur,in
1406 4641 1601 4690 vestra
1614 4636 1895 4691 charitate
1910 4637 2174 4707 requies-

525 4720 736 4773 cimus.
772 4723 965 4776 Unum
1002 4723 1161 4778 enim
1193 4738 1409 4795 corpus
1437 4726 1549 4779 sub
1580 4741 1698 4779 uno
1720 4724 1911 4795 capite
1942 4743 2172 4792 sumus,

528 4815 588 4864 ut
606 4814 661 4864 et
688 4825 793 4864 vos
812 4810 869 4863 in
901 4812 1073 4865 nobis
1092 4815 1401 4880 negotiosi,
1430 4816 1483 4867 et
1509 4828 1614 4868 nos
1638 4816 1695 4868 in
1718 4815 1888 4869 vobis
1910 4814 2079 4869 otiosi
2104 4816 2176 4868 si-

524 4916 681 4963 mus,
698 4899 839 4970 quia
851 4898 901 4954 si
918 4902 1151 4966 patitur
1168 4917 1349 4957 unum
1367 4903 1710 4967 membrum,
1727 4904 2176 4971 compatiuntur

526 4990 724 5045 omnia
751 4990 1011 5045 membra
1032 4993 1117 5058 ;et
1135 4991 1185 5043 si
1216 4992 1595 5060 gloriﬁcatur
1616 5009 1799 5048 unum
1823 4994 2170 5057 membrum,

525 5079 896 5149 congaudent
932 5080 1128 5135 omnia
1164 5080 1422 5135 membra
1453 5082 1499 5152 (Ι
1534 5082 1666 5137 Cor.
1693 5098 1793 5147 xu,
1823 5082 1936 5151 26).
1958 5083 2174 5137 Admo-

586 5211 599 5279 ξ
625 5210 745 5282 Mss.
779 5215 1002 5282 septem,
1044 5212 1171 5261 Bad.
1216 5216 1267 5261 et
1296 5214 1395 5267 Er.,
1427 5216 1512 5275 qui
1537 5230 1649 5282 eum
1675 5230 1777 5263 sua:
1800 5216 2167 5275 pussessioni..-

526 5270 712 5332 aliquis
741 5288 801 5319 ea:
830 5270 1067 5335 ipsorum
1102 5292 1201 5325 usu
1238 5270 1496 5337 percussus
1530 5277 1765 5326 intereat.
1800 5270 1816 5275 ’

587 5334 616 5362 ¹
654 5334 797 5381 lianc
829 5339 1153 5385 Contulimus
1185 5340 1248 5387 ad
1288 5338 1357 5386 bl.
1391 5340 1471 5386 cl).
1509 5339 1559 5386 [Ϊ.
1599 5354 1685 5388 ιω.
1722 5354 1759 5387 ι’.
1793 5339 1877 5388 sb.
1922 5355 2004 5388 vc.
2037 5340 2068 5388 d

590 5354 611 5362 τ
654 5354 797 5381 nunc
829 5354 1153 5385 cunniltluus
1185 5354 1248 5387 au
1288 5354 1357 5386 nl.
1391 5354 1471 5386 Ct).
1509 5354 1559 5386 ll.
1599 5354 1685 5403 ὅς.
1722 5354 1759 5387 t‘.
1793 5354 1877 5393 SD.
1922 5355 2004 5388 VC.
2037 5354 2172 5389 QUOS

526 5395 562 5441 t.
594 5392 814 5465 [duasut
854 5398 920 5465 ad
949 5403 1066 5447 Am.
1109 5402 1240 5451 Bud.
1286 5402 1372 5453 Er.
1412 5400 1543 5453 [λων.

588 5454 657 5513 (ιι)
697 5456 837 5503 Alias
873 5461 924 5506 81
964 5475 973 5506 :
1020 5477 1134 5523 qua:
1170 5467 1347 5512 autem
1398 5465 1455 5512 48
1506 5466 1634 5519 erat,
1673 5478 1815 5513 nunc
1851 5466 1926 5512 93.
1966 5466 2172 5528 Scripta

526 5511 662 5565 ferte
693 5531 779 5565 an.
813 5520 919 5567 398.

1836 133 1896 187 S.
1938 126 2323 188 AUGUSTINI
2365 126 2687 184 EPISCOPI

3670 42 3889 107 '—

3832 134 3922 191 188

2306 266 2522 307 nemus
2539 268 2680 324 ergo
2695 257 2751 309 et
2762 252 3024 324 petimus
3038 256 3096 308 et
3108 251 3496 309 obsecramus
3524 267 3626 323 per
3650 252 3842 311 Christi
3852 257 3923 313 al-

2307 340 2597 396 tissimam
2613 343 3001 398 humilitatem
3014 346 3071 396 et
3092 339 3707 396 misericordissimam
3720 344 3926 401 celsitu-

2302 428 2793 493 dinem,ulnostri
2810 446 3107 486 memores
3122 430 3317 485 sitisin
3352 429 3925 488 sanctisorationibus

2304 519 2531 582 vestris,
2566 534 2721 589 quas
2747 536 2853 574 vos
2882 519 3287 588 vigilantiores
3312 523 3367 572 et
3391 518 3579 586 magis
3605 518 3925 578 sobriasha-

2306 605 2445 661 bere
2458 607 2761 662 credimus
2780 625 2792 662 :
2810 614 3048 664 nostras
3060 608 3221 663 enim
3234 621 3395 677 saepe
3421 606 3645 662 sauciat
3670 614 3723 662 et
3742 608 3924 664 debili-

2307 700 2389 749 tat
2402 694 2595 765 caligo
2608 702 2661 751 et
2678 698 2957 752 tumultus
2972 696 3347 752 smcularium
3363 695 3662 751 actionum
3678 712 3845 768 ;quas
3856 704 3920 755 et-

2306 784 2350 839 si
2379 790 2616 840 nostras
2630 802 2749 841 non
2763 786 2981 842 habem
2992 801 3296 851 us,eorum
3312 790 3512 840 tamen
3525 785 3626 855 qui
3642 800 3745 840 nos
3756 802 3916 856 anga-

2303 873 2459 928 riant
2482 874 2640 928 mille
2670 890 2911 945 passus,
2939 882 2995 931 et
3016 874 3301 942 jubemur
3322 874 3405 929 ire
3435 890 3573 928 cum
3594 874 3674 928 eis
3688 874 3796 930 alia
3816 875 3912 931 duo

2301 962 3094 1033 (Matth.v,4t),tanttenobis
3115 964 3466 1032 ingeruntur
3481 963 3644 1017 utvix
3659 964 3916 1033 respirare

2301 1052 2961 1120 possimuszcredentes
2987 1058 3191 1107 tamen
3220 1051 3385 1123 quod
3415 1051 3493 1105 illi
3516 1052 3574 1105 in
3592 1052 3916 1121 cujuscons-

2302 1140 2669 1208 pectuintrat
2692 1143 2951 1209 gemitus
2983 1141 3466 1213 compeditorum
3497 1141 3682 1209 (Psal.
3712 1156 3917 1209 Lxxvui,

2302 1228 2867 1298 It),perseverantes
2898 1246 3011 1284 nos
3026 1230 3083 1284 in
3096 1246 3166 1284 eo
3181 1228 3594 1292 ministerio,in
3607 1243 3722 1299 quo
3734 1229 3920 1297 digna-

2300 1320 2395 1370 tus
2409 1317 2803 1374 estcollocare
2817 1334 2955 1373 cum
2977 1319 3276 1389 promissa
3298 1316 3593 1383 mercede,
3616 1315 3919 1385 adjuvanti~

2300 1403 2414 1458 bus
2444 1406 2817 1461 orationibus
2849 1408 3058 1462 vestris
3074 1407 3151 1461 ab
3183 1403 3915 1473 omniangustialiberabit.

2369 1496 2421 1546 ‘2.
2448 1496 2558 1548 Vos
2581 1499 2802 1560 autem,
2837 1494 3065 1560 fratres,
3099 1495 3486 1550 exhortamur
3515 1494 3575 1548 in
3607 1493 3840 1548 Domino
3864 1500 3917 1548 ut

2296 1583 2670 1651 propositum
2703 1588 2963 1638 vestrum
2994 1582 3366 1646 custodiatis,
3388 1586 3445 1637 et
3468 1598 3652 1654 usque
3674 1583 3729 1635 in
3757 1580 3913 1635 finem

2298 1672 2689 1739 perseveretis
2730 1688 2743 1724 :
2776 1688 2847 1727 ac
2886 1672 3146 1743 siquam
3176 1686 3425 1743 operam
3467 1676 3719 1726 vestram
3750 1674 3913 1724 mater

2297 1757 2554 1814 Ecclesia
2572 1759 3012 1828 desideraverit,
3047 1776 3154 1815 nec
3168 1760 3424 1815 elatione
3453 1759 3631 1815 avida
3648 1758 3910 1829 suscipia-

2297 1848 2387 1912 tis,
2423 1863 2532 1903 nec
2574 1848 2922 1905 blandiente
2979 1849 3213 1905 desidia
3250 1848 3553 1920 respuatis
3594 1870 3606 1912 ;
3660 1847 3758 1902 sed
3802 1845 3909 1901 miti

2294 1936 2474 1991 corde
2505 1937 2924 2008 obtemperetis
2955 1941 3092 2003 Deo,
3133 1955 3271 1993 cum
3321 1937 3772 1993 mansuetudine
3799 1952 3911 2006 por-

2295 2031 2487 2081 tantes
2503 2042 2639 2080 eum
2662 2026 2765 2098 qui
2794 2043 2894 2081 vos
2908 2028 3075 2096 regit,
3095 2028 3412 2098 quidirigit
3435 2023 3907 2095 mitesinjudicio,

2293 2114 2397 2185 qui
2429 2112 2642 2170 docet1
2677 2121 3024 2171 mansuetos
3080 2117 3205 2171 vias
3245 2132 3384 2171 suas
3416 2116 3604 2181 (Psal.
3652 2130 3798 2176 xxrv,
3841 2114 3905 2179 9).

2294 2205 2409 2258 Nec
2432 2209 2688 2258 vestrum
2712 2204 2900 2259 otium
2926 2203 3377 2259 necessitatibus
3410 2203 3681 2259 Ecclesiae
3712 2216 3912 2274 priapo-

2292 2290 2471 2354 natis,
2505 2292 2600 2345 cui
2632 2292 2975 2362 parturienti
3011 2292 3061 2346 si
3102 2292 3243 2346 nulli
3280 2293 3423 2347 boni
3454 2292 3783 2346 ministrare
3811 2289 3911 2344 vel-

2290 2378 2431 2444 lent,
2461 2381 2770 2450 quomodo
2794 2381 3209 2445 nasceremini,
3241 2397 3357 2436 non
3391 2380 3743 2435 inveniretis.
3776 2380 3912 2434 Sicut

2291 2475 2491 2523 autem
2515 2469 2877 2537 interignem
2904 2476 2959 2525 et
2980 2486 3203 2540 aquam
3233 2470 3492 2525 tenenda
3508 2476 3593 2525 est
3612 2469 3721 2534 via,
3748 2475 3910 2524 utnec

2292 2563 2573 2611 exuratur
2610 2557 2793 2612 homo
2824 2574 2933 2613 nec
2963 2558 3343 2627 demergatur
3371 2578 3384 2626 ;
3440 2560 3487 2614 si
3532 2558 3677 2613 inter
3705 2558 3910 2627 apicem

2294 2646 2592 2716 superbiae
2622 2653 2675 2701 et
2709 2648 3055 2715 voraginem
3085 2648 3337 2702 desidiaa'
3364 2648 3475 2703 iter
3498 2654 3755 2703 nostrum
3791 2651 3911 2699 tem-

2292 2749 2501 2805 perare
2514 2735 2824 2800 debemus,
2842 2736 2993 2790 sicut
3019 2738 3307 2806 scriptum
3333 2744 3456 2792 est:
3487 2738 3614 2792 Non
3640 2736 3911 2791 declinan-

2293 2829 2396 2886 tes,
2428 2839 2613 2893 neque
2634 2824 2713 2878 ad
2737 2825 3069 2889 dexteram,
3093 2840 3279 2895 neque
3308 2827 3389 2881 ad
3418 2826 3717 2881 sinistram
3736 2824 3908 2893 (Deut.

2291 2913 2432 2976 xvii,
2467 2913 2571 2982 tl).
2595 2914 2739 2967 Sunt
2766 2913 2925 2967 enim
2949 2914 3053 2984 qui
3078 2913 3223 2968 dum
3248 2915 3427 2969 nimis
3450 2915 3653 2969 timent
3681 2910 3908 2983 aequasi

2290 3000 2351 3054 in
2376 3000 2680 3055 dexteram
2703 3002 2853 3072 rapti
2869 3002 3245 3066 extollantur.
3268 3005 3326 3059 in
3349 3004 3644 3059 sinistram
3666 3002 3803 3072 lapsi
3824 2998 3909 3053 de-

2292 3094 2662 3156 merguntur.
2698 3092 2760 3144 Et
2782 3095 2920 3144 sunt
2949 3107 3161 3145 rursus
3192 3091 3295 3162 qui
3315 3092 3462 3147 dum
3488 3092 3662 3147 nimis
3688 3106 3744 3145 se
3772 3086 3908 3144 aufe-

2291 3183 2427 3231 runt
2452 3194 2488 3232 a
2518 3177 2773 3242 sinistra,
2820 3194 2893 3233 ne
2916 3176 3150 3249 torpida
3181 3180 3516 3236 vacationis
3547 3180 3773 3235 mollitie
3807 3191 3909 3230 sor-

2289 3263 2564 3329 beantur,
2583 3283 2654 3320 ex
2676 3267 2860 3322 altera
2892 3275 3057 3337 parte
3078 3268 3379 3337 jactantiaa
3395 3269 3557 3324 fastu
3579 3267 3906 3337 corruptiat-

2289 3357 2777 3425 queconsumpti,
2821 3355 3155 3411 infavillam
3190 3356 3549 3429 fumumque
3586 3357 3904 3411 vanescunt.

2288 3443 2379 3496 Sic
2393 3458 2555 3511 ergo,
2580 3441 2971 3507 dilectissimi,
2992 3444 3213 3514 diligite
3228 3447 3437 3511 otium,
3458 3453 3521 3501 ut
3544 3463 3648 3501 vos
3661 3444 3734 3501 ab
3763 3438 3906 3497 omni

2290 3537 2520 3587 terrena
2544 3532 2935 3588 delectatione
2965 3535 3291 3598 refrenetis,
3319 3544 3374 3590 et
3398 3534 3771 3590 memineritis
3795 3528 3904 3584 nul-

2287 3618 2411 3674 lum
2434 3620 2631 3675 locum
2647 3638 2798 3685 esse,
2821 3621 2919 3676 ubi
2944 3638 3063 3676 non
3090 3624 3277 3693 possit
3302 3623 3553 3695 laqueos
3577 3623 3797 3678 tendere
3815 3617 3901 3689 qui

2288 3708 2539 3763 timetne
2556 3711 2894 3765 revolemus
2918 3712 2995 3765 ad
3026 3714 3240 3777 Deum;
3269 3709 3903 3767 etinimicumomnium

2286 3797 2606 3863 bonorum,
2631 3800 2804 3868 cujus
2845 3800 3065 3869 captivi
3097 3799 3322 3854 fuimus
3355 3802 3693 3869 judicemus
3722 3804 3758 3862 ³,
3791 3796 3899 3850 nul-

2285 3885 2526 3957 lamque
2555 3887 2727 3941 nobis
2752 3902 2885 3941 esse
2913 3888 3234 3958 perfectam
3254 3890 3522 3959 requiem
3540 3889 3844 3960 cogitemus
3865 3886 3899 3945 ³,

2285 3974 2475 4029 donec
2510 3980 2766 4031 transeat
2791 3976 3079 4046 iniquitas
3114 3978 3302 4041 (Psal.
3335 3993 3449 4041 va,
3483 3980 3560 4049 2),
3601 3984 3654 4032 et
3682 3976 3737 4029 in
3762 3971 3900 4044 judi-

2286 4063 2444 4117 cium
2472 4064 2702 4133 justitia
2733 4070 3114 4120 convertatur
3141 4067 3329 4136 (Psal.
3362 4083 3518 4131 xeiu,
3559 4068 3663 4133 15).

2356 4156 2408 4206 3.
2438 4156 2577 4207 Item
2595 4169 2729 4207 cum
2764 4154 3433 4224 aliquidstrenueatque
3464 4155 3726 4211 alacriter
3749 4148 3897 4219 agitis

2283 4240 3099 4311 etimpigreoperamini,sive
3129 4243 3185 4297 in
3201 4244 3599 4310 orationibus,
3628 4243 3745 4296 sine
3768 4237 3899 4307 inje-

2278 4329 2481 4397 juniis,
2497 4330 2689 4384 sivein
2712 4331 3108 4401 eleemosynis
3128 4348 3140 4397 ;
3159 4332 3584 4387 veltribuentes
3598 4326 3896 4399 aliquidin-

2282 4417 2640 4486 digentibus,
2675 4418 2765 4473 vel
2791 4420 3084 4474 donantes
3114 4420 3381 4486 injurias,
3423 4421 3572 4475 sicut
3600 4426 3654 4475 et
3687 4421 3824 4472 Deus
3847 4411 3897 4465 in

2283 4506 2515 4562 Christo
2536 4507 2972 4563 donavitnobis
2992 4509 3230 4577 (Ep/ws.
3246 4525 3319 4576 iv,
3334 4510 3424 4577 32)
3451 4528 3463 4575 ;
3481 4510 3602 4563 sive
3614 4508 3897 4562 domantes

2280 4595 2645 4666 perniciosas
2658 4597 3618 4669 consuetudines,castigantesque
3630 4592 3899 4665 corpus,ﬁt

2284 4684 2542 4737 servituti
2565 4684 3003 4755 subjicientes(l
3030 4686 3165 4740 Cor.
3195 4702 3272 4751 ix,
3296 4690 3415 4755 27);
3449 4688 3567 4741 sive
3582 4683 3894 4740 sufferentes

2281 4772 2811 4837 tribulationem,et
2830 4780 2966 4828 ante
2980 4775 3183 4829 omnia
3200 4791 3301 4828 vos
3316 4776 3476 4845 ipsos
3502 4776 3743 4829 invicem
3758 4770 3806 4823 in
3820 4767 3895 4821 di-

2281 4860 2556 4925 lectione;
2577 4862 2721 4931 quid
2739 4862 2897 4916 enim
2912 4860 3270 4934 sufferatqui
3286 4864 3523 4919 fratrem
3537 4879 3653 4918 non
3668 4852 3893 4915 suffert?

2283 4952 2407 5004 sive
2426 4950 2850 5021 prospicientes
2864 4952 3133 5006 astutiam
3150 4957 3328 5023 atque
3341 4952 3581 5008 insidias
3595 4945 3890 5005 tentatoris,

2280 5043 2514 5094 etscuto
2529 5038 2875 5108 fideijacula
2894 5039 3022 5110 ejus
3052 5040 3237 5107 ignita
3250 5041 3593 5111 repellentes
3622 5044 3677 5094 et
3704 5034 3891 5091 exstin-

2281 5135 2527 5198 guentes
2554 5128 2792 5197 (Ep/tes.
2826 5145 2900 5196 v1,
2922 5129 3006 5199 16)
3024 5146 3035 5194 ;
3054 5130 3174 5183 sive
3189 5136 3493 5185 cantantes
3520 5136 3575 5186 et
3596 5125 3887 5201 psallentes

2344 5341 2494 5406 ‘Mss.
2514 5353 2699 5406 omnes
2711 5342 2906 5406 omisso
2918 5340 3230 5406 Aqui,babent
3252 5356 3261 5389 :
3284 5344 3583 5406 injudicio;
3599 5336 3886 5406 decebit“?

2339 5408 2357 5435 ι
2381 5404 2461 5449 Sic
2486 5404 2649 5450 nostri
2676 5418 2862 5450 omnes
2885 5398 3007 5451 Mss.
3028 5409 3078 5451 et
3100 5405 3267 5453 Vatic.
3291 5398 3414 5453 du'o.
3454 5408 3516 5454 At
3544 5398 3670 5453 Edd.
3699 5398 3884 5448 habent.

2278 5466 2607 5514 vindicentur.

2299 5525 2309 5536 '
2346 5527 2362 5554 ³
2395 5527 2514 5574 Mss.
2550 5541 2753 5581 omnes,
2787 5527 3010 5589 cogitetis
