4040 6174
66 54 511 188 τη

124 253 339 309 sabbato
360 253 791 323 jejunaremus,
821 251 1182 307 subsecutus
1215 256 1320 316 est.
1351 258 1406 307 et
1433 253 1510 307 ait
1539 252 1684 307 mihi
1711 268 1723 305 :

122 346 237 399 Cum
264 344 503 397 Romam
531 342 725 411 venio,
753 341 961 412 jejuno
991 342 1429 405 sabbato;cum
1454 341 1547 397 hic
1570 357 1724 407 sum,

117 447 213 488 non
235 431 455 502 jejuno.
475 429 563 486 Sic
589 430 768 486 etiam
802 436 883 497 tu,
918 431 993 487 ad
1021 447 1203 503 quam
1239 431 1383 487 forte
1406 431 1723 487 Ecclesiam

116 520 332 586 veneris,
356 520 481 591 ejus
509 536 734 576 morem
756 520 1005 589 serva,si
1023 521 1307 592 cuiquam
1335 536 1454 576 non
1479 520 1566 575 vis
1597 536 1726 576 esse

112 609 383 676 seandalo,
401 626 506 665 nec
522 625 884 681 quemquam
902 610 1022 665 tibi.
1036 612 1151 665 Hoc
1169 626 1305 665 cum
1324 608 1497 665 matri
1513 625 1727 665 renun-

112 699 337 763 tiassem,
370 698 616 754 libenter
638 698 916 771 amplexa
937 698 1171 769 est.Ego
1204 715 1343 754 vero
1373 700 1445 754 de
1470 699 1726 755 hacsen-

110 788 262 843 tentia
278 788 453 843 etiam
469 794 640 860 atque
663 788 841 844 etiam
855 788 1147 858 cogitans,
1174 788 1250 843 ita
1264 804 1499 860 semper
1515 786 1721 853 habui,

108 882 360 949 tanquam
374 893 506 932 eam
522 876 736 932 caelesti
754 877 996 933 oraculo
1015 877 1545 949 acceperim.Sensi
1564 878 1720 932 enim

104 983 237 1037 saepe
258 965 788 1036 dolensetgemens
809 966 1017 1023 multas
1034 967 1407 1022 infirmorum
1427 966 1726 1038 perturba-

105 1055 262 1110 tiones
286 1054 549 1127 ﬁeri,per
572 1055 976 1128 quorumdam
1005 1054 1254 1112 fratrum
1288 1056 1721 1111 contentiosam

102 1144 644 1212 obstinationem,vel
660 1145 1128 1217 superstitiosam
1144 1145 1649 1217 timiditatem,qui
1666 1144 1721 1199 in

100 1233 251 1288 rebus
263 1233 625 1304 hujusmodi,
643 1250 780 1306 quae
796 1250 991 1307 neque
1015 1234 1329 1306 Scripturee
1345 1240 1566 1290 sancite
1585 1251 1723 1290 auc.

102 1322 515 1395 toritate,neque
530 1324 882 1380 universalis
897 1323 1170 1379 Ecclesiae
1186 1323 1720 1396 traditione,ueque

102 1412 210 1467 vitae
238 1412 601 1483 corrigendae
624 1412 885 1479 utilitate,
903 1414 977 1469 ad
1002 1418 1226 1469 certum
1253 1418 1505 1485 possunt
1528 1414 1722 1468 termi-

104 1517 219 1556 num
248 1501 552 1573 pervenire
579 1504 835 1572 (tantum
865 1503 1006 1575 quia
1035 1501 1240 1558 subest
1264 1502 1720 1575 qualiscumque

103 1589 437 1646 ratiocinatio
455 1592 905 1661 cogitantis,aut
921 1591 1063 1663 quia
1082 1591 1138 1646 in
1160 1608 1269 1646 sua
1285 1592 1472 1663 patria
1491 1592 1575 1647 sic
1595 1590 1719 1664 ipse

103 1680 499 1744 consuevit,aut
521 1679 781 1752 quialibi
797 1681 958 1745 vidit,
976 1680 1449 1752 peregrinatione
1477 1695 1720 1753 suaquo

104 1771 441 1824 remotiorem
457 1786 489 1824 a
504 1769 650 1836 suis,
664 1785 733 1825 eo
746 1769 1074 1825 doctiorem
1092 1786 1152 1825 se
1177 1770 1393 1825 factum
1412 1770 1717 1841 putans‘);

106 1862 197 1913 tam
227 1856 503 1927 litigiosas
537 1858 1188 1931 excitantquaestiones,
1218 1864 1280 1915 ut
1307 1859 1719 1931 nisiquodipsi

107 1945 306 2014 faciunt,
332 1948 477 2004 nihil
509 1954 739 2005 rectum
772 1949 1124 2005 existiment.

161 2064 353 2120 CAPUT
386 2064 477 2118 Ill.
515 2096 581 2104 —
600 2068 652 2119 4.
675 2064 1118 2136 Dixeritaliquis
1143 2082 1261 2121 non
1279 2065 1544 2139 quotidie
1573 2067 1722 2123 acci-

109 2152 345 2223 piendum
361 2154 799 2211 Eucharistiam
817 2172 829 2209 :
845 2155 1156 2228 qumsieris
1173 2172 1379 2228 quare.
1397 2155 1714 2222 Quoniam,

107 2241 277 2314 inquit,
302 2243 567 2314 eligendi
585 2250 723 2300 sunt
750 2244 876 2299 dies
897 2246 1113 2317 quibus
1137 2244 1345 2317 purius
1366 2246 1550 2301 homo
1580 2262 1719 2301 con-

109 2330 459 2406 tinentiusque
494 2332 634 2389 vivit
661 2338 703 2401 ',
730 2348 852 2405 quo
884 2334 960 2389 ad
991 2338 1220 2389 tantum
1262 2334 1718 2390 Sacramentum

108 2418 283 2489 dignus
305 2422 550 2479 accedat
570 2439 583 2477 :
611 2422 720 2487 Qui
730 2423 882 2479 enim
897 2422 1347 2480 manducauerit
1362 2424 1721 2494 imligneju-

110 2508 287 2566 dicium
315 2512 421 2567 sibi
450 2512 785 2568 manducat
811 2518 864 2568 et
896 2511 1035 2567 bibit
1067 2512 1109 2583 (Ι
1143 2513 1273 2568 Cor.
1304 2529 1381 2577 XI,
1410 2514 1520 2585 29).
1561 2514 1719 2569 Alius

110 2606 272 2654 contra
303 2617 315 2654 :
344 2600 722 2672 lmo,iuquit,
748 2600 796 2655 si
828 2606 987 2656 tanta
1003 2601 1281 2673 estplaga
1296 2603 1521 2673 peccati
1541 2608 1720 2675 atque

111 2685 320 2759 impetus
335 2689 624 2757 morbi,ut
639 2688 1075 2745 medicamenta
1090 2690 1227 2746 talia
1239 2690 1568 2746 differenda
1581 2692 1715 2759 sint,

111 2780 405 2835 auctoritate
425 2778 711 2836 antistitis
725 2778 901 2834 debet
917 2781 1173 2852 quisque
1196 2780 1274 2835 ab
1297 2780 1504 2836 altario
1526 2797 1715 2837 remo-

112 2868 200 2922 veri
222 2868 287 2924 ad
301 2871 599 2939 agendam
612 2869 1014 2941 pmnitentiam
1028 2911 1040 2934 ,
1070 2875 1123 2926 et
1139 2870 1349 2925 eadem
1371 2871 1716 2927 auctoritate

111 2958 441 3015 reconciliari.
478 2962 603 3014 Hoc
633 2964 721 3014 est
751 2959 909 3014 enim
943 2959 1187 3029 indigne
1244 2960 1533 3031 accipere,
1570 2962 1616 3015 si
1644 2976 1715 3016 eo

113 3048 326 3118 tempore
355 3048 739 3119 accipiatquo
753 3048 1112 3120 debetagere
1136 3050 1545 3120 paenitentiam
1563 3068 1576 3118 ;
1594 3066 1714 3105 non

114 3136 372 3192 utarbitrio
385 3153 517 3204 suo,
539 3154 681 3193 cum
696 3136 857 3201 libet,
874 3138 963 3193 vel
978 3138 1209 3194 auferat
1228 3155 1289 3194 se
1304 3140 1712 3195 communioni

111 3223 176 3277 vel
200 3226 397 3283 reddat.
430 3226 729 3283 Caeterum
761 3233 1002 3297 peccata
1046 3228 1092 3283 si
1121 3232 1284 3283 tanta
1316 3244 1434 3284 non
1470 3234 1627 3295 sunt,
1652 3234 1713 3285 ut

110 3316 595 3373 excommunicaud
606 3332 671 3371 us
686 3318 941 3388 quisque
956 3317 1005 3389 ’j
1020 3316 1306 3377 udicetur.
1324 3333 1445 3374 non
1464 3334 1524 3373 se
1538 3318 1715 3373 debet

112 3414 137 3454 τι
155 3405 462 3473 quotidiana
489 3405 794 3462 medicina
814 3406 1099 3462 Dominici
1127 3406 1390 3477 corporis
1409 3424 1707 3480 separare.

114 3490 292 3549 Pectius
317 3496 461 3552 inter
490 3512 600 3551 eos
633 3495 885 3552 fortasse
933 3496 1236 3569 quispiam
1267 3496 1490 3553 dirimit
1524 3498 1705 3564 litem,

113 3582 186 3649 qui
204 3590 377 3640 monet
398 3591 461 3641 ut
483 3584 790 3657 praecipue
811 3583 867 3640 in
883 3585 1089 3640 Christi
1109 3601 1258 3657 pace
1282 3592 1705 3657 permaneant:

113 3666 245 3726 faciat
270 3679 456 3730 autem
502 3673 921 3746 unusquisque
972 3674 1137 3746 quod
1169 3675 1503 3731 secundum
1531 3674 1706 3731 ﬁdem

115 3770 242 3815 suam
257 3762 535 3831 piecredit
563 3778 694 3817 esse
724 3761 1488 3820 faciendum.Neuterenim
1502 3781 1707 3821 eorum

112 3846 375 3906 exhonorat
399 3868 621 3925 corpus
653 3857 706 3907 et
738 3852 1095 3921 sanguinem
1126 3854 1378 3919 Domini,
1416 3854 1520 3909 sed
1554 3854 1710 3909 salu-

114 3932 377 3994 berrimum
393 3944 851 3997 Sacramentum
866 3942 1131 3998 certatim
1152 3942 1447 3998 honorare
1467 3949 1709 3999 conten-

114 4020 240 4081 dunt.
267 4030 450 4102 Neque
481 4030 649 4086 enim
681 4029 1062 4099 litigaverunt
1119 4032 1268 4087 inter
1299 4049 1378 4099 se,
1417 4038 1520 4088 aut
1546 4035 1708 4105 quis-

113 4127 255 4181 (Iuam
304 4133 501 4175 eorum
534 4135 601 4175 se
630 4118 794 4175 alteri
827 4122 1175 4193 praeposuit,
1220 4122 1495 4178 Zachaeus
1526 4127 1583 4177 et
1614 4122 1707 4179 ille

114 4196 353 4274 Centurio,
369 4223 502 4264 cum
517 4206 667 4264 alter
679 4224 883 4264 eorum
903 4209 1172 4278 gaudens
1190 4210 1245 4266 in
1267 4211 1407 4265 dom
1420 4228 1520 4267 um
1535 4228 1705 4267 suam

113 4297 891 4367 susceperitDominum(Luc.
909 4315 1027 4362 xix,
1045 4300 1119 4370 6),
1145 4299 1290 4355 alter
1316 4300 1546 4367 dixerit,
1575 4301 1707 4357 Non

115 4392 207 4435 sum
220 4382 410 4455 dignus
426 4394 486 4443 ut
511 4390 699 4444 intres
721 4386 828 4442 sub
855 4393 1068 4444 tectum
1101 4404 1294 4446 meum
1321 4390 1561 4461 (Matth.
1586 4408 1705 4458 vui,

117 4468 192 4536 8):
227 4474 388 4531 ambo
448 4476 820 4532 Salvatorem
866 4476 1330 4535 honoriﬁcantes
1382 4480 1618 4536 diverso
1659 4485 1711 4537 et

115 4559 246 4626 quasi
263 4565 547 4622 contrario
575 4566 790 4632 modo;
812 4566 994 4622 ambo
1012 4570 1270 4639 peccatis
1288 4569 1502 4635 miseri,
1528 4570 1710 4627 ambo

118 4646 527 4711 misericordiam
550 4657 876 4711 consecuti.
900 4656 1059 4712 Valet
1078 4658 1255 4713 etiam
1271 4658 1346 4713 ad
1372 4660 1524 4715 hanc
1549 4660 1712 4715 simi-

117 4730 371 4796 litudinem
394 4744 556 4816 quod
585 4744 643 4799 in
666 4744 862 4816 primo
884 4745 1108 4817 populo
1142 4748 1459 4820 unicuique
1489 4765 1712 4805 manna

118 4830 391 4886 secundum
408 4833 1101 4907 propriamvoluntatem
1122 4835 1179 4891 in
1195 4853 1296 4893 ore
1319 4838 1590 4910 sapiebat
1605 4840 1709 4910 (a),

120 4911 631 4996 sicuniuscujusque
654 4925 712 4979 in
732 4925 912 4980 corde
929 4925 1233 4981 christiani
1259 4928 1711 4984 Sacramentum

168 5100 276 5178 {Sic
294 5113 421 5158 recte
445 5124 507 5159 ex
537 5111 743 5176 aliquot
772 5113 1017 5177 Mss.[aut
1045 5114 1166 5177 quia
1190 5114 1267 5163 ibi
1295 5115 1441 5170 vidit,
1468 5116 1714 5178 ubipere-

121 5171 406 5239 gﬂuationem
448 5188 592 5239 suam
627 5171 725 5239 quo
760 5171 1083 5225 remoiiorem
1128 5192 1159 5225 a
1193 5178 1314 5234 suis,
1347 5192 1403 5226 eo
1439 5171 1713 5228 doctiorem

124 5223 267 5297 [αεεᾳπι
290 5235 504 5297 putans].

165 5286 326 5366 :‘Lovi,
355 5286 487 5366 vivai
520 5316 532 5355 ;
561 5304 610 5349 et
640 5314 782 5366 mox,
809 5302 1015 5366 dignius
1043 5303 1262 5366 accedat.
1288 5306 1351 5353 At
1375 5308 1614 5353 nostram
1646 5304 1715 5353 le-

125 5349 307 5427 Cli'ogem
331 5349 612 5427 prreferuut
630 5349 953 5427 antiquioi'es
982 5349 1114 5414 Edd.
1137 5349 1199 5413 iet
1220 5349 1343 5414 Mss.

169 5413 419 5495 _'_§_ic_re'cte
433 5413 776 5495 _ex_pluribus'
793 5413 914 5477 Mss.
952 5413 1029 5492 [ut
1051 5413 1562 5479 excommuuicandus
1586 5430 1715 5494 quis-

126 5480 719 5553 θίξιῖηλιρῖηριιέάίεειυῆ-

174 5538 228 5596 (αῖ
252 5540 361 5599 Vid.
392 5538 433 5596 ΙῘ
458 5538 709 5611 Βυιττωιῖ,
739 5567 782 5602 c.
811 5554 894 5607 20.

358 5635 590 5697 ΡΑτιιοι..
621 5642 859 5699 XXXIII.

1291 122 1800 181 EPISTOLARUM
1842 124 2138 182 CLASSIS
2182 125 2252 182 ll.

3384 131 3488 189 202

1834 251 1999 318 illud,
2024 267 2146 323 quo
2174 253 2528 326 subjugalus
2547 258 2633 309 est
2656 255 2940 311 mundus.
2965 256 2982 293 ¹
3018 257 3163 313 Nam
3188 264 3243 314 et
3262 258 3357 315 ille
3384 258 3488 315 bo-

1834 342 2109 398 norando
2140 358 2259 398 non
2293 344 2475 399 audet
2502 344 2768 417 quotidie
2822 361 3078 413 sumere,
3106 353 3162 403 et
3188 348 3279 405 ille
3309 348 3489 407 hono-

1832 430 2023 486 rando
2064 446 2184 487 non
2218 432 2399 487 audet
2431 432 2549 488 ullo
2590 433 2685 489 die
2718 435 3183 505 praetermittere.
3218 440 3489 496 Contem-

1835 526 2001 591 ptum
2037 520 2230 576 solum
2263 537 2381 576 non
2417 521 2543 576 vult
2570 522 2736 578 cibus
2768 523 2892 588 iste,
2925 525 3074 581 sicut
3112 541 3221 581 nec
3258 543 3488 585 manna

1832 607 2158 665 fastidium.
2216 610 2357 666 Inde
2407 611 2565 666 enim
2599 617 2652 667 et
2693 614 3012 683 Apostolus
3070 613 3316 686 indigne
3345 617 3487 674 dicit

1831 704 2144 770 acceptum
2159 699 2237 755 ab
2250 699 2471 773 eis,qui
2499 700 2613 756 hoc
2627 716 2745 757 non
2764 700 3184 760 discernebant
3200 720 3235 760 a
3260 706 3484 762 cmteris

1832 786 1979 843 cibis
2035 790 2414 845 veneratione
2473 789 2851 860 singulariter
2907 791 3154 848 debita:
3197 796 3482 851 continuo

1830 876 2053 948 quippe
2068 892 2203 932 cum
2218 878 2336 932 dixi
2346 882 2481 942 sset,
2496 878 2782 949 judicium
2793 878 2905 933 sibi
2916 880 3240 937 mandueat
3252 889 3301 937 et
3318 882 3478 947 bibit,

1828 964 2059 1020 addidit
2090 970 2151 1021 ut
2179 966 2415 1031 diceret,
2451 982 2569 1022 non
2604 967 2947 1037 dijudicans
3000 985 3215 1039 corpus
3244 971 3484 1027 Domini

1828 1051 1871 1121 (I
1890 1054 2024 1109 Cor.
2041 1070 2119 1120 ιιι,
2134 1054 2224 1126 29)
2250 1071 2263 1120 ;
2281 1055 2442 1128 quod
2460 1056 2603 1111 satis
2625 1061 2744 1112 toto
2759 1056 2889 1128 ipso
2905 1057 3109 1113 locoin
3127 1058 3389 1130 Epistola
3403 1060 3481 1116 ad

1830 1140 2159 1197 Corinthios
2190 1145 2399 1215 prima,
2428 1144 2474 1198 si
2498 1144 2810 1213 diligenter
2825 1146 3186 1212 attendatur,
3212 1155 3477 1220 apparet,

1901 1229 2123 1286 CAPUT
2152 1232 2237 1286 IV.
2272 1264 2333 1273 —
2360 1238 2409 1289 5.
2436 1232 2517 1289 Sit
2547 1233 2761 1306 aliquis
2781 1234 3135 1306 peregrinus
3153 1235 3214 1290 in
3238 1252 3309 1292 eo
3337 1236 3482 1294 forte

1828 1316 1981 1384 loco,
2000 1319 2098 1375 ubi
2114 1328 2562 1391 perseverantes
2582 1323 2637 1377 in
2652 1322 3070 1379 observatione
3086 1326 3483 1396 Quadragesi-

1831 1424 1963 1472 mm,
2006 1425 2115 1465 nec
2147 1411 2355 1482 quinta
2393 1411 2626 1467 sabbati
2658 1412 2860 1468 lavant
2887 1418 2931 1482 ³,
2960 1413 3481 1488 relaxantvejeju-

1830 1497 1991 1552 nium
2018 1514 2029 1552 :
2052 1501 2198 1564 Non,
2221 1500 2431 1572 inquit,
2449 1500 2944 1571 hodiejejunabo.
2963 1504 3479 1567 Quaeriturcausa:

1829 1587 1977 1652 Quia
1991 1603 2111 1643 non
2128 1588 2209 1653 tit,
2228 1588 2441 1661 inquit,
2459 1590 2516 1644 in
2532 1590 2718 1660 patria
2734 1606 2886 1645 mea.
2909 1591 3061 1657 Quid
3076 1591 3235 1647 aliud
3251 1592 3484 1661 ille,nisi

1828 1678 2321 1733 consuetudinem
2350 1695 2521 1734 suam
2541 1680 2958 1735 consuetudini
2982 1680 3225 1735 alterius
3252 1698 3483 1753 praepo-

1828 1781 1966 1821 nere
1996 1772 2248 1822 conatur
2270 1769 2433 1823 ?Non
2450 1768 2608 1823 enim
2627 1768 2739 1823 mei
2756 1767 2829 1823 de
2846 1767 3015 1823 Libro
3034 1768 3129 1824 Dei
3150 1769 3263 1826 hoc
3280 1770 3483 1827 recita-

1828 1859 1993 1910 turus
2019 1860 2126 1923 est,
2154 1862 2255 1911 aut
2276 1857 2565 1912 universae
2586 1857 3266 1929 quacumquedilatatur
3294 1859 3481 1916 Eccle-

1828 1942 1929 1998 siae
1954 1944 2129 2015 plena
2149 1960 2292 2000 voce
2310 1946 2579 2011 certabit,
2599 1952 2699 2001 aut
2716 1946 2985 2002 ostendet
3003 1948 3184 2002 istum
3199 1954 3405 2004 contra
3419 1949 3481 2003 ﬁ-

1826 2032 1963 2088 dem
1996 2032 2207 2099 facere,
2240 2051 2303 2089 se
2324 2039 2526 2090 autem
2569 2035 2900 2091 secundum
2932 2036 3131 2103 ﬁdem,
3162 2052 3479 2110 moresque

1827 2122 1963 2177 hinc
1984 2124 2243 2194 Optimos
2257 2128 2361 2179 aut
2376 2122 2540 2178 illum
2565 2124 2804 2189 violare,
2822 2129 2999 2181 autse
3017 2125 3312 2181 custodire
3333 2141 3481 2182 con-

1826 2212 2279 2268 vinceLViolant
2293 2230 2439 2269 sane
2452 2215 2710 2286 quietem
2728 2219 2783 2269 et
2796 2230 2994 2285 pacem
3015 2230 3181 2270 suam
3193 2216 3267 2271 de
3280 2232 3486 2288 super-

1827 2300 1949 2356 ﬂua
1979 2302 2310 2374 qumstione
2367 2303 2640 2359 rixando.
2698 2302 2931 2359 Mallem
2965 2308 3165 2359 tamen
3198 2305 3258 2360 in
3306 2304 3485 2360 rebus

1826 2390 2515 2461 hujusmodi,utetillein
2534 2393 2801 2463 hujus,iu
2822 2393 2987 2448 hicin
3003 2393 3156 2449 illius
3170 2394 3384 2466 patria,
3403 2394 3481 2451 ab

1826 2496 1897 2535 eo
1911 2480 2072 2552 quod
2102 2481 2295 2536 caeteri
2322 2480 2546 2537 faciunt
2560 2497 2678 2537 non
2696 2482 3063 2539 abhorreret.
3081 2483 3137 2539 Si
3151 2500 3291 2539 vero
3304 2484 3480 2539 etiam

1825 2569 1883 2625 in
1900 2569 2094 2625 aliena
2108 2570 2301 2643 patria
2318 2588 2454 2626 cum
2475 2572 2971 2642 peregrinaretur,
2988 2573 3085 2628 ubi
3104 2573 3297 2645 major
3308 2580 3363 2629 et
3378 2574 3485 2630 fre-

1824 2660 2098 2731 quentior
2120 2666 2174 2715 et
2208 2660 2522 2716 ferventior
2548 2666 2637 2716 est
2663 2661 2920 2733 populus
2962 2662 3085 2731 Dei,
3119 2663 3287 2730 vidit,
3317 2664 3483 2720 verbi

1825 2764 1927 2818 gra
1939 2748 2134 2815 tia,bis
2148 2748 2346 2805 offerri
2361 2767 2396 2822 q
2408 2750 2570 2806 uinta
2586 2749 2819 2806 sabbati
2832 2750 3231 2808 hebdomadas
3262 2752 3483 2808 ultimae

1824 2838 2321 2908 Quadragesimaa,
2341 2846 2397 2894 et
2414 2855 2591 2895 mane
2606 2845 2662 2895 et
2679 2838 2756 2895 ad
2770 2842 3481 2915 vesperam,veniensque

1823 2927 1879 2982 in
1897 2926 2152 2999 patriam
2168 2945 2361 2994 suam,
2379 2928 2481 2983 ubi
2497 2930 2551 2983 in
2568 2927 2684 2983 ﬁne
2698 2928 2815 2983 diei
2833 2946 2965 2985 mos
2983 2929 3307 2997 estoﬂ'erri,
3325 2932 3479 2988 male

1821 3017 2205 3088 atqueillicite
2220 3018 2342 3072 fieri
2363 3018 2998 3090 contendat,quoniam
3018 3019 3155 3075 alibi
3172 3021 3479 3093 aliteripse

1822 3107 2050 3175 viderit,
2078 3106 2317 3179 puerilis
2338 3111 2431 3162 est
2461 3107 2568 3162 iste
2591 3124 2827 3177 sensus,
2860 3110 3162 3165 cavendus
3190 3108 3251 3164 in
3278 3110 3472 3177 nobis,

1821 3196 2165 3253 tolerandus
2194 3196 2252 3251 in
2293 3195 2426 3250 aliis
2466 3200 2505 3267 ³,
2541 3196 2929 3267 corrigendus
2950 3198 3009 3253 in
3042 3198 3286 3255 nostris.

1891 3287 2114 3342 CAPUT
2141 3287 2198 3339 V.
2223 3316 2291 3325 —
2322 3290 2373 3342 6.
2412 3286 2601 3341 Prima
2622 3302 2764 3358 ergo
2796 3286 3100 3359 inquisitio
3133 3292 3254 3352 tua,
3286 3303 3474 3361 quam

1818 3374 1877 3430 in
1906 3375 2362 3431 commonitorio
2381 3376 2649 3447 posuisti,
2678 3394 2746 3431 ex
2767 3393 2887 3448 quo
2912 3376 3090 3432 trium
3114 3378 3361 3433 istorum
3382 3394 3477 3447 ge-

1816 3479 2028 3519 nerum
2061 3465 2151 3529 sit,
2184 3465 2441 3520 attende.
2477 3466 2702 3531 Quaeris
2732 3466 2891 3521 enim
2922 3465 3017 3522 his
3042 3466 3236 3522 verbis
3266 3483 3278 3522 :
3322 3467 3476 3534 Quid

1814 3569 1920 3623 per
1936 3553 2206 3624 quintam
2218 3554 2437 3623 feriam
2455 3554 2680 3610 ultimae
2698 3554 3061 3612 hebdomatis
3082 3556 3477 3627 Quadragesi—

1815 3658 1924 3699 mao
1946 3643 2083 3710 ﬁeri
2104 3643 2353 3701 debeat?
2375 3660 2453 3699 an
2479 3644 2849 3713 o/Ierendum
2870 3644 2945 3699 sit
2968 3660 3163 3709 mane,
3189 3650 3242 3700 et
3264 3661 3477 3701 rursus

1813 3739 1941 3800 post
1958 3747 2203 3796 caenam,
2217 3738 2465 3801 propter
2491 3733 2649 3787 illud
2680 3731 2832 3804 quod
2847 3732 3074 3789 dictum
3091 3739 3195 3799 est,
3216 3754 3239 3784 α
3255 3733 3476 3789 Simili-

1816 3828 1907 3877 ter
1925 3826 2235 3893 postquam
2250 3828 2543 3877 camatum
2557 3828 2638 3877 est
2665 3821 2692 3875 ?
2720 3843 2739 3869 ι
2760 3820 2926 3892 (Luc.
2944 3838 3085 3888 xxu,
3104 3822 3194 3893 20)
3219 3837 3298 3878 an
3320 3823 3475 3893 jeju-

1814 3911 2173 3975 nandum,et
2186 3917 2315 3980 post
2342 3926 2565 3967 caenam
2599 3916 2833 3966 tantum
2864 3912 3036 3967 modo
3065 3909 3472 3981 offerendum?

1814 4015 1893 4056 an
1906 4000 2084 4056 etiam
2086 4002 2180 4070 jej
2185 4000 2575 4065 unandum,et
2589 4006 2718 4069 post
2731 4000 3262 4064 oblationem,sicut
3268 4001 3473 4070 facere

1814 4090 2087 4154 solemus,
2108 4090 2450 4145 camandum
2474 4088 2501 4143 ‘P
2529 4089 2613 4144 Ad
2636 4088 2763 4145 haec
2785 4090 2984 4161 itaque
3005 4090 3087 4145 ita
3112 4090 3469 4162 respondeo.

1816 4184 1879 4234 ut
1906 4178 2011 4251 qui
2042 4178 2259 4235 horum
2320 4178 2392 4234 sit
2432 4178 2799 4244 faciendum,
2831 4178 2878 4234 si
2906 4179 3125 4234 divinas
3156 4179 3471 4250 Scripturm

1816 4268 2148 4338 praescribit
2168 4268 2511 4332 auctoritas,
2534 4284 2653 4323 non
2683 4267 2755 4322 sit
2780 4266 3181 4323 dubitandum
3216 4268 3359 4340 quin
3392 4268 3472 4323 ita

1815 4354 2009 4413 facere
2027 4356 2361 4412 debeamus
2396 4357 2755 4426 utlegimus,
2790 4361 2850 4409 ut
2874 4356 2999 4426 jam
3020 4372 3141 4411 non
3162 4356 3471 4428 quomodo

1817 4445 2183 4510 faciendum,
2204 4446 2306 4500 sed
2324 4444 2632 4517 quomodo
2652 4447 3105 4501 Sacramentum
3137 4446 3469 4516 intelligen-

1816 4535 1963 4592 dum
1987 4536 2078 4604 sit,
2096 4536 2494 4606 disputemus.
2519 4534 2794 4589 Similiter
2812 4535 2990 4591 etiam
3018 4535 3063 4590 si
3082 4536 3228 4607 quid
3253 4534 3471 4591 horum

1818 4630 1939 4682 tota
1955 4641 2061 4697 per
2072 4625 2280 4680 orbem
2294 4623 2626 4695 frequentat
2641 4622 2900 4679 Ecclesia
2915 4640 2928 4677 :
2945 4640 3085 4679 nam
3106 4630 3158 4678 et
3171 4622 3309 4679 hinc
3325 4623 3474 4695 quin

1818 4716 1897 4772 ita
1928 4714 2268 4771 faciendum
2284 4714 2375 4777 sit,
2399 4712 2703 4783 disputare
2724 4712 3202 4768 insolentissimus
3225 4714 3473 4769 insaniae

1820 4809 1923 4860 est.
1961 4803 2074 4861 Sed
2098 4818 2292 4875 neque
2317 4802 2450 4867 hoc,
2480 4816 2675 4873 neque
2704 4800 2851 4857 illud
2880 4801 3036 4858 inest
3060 4802 3121 4858 in
3143 4804 3390 4875 eoquod
3413 4806 3472 4857 tu

1886 4990 1900 5020 ι
1932 4986 2019 5036 Sic
2050 4984 2174 5031 Mss.
2209 4984 2456 5045 quatuor.
2485 4980 2549 5028 At
2566 4980 2765 5037 excusi,
2791 4981 2932 5029 sicin
2954 4996 3041 5031 ore
3070 4982 3307 5044 cujusque
3323 4978 3476 5045 Chri-

1821 5049 1979 5099 stiani
2008 5060 2026 5106 ;
2050 5051 2101 5095 et
2135 5042 2550 5107 prosequuntur,
2578 5049 2953 5107 sacramentum
2972 5045 3101 5093 iIIud
3122 5042 3367 5107 quomodo
3390 5054 3473 5090 su-

1822 5117 1995 5162 matur
2024 5105 2380 5157 mstiinandum
2410 5119 2426 5165 ;
2466 5108 2700 5169 exceptis
2738 5106 2861 5155 Bad.
2895 5110 2949 5155 et
2981 5108 3095 5154 Am.
3127 5105 3217 5168 qui
3253 5105 3468 5169 habent,

1823 5189 1928 5239 quq
1950 5172 2252 5239 subujgatus
2268 5167 2630 5239 testimandus}
2650 5169 2739 5239 ubi
2753 5169 2807 5217 in
2823 5169 2947 5239 Mss.
2962 5167 3214 5239 omnibus
3235 5171 3286 5215 et
3303 5167 3469 5239 Vatic.

1823 5228 1875 5288 ἐι
1895 5228 2325 5293 (ἱᾶὶὶὶεῘἸθςὶἱιιν,
2359 5246 2454 5293 quo
2486 5231 2785 5291 subjugatus
2813 5230 3159 5293 estimundus:
3196 5229 3332 5277 hanc
3362 5228 3463 5277 lec-

1823 5303 2022 5351 tionem
2059 5292 2342 5345 conﬁrmat
2366 5292 2515 5342 ’Bcda
2536 5293 2787 5351 vulgatus
2816 5293 2834 5339 Ι
2866 5292 2983 5341 Cor.
3021 5294 3096 5341 11.

1884 5366 1903 5396 ³
1934 5358 2272 5413 Lov.,levant
2300 5356 2423 5415 ;sed
2443 5353 2774 5404 meliusBad.
2803 5356 2918 5403 Am.
2942 5356 3022 5403 Er.
3042 5358 3095 5404 et
3112 5353 3470 5410 Mss.,lavant.

1883 5427 1902 5457 ³
1926 5425 2044 5471 Am.
2078 5421 2160 5469 Er.
2195 5423 2246 5469 et
2274 5420 2396 5467 Mss.

1824 5493 1880 5537 in
1910 5485 2119 5535 nostris.
2150 5482 2272 5532 Bad.
2297 5485 2348 5531 et
2380 5479 2519 5543 unus
2550 5494 2577 5529 e
2603 5479 2777 5543 Regiis
2811 5480 2941 5531 Cdd.
2971 5480 3187 5538 habent,
3219 5479 3475 5531 tollendus

1824 5552 1869 5600 el
1904 5546 2231 5610 corrigindus
2262 5545 2317 5593 in
2345 5542 2551 5592 nostris.

2971 5634 3193 5706 (Sept)

2443 5421 2691 5480 quatuor,
2735 5417 3031 5466 tolerandas
3066 5422 3111 5465 et
3135 5417 3472 5480 corrigendus
