4040 6174
158 169 233 223 105
1333 158 1717 217 EPISTOLAR

1830 162 1831 215 ξ
1876 161 2168 217 CLASSIS
2211 161 2278 218 ΙΙ.

154 308 275 348 mum
298 292 508 361 oportet
528 288 763 343 noveris
788 287 948 342 diem
980 286 1245 342 Natalem
1272 286 1508 342 Domini
1526 303 1646 341 non
1675 288 1728 341 in

148 375 886 448 sacramentocelebrari,sed
904 380 1133 432 tantum
1164 377 1219 430 in
1256 377 1609 432 memoriam
1642 392 1729 432 re-

148 468 299 525 vocari
341 467 494 539 quod
524 471 699 522 natus
728 467 819 531 sit,
854 483 924 522 ac
948 480 1055 538 per
1084 466 1197 521 hoc
1228 465 1372 521 nihil
1395 482 1549 537 opus
1580 471 1725 531 erat,

108 628 111 629 ν
141 557 227 614 nisi
242 556 543 613 revolutum
567 556 709 611 anni
722 556 903 621 diem,
922 571 1044 627 quo
1060 554 1191 625 ipsa
1204 572 1297 610 res
1310 560 1443 611 acta
1459 559 1562 621 est,
1582 554 1729 611 festa

141 648 404 703 devotione
417 645 1109 718 signari.Sacramentum
1124 650 1216 700 est
1228 648 1428 700 autem
1449 644 1506 700 in
1525 644 1730 717 aliqua

98 768 101 779 ι
138 736 492 801 celebratione,
509 750 643 789 cum
660 735 741 791 rei
756 741 932 805 gesta:
956 733 1449 789 commemoratio
1465 734 1544 790 ita
1562 733 1649 799 ﬁt,
1664 739 1726 790 ut

136 824 318 897 aliquid
354 824 525 881 etiam
554 824 878 893 signiﬁcari
908 822 1294 892 intelligatur,
1324 823 1489 895 quod
1521 827 1727 879 sancte

134 915 493 986 accipiendum
524 919 629 970 est.
666 916 745 969 Eo
771 914 971 985 itaque
1001 912 1183 969 modo
1214 912 1440 983 agimus
1480 913 1724 980 Pascha,

133 1012 175 1058 ut
197 1019 297 1059 non
317 1003 498 1059 solum
530 1002 591 1059 in
619 1003 971 1058 memoriam
990 1001 1153 1075 quod
1183 1007 1415 1071 gestum
1455 1007 1542 1057 est
1562 1018 1729 1059 revo-

130 1092 368 1161 cemus,id
381 1092 633 1163 estquod
651 1097 920 1147 mortuus
935 1097 1021 1147 est
1037 1090 1298 1146 Christus
1311 1097 1368 1146 et
1381 1091 1729 1148 resurrrexit

131 1182 207 1236 sed
232 1183 387 1236 etiam
402 1187 610 1236 caetera
627 1198 756 1253 quae
771 1182 925 1237 circa
940 1197 1010 1237 ea
1033 1185 1406 1244 attestantur,
1438 1182 1511 1238 ad
1534 1198 1728 1239 sacra-

129 1276 269 1326 menti
296 1270 781 1339 signiﬁcationem
810 1286 931 1326 non
954 1270 1301 1326 omittamus
1330 1270 1527 1336 '.Quia
1541 1272 1722 1338 enim,

126 1363 242 1416 sicut
265 1361 393 1416 dicit
430 1360 770 1432 Apostolus,
819 1362 1091 1416 Mortuus
1121 1365 1204 1417 est
1228 1368 1475 1429 propter
1502 1361 1722 1420 delicta

127 1455 294 1513 nostra,
307 1456 356 1505 et
367 1452 691 1507 resurrexit
700 1457 949 1520 propter
955 1452 991 1521 j
995 1452 1442 1519 ustiﬁcationem
1458 1459 1723 1508 nostram

126 1541 268 1607 (Rom.
300 1541 477 1609 iv,25)
508 1555 523 1605 ;
554 1539 837 1595 transitus
863 1540 1110 1611 quidam
1133 1540 1207 1595 de
1222 1545 1412 1595 morte
1435 1540 1512 1596 ad
1542 1541 1722 1597 vitam

126 1630 165 1683 in
180 1630 258 1684 illa
270 1630 535 1700 passione
557 1628 791 1685 Domini
809 1635 865 1685 et
880 1629 1307 1685 resurrectione
1332 1635 1599 1685 sacratus
1612 1634 1721 1687 est.

126 1722 232 1774 Nam
249 1720 415 1775 etiam
438 1718 801 1775 vocabulum
828 1720 1023 1791 ipsum
1050 1718 1214 1791 quod
1233 1719 1465 1777 Pascha
1484 1720 1719 1788 dicitur,

128 1823 216 1863 nou
242 1823 507 1879 graecum,
545 1808 701 1864 sicut
727 1808 904 1878 vulgo
943 1809 1130 1864 videri
1157 1808 1305 1865 solet
1339 1810 1441 1880 (a),
1486 1810 1588 1865 sed
1617 1810 1721 1867 he-

124 1898 302 1953 braum
314 1913 436 1954 esse
448 1896 773 1970 dicuntqui
787 1897 1055 1967 linguam
1075 1903 1388 1970 utramque
1404 1904 1718 1955 noverunt.

126 1990 279 2059 Neque
298 1988 445 2045 enim
473 2004 509 2043 a
523 1987 828 2061 passione,
845 1989 1133 2059 quoniam
1162 2003 1353 2058 graece
1368 1991 1597 2061 πάσχειν
1626 1989 1720 2044 di-

121 2076 231 2131 citur
256 2076 382 2147 pati,
415 2076 520 2133 sed
553 2075 637 2133 ab
684 2091 756 2132 eo
786 2077 951 2148 quod
1004 2078 1307 2143 transitur,
1356 2083 1417 2132 ut
1468 2077 1611 2143 dixi,
1645 2078 1720 2133 de

123 2169 264 2220 morte
287 2165 357 2221 ad
379 2165 586 2233 vitam,
611 2165 854 2222 hebrum
867 2165 1049 2222 verbo
1063 2181 1155 2222 res
1174 2166 1474 2239 appellata
1495 2174 1581 2223 est
1609 2183 1626 2223 :
1658 2166 1717 2222 in

120 2267 207 2324 quo
237 2252 451 2327 eloquio
483 2254 716 2311 Pascha
746 2255 1028 2311 transitus
1055 2254 1287 2322 dicitur,
1331 2255 1483 2311 sicut
1519 2256 1717 2329 perhi-

122 2341 224 2396 bent
238 2345 327 2415 qui
341 2344 448 2400 boc
462 2346 685 2399 sciunt.
703 2345 875 2409 Quod
890 2344 1136 2400 voluitet
1150 2345 1270 2417 ipse
1286 2346 1572 2401 Dominus
1589 2350 1713 2401 tan-

120 2445 219 2499 gere
244 2447 360 2486 cum
386 2432 526 2489 dicit
558 2452 571 2492 :
606 2432 916 2500 Quicredit
935 2434 1116 2504 inme,
1142 2433 1388 2490 transiet
1413 2434 1516 2489 'de
1528 2441 1715 2491 morte

120 2520 178 2573 ad
194 2520 342 2578 vitam
368 2522 565 2594 (Joan.
590 2538 649 2588 v,
669 2522 781 2595 24).
808 2523 873 2577 Et
901 2523 1159 2578 maxime
1174 2522 1333 2579 idem
1350 2523 1717 2592 evangelista

120 2607 517 2681 hocexprimere
545 2612 801 2668 voluisse
831 2610 1437 2682 intelligitur,cumde
1462 2612 1717 2669 celebra-

122 2702 216 2753 turo
228 2700 454 2757 Domino
467 2701 705 2758 Pascha
717 2718 855 2757 cum
867 2700 1177 2773 discipulis
1192 2701 1334 2766 suis,
1354 2703 1454 2757 ubi
1477 2718 1714 2760 cmuam

120 2786 177 2839 eis
192 2790 475 2860 mysticam
494 2790 684 2857 dedit,
711 2790 858 2848 Cum
874 2791 1127 2856 vidisset,
1147 2791 1358 2863 inquit,
1386 2792 1553 2847 Jesus
1574 2792 1719 2864 quia

121 2882 235 2932 venit
257 2881 367 2948 ejus
381 2881 530 2937 hora
545 2887 613 2937 ut
628 2880 907 2938 transiret
919 2880 991 2936 de
1004 2881 1226 2936 mundo
1239 2881 1319 2936 ad
1340 2884 1581 2938 Patrem
1601 2882 1713 2951 (Id.

120 2979 204 3029 xm,
232 2969 290 3035 t).
308 2969 614 3026 Transitus
640 2986 781 3042 ergo
794 2970 868 3025 de
894 2971 1007 3027 hac
1039 2970 1161 3026 vita
1194 2970 1428 3026 mortali
1459 2970 1516 3025 in
1534 2970 1715 3026 aliam

122 3053 257 3112 vitam
272 3058 681 3125 immortalem,
710 3060 823 3115 hoc
842 3065 929 3115 est
949 3061 1108 3115 enim
1122 3060 1196 3115 de
1212 3064 1399 3115 morte
1413 3058 1488 3114 ad
1510 3060 1715 3126 vitam,

119 3142 157 3195 in
170 3148 408 3215 passione
419 3155 477 3205 et
493 3150 555 3204 in
570 3149 998 3205 resurrectione
1015 3148 1245 3204 Domini
1259 3149 1713 3205 commendatur.

168 3311 359 3370 CAPUT
387 3315 452 3370 II.
487 3346 557 3355 —
589 3318 646 3371 3.
672 3314 773 3371 Hic
791 3317 1074 3372 transitus
1088 3331 1122 3372 a
1134 3315 1314 3373 nobis
1329 3316 1511 3373 modo
1526 3317 1719 3387 agitur

120 3399 380 3468 perﬁdem,
394 3420 530 3476 quae
546 3404 724 3461 nobis
736 3411 821 3460 est
833 3404 891 3460 in
905 3404 1314 3461 remissionem
1333 3411 1715 3478 peccatorum

118 3485 159 3538 in
179 3505 321 3559 spem
350 3494 481 3550 vitae
511 3499 775 3559 aeternae,
807 3493 1191 3564 diligentibus
1222 3495 1412 3551 Deum
1438 3500 1493 3551 et
1522 3497 1719 3567 proxi-

119 3590 242 3633 mum
257 3582 409 3653 ;quia
420 3585 568 3651 ﬁdes
577 3583 1069 3653 perdilectionem
1082 3586 1544 3654 operatur(Gat.
1560 3601 1617 3650 v,
1638 3586 1712 3655 6),

116 3670 156 3719 et
169 3669 337 3735 justus
364 3689 438 3730 ex
450 3675 576 3743 ﬁde
603 3674 742 3730 vivit
760 3674 1012 3744 (Hahae.
1038 3690 1094 3739 ιι,
1113 3674 1189 3746 4).
1210 3676 1357 3744 Spes
1376 3681 1568 3731 autem
1588 3690 1717 3746 qux

118 3756 438 3824 Μόθων-,ποια
453 3770 538 3819 est
562 3778 695 3831 spes
712 3781 731 3819 :
752 3763 909 3834 quod
919 3763 1071 3819 enim
1095 3763 1251 3820 videt
1263 3766 1415 3835 quis,
1430 3764 1576 3835 quid
1592 3778 1715 3833 spe-

114 3844 266 3905 rat?Si
274 3858 459 3909 autem
469 3854 638 3925 quod
650 3868 768 3908 non
784 3852 1038 3909 videmus
1048 3868 1373 3922 speramus,
1378 3868 1482 3924 per
1492 3854 1716 3922 patien-

115 3934 224 3991 tiam
250 3949 650 4010 exspectamus
676 3943 865 4012 (Rom.
899 3958 1013 4009 vm,
1036 3944 1126 4011 2i)
1159 3958 1177 3997 :
1209 3941 1715 3997 secundumhanc

112 4020 1135 4103 ﬁdem,etspem,etdilectionem,qua
1149 4032 1440 4103 coepimus
1453 4046 1583 4086 esse
1598 4031 1713 4087 sub

110 4114 277 4181 gratia,
301 4118 421 4187 jam
448 4120 811 4176 commortui
845 4136 1197 4175 sumuscum
1230 4120 1479 4185 Christo,
1507 4123 1714 4175 etcon-

110 4202 276 4271 sepulti
312 4207 385 4263 illi
416 4225 524 4282 per
550 4209 923 4280 baptismum
952 4211 1011 4264 in
1061 4214 1308 4266 mortem
1339 4210 1583 4281 (Cotoss.
1608 4209 1711 4279 ιιι),

110 4288 702 4371 sicutdicilApostolus
733 4315 746 4349 :
786 4299 935 4365 Quia
965 4306 1195 4355 etvetus
1224 4302 1394 4355 homo
1419 4299 1714 4355 nostersi—

111 4382 206 4437 mut
231 4387 547 4456 cruciﬁxus
574 4394 659 4444 est
680 4404 813 4444 cum
841 4388 947 4443 illo
976 4406 993 4453 ;
1028 4394 1080 4445 et
1116 4389 1556 4445 resurreximus
1578 4403 1710 4444 cum

109 4467 185 4524 illo
210 4473 377 4543 (Rom.
408 4495 488 4547 vi,
508 4478 567 4551 6)
599 4478 775 4549 :quia
798 4478 979 4534 simul
1007 4494 1112 4534 nos
1142 4479 1511 4545 excitavit,et
1531 4479 1711 4534 simul

110 4559 404 4634 sedere/“scit
414 4568 476 4623 in
500 4568 857 4626 caelestibus.
883 4568 1045 4625 Unde
1058 4574 1143 4623 est
1159 4575 1213 4623 et
1229 4568 1328 4623 illa
1344 4568 1707 4624 exhortatio:

111 4648 333 4710 Siautem
347 4656 761 4713 resurrexistis
774 4672 904 4713 cum
919 4657 1315 4729 Christo,quae
1327 4672 1554 4712 sursum
1569 4661 1707 4712 sunt

110 4743 326 4805 Quaerite,
356 4745 459 4801 ubi
480 4746 759 4802 Christus
772 4754 854 4803 est
881 4747 961 4803 ad
988 4747 1292 4803 dexteram
1319 4745 1427 4802 Dei
1453 4747 1660 4802 sedens
1689 4762 1709 4809 ;

108 4841 204 4893 quae
246 4848 465 4891 sursum
515 4842 657 4892 sunt
686 4839 895 4906 sapite,
928 4854 1047 4893 non
1086 4852 1217 4909 qux
1244 4852 1427 4906 super
1457 4843 1706 4893 terram.

110 4914 359 4991 Sedquod
390 4926 663 4997 sequitur
716 4930 773 4980 et
810 4926 970 4991 dicit,
1020 4926 1247 4982 Mortui
1271 4929 1426 4982 enim
1465 4927 1623 4991 estis,
1656 4932 1709 4982 et

108 5004 203 5061 vita
229 5019 405 5068 vestra
419 5014 777 5071 abscondita
807 5020 886 5070 est
905 5030 1035 5070 cum
1058 5016 1296 5071 Christo
1313 5015 1375 5071 in
1391 5017 1528 5071 Deo.
1562 5017 1706 5070 Cum

150 5213 160 5241 '
187 5212 518 5283 Floriacensis
554 5217 739 5275 codex,
775 5218 1112 5269 adsaeratam
1139 5220 1561 5283 signiﬁcationem
1596 5233 1709 5269 con-

109 5280 267 5325 vertere
283 5294 383 5328 non
412 5282 727 5331 omittamus.

155 5335 615 5411 ‘.Iu‘Ms.rFloriac.,
647 5345 834 5411 transit
854 5360 872 5406 ;
898 5345 1037 5411 forte
1054 5360 1167 5411 pro,
1190 5346 1418 5401 transiit,
1438 5346 1513 5395 uti
1548 5344 1709 5395 habet

106 5397 286 5470 νυμεεςα
313 5410 363 5453 et
393 5421 575 5470 grteca
602 5397 792 5465 versio,
826 5397 1191 5459 metabéb'eken.

158 5464 215 5530 (al
237 5464 307 5530 Ita
327 5464 501 5530 vis'um
524 5474 608 5519 est
631 5464 843 5530 lrenaéo,
875 5471 967 5520 lib.
988 5473 1034 5526 4,
1058 5486 1104 5521 c.
1124 5473 1211 5529 33;
1237 5470 1581 5527 Tertulliano,
1614 5471 1704 5522 lib.

110 5528 221 5594 ςοηι.
245 5528 467 5594 Judmos,
508 5546 557 5581 c.
597 5534 654 5583 10
686 5548 697 5591 ;
730 5528 1022 5594 Lactantio,
1060 5534 1153 5584 lib.
1186 5536 1213 5583 4
1244 5534 1498 5591 Institut.,
1520 5547 1564 5583 c.
1595 5535 1656 5582 26
1693 5548 1705 5588 ;

109 5583 364 5650 Ambrosio.
386 5583 464 5645 de'
478 5583 706 5659 mystico
741 5583 957 5656 Pascha,
1142 5597 1188 5646 1.

3390 164 3499 223 206

1840 287 2042 344 Christ
2052 303 2116 341 us
2127 288 2479 356 apparuerit
2494 289 2614 345 vita
2629 295 3000 354 vestra,tunc
3009 296 3064 347 et
3082 306 3182 347 vos
3193 291 3499 362 apparebi-

1838 376 1913 432 tis
1945 392 2077 433 cum
2110 378 2217 433 illo
2250 376 2312 432 in
2334 378 2527 447 gloria
2548 379 2796 449 (Coloss.
2830 396 2908 445 ιιι,
2936 379 3051 452 1-4)
3078 396 3092 447 ;
3117 380 3258 437 satis
3275 380 3499 438 indicat

1836 465 1979 537 quid
2010 465 2148 521 velit
2179 465 2444 537 intelligi,
2474 468 2617 538 quia
2666 483 2825 524 nunc
2857 469 3145 525 transitus
3183 474 3387 527 noster
3420 470 3496 528 de

1837 560 2025 610 morte
2039 555 2115 610 ad
2132 556 2635 628 vitam,quiﬁtper
2649 555 2953 629 ﬁdem,spe
2969 559 3270 630 peragitur
3282 559 3496 617 futura

1837 644 1895 699 in
1911 643 2029 700 ﬁne
2043 644 2487 701 resurrectionis
2500 649 2559 701 et
2570 646 2941 715 gloriaa,cum
2964 648 3345 720 corruptibile
3356 649 3492 715 hoc,

1838 731 1900 788 id
1916 738 2003 789 est
2020 749 2161 790 caro
2188 733 2299 790 ista
2317 734 2375 790 in
2397 736 2833 807 quagemimus
2855 736 3057 803 modo,
3083 738 3495 796 induetincor-

1837 822 2197 893 ruptionem,
2231 827 2288 878 et
2318 825 2565 879 mortale
2594 824 2707 880 hoc
2738 824 2945 879 induet
2980 825 3493 883 immortalitatem

1835 911 1881 984 (1
1911 912 2048 968 Cor.
2081 930 2177 978 xv,
2210 914 2316 984 53).
2347 916 2512 970 Nunc
2550 914 2712 970 enim
2756 914 3005 986 quidem
3030 914 3160 986 jam
3199 915 3493 973 habemus

1835 1001 2139 1071 primitias
2150 1003 2398 1071 spiritus
2417 1018 2520 1075 per
2533 1002 2708 1059 ﬁdem
2718 1045 2733 1069 ,
2756 1004 2860 1060 sed
2877 1003 3078 1060 adhuc
3099 1005 3159 1061 in
3172 1005 3339 1061 nobis
3350 1005 3494 1075 ipsis

1834 1091 2284 1162 ingemiscimus,
2301 1093 2676 1162 adoptionem
2698 1100 3130 1163 exspectantes,
3144 1095 3493 1165 redemptio-

1834 1196 1966 1237 nem
1979 1182 2241 1250 corporis
2271 1181 2490 1237 nostri:
2504 1197 2604 1251 spe
2633 1183 2788 1239 enim
2818 1184 2985 1239 salvi
3012 1184 3168 1252 facti
3186 1199 3409 1240 sumus.
3430 1187 3492 1240 In

1833 1270 1947 1327 hac
1978 1286 2085 1343 spe
2126 1287 2260 1326 cum
2304 1288 2534 1338 sumus,
2564 1287 2780 1342 corpus
2812 1272 3049 1344 quidem
3078 1280 3380 1330 mortuum
3410 1280 3493 1331 est

1832 1366 2074 1429 propter
2084 1361 2658 1431 peccatum,spiritus
2672 1367 2867 1417 autem
2881 1363 3002 1418 vita
3015 1369 3095 1417 est
3109 1368 3357 1432 propter
3356 1364 3495 1433 jus-

1833 1449 2045 1505 titiam.
2058 1449 2169 1505 Sed
2186 1449 2319 1505 vide
2332 1449 2477 1521 quid
2493 1450 2760 1522 sequitur
2774 1466 2787 1504 :
2802 1451 2867 1507 Si
2877 1459 3074 1508 autem
3090 1452 3351 1521 Spiritus
3366 1454 3494 1523 ejus

1833 1538 2045 1610 inquit,
2063 1538 2483 1610 quisuscitavit
2507 1540 3020 1597 Jesumamortuis
3052 1540 3281 1598 habitat
3305 1541 3369 1597 in
3398 1557 3493 1598 vo-

1834 1628 1919 1684 bis
1944 1649 1967 1698 ;
1995 1628 2100 1700 qui
2126 1628 2430 1684 suscitavit
2463 1629 2768 1685 Christum
2809 1644 2846 1685 a
2872 1630 3137 1698 mortuis,
3170 1630 3493 1699 viviﬁcabit

1830 1717 2182 1773 etmortalia
2210 1732 2464 1786 corpora
2486 1725 2680 1774 vestra
2691 1734 2799 1788 per
2835 1718 3264 1776 inhabitantem
3302 1718 3493 1788 Spiri-

1831 1812 1953 1862 tum
1973 1809 2101 1877 ejus
2126 1808 2186 1862 in
2207 1807 2561 1877 vobis(Rom.
2596 1824 2713 1873 vm,
2734 1809 2822 1875 23,
2847 1811 3035 1875 24,10,
3063 1809 3168 1880 11).
3188 1808 3494 1879 Hocigitur

1831 1896 2112 1952 universa
2125 1896 2403 1963 Ecclesia,
2428 1897 2635 1969 quaeiu
2663 1898 3145 1969 peregrinatione
3167 1897 3491 1955 mortalita-

1830 1987 1899 2041 tis
1920 1984 2163 2041 inventa
2182 1992 2287 2051 est,
2321 1988 2701 2058 exspectatin
2734 1988 2853 2042 ﬁne
2885 1987 3082 2043 saeculi
3109 1987 3349 2060 quodin
3383 1990 3490 2043 Do-

1830 2073 1975 2130 mini
1991 2075 2177 2131 nostri
2197 2076 2225 2130 J
2230 2091 2334 2130 esu
2349 2074 2559 2131 Christi
2575 2092 2819 2147 corpore
2834 2082 3360 2149 praemonstratum
3372 2082 3482 2147 est,

1828 2164 2029 2235 quiest
2050 2179 2123 2219 ex
2148 2164 2397 2221 mortuis
2421 2166 3027 2237 primogenitus,quia
3050 2170 3105 2221 et
3121 2181 3340 2236 corpus
3357 2165 3486 2236 ejus

1826 2253 1920 2309 cui
1940 2260 2120 2326 caput
2134 2258 2223 2309 est
2239 2256 2387 2325 ipse,
2403 2269 2521 2310 non
2538 2255 2649 2309 nisi
2671 2254 2931 2311 Ecclesia
2954 2255 3299 2325 est(Coloss.
3316 2272 3353 2319 ι,
3372 2254 3484 2326 18).

1899 2414 2122 2470 CAPUT
2163 2414 2254 2470 111.
2272 2446 2336 2455 -
2357 2414 2417 2470 4.
2446 2414 2899 2471 Nonnullienim
2913 2415 3285 2472 attendentes
3304 2414 3485 2472 verba

1826 2519 1963 2575 quae
2006 2503 2244 2560 assidue
2261 2503 2405 2559 dicit
2424 2503 2762 2575 Apostolus,
2786 2504 2931 2576 quia
2958 2508 3015 2560 et
3036 2504 3251 2561 mortui
3272 2519 3483 2560 sumus

1827 2608 1963 2649 cum
1980 2592 2233 2659 Christo,
2251 2598 2307 2649 et
2322 2593 2903 2649 resurreximuscum
2920 2608 3013 2661 eo,
3027 2609 3137 2650 nec
3156 2592 3484 2664 intelligen-

1830 2689 1912 2739 tes
1937 2682 2539 2755 quatenusdicantur,
2555 2682 2818 2739 arbitrati
2833 2688 2971 2738 sunt
2975 2683 3107 2754 jam
3119 2683 3338 2740 factam
3350 2698 3482 2738 esse

1826 2773 2341 2837 resurrectionem,
2358 2788 2466 2828 nec
2482 2771 2663 2828 ullam
2682 2771 2996 2828 ulteriusin
3010 2773 3129 2828 ﬁne
3144 2776 3483 2844 temporum

1828 2877 1958 2919 esse
1979 2861 2343 2933 sperandam
2362 2878 2374 2916 :
2393 2862 2707 2933 Exquibus
2722 2868 2819 2927 est,
2843 2862 3417 2935 inquitﬂymenxus
3428 2867 3481 2919 et

1830 2950 2227 3021 Philetas,qui
2245 2953 2411 3007 circa
2434 2952 2740 3007 veritatem
2758 2951 3209 3015 aberraverunt,
3229 2952 3485 3009 dicentes

1828 3040 2313 3096 resurrectionem
2334 3041 2471 3109 jam
2494 3040 2724 3109 factam
2752 3054 2890 3105 esse,
2915 3046 2968 3096 et
2991 3040 3168 3108 ﬁdem
3197 3056 3481 3112 quorum-

1827 3130 1966 3185 dam
1995 3130 2411 3187 subvertet-unt
2443 3129 2512 3200 (ΙΙ
2568 3129 2715 3184 Tim.
2748 3145 2804 3195 ιι,
2847 3128 2951 3200 t7).
2977 3129 3144 3185 Idem
3174 3130 3484 3200 apostolus

1827 3233 1929 3273 eos
1962 3234 2222 3287 arguens
2254 3217 2603 3283 detestatur,
2629 3216 2734 3289 qui
2767 3221 2969 3273 tamen
2984 3216 3129 3274 dicit
3158 3233 3269 3274 nos
3289 3234 3482 3275 resur-

1826 3307 2049 3362 rexisse
2064 3322 2202 3363 cum
2224 3305 2475 3363 Christo.
2509 3305 2696 3370 Unde,
2727 3305 2841 3361 nisi
2863 3306 3008 3379 quia
3037 3306 3151 3363 hoc
3170 3321 3276 3378 per
3296 3306 3479 3363 ﬁdem

1826 3402 1883 3454 et
1914 3412 2104 3468 spem,
2133 3400 2190 3453 et
2213 3395 2593 3452 dilectionem
2623 3394 2844 3451 factum
2878 3411 3005 3451 esse
3022 3395 3164 3451 dicit
3192 3396 3252 3452 in
3281 3396 3475 3463 nobis,

1827 3484 2158 3542 secundum
2192 3485 2484 3557 primitias
2510 3484 2760 3558 Spiritus
2790 3485 2817 3540 ‘t
2860 3485 2974 3542 Sed
3004 3486 3147 3557 quia
3176 3501 3312 3558 spes
3341 3501 3477 3558 quas

1826 3576 2056 3632 videtur
2074 3590 2192 3631 non
2221 3580 2310 3630 est
2342 3590 2503 3647 spes,
2533 3578 2591 3631 et
2620 3573 2755 3630 ideo
2787 3573 3016 3645 siquod
3047 3589 3168 3630 non
3199 3574 3475 3631 videmus

1827 3680 2165 3736 speramus,
2192 3679 2296 3736 per
2309 3663 2657 3735 patientiam
2680 3666 3093 3734 exspectamus
3123 3667 3342 3733 ;restat
3368 3663 3477 3719 uti-

1823 3770 1939 3826 que
1953 3753 2284 3825 redemptio
2296 3751 2561 3823 corporis
2575 3752 2973 3823 nostri,quam
2988 3756 3402 3822 exspectantes
3414 3752 3474 3807 in

1825 3840 2762 3913 nobismetipsisingemiscimus.
2781 3839 2946 3898 Unde
2976 3844 3060 3895 est
3080 3839 3291 3895 etillud
3319 3860 3333 3895 :
3356 3842 3475 3909 Spe

1822 3932 2165 4003 gaudentes,
2200 3934 2262 3986 in
2304 3930 2695 3986 tribulatione
2711 3930 3005 3999 patientes
3025 3930 3212 4000 (Rom.
3237 3944 3339 3993 xu,
3365 3928 3467 3990 t2).

1897 4026 1948 4078 5.
1984 4024 2114 4076 Haec
2145 4020 2325 4091 igitur
2356 4018 2666 4076 innovatio
2698 4020 2831 4075 vita:
2863 4024 3081 4076 nostra;
3102 4022 3191 4074 est
3220 4018 3473 4089 quidam

1824 4111 2106 4167 transitus
2136 4112 2210 4166 de
2228 4114 2417 4166 morte
2431 4108 2504 4165 ad
2525 4109 2729 4173 vitam,
2745 4108 2848 4180 qui
2861 4108 3058 4180 primo
3074 4106 3254 4179 ﬂtper
3265 4107 3472 4177 ﬁdem,

1823 4204 1885 4255 ut
1907 4201 1965 4255 in
1988 4215 2092 4272 spe
2111 4199 2511 4270 gaudeamus,
2531 4198 2663 4254 etin
2686 4197 3066 4254 tribulatione
3086 4197 3375 4270 patientes
3398 4196 3472 4253 si-

1822 4306 1977 4355 mus,
1994 4290 2139 4344 dum
2156 4288 2353 4345 adhuc
2367 4287 2621 4345 exterior
2638 4292 2837 4343 noster
2852 4288 3033 4343 homo
3046 4286 3466 4358 corrumpitur,

1822 4379 1926 4435 sed
1951 4379 2192 4435 interior
2207 4383 2530 4434 renovatur
2550 4376 2624 4432 de
2653 4376 2744 4433 die
2765 4376 2825 4431 in
2849 4376 3006 4431 diem
3026 4377 3093 4446 (ll
3112 4376 3242 4432 Cor.
3260 4376 3466 4446 1v,t6).

1822 4469 2269 4541 Propteripsum
2285 4466 2510 4522 initium
2524 4481 2697 4522 novas
2714 4466 3352 4536 vitae,propternovum
3366 4464 3470 4521 ho-

1819 4557 2043 4613 minem
2068 4556 2545 4628 quemjubemur
2566 4554 2869 4619 indueret,
2892 4558 2950 4610 et
2968 4568 3181 4608 exuere
3208 4557 3467 4611 veterem

1821 4646 2058 4718 (Coloss.
2088 4661 2167 4709 ιιι,
2196 4650 2247 4712 9,
2280 4650 2367 4716 10)
2389 4649 2812 4717 ;expurgantes
2826 4647 2993 4699 vetus
3008 4641 3388 4709 fermentum,
3407 4648 3471 4700 ut

1819 4737 2005 4793 simus
2028 4751 2185 4791 nova
2219 4734 2584 4806 conspersio,
2625 4733 2914 4804 quoniam
2943 4731 3166 4787 Pascha
3194 4738 3469 4789 nostrum

1820 4825 2168 4882 immolatus
2186 4830 2274 4880 est
2296 4824 2559 4880 Christus
2586 4822 2630 4895 (1
2658 4823 2796 4879 Cor.
2826 4838 2883 4888 v,
2911 4823 2970 4893 7)
3000 4838 3014 4877 :
3044 4826 3285 4894 propter
3311 4821 3469 4877 hanc

1818 4932 1960 4986 ergo
1983 4916 2114 4970 vitae
2142 4914 2487 4978 novitatem,
2512 4911 2742 4984 primus
2770 4912 2994 4967 mensis
3013 4912 3072 4967 in
3091 4912 3231 4967 anni
3255 4912 3471 4966 mensi-

1818 5007 1932 5061 bus
1963 5004 2342 5061 celebrationi
2391 5002 2529 5058 huic
2569 5001 2887 5057 attributus
2923 5007 3028 5057 est.
3080 5004 3228 5057 Nam
3260 5004 3315 5055 et
3344 5000 3467 5069 ipse

1817 5094 2035 5151 dicitur
2061 5093 2276 5151 mensis
2295 5108 2583 5149 novorum
2601 5091 2808 5161 (Exod.
2838 5106 2986 5156 xxm,
3018 5095 3034 5146 t
3051 5091 3125 5161 5).
3156 5088 3306 5154 Quia
3329 5103 3468 5143 vero

1817 5185 1875 5240 in
1904 5190 2026 5241 toto
2050 5190 2315 5255 tempore
2340 5181 2541 5237 saeculi
2576 5196 2736 5235 nunc
2761 5180 2994 5235 tertium
3024 5185 3257 5250 tempus
3286 5192 3470 5249 appa-

1816 5273 1951 5339 ruit,
1984 5272 2120 5329 ideo
2150 5270 2506 5327 resurrectio
2520 5267 3047 5325 Dominitriduana
3067 5271 3172 5321 est.
3202 5265 3469 5322 Primum

1883 5471 1893 5498 ³
1923 5466 2047 5540 Mss.
2072 5470 2179 5540 tres
2213 5484 2225 5514 :
2247 5467 2464 5540 Propter
2482 5465 2572 5514 hoc
2589 5464 2757 5540 ipsum
2784 5462 3011 5540 initium,
3037 5466 3135 5540 e'tc.
3161 5463 3261 5536 A_lii
3285 5477 3433 5540 seqq.
3456 5475 3467 5513 ε

1817 5531 2047 5641 Ρνορρεᾶ·
2080 5531 2246 5592 ipsum
2281 5525 2492 5579 initium
2516 5525 2662 5577 nocte
2686 5528 2818 5584 vitte,
2839 5538 3027 5575 novum
3051 5525 3306 5576 hominem
3329 5525 3469 5591 jube-

1818 5607 1936 5642 mur
1953 5608 2010 5642 in
2048 5606 2184 5642 uere.

1818 5607 1936 5642 mur
1953 5607 2184 5643 induere.
