4078 6166
593 185 698 240 207

590 309 750 366 enim
772 314 1007 382 tempus
1034 314 1118 365 est
1146 313 1283 366 ante
1313 311 1546 379 Legem,
1571 310 1903 366 secundum
1929 309 2044 364 sub
2068 309 2239 377 Lege,

592 400 828 456 tertium
843 399 955 454 sub
968 397 1190 467 Gratia,
1217 398 1320 453 ubi
1347 399 1473 469 jam
1496 399 1902 456 manifestatio
1927 403 2015 454 est
2037 413 2243 452 sacra-

593 489 775 545 menti
809 488 971 559 prius
1000 485 1216 542 occulti
1250 486 1309 541 in
1350 487 1696 560 prophetico
1740 490 2080 558 aenigmate.
2125 488 2242 541 Hoc

590 592 732 645 ergo
773 581 828 631 et
852 576 910 630 in
951 575 1148 631 lunari
1180 591 1435 632 numero
1467 577 1839 648 signiﬁcatur
1871 577 2054 650 ;quia
2082 576 2242 631 enim

588 665 958 736 septenarius
993 679 1284 721 numerus
1313 664 1461 721 solet
1479 665 1540 721 in
1565 666 1885 739 Scripturis
1928 666 2006 722 ad
2033 679 2244 736 quam-

585 752 729 809 dam
770 753 1193 826 perfectionem
1224 755 1512 827 mysticus
1554 771 1865 828 apparere,
1897 755 2065 811 tertia
2093 753 2244 809 heb-

587 841 856 898 domada
882 841 1039 898 luna:
1073 842 1293 898 Pascha
1318 843 1672 910 celebratur,
1696 844 1800 916 qui
1833 844 1959 899 dies
1989 841 2243 899 occurrit

587 946 625 986 a
662 934 877 1002 quarta
911 930 1148 986 decima
1178 931 1236 986 in
1280 932 1621 990 vicesimam
1643 934 1924 1005 primam.

657 1019 878 1076 CAPUT
919 1020 1009 1076 IV.
1043 1053 1108 1061 —
1137 1026 1193 1076 6.
1225 1024 1324 1076 Est
1354 1022 1470 1077 illic
1494 1027 1550 1078 et
1579 1021 1739 1078 aliud
1759 1022 2240 1085 Sacramentnm,

587 1109 755 1181 quod
785 1108 834 1163 si
869 1109 972 1164 tibi
1003 1109 1327 1166 obscurum
1357 1111 1547 1175 fuerit,
1578 1113 1789 1184 quiain
1813 1111 2031 1168 talibus
2052 1110 2244 1182 inqui-

587 1197 900 1253 sitionibus
933 1199 1410 1255 minuseruditus
1431 1217 1514 1269 es,
1546 1217 1668 1256 non
1709 1201 2101 1270 contristeris;
2135 1215 2244 1255 nec

583 1285 720 1342 ideo
748 1302 842 1341 me
870 1293 1042 1359 putes
1077 1287 1764 1361 meliorem,quiaha3cin
1782 1290 1989 1345 studiis
2008 1289 2243 1361 puerili-

584 1373 692 1430 bus
704 1375 880 1432 didici
899 1395 911 1432 :
932 1377 1046 1444 Qui
1056 1378 1213 1433 enim
1226 1379 1618 1448 gloriatur,in
1631 1379 2124 1449 eoglorietur,inq
2135 1378 2239 1437 uit.

580 1464 733 1520 scire
746 1472 798 1520 et
813 1466 1146 1536 intelligere
1159 1468 1436 1538 quoniam
1452 1484 1556 1540 ego
1571 1486 1699 1525 sum
1714 1469 1999 1524 Dominus
2014 1468 2159 1539 (Jer.
2171 1484 2238 1534 ιι,

583 1555 976 1624 24).Νο[ιηυ111
991 1571 1132 1624 ergo
1148 1557 1390 1612 studiosi
1407 1557 1612 1614 talium
1627 1575 1822 1613 rerum
1838 1559 2243 1630 quaesiverunt

587 1643 776 1698 multa
798 1643 1151 1699 denumeris
1174 1647 1260 1700 1et
1279 1647 1538 1702 motibus
1553 1648 1838 1702 siderum.
1862 1648 2036 1718 thui
2054 1647 2240 1702 subti-

581 1729 698 1785 lius
713 1733 827 1788 ista
844 1733 1089 1788 scrutati
1107 1739 1266 1798 sunt,
1299 1735 1665 1792 incrementa
1695 1736 2241 1792 etdecrementalu-

587 1819 757 1874 naria
797 1836 863 1875 ex
895 1821 1285 1878 conversione
1317 1823 1478 1893 globi
1531 1825 1662 1894 ejus
1694 1825 2089 1895 conjecerunt,
2120 1839 2241 1880 non

579 1908 743 1978 quod
759 1909 984 1980 aliquid
999 1910 1350 1967 substantia:
1367 1913 1713 1969 velaccedat
1743 1913 1794 1968 ei
1817 1929 1952 1968 cum
1973 1919 2234 1984 augetur,

577 1997 672 2052 vel
685 1998 1086 2056 decedatcum
1101 2002 1564 2075 minuitur,quod
1581 2003 1772 2061 delira
1786 2003 2081 2076 imperitia
2096 2009 2115 2040 ⁸
2129 2007 2240 2060 Ma-

581 2086 795 2142 nichaei
818 2089 1154 2160 opinantes,
1176 2091 1386 2161 repleri
1412 2109 1544 2148 eam
1565 2092 1861 2158 dixerunt,
1893 2094 2043 2149 sicut
2059 2093 2240 2164 reple-

583 2179 674 2231 tur
691 2177 882 2245 navis,
907 2195 979 2234 ex
1006 2178 1252 2248 fugitiva
1284 2181 1383 2236 Dei
1415 2188 1600 2252 parte,
1637 2199 1819 2254 quam
1847 2184 2236 2238 commixtam

579 2266 954 2338 principibus
973 2269 1356 2325 tenebrarum
1374 2275 1652 2327 eteorum
1671 2273 1948 2328 sordibus
1962 2273 2234 2345 inquina-

577 2357 907 2418 tam,corde
920 2362 1017 2428 atq
1029 2375 1098 2412 ue
1113 2373 1211 2414 ore
1223 2359 1508 2428 sacrilego
1541 2366 1596 2416 et
1619 2362 1858 2417 credere
1871 2362 2036 2434 etloq
2047 2363 2102 2416 ui
2118 2378 2235 2417 non

576 2443 1021 2500 dubitant.Hinc
1034 2461 1176 2515 ergo
1191 2447 1424 2518 impleri
1442 2449 1496 2502 lu
1507 2464 1645 2505 nam
1661 2449 2020 2515 dicunt,cum
2037 2452 2236 2506 eadem

579 2545 720 2601 pars
755 2532 852 2586 Dei
887 2534 1453 2604 magnislaboribus
1486 2537 1563 2592 ab
1596 2538 2052 2610 inquinamento
2098 2557 2240 2611 pur-

576 2620 814 2688 gata,de
832 2625 950 2676 toto
970 2623 1200 2679 mundo
1215 2631 1394 2696 atque
1411 2627 1693 2682 omnibus
1733 2627 1954 2683 cloacis
1981 2629 2234 2698 fugiens,

577 2708 846 2764 redditur
880 2713 996 2765 Deo
1017 2709 1242 2781 lugenti
1268 2713 1416 2769 dum
1444 2716 1683 2782 redeat;
1732 2717 1948 2789 repleri
1972 2734 2110 2774 vero
2135 2735 2239 2791 per

575 2812 844 2852 mensem
866 2800 1271 2867 dimidium,et
1297 2803 1414 2858 alio
1427 2804 1678 2860 dimidio
1697 2805 1755 2861 in
1773 2807 1958 2862 solem
1979 2807 2234 2867 refundi,

574 2885 735 2942 velut
759 2887 819 2943 in
851 2887 1031 2944 aliam
1060 2894 1420 2949 navem.Nec
1451 2900 1650 2950 tamen
1671 2896 1977 2952 interistas
1997 2898 2239 2952 anathe-

576 2976 952 3033 matizandas
967 2978 1375 3052 blasphemias
1388 2982 1610 3056 aliquid
1628 2999 1888 3056 unquam
1904 2986 2124 3056 tingere
2137 3003 2238 3059 po-

574 3067 953 3131 tuerunt,cur
971 3067 1576 3141 velincipienslucere
1591 3073 1681 3128 vel
1721 3075 2025 3140 desinens,
2050 3076 2238 3131 corni-

575 3153 1014 3212 culatolumine
1038 3157 1278 3228 fulgeat,
1298 3165 1517 3216 autcur
1538 3178 1572 3218 a
1599 3163 1850 3219 dimidio
1875 3180 2080 3220 mense
2098 3166 2240 3220 inci-

573 3242 698 3314 piat
715 3245 983 3314 minui,et
998 3262 1117 3302 non
1132 3248 1210 3303 ad
1224 3249 1666 3307 refundendum
1682 3253 1703 3286 ³
1719 3253 1896 3323 plena
1909 3256 2235 3324 perveniat.

643 3338 696 3386 7.
729 3331 808 3387 Illi
834 3339 1033 3388 autem
1066 3336 1168 3406 qui
1199 3337 1326 3393 haec
1354 3340 1527 3394 certis
1554 3341 1820 3396 numeris
1853 3342 2237 3413 indagarunt,

576 3420 657 3476 ita
689 3427 751 3475 ut
781 3426 834 3475 et
862 3422 1126 3477 defectus
1158 3424 1298 3480 solis
1325 3432 1380 3482 et
1411 3427 1568 3483 luna:
1609 3445 1729 3484 non
1763 3430 1956 3486 solum
1999 3449 2102 3487 cur
2134 3435 2240 3488 ﬁe-

573 3514 720 3574 rent,
741 3510 843 3564 sed
859 3511 1034 3566 etiam
1051 3515 1300 3584 quando
1314 3515 1494 3571 futuri
1520 3518 1907 3592 essentlonge
1927 3527 2061 3578 ante
2081 3539 2225 3594 prae-

574 3599 855 3664 dicerent,
891 3607 946 3656 et
971 3617 1074 3657 eos
1096 3603 1506 3661 determinatis
1528 3609 1854 3664 intervallis
1888 3615 2226 3684 temporum

571 3689 862 3745 canonica
948 3694 1372 3763 supputatione
1451 3697 1842 3768 praeﬁgerent,
1901 3701 2226 3771 litterisque

574 3777 1112 3850 mandarent,quas
1127 3781 1309 3838 modo
1322 3785 1424 3855 qui
1447 3784 1841 3859 leguntatque
1870 3790 2223 3862 intelligunt,

573 3866 952 3922 nihilominus
983 3885 1083 3924 eos
1113 3873 1464 3941 praedicunt,
1502 3891 1609 3930 nec
1640 3877 1810 3933 aliter
1837 3887 1938 3936 aut
1959 3879 2105 3938 alias
2129 3899 2229 3937 ac-

573 3955 663 4010 cid
677 3961 780 4010 unt
805 3973 988 4028 quam
1005 3960 1354 4030 praadicunt.
1379 3963 1540 4019 Tales
1562 3981 1702 4034 ergo
1720 3968 1963 4040 (quibus
1997 3986 2115 4027 non
2140 3977 2229 4027 est

572 4044 1031 4111 ignoscendum,
1067 4049 1216 4103 sicut
1257 4059 1464 4106 sancta
1521 4054 1822 4125 Scriptura
1863 4058 2003 4113 dicit
2037 4077 2049 4126 ;
2085 4062 2229 4131 quia

575 4147 705 4187 cum
740 4138 973 4189 tantum
1023 4138 1289 4193 valerent
1338 4147 1401 4192 ut
1432 4149 1666 4208 possent
1711 4145 2004 4204 aestimare
2050 4165 2227 4206 saecu-

576 4219 720 4282 lum,
749 4221 1053 4278 Dominum
1110 4227 1258 4294 ejus,
1311 4243 1492 4298 quem
1549 4232 1804 4302 supplici
1836 4235 2052 4305 pietate
2088 4255 2226 4310 pos-

573 4314 722 4400 sent,
755 4325 873 4366 non
921 4312 1170 4378 facilius
1213 4315 1568 4372 invenerunt
1622 4317 1790 4391 [Sap.
1823 4340 1944 4390 xm,
1996 4327 2099 4400 9]),
2154 4344 2222 4384 ex

569 4397 710 4470 ipsis
741 4400 1025 4456 cornibus
1056 4401 1212 4458 lunae
1243 4421 1378 4476 quae
1410 4423 1445 4462 a
1487 4408 1611 4464 sole
1657 4426 1868 4470 aversa
1902 4397 2058 4480 sunt,
2103 4418 2224 4474 sive

569 4489 889 4545 crescentis
917 4491 1041 4547 sive
1064 4492 1883 4570 decrescentis,conjecerunt
1913 4521 2047 4561 eam
2081 4507 2225 4563 vela

570 4577 698 4633 sole
739 4578 1046 4647 illustrari,
1087 4587 1142 4638 et
1186 4590 1414 4656 quanto
1447 4587 1644 4657 magis
1689 4591 1766 4645 ab
1800 4609 1870 4648 eo
1902 4596 2220 4662 recederet,

570 4668 733 4754 tanto
763 4671 954 4738 magis
989 4670 1066 4726 ab
1086 4687 1156 4727 ea
1185 4678 1350 4743 parte
1367 4691 1504 4746 quae
1524 4678 1693 4733 terris
1725 4691 1992 4754 apparet,
2022 4686 2221 4741 radios

568 4753 701 4846 ejus
734 4756 1042 4827 excipere;
1073 4767 1300 4830 quanto
1349 4769 1549 4819 autem
1590 4767 1666 4821 ad
1693 4753 1827 4824 eum
1858 4773 2046 4842 magis
2088 4781 2226 4846 post

569 4841 885 4898 dimidium
921 4863 1190 4904 mensem
1214 4866 1283 4904 ex
1309 4850 1424 4907 alio
1458 4855 1832 4914 semicirculo
1859 4841 2224 4937 propinqua-

569 4938 675 4999 ret,
697 4938 864 4990 tanto
888 4937 1080 5008 magis
1103 4954 1138 4993 a
1163 4940 1449 5010 superiori
1470 4950 1636 5014 parte
1659 4947 2032 5017 illustratam,
2055 4954 2131 5009 ab
2154 4971 2222 5010 ea

571 5030 740 5094 parte
753 5040 937 5096 quam
958 5026 1126 5080 terris
1143 5027 1472 5086 adverteret
1494 5047 1612 5088 non
1627 5050 1803 5105 posse
1830 5040 2098 5112 excipere
2133 5060 2221 5099 ra-

569 5112 721 5180 dios,
742 5121 795 5169 et
832 5121 1144 5188 propterea
1177 5118 1360 5174 videri
1383 5119 1724 5180 decrescere
1755 5129 1874 5183 :vel
1911 5131 1955 5185 si
1979 5131 2224 5191 haberet

632 5275 645 5303 ¹
677 5274 760 5322 Sic
796 5275 918 5345 Mss.
955 5278 1367 5345 praistantiores.
1405 5281 1486 5328 At.
1527 5281 1672 5342 Lov.,
1717 5287 1886 5336 studio
1926 5292 2108 5341 talium
2149 5312 2223 5345 re-

571 5341 1050 5402 rufn‘qumsiverunt
1078 5342 1238 5389 multa
1263 5342 1321 5389 de
1347 5344 1660 5402 muneribus,
1686 5351 1784 5397 etc.

632 5397 771 5443 sEdd
785 5441 795 5450 .
809 5403 1372 5503 ,3uod_deliramentum
1388 5405 1619 5478 imperiti
1636 5397 1928 5462 Munia/uri.
1959 5417 2078 5468 Mss.
2096 5436 2222 5485 qua-

570 5458 708 5503 tuor.
733 5474 827 5503 auo
880 5465 1064 5503 delira!
1092 5473 1353 5503 ammiratus
1387 5467 1652 5503 "nun-Iuni
1709 5473 1798 5503 Ali:
1824 5476 1928 5503 [Iun
1959 5481 2118 5503 ,έν-κμ-

564 5465 863 5581 ἓέῗξίίὲυοά
880 5465 1064 5515 delirat
1092 5468 1354 5529 imperitia
1379 5465 1676 5525 Ma'niehtei.
1700 5473 1799 5522 Alii
1823 5465 2222 5534 duo,delira1

630 5579 648 5610 ³
675 5581 800 5634 Mss.
833 5591 1055 5649 septem,
1085 5591 1150 5639 ad
1179 5593 1461 5654 ﬁniendum
1490 5595 1647 5658 plena
1666 5603 1958 5660 perveniat.

1880 186 1942 241 S.
1987 179 2365 239 AUGUSTINI
2410 179 2724 237 EPISCOPI

3908 186 4017 239 208

2355 322 2531 361 suum
2548 306 2744 362 lumen
2757 308 2834 373 ,id
2851 307 3074 364 habere
3092 323 3161 363 ex
3180 325 3296 363 una
3312 313 3476 380 parte
3492 309 3547 363 in
3563 309 4015 380 hemisphaerio,

2351 410 2538 465 quam
2569 400 2799 466 partem
2835 413 2974 452 cum
3005 399 3293 452 recedens
3324 415 3351 452 θ
3383 397 3505 453 sole
3529 397 3818 469 paulatim
3851 399 4018 454 terris

2353 485 2692 540 ostenderet
2743 488 2780 550 ί,
2823 485 3016 542 donec
3045 491 3235 542 totam
3280 487 3630 552 ostenderet,
3679 489 4017 559 quasiaug-

2354 577 2556 628 menta
2582 579 2936 642 monstrare,
2967 573 3112 629 dum
3141 590 3257 629 non
3305 574 3564 630 addatur
3592 575 3756 646 quod
3786 575 4012 641 deerat,

2353 661 2455 716 sed
2480 661 2767 733 prodatur
2794 663 2958 734 quod
2987 663 3296 728 inerat;ac
3329 679 3534 718 rursus
3565 663 3861 735 paulatim
3883 663 4015 719 abs-

2352 750 2609 806 condere
2633 751 2796 822 quod
2813 751 3075 821 patebat,
3093 757 3149 806 et
3171 751 3305 807 ideo
3319 751 3503 806 videri
3525 751 4014 808 decrescere.Sed

2352 839 2888 912 quodlibethorum
2904 841 2976 896 sit
2996 841 3278 907 duorum,
3297 840 3438 896 illud
3458 845 3613 898 certe
3629 842 4009 899 manifestum

2352 934 2460 993 est,
2487 929 2746 984 etcuivis
2766 929 3097 984 advertenti
3131 929 3300 985 facile
3324 931 3652 1000 cognitum.
3679 932 3840 1004 quod
3866 933 4007 987 luna

2353 1033 2474 1074 non
2503 1025 2794 1090 augeatur
2823 1018 2899 1074 ad
2954 1019 3160 1075 oculos
3203 1026 3459 1085 nostros,
3494 1020 3607 1075 nisi
3641 1037 3676 1075 a
3703 1021 3827 1075 sole
3858 1038 4012 1077 rece-

2352 1108 2572 1173 dendo,
2602 1125 2794 1180 neque
2821 1109 3146 1173 minuatur,
3169 1110 3280 1164 nisi
3305 1109 3380 1164 ad
3405 1109 3589 1164 solem
3612 1125 3684 1165 ex
3699 1116 3870 1182 parte
3898 1110 4012 1165 alia

2353 1198 2843 1270 propinquando.

2421 1287 2644 1342 CAPUT
2673 1289 2731 1340 V.
2762 1318 2828 1326 —
2857 1290 2908 1341 8.
2939 1287 3186 1342 Attende
3213 1303 3374 1342 nunc
3398 1287 3563 1358 quod
3585 1288 3645 1341 in
3679 1289 4011 1345 Proverbiis

2351 1375 2594 1445 legitur:
2627 1376 2881 1443 Sapiens
2906 1377 3058 1431 sicut
3077 1377 3166 1430 sol
3194 1383 3495 1445 permanet
3523 1393 3542 1440 ,°
3573 1378 3790 1432 stultus
3814 1384 4010 1434 autem

2350 1465 2499 1520 sicut
2540 1465 2686 1520 luna
2719 1471 2989 1520 mutatur
3017 1465 3228 1534 (Eccli.
3280 1481 3454 1529 xxvn,
3504 1465 3612 1536 t2).
3650 1468 3714 1520 Et
3747 1467 3886 1538 quis
3925 1473 4014 1522 est

2351 1552 2590 1624 sapiens
2622 1554 2725 1626 qui
2757 1561 3082 1624 permanet,
3118 1552 3228 1608 nisi
3257 1553 3346 1607 sol
3397 1552 3492 1608 ille
3519 1553 3761 1624 justitite
3783 1554 3861 1610 de
3891 1571 4012 1627 quo

2350 1641 2584 1708 dicitur,
2615 1642 2794 1698 Ortus
2807 1649 2892 1700 εει
2917 1642 3064 1697 mihi
3080 1643 3164 1697 sol
3169 1643 3442 1711 justitiae,
3468 1647 3521 1697 et
3539 1659 3721 1714 quem
3746 1643 3859 1698 sibi
3893 1660 4010 1699 non

2349 1730 2529 1788 fuisse
2559 1737 2756 1786 ortum
2784 1733 2839 1785 in
2869 1731 2960 1785 die
2985 1731 3312 1786 novissima
3336 1731 3687 1803 plangentes
3712 1733 4012 1804 impiidic-

2350 1823 2461 1877 turi
2492 1826 2633 1876 sunt
2665 1839 2677 1876 :
2704 1822 2777 1876 Et
2798 1821 3046 1890 iustitiae
3069 1822 3268 1876 lumen
3297 1836 3416 1876 non
3435 1822 3593 1877 luxit
3611 1822 3862 1886 nobis,et
3886 1825 4010 1878 σοιι

2348 1927 2467 1967 non
2497 1917 2664 1967 ortus
2681 1917 2764 1966 est
2789 1910 2952 1966 nobis
2973 1909 3000 1965 7
3032 1910 3196 1981 (Sup.
3233 1927 3286 1976 v,
3320 1912 3400 1979 6.)
3432 1913 3579 1966 Nam
3604 1912 3782 1967 istum
3811 1915 4010 1968 carnis

2348 1999 2534 2055 oculis
2548 1999 2838 2054 visibilem
2858 1999 3050 2055 solem
3078 2000 3215 2054 oriri
3238 1998 3374 2054 facit
3397 2015 3576 2070 super
3600 1999 3795 2056 bonos
3818 2007 4010 2057 etmao

2347 2088 2436 2144 los
2468 2092 2641 2153 Deus,
2686 2090 2792 2161 qui
2823 2089 3002 2144 etiam
3029 2087 3178 2160 pluit
3221 2105 3403 2159 super
3440 2089 3635 2160 justos
3664 2096 3719 2145 et
3753 2090 4008 2161 injustos

2349 2177 2580 2248 (Matth.
2619 2195 2668 2240 v,
2702 2179 2813 2249 45).
2857 2180 3163 2232 Ducuntur
3193 2181 3391 2233 autem
3421 2193 3578 2248 saepe
3619 2194 3690 2233 ex
3719 2178 3901 2234 rebus
3935 2182 4011 2235 vi-

2347 2266 2620 2322 sibilibus
2651 2267 2727 2322 ad
2756 2265 3076 2321 invisibilia
3101 2281 3380 2336 congruae
3404 2267 3842 2322 similitudines.
3870 2270 4008 2333 Quis

2347 2361 2436 2411 est
2458 2372 2600 2424 ergo
2628 2355 2722 2410 ille
2743 2355 2976 2419 stultus,
3001 2355 3102 2427 qui
3121 2362 3408 2426 tanquam
3426 2356 3570 2411 luna
3588 2361 3878 2422 mutatur,
3896 2357 4006 2412 nisi

2347 2445 2538 2500 Adam
2567 2446 2625 2500 in
2657 2460 2780 2516 quo
2818 2460 3028 2500 omnes
3060 2446 3509 2517 peccaverunt?
3540 2446 3752 2501 Anima
3778 2447 4007 2519 quippe

2347 2533 2615 2589 humana
2643 2533 2931 2589 recedens
2951 2549 2986 2588 a
3010 2533 3412 2603 solejustitiaa,
3442 2535 3518 2590 ab
3539 2534 3639 2590 illa
3671 2535 4004 2592 scilicetin-

2348 2628 2511 2678 terna
2538 2623 3569 2695 contemplationeincommutabilis
3591 2623 4006 2690 veritatis,om-

2345 2728 2451 2768 nes
2493 2712 2645 2768 vires
2689 2729 2828 2767 suas
2860 2713 2918 2767 in
2958 2717 3202 2768 externa
3241 2714 3551 2780 convertit,
3601 2719 3657 2768 et
3700 2730 3772 2769 eo
3813 2716 4011 2784 magis

2348 2802 2665 2874 magisque
2691 2801 3049 2858 obscuratur
3079 2802 3138 2857 in
3167 2801 3545 2858 interioribus
3575 2819 3644 2858 ac
3685 2805 4012 2876 superiori-

2347 2892 2461 2946 bus
2485 2892 2607 2947 suis
2636 2908 2647 2945 :
2674 2892 2776 2946 sed
2805 2907 2942 2947 cum
2973 2891 3164 2947 redire
3190 2893 3436 2963 coeperit
3465 2892 3540 2947 ad
3573 2892 3736 2948 illam
3771 2893 4008 2950 incom-

2347 2980 2693 3037 mutabilem
2729 2980 3106 3053 sapientiam,
3132 2986 3361 3053 quanto
3389 2981 3580 3051 magis
3603 2983 3655 3037 ei
3680 2985 4010 3056 appropin-

2347 3077 2492 3144 quat
2523 3069 2736 3126 aﬁ'ectu
2783 3071 3040 3142 pietatis,
3072 3075 3236 3126 tanto
3288 3070 3482 3140 magis
3527 3072 3782 3126 exterior
3820 3072 4010 3130 homo

2347 3162 2765 3232 corrumpitur,
2787 3159 2892 3215 sed
2918 3160 3158 3215 interior
3178 3167 3495 3216 renovatur
3523 3161 3597 3215 de
3613 3160 3709 3216 die
3736 3161 3800 3216 in
3821 3162 4009 3227 diem,

2347 3251 2662 3321 omnisque
2677 3249 2775 3304 lux
2792 3249 2886 3304 illa
2901 3248 3140 3319 ingenii,
3155 3265 3291 3321 quae
3307 3249 3383 3303 ad
3399 3248 3680 3304 inferiora
3695 3251 4008 3319 vergebat,

2349 3339 2425 3394 ad
2441 3339 2751 3411 superiora
2762 3337 3144 3401 convertitur,
3161 3343 3218 3392 et
3233 3354 3268 3392 a
3283 3339 3527 3392 terrenis
3541 3337 3810 3410 quodam
3822 3341 4010 3396 modo

2349 3429 2626 3493 aufertur,
2647 3432 2710 3482 ut
2731 3428 2930 3498 magis
2953 3427 3263 3498 magisque
3291 3426 3428 3481 huic
3446 3427 3666 3483 saeculo
3687 3430 4008 3497 moriatur,

2337 3521 2394 3572 et
2417 3518 2536 3572 vita
2563 3517 2691 3587 ejus
2723 3515 3131 3572 abscondatur
3168 3531 3306 3571 cum
3340 3515 3570 3571 Christo
3612 3517 3670 3570 in
3714 3517 3858 3573 Deo.

2406 3607 2458 3661 9.
2493 3607 2745 3660 Mutatur
2774 3621 2915 3674 ergo
2947 3606 3003 3659 in
3037 3605 3295 3660 deterius
3331 3605 3406 3660 ad
3433 3606 3726 3662 exteriora
3753 3622 4006 3678 progre-

2335 3695 2530 3765 diens,
2557 3697 2681 3750 etin
2699 3695 2817 3750 vita
2833 3711 2942 3749 sua
2959 3693 3276 3766 projiciens
3295 3695 3503 3750 intima
3527 3711 3664 3765 sua;
3687 3696 3875 3751 ethoc
3889 3703 4005 3754 ter-

2335 3785 2506 3851 raa,id
2524 3792 2614 3839 est
2627 3785 2710 3839 eis
2723 3785 2823 3856 qui
2839 3789 3071 3839 terrena
3085 3785 3346 3856 sapiunt,
3370 3784 3582 3838 melius
3595 3785 4000 3850 videtur,cum

2334 3874 2902 3947 laudaturpeccator
2916 3876 2972 3928 in
2988 3873 3301 3928 desideriis
3315 3875 3531 3929 animae
3548 3876 3872 3947 εαξη,θίᾳυί
3889 3876 3998 3932 ini-

2335 3979 2457 4034 qua
2489 3965 2655 4034 gerit,
2691 3963 3065 4019 benedicitur
3089 3963 3274 4033 (Psal.
3305 3979 3382 4032 IX,
3406 3963 3481 4033 3).
3518 3966 3776 4019 Mutatur
3793 3972 4004 4022 autem

2338 4053 2394 4107 in
2418 4054 2797 4122 melius,cum
2824 4053 3211 4109 intentionem
3231 4068 3407 4108 suam
3424 4052 3747 4125 etgloriam
3770 4069 3806 4109 a
3826 4060 4008 4111 terre-

2335 4143 2448 4206 nis,
2463 4159 2596 4214 quee
2624 4142 2681 4197 in
2696 4142 2809 4198 hoc
2829 4141 3049 4197 saeculo
3063 4149 3376 4214 apparent,
3396 4143 3686 4214 paulatim
3703 4144 4012 4210 avertit,et

2335 4231 2410 4286 ad
2441 4232 2750 4303 superiora
2769 4239 2946 4304 atque
2965 4231 3246 4287 interiora
3263 4236 3282 4266 ³
3296 4233 3581 4287 convertit
3601 4248 3614 4296 ;
3634 4238 3687 4287 et
3701 4232 3819 4289 hoc
3835 4239 4012 4289 terrm

2333 4320 2391 4374 id
2411 4325 2499 4376 est
2525 4321 2608 4376 eis
2630 4322 2731 4393 qui
2761 4327 2992 4377 terrena
3012 4322 3272 4394 sapiunt,
3297 4321 3554 4378 deterius
3573 4322 4014 4379 videtur.llnde

2332 4409 2410 4465 illi
2447 4410 2617 4483 impii
2649 4416 2952 4482 postremo
2977 4411 3408 4467 infructuosam
3435 4417 3679 4481 agentes
3711 4413 4015 4483 paeniten-

2335 4499 2686 4564 tiam,etiam
2702 4499 2817 4555 hoc
2832 4501 2986 4556 inter
3011 4501 3198 4556 multa
3210 4501 3422 4556 dicturi
3451 4505 3617 4555 sunt:
3639 4502 3843 4556 Iisunt
3865 4519 4014 4574 quos

2332 4589 2662 4660 aliquando
2682 4590 2993 4645 habuimus
3017 4593 3078 4645 in
3097 4590 3352 4646 derisum
3377 4597 3430 4646 et
3457 4591 3520 4645 in
3549 4591 4010 4648 similitudinem

2329 4678 2702 4747 improperii:
2719 4695 2822 4735 nos
2837 4680 3118 4737 insensati
3132 4681 3308 4736 vitam
3322 4682 3559 4736 illorum
3574 4680 4012 4738 zstimabamus

2330 4768 2628 4823 insaniam
2655 4769 2817 4838 (Sap.
2850 4774 2969 4835 v,3.
2999 4770 3074 4840 4).
3095 4774 3173 4825 Ac
3200 4785 3304 4841 per
3323 4769 3438 4825 hoc
3472 4770 3722 4841 Spiritus
3751 4778 4035 4828 sanctusl

2330 4856 2403 4912 de
2417 4857 2749 4912 visibilibus
2763 4857 2832 4914 ad
2850 4859 3250 4922 invisibilia,et
3266 4859 3339 4914 de
3354 4859 3769 4932 corporalibus
3787 4861 3867 4916 ad
3887 4864 4012 4933 spi-

2330 4947 2562 5003 ritualia
2581 4954 2957 5004 sacramenta
2971 4949 3142 5004 simili
3155 4949 3417 5004 tudinem
3433 4950 4010 5014 ducens,transitum

2395 5118 2407 5144 ¹
2446 5115 2569 5164 Mss.
2609 5123 2833 5182 septem,
2871 5133 3022 5182 quam
3071 5125 3266 5181 partem
3303 5134 3413 5167 cum
3466 5120 3713 5167 recederet
3745 5134 3776 5166 a
3829 5123 4006 5170 sole...

2332 5182 2491 5226 totum
2523 5181 2821 5229 ostenderet.

2392 5244 2410 5273 ²
2439 5240 2586 5295 Lov.,
2617 5247 2660 5290 et
2695 5241 2774 5290 sol
2791 5244 3016 5304 justitice
3051 5261 3151 5293 non
3187 5250 3327 5293 ortus
3349 5250 3436 5301 est,
3470 5249 3573 5293 etc.
3613 5243 3774 5294 Abest
3812 5251 4005 5296 autem

2332 5317 2452 5358 vox,
2479 5305 2710 5370 justitiqz,
2743 5318 2775 5353 a
2817 5307 2940 5354 Mss.
2987 5312 3037 5356 et
3071 5308 3467 5370 antiquioribus
3513 5307 3667 5365 Edd.,
3714 5321 3936 5358 necnon
3973 5324 4005 5359 ξι

2331 5379 2510 5433 graeca
2533 5368 2778 5433 versi_one
2816 5381 2939 5433 Lxx,
2963 5384 3128 5433 quam
3178 5368 3482 5433 sequuntur
3515 5371 3786 5427 Ambros,
3833 5386 4003 5422 serui.

2330 5429 2432 5498 {iet
2461 5430 2534 5498 l6,
2570 5433 2622 5498 et
2653 5430 2894 5498 εἶτ-θεῷ’..
2920 5429 3009 5498 lib‘.
3039 5435 3096 5480 34
3132 5429 3336 5484 Morel.
3374 5447 3419 5481 c.
3453 5435 3498 5486 6,
3527 5436 3626 5481 etc.
3660 5434 3725 5480 At
3761 5435 4006 5498 Vulgata

2331 5445 2357 5474 ὁ
2381 5445 2432 5476 Cl.
2461 5445 2534 5484 10,
2570 5445 2622 5478 et
2655 5445 2754 5480 ure
2797 5445 2894 5486 0L,
2920 5445 3009 5480 ΙΙΙ).

2331 5490 2508 5556 habet.
2541 5493 2617 5556 sol
2643 5445 3017 5556 integigentiw.

2390 5554 2408 5583 ³
2440 5553 2523 5602 Sic
2552 5555 2680 5603 Mss.
2706 5556 2772 5604 ad
2807 5553 2942 5612 quos
2971 5558 3236 5607 accedunt
3262 5557 3393 5608 Bad.
3430 5561 3482 5606 et
3524 5559 3645 5608 Am.
3679 5559 3744 5606 At
3777 5558 3908 5610 Lov.
3951 5565 4010 5612 et‘

2329 5615 2412 5664 Er.
2442 5615 2658 5674 habent,
2687 5624 2732 5668 et
2761 5615 2837 5668 ad
2859 5621 3132 5684 superiora
3155 5621 3219 5670 ab
3254 5620 3593 5685 inferioribus
3622 5623 3903 5674 convertit.
