4078 6166
10 104 55 177 Erl

43 407 52 430 ..

16 564 46 646 il

14 736 36 795 ξ

27 805 38 854 i

12 866 40 934 Ἰ

31 949 38 970 .

8 1008 36 1085 ξ

0 1085 40 1137 ,

6 1211 34 1240 f

8 1273 32 1320 1

5 1573 36 1654 ji

19 2611 40 2646 ,ἰ

12 2816 37 2851 ἃ

50 3066 65 3263 l

54 3272 65 3391 ἰ

54 3396 69 3645 l

60 3660 69 3717 ξ

0 5382 93 5869 ﬂ

601 158 704 217 211
1875 150 1932 207 S.
1975 142 2360 206 AUGUSTINI
2401 144 2720 201 EPISCOPI

597 298 856 367 Tempus
870 292 1206 351 seminandi
1220 285 1785 363 est,quiaimbribus
1799 283 2248 341 autumnalibus

601 390 756 442 terra
770 385 985 441 satiata
998 389 1112 447 est;
1133 380 1221 436 vel
1234 378 1397 451 siqui
1415 377 1558 434 forte
1575 376 1673 432 alii
1688 375 1987 431 naturales
2003 373 2247 429 effectus

601 476 759 530 circa
772 480 1001 529 motum
1028 470 1181 527 aeris
1203 474 1259 525 et
1276 468 1559 523 humores
1588 465 1664 521 ad
1680 464 1999 521 variandas
2016 467 2247 535 tempo-

599 580 732 621 rum
764 561 1077 634 qualitates
1115 558 1176 614 in
1207 558 1468 614 siderum
1516 554 1969 612 ordiuatissima
2008 567 2249 608 conver-

603 652 767 707 sione
802 649 985 706 notati
1020 653 1172 714 sunt,
1202 647 1275 703 de
1301 646 1523 719 quibus
1557 645 1780 700 dictum
1823 648 1910 699 est
1935 658 2073 698 cum
2105 657 2247 697 con-

584 740 879 796 derentur
906 754 918 794 :
951 739 1031 795 Et
1048 737 1164 794 sint
1195 737 1256 792 in
1288 736 1472 806 signis
1503 741 1557 793 et
1581 733 1939 803 temporibus
1964 738 2017 787 et
2047 731 2110 787 in
2133 731 2248 787 die-

603 830 706 885 bus
736 829 876 885 etin
908 828 1078 885 annis
1110 827 1275 898 (Gen.
1304 843 1343 891 ι,
1372 827 1482 895 14).
1523 824 1581 879 Si
1626 840 1761 896 quae
1792 829 1995 879 autem
2042 821 2251 890 ﬁgurte

600 918 1057 975 similitudinum
1089 932 1212 971 non
1240 919 1469 971 tantum
1497 914 1569 970 de
1588 912 1736 969 coelo
1752 917 1808 968 et
1828 912 1902 967 de
1930 909 2247 975 sideribus,

602 1008 707 1065 sed
747 1007 927 1063 etiam
960 1006 1034 1062 de
1064 1004 1323 1061 inferiori
1369 1008 1642 1059 creatura
1680 1002 1981 1058 ducuntur
2010 1000 2089 1055 ad
2127 998 2253 1054 dis-

600 1098 1014 1168 pensationem
1045 1099 1576 1160 sacramentorum,
1604 1091 1938 1164 eloquentia
1966 1090 2249 1162 quaedam

602 1192 689 1244 est
708 1186 991 1243 doctrinae
1010 1184 1305 1249 salutaris,
1330 1182 1628 1238 movendo
1647 1180 1880 1237 aﬂ'ectui
1894 1178 2253 1235 discentium

603 1274 1015 1340 accomodata,
1042 1290 1075 1331 a
1096 1271 1426 1329 visibilibus
1457 1272 1534 1327 ad
1556 1270 1892 1335 invisibilia,
1919 1286 1952 1325 a
1974 1283 2254 1342 corpora-

600 1364 761 1421 libus
788 1364 860 1420 ad
896 1362 1246 1435 spiritualia,
1284 1378 1320 1418 a
1345 1360 1778 1432 temporalibus
1810 1360 1885 1415 ad
1917 1363 2157 1415 aeterna.

673 1456 894 1510 CAPUT
914 1455 1049 1508 VIII.
1072 1484 1131 1493 —
1153 1455 1234 1508 14.
1251 1453 1368 1507 Nec
1382 1450 1706 1523 quisquam
1721 1454 1990 1506 nostrum
2010 1448 2257 1504 attendit

601 1544 766 1617 quod
797 1559 868 1598 eo
900 1546 1187 1615 tempore,
1221 1556 1343 1613 quo
1376 1541 1606 1595 Pascha
1638 1538 2027 1603 celebramus,
2077 1537 2161 1593 sol
2195 1538 2253 1592 in

603 1636 782 1689 ariete
796 1637 902 1697 est,
931 1633 1079 1687 sicut
1108 1631 1188 1686 illi
1211 1629 1515 1702 appellant
1537 1628 1865 1702 quemdam
1897 1627 2258 1683 siderumlo-

603 1737 765 1789 cum,
796 1720 900 1777 ubi
920 1736 1127 1776 revera
1144 1734 1349 1776 mense
1370 1734 1667 1775 novorum
1696 1718 1787 1772 sol
1807 1717 2128 1773 invenitur:
2154 1715 2257 1771 sed

605 1811 727 1866 sive
757 1809 840 1866 illi
865 1808 1131 1878 arietem,
1159 1808 1281 1864 sive
1294 1806 1518 1880 aliquid
1540 1806 1700 1862 aliud
1722 1807 1997 1862 eamdem
2025 1810 2259 1878 partem

606 1900 739 1956 cmli
768 1913 984 1954 vocare
1015 1897 1325 1963 voluerint,
1356 1899 1373 1934 ¹
1422 1912 1532 1951 nos
1578 1896 1652 1951 de
1693 1895 2006 1968 Scripturis
2041 1894 2260 1951 sanctis

605 1988 722 2045 hoc
752 1987 1090 2053 didicimus,
1114 1987 1279 2059 quod
1310 1985 1516 2043 omnia
1560 1986 1757 2041 sidera
1785 1986 1941 2041 Deus
1971 1984 2259 2047 condidit,

606 2082 661 2135 et
698 2076 843 2132 locis
869 2075 1210 2133 coelestibus
1240 2075 1458 2147 quibus
1498 2074 1701 2141 voluit,
1750 2075 2052 2130 ordinavit
2082 2092 2096 2139 ;
2130 2089 2261 2146 qua

606 2164 785 2222 stellis
807 2165 1089 2221 distincta
1114 2169 1171 2220 et
1194 2164 1472 2220 ordinata
1504 2164 1564 2218 in
1589 2162 1887 2234 quaslibet
1912 2167 2110 2235 partes
2123 2162 2264 2217 divi-

610 2253 782 2321 dant,
808 2252 1175 2326 quibuslibet
1199 2252 1508 2309 vocabulis
1531 2258 1756 2317 notent,
1787 2253 2150 2325 ubicumque
2174 2255 2264 2311 sol

603 2348 757 2400 esset
778 2357 983 2398 mense
1009 2358 1327 2408 novorum,
1348 2341 1465 2397 illic
1487 2358 1624 2397 eum
1652 2342 1934 2413 reperiret
1963 2342 2091 2397 hac
2115 2342 2261 2398 cele-

601 2432 1069 2503 bratio,propter
1082 2431 1529 2486 similitudinem
1547 2432 1890 2486 sacramenti
1904 2431 2264 2487 renovandis

603 2521 762 2586 vitas,
796 2520 871 2575 de
896 2536 1021 2591 qua
1034 2519 1175 2575 satis
1194 2534 1376 2591 supra
1401 2519 1809 2575 disseruimus.
1827 2520 1997 2585 Quod
2025 2521 2264 2576 sietiam

606 2609 778 2665 locus
808 2608 903 2663 ille
936 2607 1200 2663 siderum
1236 2608 1388 2663 aries
1416 2609 1614 2663 vocari
1648 2613 1865 2679 posset,
1901 2614 2141 2680 propter
2166 2608 2267 2664 ali-

605 2713 793 2769 quam
817 2696 1026 2767 ﬁguree
1054 2696 1528 2767 congruentiam,
1572 2713 1765 2769 neque
1792 2697 1865 2752 de
1893 2697 2243 2768 hujusmodi

608 2786 839 2842 timeret
868 2802 1067 2842 sermo
1089 2785 1333 2841 divinus
1368 2785 1639 2857 aliquam
1672 2787 2033 2842 sacramenti
2066 2787 2266 2843 simili-

610 2874 878 2931 tudinem
910 2876 1149 2941 ducere,
1187 2875 1335 2930 sicut
1365 2875 1439 2931 de
1470 2876 1600 2930 aliis
1632 2892 1753 2931 non
1787 2876 1981 2931 solum
2016 2877 2269 2933 caelesti-

606 2964 854 3030 bus,sed
868 2965 1045 3020 etiam
1069 2965 1437 3021 terrestribus
1450 2965 1735 3021 creaturis
1753 2983 1765 3032 ;
1786 2966 1936 3022 sicut
1966 2966 2039 3022 de
2054 2967 2268 3023 Orione

609 3054 1033 3120 etPleiadibus,
1061 3055 1213 3109 sicut
1234 3054 1306 3109 de
1326 3060 1528 3110 monte
1554 3054 1694 3110 Sina
1709 3060 1764 3111 et
1791 3055 1865 3111 de
1888 3061 2090 3111 monte
2105 3057 2266 3123 Sion,

610 3143 762 3199 sicut
799 3144 873 3199 de
904 3143 1252 3199 ﬂuminibus
1290 3160 1428 3216 quae
1464 3148 1771 3209 vocantur,
1811 3147 1992 3211 Geon,
2028 3146 2261 3218 Phison,

607 3232 810 3303 Tigris,
846 3231 1194 3304 Euphrates,
1238 3234 1387 3289 sicut
1432 3233 1505 3288 de
1546 3233 1680 3305 ipso
1724 3235 1895 3289 toties
1950 3236 2007 3290 in
2050 3239 2270 3293 sanctis

608 3321 905 3393 mysteriis
937 3323 1247 3377 nominato
1263 3326 1282 3357 ²
1310 3322 1493 3377 ﬂuvio
1507 3323 1781 3388 Iordane,
1800 3339 1999 3379 rerum
2015 3325 2268 3393 ﬁgurate

605 3410 1107 3465 insinuandarum
1131 3411 1411 3481 mysticas
1437 3411 1863 3467 similitudines
1886 3414 2159 3472 adduxit.

686 3498 891 3553 l5.Sed
903 3502 1200 3569 quantum
1215 3499 1442 3554 intersit
1459 3501 1609 3556 inter
1624 3501 1890 3556 siderum
1904 3501 2266 3558 observatio-

609 3601 715 3641 nes
730 3586 807 3642 ad
830 3586 1019 3642 aerias
1035 3587 1351 3660 qualitates
1369 3589 1818 3659 accomodatas,
1834 3591 1983 3646 sicut
1998 3591 2267 3663 agricolae

610 3674 915 3731 velnautaa
929 3676 1282 3743 observant;
1305 3679 1499 3734 autad
1528 3680 1827 3734 notandas
1841 3686 2038 3751 partes
2054 3682 2266 3737 mundi

610 3780 975 3837 cursumque
990 3766 1187 3839 aliquo
1201 3772 1255 3823 et
1272 3767 1542 3823 alicunde
1556 3768 1933 3838 dirigendum
1945 3812 1957 3834 ,
1982 3770 2144 3842 quod
2164 3785 2267 3840 gu-

611 3853 953 3910 bernatores
987 3858 1233 3911 navium
1267 3857 1585 3924 faciunt,et
1609 3857 1765 3929 iiqui
1783 3874 1885 3929 per
1916 3858 2265 3915 solitudines

611 3958 896 3999 arenosas
927 3944 989 3999 in
1020 3944 1296 4001 interiora
1327 3945 1520 4001 Austri
1548 3946 1711 4002 nulla
1743 3947 1957 4004 semita
1982 3952 2142 4005 certa
2174 3948 2265 4005 vel

610 4036 771 4088 recta
811 4032 1204 4102 gradiuntur;
1236 4046 1337 4089 aut
1376 4050 1515 4089 cum
1547 4034 1625 4090 ad
1654 4036 1876 4107 aliquid
1909 4036 1969 4091 in
1997 4037 2269 4094 doctrina

612 4120 735 4175 utili
762 4120 1007 4191 figurate
1035 4123 1520 4192 signiﬁcandum,
1554 4124 1618 4179 ﬁt
1658 4125 2085 4182 nonnullorum
2119 4127 2268 4183 side-

609 4222 745 4263 rum
786 4208 991 4281 aliqua
1021 4212 1520 4268 commemoratio
1550 4230 1565 4279 ;
1592 4218 1888 4283 quantum
1922 4230 2062 4284 ergo
2086 4215 2266 4271 inter-

611 4296 684 4352 sit
734 4296 882 4353 inter
930 4298 1040 4354 has
1123 4298 1427 4365 utilitates,
1489 4305 1550 4357 et
1605 4302 1901 4358 vanitates
1951 4304 2265 4361 hominum

611 4386 690 4442 ob
742 4385 856 4442 hoc
903 4387 1360 4445 observantium
1410 4389 1628 4459 sidera,
1668 4397 1731 4447 ut
1780 4407 1889 4448 nec
1930 4394 2083 4449 aeris
2123 4411 2267 4467 qua-

608 4474 957 4545 litates,nec
988 4478 1301 4547 regionum
1330 4478 1475 4547 vias,
1494 4496 1602 4536 nec
1628 4480 1786 4537 solos
1810 4489 2149 4555 temporum
2164 4502 2269 4541 nu-

611 4580 827 4632 meros,
845 4566 1355 4639 necspiritualium
1373 4568 1922 4635 similitudines,sed
1937 4574 2107 4644 quasi
2126 4574 2269 4631 fata-

608 4652 687 4709 lia
699 4654 1035 4725 rerumjam
1049 4661 1259 4712 eventa
1274 4659 1787 4732 perquirant,quis
1802 4677 1921 4716 non
1938 4662 2267 4734 intelligat?

684 4743 911 4798 CAPUT
938 4744 1025 4798 IX.
1058 4777 1120 4784 —
1140 4745 1223 4801 t6.
1251 4747 1361 4804 Sed
1380 4748 1509 4817 jam
1526 4749 1807 4822 deinceps
1831 4749 2144 4808 videamus
2163 4770 2269 4809 cur

611 4831 862 4887 etiamid
877 4831 1245 4901 observetur,
1281 4852 1415 4892 cum
1444 4837 1669 4893 Pascha
1682 4838 2033 4907 celebratur,
2060 4847 2119 4899 ut
2134 4843 2268 4899 sab-

611 4921 820 4978 batum
835 4927 1137 4978 occurrat:
1156 4924 1267 4979 hoc
1281 4925 1438 4979 enim
1455 4926 1763 4998 proprium
1783 4929 2116 4987 christiauee
2135 4932 2266 4987 reli-

613 5010 806 5082 gionis
846 5014 937 5067 est
971 5014 1117 5067 Nam
1144 5012 1325 5069 Judaei
1365 5030 1633 5071 mensem
1678 5033 1971 5075 novorum
2013 5026 2268 5077 tantum-

615 5102 797 5157 modo
815 5100 1095 5159 etlunam
1117 5102 1485 5159 observanta
1506 5106 1956 5177 quartadecima
1979 5126 2166 5182 usque
2189 5112 2266 5167 ad

614 5190 962 5248 vicesimam
988 5192 1269 5264 primam.
1302 5194 1415 5249 Sed
1442 5196 1583 5265 quia
1622 5195 1768 5251 illud
1801 5212 2009 5254 eorum
2042 5201 2267 5257 Pascha

615 5294 737 5349 quo
750 5297 965 5351 passus
978 5289 1063 5338 est
1078 5283 1384 5349 Dominus,
1402 5283 1482 5339 ita
1494 5286 1752 5341 occurrit
1775 5292 1835 5343 ut
1850 5288 2000 5343 inter
2014 5296 2264 5345 mortem

617 5367 747 5435 ejus
772 5375 831 5424 et
860 5374 1355 5430 resurrectionem
1397 5375 1629 5431 medius
1654 5381 1812 5432 esset
1850 5379 2086 5433 sabbati
2118 5380 2264 5447 dies,

680 5508 693 5574 ξ
729 5509 868 5574 I_n_I_3.
900 5517 979 5561 est
1013 5514 1096 5563 hic
1132 5517 1339 5574 vocula,
1373 5522 1419 5566 et
1442 5532 1549 5574 qua
1587 5522 1772 5568 carent
1796 5522 1973 5570 cmteri
2021 5524 2167 5573 editi.
2202 5526 2264 5574 M.

679 5572 697 5602 ⁸
728 5569 857 5619 Edd.
883 5577 934 5621 et
958 5575 1076 5625 Mss.
1102 5578 1299 5641 plures,
1322 5569 1617 5639 nobilitata,
1634 5582 1722 5633 alii
1740 5569 1962 5647 septem,
1984 5569 2263 5637 nominato;

3870 0 4078 210 ﬂ

2357 278 2704 336 addendum
2724 283 2919 349 patres
2942 281 3129 336 nostri
3147 286 3961 353 consuerunl,utetuostraies-

2358 370 2555 426 tivitas
2570 368 2643 423 aJ
2653 368 2961 424 udaeorum
2976 369 3284 426 festivitate
3296 370 3735 442 distingueretur
3751 378 3966 449 ;elquod

2357 474 2480 515 non
2504 458 2720 514 frustra
2746 458 2969 514 factum
3007 475 3139 514 esse
3167 460 3533 516 credendum
3557 467 3642 517 est
3670 464 3742 518 ab
3766 464 3853 520 illo
3879 468 3965 538 qui

2359 555 2447 605 est
2470 555 2606 604 ante
2640 555 2927 619 tempora,
2952 553 3005 602 et
3032 565 3140 620 per
3164 565 3347 622 quem
3374 550 3528 606 facta
3552 557 3682 606 sunt
3708 557 3963 626 tempora,

2359 644 2416 694 et
2441 638 2542 711 qui
2570 637 2725 693 venit
2746 638 2804 692 iu
2828 637 3194 708 plenitudine
3220 646 3577 711 temporum,
3606 647 3660 696 et
3683 643 3775 714 qui
3804 650 3966 715 potes-

2361 732 2540 784 tatem
2591 726 2857 782 habebat
2889 728 3153 798 ponendi
3195 729 3464 784 animam
3496 746 3663 786 suam
3707 736 3758 786 et
3786 732 3965 790 iterum

2359 816 2685 889 recipiendi
2716 831 2851 871 eam
2892 822 2948 872 et
2979 816 3113 872 ideo
3145 833 3264 873 non
3298 818 3557 885 fatalem,
3593 820 3693 874 sed
3723 827 3965 892 Opportu-

2359 922 2503 962 nam
2557 911 2935 962 sacramento
2988 907 3153 977 quod
3205 908 3629 963 commendare
3660 909 3955 978 instituerat,

2359 994 2571 1051 horam
2604 994 3007 1067 exspectabat,
3050 1012 3186 1051 cum
3243 996 3483 1062 diceret,
3531 997 3796 1053 Nondum
3834 1001 3961 1055 venit

2363 1084 2513 1140 hora
2552 1099 2679 1140 mea
2712 1084 2906 1153 (Joan.
2942 1100 2998 1150 ιι,
3046 1086 3123 1156 4),
3162 1085 3219 1140 in
3255 1085 3663 1142 anniversaria
3708 1088 3963 1158 passionis

2362 1174 2490 1244 ejus
2518 1172 2916 1229 celebratione
2948 1190 2984 1229 a
3015 1174 3268 1245 posteris
3294 1180 3629 1231 servaretur
3659 1177 3705 1233 ³.

2440 1263 2520 1318 17.
2571 1262 2741 1328 Quod
2792 1263 2950 1318 enim
2998 1279 3176 1329 nunc,
3208 1269 3270 1320 ut
3296 1265 3572 1336 superius
3621 1265 3754 1330 dixi,
3784 1265 3886 1320 ﬁde
3915 1282 3969 1320 ac

2364 1367 2467 1425 spe
2495 1353 2775 1421 gerimus,
2809 1357 2987 1425 atque
3017 1353 3170 1409 utad
3194 1353 3253 1408 id
3272 1354 3971 1425 perveniamusdilectione

2364 1440 2715 1511 satagimus,
2752 1442 2990 1513 requies
3022 1447 3113 1497 est
3155 1442 3437 1513 quaedam
3482 1442 3560 1498 ab
3613 1444 3769 1499 omni
3798 1442 3969 1499 labore

2363 1528 2633 1584 omnium
2680 1530 3089 1586 molestiarum
3129 1537 3332 1587 sancta
3369 1537 3549 1603 atque
3590 1537 3891 1604 perpetua:
3925 1534 3973 1586 in

2366 1634 2501 1674 eam
2528 1618 2701 1674 nobis
2729 1635 2800 1674 ex
2829 1619 2942 1675 hac
2971 1619 3092 1675 vita
3116 1620 3176 1675 ﬁt
3204 1620 3513 1687 transitus,
3537 1638 3712 1692 quem
3731 1622 3976 1677 Dominus

2368 1712 2572 1763 noster
2597 1710 2770 1763 Jesus
2814 1708 3079 1764 Christus
3113 1726 3220 1766 sua
3250 1710 3531 1781 passione
3562 1716 3977 1782 praemonstrare

2369 1812 2440 1853 ac
2470 1813 2821 1853 consecrare
2851 1797 3132 1867 dignatus
3159 1804 3267 1854 est.
3302 1802 3459 1855 lnest
3489 1804 3683 1855 autem
3705 1800 3760 1856 in
3790 1799 3883 1855 illa
3910 1815 3979 1854 re-

2370 1886 2505 1957 quie
2519 1901 2637 1941 non
2654 1885 2954 1942 desidiosa
2969 1887 3243 1957 segnitia,
3264 1889 3369 1943 sed
3406 1888 3683 1961 quaedam
3702 1887 3981 1944 ineﬁabilis

2371 1974 2769 2046 tranquillitas
2798 1975 3046 2031 actionis
3060 1978 3289 2033 otiosas.
3308 1978 3400 2033 Sic
3426 1979 3588 2034 enim
3610 1979 3684 2034 ab
3702 1979 3865 2049 hujus
3878 1978 3981 2033 vitae

2370 2065 2652 2137 operibus
2672 2065 2730 2119 in
2764 2064 2880 2119 fine
2911 2065 3323 2137 requiescitur,
3347 2073 3407 2123 ut
3434 2068 3496 2123 in
3527 2068 3760 2124 alterius
3778 2068 3892 2123 vita
3906 2083 3983 2121 ac-

2373 2153 2529 2209 tione
2554 2153 2901 2224 gaudeatur.
2932 2155 3045 2211 Sed
3092 2156 3235 2228 quia
3263 2155 3394 2212 talis
3436 2158 3591 2213 actio
3622 2158 3679 2213 in
3721 2157 3811 2212 Dei
3835 2156 3983 2213 laude

2375 2243 2589 2313 agitur,
2625 2243 2751 2297 sine
2775 2242 2980 2299 labore
3008 2244 3438 2312 membrorum,
3469 2247 3597 2303 sine
3614 2261 3827 2316 angore
3846 2262 3985 2300 cura-

2374 2348 2508 2388 rum
2534 2348 2547 2397 ;
2575 2348 2692 2386 non
2723 2331 2800 2387 ad
2826 2348 2959 2388 eam
2989 2334 3071 2388 sic
3106 2335 3386 2390 transitur
3408 2352 3517 2408 per
3537 2336 3871 2408 quietem,ut
3890 2334 3983 2406 ipsi

2374 2421 2544 2477 labor
2584 2421 2882 2488 succedat,
2916 2421 2977 2477 id
3006 2427 3094 2478 est
3126 2437 3247 2478 non
3274 2423 3359 2479 sic
3386 2441 3520 2481 esse
3560 2428 3710 2482 actio
3735 2424 3987 2494 incipit,ut

2376 2526 2505 2566 esse
2537 2510 2775 2566 desinat
2801 2511 2973 2583 quies
3004 2528 3017 2566 :
3051 2527 3246 2583 neque
3262 2513 3422 2570 enim
3444 2515 3667 2570 reditur
3689 2513 3761 2569 ad
3785 2513 3987 2569 labores

2376 2604 2434 2656 et
2462 2616 2635 2655 curas
2671 2621 2682 2665 ς
2714 2600 2817 2655 sed
2845 2607 3156 2672 permanet
3192 2602 3253 2658 in
3292 2604 3527 2659 actione
3557 2603 3719 2677 quod
3756 2602 3827 2659 ad
3854 2602 3990 2675 quie-

2379 2694 2495 2745 tem
2529 2690 2797 2760 pertinet,
2828 2706 2937 2745 nec
2960 2690 3020 2746 in
3048 2706 3227 2763 opere
3258 2692 3557 2760 laborare,
3581 2710 3687 2749 nec
3720 2694 3777 2749 in
3802 2691 3992 2761 cogita-

2378 2778 2535 2834 tione
2549 2776 2837 2834 ﬂuctuare
2862 2783 2902 2833 ³.
2930 2780 3078 2845 Quia
3100 2796 3241 2851 ergo
3264 2798 3369 2853 per
3384 2784 3653 2855 requiem
3667 2781 3742 2839 ad
3767 2783 3990 2855 primam

2377 2868 2561 2923 vitam
2593 2867 2834 2933 reditur,
2863 2868 3019 2924 unde
3051 2869 3256 2926 anima
3292 2870 3464 2942 lapsa
3490 2878 3581 2929 est
3603 2872 3663 2928 in
3695 2876 3991 2943 peccatum,

2380 2961 2694 3028 prOpterea
2724 2956 2978 3013 sabbato
3019 2959 3256 3030 requies
3279 2959 3663 3031 signiﬁcatur.
3692 2962 3793 3016 Illa
3820 2964 3990 3014 autem

2379 3046 2499 3101 vita
2513 3044 2729 3117 prima,
2763 3062 2897 3118 quae
2920 3045 2993 3102 de
3029 3047 3503 3118 peregrinatione
3533 3048 3920 3116 redeuntibus,
3948 3050 3993 3100 et

2380 3134 2639 3206 primam
2679 3135 2891 3191 stolam
2922 3136 3353 3207 accipientibus
3382 3138 3670 3205 redditur,
3701 3154 3801 3211 per
3837 3150 3992 3192 unam

2378 3222 2632 3288 sabbati,
2653 3240 2832 3295 quem
2852 3224 3013 3280 diem
3037 3225 3409 3283 dominicum
3423 3227 3698 3293 dicimus,
3714 3227 3989 3298 ﬁguratur.

2379 3313 2586 3377 Quaere
2617 3319 2840 3384 septem
2872 3312 2997 3369 dies
3027 3313 3306 3370 Genesim
3334 3314 3565 3385 legens,
3598 3317 3855 3373 invenies
3882 3329 3992 3383 sep-

2377 3401 2589 3456 timum
2622 3401 2751 3457 sine
2778 3404 3206 3477 vespera,quia
3238 3405 3505 3477 requiem
3522 3407 3651 3462 sine
3677 3402 3991 3476 tinesigniti-

2372 3496 2486 3547 cat.
2525 3490 2719 3547 Prima
2747 3508 2883 3563 ergo
2915 3492 3032 3549 vita
3060 3509 3182 3549 non
3206 3493 3696 3566 fuitsempiterna
3715 3492 3989 3569 peccanti:

2370 3581 2607 3652 requies
2634 3588 2835 3637 autem
2866 3581 3073 3638 ultima
3099 3584 3463 3655 sempiterna
3485 3590 3593 3652 est,
3609 3601 3679 3642 ac
3708 3585 3921 3657 perhoc
3946 3584 3991 3636 et

2372 3674 2615 3725 octavus
2648 3671 3079 3742 sempiternam
3110 3673 3542 3731 beatitudinem
3576 3675 3838 3740 habebit,
3875 3669 3995 3745 quia

2372 3760 2601 3831 requies
2630 3758 2748 3824 illa,
2779 3776 2912 3832 quas
2961 3762 3323 3833 sempiterna
3348 3768 3457 3830 est,
3496 3764 3783 3837 excipitur
3813 3762 3883 3818 ab
3918 3775 3996 3816 oc-

2373 3852 2530 3913 tavo,
2584 3863 2706 3904 non
2758 3849 3193 3919 exstinguitur;
3240 3866 3433 3923 neque
3459 3853 3622 3908 enim
3669 3856 3814 3909 esset
3854 3850 3996 3908 aliter

2373 3938 2755 4008 sempiterna.
2804 3938 2889 3995 Ita
2920 3954 3062 4009 ergo
3116 3939 3222 3995 erit
3261 3945 3509 3997 octavus
3542 3943 3647 4015 qui
3679 3942 3910 4015 primus,
3946 3942 3997 3992 ut

2371 4026 2565 4098 prima
2590 4027 2710 4083 vita
2730 4042 2849 4083 non
2878 4027 3137 4093 tollatur,
3171 4029 3276 4084 sed
3301 4028 3585 4087 reddatur
3611 4037 3843 4088 reterns.

2443 4114 2667 4171 CAPUT
2696 4118 2754 4171 Χ.
2771 4147 2841 4156 -
2860 4116 2941 4171 18.
2960 4117 3291 4177 Sabbatum
3312 4124 3511 4176 tamen
3534 4118 3996 4177 commendatum

2371 4205 2652 4276 estpriori
2668 4205 2959 4277 populoin
2986 4207 3104 4263 otio
3132 4208 3517 4279 corporaliter
3542 4208 3992 4270 celebrandum',

2373 4294 2639 4365 utﬁgura
2653 4299 2807 4351 esset
2833 4296 3317 4353 sanctificationis
3331 4298 3389 4353 in
3414 4300 3620 4371 requie
3633 4299 3997 4371 Spiritussan-

2369 4385 2463 4439 cti.
2475 4387 2516 4439 N
2527 4401 2773 4457 usquam
2787 4385 2937 4440 enim
2950 4384 3195 4456 legimus
3208 4387 3267 4443 in
3282 4389 3491 4444 Genesi
3505 4388 3996 4446 sanctiﬁcationem

2368 4488 2698 4545 peromnes
2713 4475 2937 4546 priores
2952 4476 3319 4541 dies;sedde
3345 4477 3472 4535 solo
3505 4479 3760 4536 sabbato
3798 4477 3995 4534 dictum

2369 4570 2483 4621 est:
2506 4567 2583 4620 Et
2596 4566 2987 4635 sanctiﬁcavit
3007 4569 3160 4625 Deus
3174 4569 3327 4627 diem
3340 4570 3833 4641 septimum(Gen.
3850 4586 3903 4631 ιι,
3925 4566 3992 4634 3).

2370 4660 2589 4712 Amant
2605 4657 2764 4711 enim
2781 4658 3071 4730 requiem,
3088 4659 3206 4715 sive
3231 4659 3343 4731 pias
3358 4661 3600 4729 animae,
3621 4659 3989 4730 siveiniquae;

2371 4745 2477 4801 sed
2489 4761 2611 4817 qua
2624 4748 2969 4817 perveniant
2983 4748 3054 4805 ad
3071 4748 3214 4805 illud
3228 4750 3393 4822 quod
3407 4750 3902 4824 amant,plurima3
3916 4761 3997 4801 ne-

2434 4905 2447 4937 ¹
2484 4904 2614 4971 Edd.
2638 4905 2743 4971 :AEt
2769 4905 2891 4971 quia
2918 4906 3196 4969 aliquando
3217 4906 3425 4971 Pascha,
3459 4910 3579 4963 etc.,
3601 4908 3994 4971 distingueretur.

2376 4966 2517 5030 Quod
2530 4981 2632 5015 non
2650 4966 2849 5030 frustra
2866 4966 3074 5030 factum,
3095 4973 3215 5023 etc..
3235 4974 3289 5018 ut
3304 4969 3355 5017 in
3380 4966 3865 5027 anniversariafetc.
3886 4967 3999 5030 Prte-

2373 5029 2594 5097 tulimus
2613 5028 2693 5079 hic
2707 5031 2828 5079 Mss.
2843 5028 3144 5097 lectionem,
3155 5033 3488 5097 quaplanius
3499 5035 3811 5097 exprimitur
3825 5028 3999 5093 duplex

2373 5091 2919 5157 ratio,propterquani
2934 5094 2984 5141 id
2999 5107 3030 5142 a
3044 5091 3194 5143 nobis
3207 5095 3259 5144 in
3278 5091 3545 5145 l‘aschatis
3559 5091 3999 5157 celebratione—ser-

2373 5108 2749 5204 rauo,pro§Ler
2758 5108 2919 5157 quam
2934 5108 2984 5141 ια
2999 5108 3030 5142 a
3044 5108 3194 5143 nonis
3207 5108 3259 5144 in
3278 5108 3545 5145 t'ascuaus
3559 5108 3901 5147 celebratione
3911 5108 3999 5141 ser-

2373 5158 2612 5227 vaturut
2664 5155 2969 5229 abbatidi‘es
2986 5158 3421 5229 inter‘passionis‘
3435 5162 3485 5207 et
3500 5157 3895 5229 resurrectionis
3918 5155 3999 5229 Do-

2376 5219 3002 5283 minicresolemnitatem
3026 5219 3232 5269 medius
3252 5220 3427 5283 veniat
3448 5234 3584 5270 :una
3597 5222 3915 5283 scilicet,quo
3936 5219 3997 5263 sic

2374 5282 2558 5346 nostra
2583 5281 2842 5346 festivitas
2876 5297 2907 5346 a7.
2938 5282 3249 5346 Judmorum
3282 5282 3565 5346 festivitate
3613 5281 3957 5346 distinguatur
3988 5291 3997 5327 :

2374 5340 2541 5391 altera
2566 5344 2711 5409 quod
2751 5358 2855 5392 non
2888 5345 3097 5409 frustra
3119 5345 3317 5395 factum
3357 5345 3423 5409 sit
3454 5360 3485 5395 a
3519 5340 3999 5409 Dominofut‘inter

2376 5405 2600 5469 mortem
2624 5406 2739 5469 ejus
2758 5410 2807 5454 et
2825 5408 3266 5457 resurrectionem
3283 5407 3490 5457 medius
3502 5413 3642 5458 esset
3661 5409 3775 5458 dies
3792 5405 3995 5456 sabbati.

2435 5470 2454 5533 ξ
2488 5468 2565 5517 Ita
2588 5468 2712 5517 MSS.
2741 5483 2945 5518 omnes.
2980 5473 3044 5519 At
3076 5471 3199 5519 [ιον.
3234 5470 3410 5527 habet,
3443 5486 3603 5533 neque
3629 5472 3764 5520 enim
3791 5470 3843 5518 in
3867 5477 3997 5528 opere

2377 5529 2660 5607 laboratur,
2690 5546 2850 5607 neque
2883 5533 2939 5605 in
2960 5534 3264 5607 cogitatione
3290 5529 3585 5607 ﬂuctuatur.

2436 5546 2660 5587 ooramr,
2692 5546 2850 5642 ησὲαε
2883 5547 2939 5580 ιη
2960 5546 3264 5607 cognatione
3290 5546 3585 5595 ﬂuctuatur.

2436 5592 2452 5620 ³
2468 5594 2583 5641 Am.
2601 5593 2730 5645 Bad.
2799 5608 2859 5651 r.,
2880 5594 2935 5643 in
2956 5601 3060 5645 otio
3075 5596 3335 5659 corporali
3343 5589 3994 5659 tcmporalitercelebrando.
