4078 6166
200 172 275 228 ιω
1388 156 1887 222 EPISTOLARUM
1930 164 2216 223 CLASSIS
2258 168 2328 224 II.

188 298 365 352 sciunt:
385 311 486 349 nec
501 292 720 365 aliquid
735 298 1023 365 appetunt
1039 294 1214 349 etiam
1232 292 1367 364 ipsa
1381 309 1631 364 corpora
1646 308 1790 363 pon-

184 380 657 449 deribussuis,uisi
687 382 852 453 quod
882 381 1097 437 animm
1129 381 1438 436 amoribus
1453 382 1789 437 suis1.Nam

179 475 296 528 sicut
322 487 525 543 corpus
559 468 761 526 tandiu
795 470 998 525 nititur
1030 470 1310 542 pondere,
1353 470 1475 525 sive
1504 468 1787 524 deorsum

178 559 488 623 versus,sive
504 575 740 613 sursum
757 573 986 625 versus,
1013 559 1205 614 donec
1221 558 1295 613 ad
1312 559 1507 614 locum
1523 573 1644 629 quo
1660 556 1787 612 niti-

176 660 245 705 tur
266 650 488 704 veniens
512 649 895 721 conquiescat
925 665 937 715 ;
967 649 1207 720 pondus
1233 648 1459 721 quippe
1482 645 1591 702 olei
1627 647 1674 702 si
1702 648 1787 702 di-

174 738 468 795 mittaturin
490 754 645 800 aere,
671 738 957 793 deorsum
984 738 1059 803 ;si
1078 744 1275 792 autem
1302 737 1415 793 sub
1437 735 1631 809 aquis,
1656 752 1783 791 sur-

169 846 276 884 sum
299 829 491 884 nititur
515 845 528 879 :
550 828 630 881 sic
649 827 865 882 animae
892 827 967 882 ad
986 843 1057 882 ea
1082 843 1217 899 qua;
1246 832 1453 881 amant
1473 832 1786 899 propterea

168 919 414 983 nituntur,
433 923 493 971 ut
517 917 919 988 perveniendo
947 918 1343 989 requiescant.
1375 918 1438 970 Et
1462 915 1785 988 multaqui-

166 1009 274 1063 dem
292 1022 390 1078 per
413 1022 630 1078 corpus
660 1005 978 1070 delectant,
996 1006 1098 1061 sed
1131 1022 1250 1061 non
1271 1010 1359 1060 est
1376 1004 1435 1059 in
1466 1005 1546 1060 eis
1564 1010 1783 1061 (eterna

164 1096 491 1169 requies,nec
505 1094 715 1150 saltem
732 1095 1012 1150 diuturna
1029 1099 1113 1160 ;et
1127 1100 1441 1167 propterea
1455 1095 1647 1164 magis
1662 1110 1783 1149 sor-

162 1185 601 1241 didantanimam
614 1191 690 1249 ,et
703 1190 1034 1255 aggravant
1049 1185 1639 1256 potius,utsincerum
1652 1185 1781 1255 ejus

162 1273 378 1347 pondus,
393 1289 515 1345 quo
530 1274 588 1328 in
604 1290 871 1344 superna
888 1274 1091 1339 fertur,
1110 1274 1459 1345 impediant.
1476 1273 1623 1329 Cum
1637 1288 1780 1342 ergo

163 1365 325 1420 anima
340 1364 537 1434 seipsa
550 1362 901 1432 delectatur,
919 1363 1188 1419 nondum
1216 1379 1277 1418 re
1305 1362 1779 1419 incommutabili

162 1452 481 1522 delectatur;
506 1457 565 1508 et
598 1452 734 1507 ideo
758 1451 955 1507 adhuc
988 1453 1250 1523 superba
1280 1457 1387 1522 est,
1411 1453 1553 1523 quia
1585 1468 1646 1506 se
1668 1468 1778 1524 pro

162 1559 356 1597 summo
372 1541 571 1612 habet,
594 1558 734 1597 cum
751 1542 1107 1613 superiorsit
1140 1542 1313 1596 Deus.
1333 1545 1444 1597 Nec
1459 1542 1515 1595 in
1534 1541 1630 1596 tali
1648 1556 1778 1613 pec-

163 1631 561 1701 catoimpunita
576 1630 954 1701 relinquitur,
971 1630 1112 1702 quia
1130 1632 1283 1687 Deus
1312 1631 1579 1698 superbis
1610 1633 1779 1686 resis-

162 1721 227 1789 tit,
249 1721 561 1776 humilibus
576 1728 777 1776 autem
792 1720 894 1776 dat
922 1721 1183 1790 gratiam
1200 1720 1431 1787 (Jacobi
1444 1736 1517 1785 IV,
1535 1720 1610 1792 6).
1627 1719 1773 1775 Cum

161 1814 315 1864 autem
345 1812 456 1865 Deo
489 1808 844 1874 delectatur,
878 1809 956 1863 ibi
983 1825 1204 1873 veram,
1229 1815 1774 1869 certam.a3ternam

160 1896 338 1953 invenit
368 1898 664 1970 requiem,
693 1913 880 1969 quam
907 1898 963 1951 in
988 1897 1117 1952 aliis
1139 1899 1589 1970 qurerebat,nec
1620 1897 1775 1952 inve-

159 1987 334 2042 niebat.
367 1987 627 2042 Proinde
642 1987 1069 2042 admoneturin
1089 1988 1352 2042 Psalmo:
1377 1989 1679 2043 Delectare
1711 1988 1772 2041 in

153 2077 374 2140 Domino,
413 2084 465 2133 et
498 2076 673 2133 dabit
730 2076 837 2131 tibi
872 2077 1180 2147 petitiones
1219 2077 1415 2133 cordis
1468 2078 1557 2132 tui
1582 2078 1769 2148 (Psal.

152 2182 304 2233 xxxvi,
331 2168 405 2236 4).

204 2258 268 2309 t9.
291 2255 589 2325 Quiaergo
614 2255 885 2312 charitas
914 2256 1015 2312 Dei
1038 2256 1259 2325 diffusa
1289 2263 1371 2312 est
1403 2257 1463 2311 in
1493 2255 1771 2311 cordibus

150 2346 320 2399 nostris
346 2361 449 2414 per
504 2344 809 2415 Spiritum
842 2351 1114 2401 sanctum
1147 2346 1252 2416 qui
1279 2345 1457 2400 datus
1495 2351 1582 2400 est
1606 2344 1770 2400 nobis

144 2432 292 2499 (Rom.
308 2449 357 2501 v,
376 2435 599 2504 5),i«leo
618 2434 1010 2490 sanctiﬁcatio
1029 2436 1088 2488 in
1114 2437 1367 2505 septimo
1384 2433 1479 2488 die
1495 2448 1628 2488 com
1639 2449 1762 2488 me-

147 2529 332 2579 morata
344 2530 443 2589 est,
464 2524 567 2580 ubi
588 2524 826 2596 requies
842 2523 1318 2579 commendatur.
1336 2524 1481 2589 Quia
1497 2539 1637 2579 vero
1656 2538 1763 2579 nec

147 2612 261 2667 bene
282 2614 501 2685 operari
523 2630 874 2687 possumus,
900 2613 1007 2668 nisi
1037 2614 1200 2668 dono
1227 2613 1352 2683 ejus
1383 2612 1592 2683 adjuti.
1613 2612 1765 2667 sicut

146 2700 249 2757 dicit
264 2703 593 2774 Apostolus,
606 2705 760 2759 Deus
775 2703 929 2760 enim
943 2712 1023 2760 est
1037 2703 1141 2774 qui
1155 2706 1435 2771 operatur
1448 2702 1509 2756 in
1529 2702 1686 2758 vobis
1706 2709 1760 2759 et

147 2791 316 2847 relleet
340 2793 726 2863 operarimro
756 2792 907 2848 bona
930 2794 1235 2848 voluntate
1252 2791 1543 2863 (Philipp.
1567 2807 1624 2856 ιι,
1650 2791 1757 2863 13),

145 2894 223 2935 nec
246 2882 611 2955 requiescere
641 2882 969 2954 poterimus
994 2886 1129 2955 post
1158 2882 1361 2936 omnia
1391 2881 1549 2936 bona
1581 2896 1759 2953 Opera

142 2974 298 3026 nostra
322 2988 453 3044 quae
493 2973 556 3027 in
600 2971 709 3027 hac
742 2972 855 3026 vita
872 2971 1157 3041 gerimus,
1189 2972 1297 3026 nisi
1331 2974 1457 3041 ejus
1488 2970 1649 3026 dono
1678 2970 1757 3026 ad

139 3060 471 3117 aeternitatem
491 3059 857 3117 sanctiﬁcati
887 3065 1061 3132 atque
1086 3060 1327 3132 perfecti
1355 3063 1376 3096 ³
1402 3079 1414 3127 ;
1442 3064 1758 3132 propterea

140 3146 194 3201 de
217 3148 327 3219 ipso
349 3152 465 3206 Deo
494 3150 719 3205 dicitur
740 3149 883 3222 quia
909 3164 1045 3204 cum
1077 3149 1314 3206 fecisset
1343 3150 1544 3206 omnia
1574 3165 1755 3219 opera

142 3236 706 3307 valdebona,septimo
738 3238 833 3294 die
853 3239 1139 3309 requievit
1172 3239 1247 3295 ab
1266 3239 1535 3294 omnibus
1563 3239 1757 3308 operi-

142 3324 218 3379 bus
241 3328 643 3399 suisquzfecit
667 3328 835 3395 (Gen.
864 3330 1006 3393 1,31,
1024 3335 1080 3384 et
1107 3344 1165 3394 ιι,
1194 3329 1269 3398 2).
1296 3330 1577 3384 Futurum
1596 3329 1753 3384 enim

142 3416 359 3486 requiem
391 3416 1004 3489 signiﬁcabat,quam
1033 3423 1167 3488 post
1192 3417 1354 3473 bona
1383 3432 1565 3489 opera
1591 3417 1751 3471 datu-

142 3518 214 3557 rus
237 3512 345 3561 erat
397 3507 577 3562 nobis
608 3506 978 3563 hominibus.
1042 3507 1200 3563 Sicut
1231 3508 1389 3562 enim
1432 3523 1567 3562 cum
1603 3506 1752 3562 bene

141 3606 429 3661 operemur,
462 3596 598 3669 ipse
627 3595 843 3651 dicitur
867 3595 1100 3668 operari
1134 3597 1191 3650 in
1217 3597 1407 3662 nobis,
1434 3595 1603 3666 cujus
1627 3612 1752 3650 mu-

140 3696 243 3738 nere
272 3684 412 3741 bene
448 3701 784 3755 operamur
817 3702 830 3742 :
860 3687 940 3741 ita
968 3701 1105 3741 cum
1137 3685 1588 3757 requiescimus,
1623 3685 1751 3756 ipse

140 3773 455 3842 requiescere
484 3775 720 3840 dicitur,
755 3790 875 3847 quo
899 3774 1160 3831 donante
1193 3775 1640 3847 requiescimus.

192 3862 384 3919 CAPUT
407 3866 487 3919 XI.
521 3895 595 3904 —
626 3868 712 3919 '20.
768 3865 909 3920 Hinc
942 3870 1034 3920 est
1066 3864 1231 3935 quod
1260 3863 1438 3920 etiam
1481 3864 1539 3918 in
1573 3864 1750 3918 tribus

139 3948 301 4016 primis
324 3954 635 4025 przeceptis
672 3952 946 4023 Decalogi
970 3970 1105 4025 quae
1139 3954 1214 4008 ad
1252 3956 1433 4009 Deum
1459 3954 1752 4024 pertinent

138 4041 316 4103 (cetera
335 4043 491 4099 enim
522 4048 758 4114 septem
776 4043 851 4098 ad
873 4044 1213 4114 proximum
1241 4044 1551 4115 pertinent,
1583 4043 1639 4097 id
1665 4047 1751 4097 est

137 4126 193 4181 ad
224 4128 535 4197 hominem,
572 4131 724 4204 quia
755 4132 813 4187 in
853 4132 1093 4187 duobus
1143 4132 1453 4204 prmceptis
1488 4136 1607 4187 tota
1655 4131 1748 4187 lex

136 4217 311 4286 pendet
324 4222 561 4292 [Matt/1.
580 4237 719 4285 χχιι,
746 4221 879 4295 40]),
899 4223 1130 4277 tertium
1150 4222 1226 4276 ibi
1246 4222 1318 4277 de
1332 4221 1749 4277 observatione

134 4305 322 4364 sabbati
351 4312 622 4381 positum
650 4313 735 4365 est
759 4326 772 4364 :
803 4309 933 4366 utin
961 4311 1152 4382 primo
1185 4315 1481 4382 praecepto
1512 4310 1747 4379 Patrem

133 4391 505 4466 intelligamus,
538 4398 1008 4471 ubiprohihetur
1028 4399 1139 4455 coli
1159 4398 1431 4471 aliquain
1452 4398 1749 4469 ﬁgmentis

134 4479 399 4541 hominum
427 4488 528 4543 Dei
560 4487 893 4543 similitudo
918 4506 930 4552 ;
951 4503 1067 4543 non
1091 4489 1233 4560 quia
1258 4504 1377 4543 non
1400 4488 1581 4543 habet
1605 4487 1751 4542 ima-

135 4573 291 4637 ginem
319 4575 488 4642 Deus,
522 4576 632 4631 sed
661 4577 805 4648 quia
831 4577 998 4633 nulla
1027 4578 1228 4648 imago
1245 4577 1373 4647 ejus
1405 4576 1518 4632 coli
1550 4575 1745 4645 debet,

136 4660 318 4719 nisiilla
344 4682 477 4739 quae
503 4667 625 4723 hoc
638 4666 899 4739 estquod
928 4668 1086 4738 ipse;
1118 4682 1225 4722 nec
1243 4666 1375 4739 ipsa
1392 4683 1498 4737 pro
1518 4666 1749 4730 illo,sed

135 4763 240 4806 cum
268 4754 375 4810 illo.
407 4758 469 4812 Et
500 4758 650 4828 quia
674 4760 948 4811 creatura
981 4756 1283 4811 mutabilis
1300 4760 1485 4820 est,ac
1510 4761 1748 4829 propte-

137 4853 211 4893 rea
234 4842 430 4900 dicitur
450 4846 648 4902 omnis
669 4853 951 4902 creatura
984 4846 1240 4902 vanitati
1269 4846 1535 4914 subjecta
1558 4846 1749 4917 (Rom.

139 4935 610 5006 vut,20),quoniam
629 4940 841 4991 natura
855 4936 1111 4990 universi
1128 4935 1367 4991 etiamin
1385 4942 1539 5007 parte
1554 4953 1751 4991 mons-

139 5020 324 5087 tratur;
356 5039 425 5079 ne
455 5026 793 5097 quisquam
811 5024 1015 5080 Filium
1036 5026 1152 5090 Dei,
1174 5024 1432 5080 Verbum
1452 5042 1556 5097 per
1585 5026 1749 5097 quod

138 5102 262 5163 facta
296 5118 427 5167 sunt
464 5114 692 5178 omnia,
735 5118 968 5184 putaret
1001 5129 1130 5168 esse
1174 5119 1530 5183 creaturam,
1556 5116 1753 5186 sequi-

140 5196 210 5247 tur
231 5196 370 5255 aliud
388 5209 756 5273 prmceptum
782 5218 795 5256 :
812 5202 944 5257 Non
961 5202 1213 5271 accipies
1230 5202 1292 5258 in
1308 5219 1526 5260 vanum
1540 5219 1751 5259 nomen

144 5281 899 5363 DominiDeitui(E:rod.xx,
915 5299 975 5361 7;
998 5294 1165 5347 Deut.
1187 5309 1239 5354 v,
1260 5294 1367 5363 lt).
1391 5292 1636 5364 Spiritus
1652 5309 1754 5347 au~

189 5456 470 5524 limited.
500 5462 611 5524 Ern,
641 5460 749 5510 nisi
778 5463 1029 5524 quiescere
1048 5478 1080 5512 a
1106 5463 1324 5512 motibus
1361 5464 1483 5513 suis.

189 5515 421 5589 ‘Floriac.
473 5515 606 5581 Ms,
633 5515 801 5587 atque.
836 5526 1049 5587 perfecti
1107 5525 1309 5573 sabbati
1352 5526 1752 5589 pervenerimus,

145 5584 387 5639 propterea,
419 5590 519 5635 etc.

3456 166 3559 221 214

1904 296 2019 346 tem
2037 297 2299 360 sanctus,
2316 294 2373 349 in
2387 310 2508 363 quo
2522 293 2693 351 nobis
2710 294 2809 350 illa
2822 294 3054 367 requies
3074 293 3555 363 tribuitur,quam

1901 381 2121 454 ubique
2136 399 2433 448 amamus,
2462 384 2566 439 sed
2581 383 2691 439 nisi
2711 386 2894 440 Deum
2910 383 3174 439 amando
3191 398 3309 437 non
3330 380 3557 437 inveni-

1899 486 2055 539 mus,
2079 487 2217 527 cum
2247 472 2504 528 charitas
2527 472 2577 542 ej
2590 490 2656 528 us
2669 472 3017 528 ditTunditur
3035 472 3093 527 in
3108 471 3390 527 cordibus
3414 485 3557 525 nos-

1897 560 1998 613 tris
2057 576 2163 630 per
2216 560 2506 632 Spiritum
2547 566 2818 617 sanctum
2891 560 2990 634 qui
3036 561 3212 615 datus
3276 574 3338 614 es
3379 558 3554 615 nobis

1894 646 2082 718 (Rom.
2112 665 2166 713 v,
2202 655 2274 720 5),
2318 649 2462 722 quia
2492 652 2507 685 ¹
2545 650 2938 705 sanctiﬁcavit
2981 653 3130 705 Deus
3161 648 3321 704 diem
3368 647 3549 718 septi-

1895 753 2063 793 mum
2092 738 2148 792 in
2183 755 2305 810 quo
2353 738 2665 811 requievit,
2700 744 2867 795 terno
2899 745 3193 811 praecepto
3236 737 3383 807 legis
3414 735 3552 792 insi-

1893 830 2132 891 nuatur,
2162 828 2326 898 quod
2366 829 2654 900 scriptum
2686 834 2773 885 est
2802 828 2875 883 de
2902 828 3317 883 observatione
3332 826 3549 883 sabba-

1893 916 1966 981 ti;
2001 931 2121 970 non
2156 922 2216 970 ut
2241 917 2369 987 jam
2402 918 2461 972 in
2504 918 2614 974 ista
2672 918 2794 973 vita
2821 934 2931 973 nos
2984 918 3290 989 quiescere
3350 916 3548 971 existi-

1891 1020 2149 1069 memus,
2186 1005 2291 1060 sed
2353 1012 2413 1062 ut
2458 1006 2664 1062 omnia
2693 1022 2828 1078 quae
2874 1006 3026 1061 bene
3069 1020 3392 1077 operamur
3424 1020 3544 1059 non

1889 1093 2153 1150 habeant
2186 1096 2717 1163 intentionem,nisi
2747 1097 2803 1151 in
2821 1097 3084 1152 futuram
3105 1096 3372 1167 requiem
3395 1110 3548 1151 sem-

1889 1182 2205 1254 piternam.
2233 1187 2522 1241 Memento
2546 1186 2704 1241 enim
2738 1184 3333 1257 maxime,quodjam
3365 1197 3547 1255 supra

1887 1274 2376 1339 commemoravi,
2423 1274 2565 1347 quia
2612 1291 2709 1346 spe
2762 1275 2918 1331 salvi
2960 1276 3117 1344 facti
3159 1288 3545 1345 sumus;spes

1886 1368 2081 1417 autem
2109 1378 2239 1432 quae
2277 1365 2532 1432 videtur,
2565 1380 2685 1419 non
2711 1371 2792 1420 est
2832 1379 2960 1433 spes
2994 1364 3181 1434 (Rom.
3208 1379 3325 1427 vm,
3355 1363 3468 1432 24).

1958 1452 2044 1505 21.
2070 1449 2157 1505 Ad
2204 1452 2403 1522 ipsum
2444 1458 2643 1508 autem
2669 1452 2870 1523 ignem
2903 1452 3125 1507 amoris
3157 1451 3540 1506 nutriendum

1883 1538 2290 1595 etﬂatantlum
2323 1546 2342 1575 ²
2375 1541 2854 1612 quodammodo,
2895 1557 3017 1613 quo
3071 1546 3361 1611 tanquam
3394 1555 3542 1611 pon-

1885 1627 2024 1682 dere
2063 1644 2305 1683 sursum
2340 1630 2426 1684 vel
2445 1630 2763 1685 introrsum
2790 1630 3117 1685 referamur
3146 1629 3215 1682 ad
3243 1629 3535 1700 requiem,

1883 1716 1995 1772 ista
2022 1718 2227 1772 omnia
2255 1719 2549 1790 pertinent
2580 1735 2715 1791 quae
2744 1718 2919 1774 nobis
2942 1718 3194 1788 ﬁgurate
3223 1716 3540 1773 insinuan-

1885 1811 1979 1860 tur
2010 1822 2023 1871 ;
2054 1805 2181 1877 plus
2204 1807 2362 1862 enim
2395 1812 2702 1862 moventet
2727 1807 3327 1869 acceduntamorem,
3353 1822 3539 1878 quam

1882 1893 1929 1947 si
1961 1896 2125 1949 nuda
2165 1895 2289 1949 sine
2322 1896 2454 1951 ullis
2478 1903 2993 1952 sacramentorum
3050 1894 3538 1951 similitudinibus

1882 1992 2263 2055 ponerentur.
2298 1986 2475 2055 Cujus
2503 1986 2585 2040 rei
2612 2002 2858 2041 causam
2915 1985 3153 2041 difﬁcile
3199 1990 3288 2039 est
3319 1985 3535 2040 dicere.

1880 2072 1993 2127 Sed
2026 2078 2224 2128 tamen
2249 2073 2328 2129 ita
2356 2090 2419 2129 se
2446 2074 2646 2139 habet,
2684 2082 2744 2129 ut
2782 2074 3010 2146 aliquid
3029 2090 3132 2145 per
3156 2073 3534 2143 allegoricam

1880 2161 2372 2233 signiﬁcationem
2403 2164 2742 2218 intimatum
2768 2164 2901 2234 plus
2931 2162 3329 2231 moveat,plns
3344 2160 3534 2216 delec-

1883 2256 1979 2315 tet,
2022 2250 2150 2322 plus
2183 2251 2527 2317 honoretur,
2561 2267 2745 2323 quam
2777 2253 2822 2306 si
2856 2252 3050 2307 verbis
3078 2250 3329 2323 propriis
3361 2249 3528 2304 dice-

1878 2344 2040 2395 retur
2068 2339 2462 2412 apertissime.
2506 2339 2696 2396 Credo
2726 2343 2889 2412 quod
2922 2340 3053 2411 ipse
3086 2342 3302 2395 animae
3332 2343 3534 2395 motus

1875 2428 2148 2500 quandiu
2170 2429 2347 2484 rebus
2379 2429 2576 2485 adhuc
2619 2430 2860 2484 terrenis
2914 2429 3275 2500 implicatur,
3304 2427 3535 2500 pigrius

1878 2516 2290 2573 inﬂammatur
2319 2534 2331 2572 :
2362 2518 2409 2573 si
2445 2534 2585 2574 vero
2616 2518 2836 2575 feratur
2858 2519 2934 2573 ad
2964 2517 3378 2574 similitudines
3408 2532 3534 2572 cor-

1874 2607 2135 2677 porales,
2168 2607 2382 2662 etinde
2412 2608 2699 2663 referatur
2747 2608 2823 2664 ad
2864 2607 3214 2679 spiritualia,
3256 2622 3391 2677 quae
3418 2605 3531 2661 illis

1874 2695 2366 2752 similitudinibus
2394 2697 2749 2768 ﬁgurantur,
2782 2696 2914 2769 ipso
2942 2697 3117 2769 quasi
3153 2696 3402 2752 transitu
3431 2711 3534 2751 ve-

1872 2791 2124 2855 getatur,
2140 2791 2195 2842 et
2215 2791 2501 2859 tanquam
2518 2788 2573 2842 in
2590 2787 2785 2843 facula
2808 2788 2959 2858 ignis
2982 2789 3240 2858 agitatus
3256 2785 3528 2841 accendi-

1872 2878 1983 2939 tur,
2016 2881 2072 2930 et
2092 2875 2753 2933 ardentioredilectione
2776 2876 3001 2948 rapitur
3032 2878 3109 2931 ad
3136 2876 3418 2948 quietem.

1943 2964 2165 3020 CAPUT
2191 2966 2299 3034 XII.
2340 2996 2389 3005 -
2417 2965 3161 3037 22.1deoqueinteromnia
3192 2964 3292 3020 illa
3318 2965 3527 3020 decem

1870 3057 2160 3125 praecepta
2187 3053 2378 3109 solum
2414 3054 2671 3126 ibiquod
2691 3054 2765 3109 de
2794 3055 3047 3110 sabbato
3071 3054 3329 3126 positum
3347 3054 3531 3119 est,ﬁ-

1867 3148 2073 3213 gurate
2086 3143 2530 3198 observandum
2547 3142 2914 3215 praecipitur;
2931 3159 3109 3213 quam
3128 3143 3387 3213 ﬁguram
3413 3158 3525 3198 nos

1866 3231 2341 3302 intelligendam,
2369 3248 2488 3288 non
2508 3233 2682 3288 etiam
2700 3247 2803 3303 per
2818 3233 3003 3287 otium
3046 3231 3355 3303 corporale
3378 3232 3523 3286 cele-

1866 3320 2160 3377 brandam
2179 3322 2574 3394 suscepimus.
2594 3320 2741 3377 Cum
2758 3322 2915 3377 enim
2932 3321 3188 3377 sabbato
3232 3320 3523 3390 signiﬁce-

1866 3415 1957 3466 tur
1980 3410 2301 3481 spiritualis
2326 3412 2581 3483 requies,
2615 3410 2689 3465 de
2703 3411 3063 3483 quadictum
3084 3410 3243 3466 estin
3266 3409 3520 3474 Psalmo,

1871 3500 2087 3556 Vacate
2116 3504 2167 3555 et
2194 3500 2401 3569 videte,
2420 3501 2703 3572 quoniam
2734 3516 2835 3571 ego
2852 3517 2977 3556 sum
3002 3501 3155 3557 Deus
3182 3501 3519 3570 (Psal.va,

1866 3590 2169 3661 ll),etquo
2184 3594 2473 3645 vocantur
2487 3590 2756 3645 homines
2770 3591 2845 3645 ab
2858 3590 2989 3661 ipso
3002 3590 3255 3645 Domino
3269 3590 3520 3655 dicente,

1870 3678 2073 3735 Venite
2099 3678 2172 3733 ad
2185 3694 2275 3734 me
2300 3694 2494 3735 omnes
2509 3680 2613 3750 qui
2636 3680 2915 3735 laboratis
2941 3685 2993 3735 et
3022 3681 3259 3735 onerati
3276 3680 3431 3743 estis,
3466 3685 3523 3735 et

1860 3782 1964 3835 ego
1997 3783 2089 3823 vos
2113 3767 2410 3834 reﬁciam:
2440 3769 2631 3823 tollite
2646 3770 2857 3838 jugum
2887 3783 3078 3823 meum
3108 3784 3289 3836 super
3317 3783 3435 3831 vos,
3467 3774 3523 3822 et

1858 3856 2060 3912 discite
2081 3872 2115 3911 a
2134 3873 2222 3913 me
2241 3858 2377 3929 quia
2400 3856 2557 3912 mitis
2586 3873 2707 3912 sum
2734 3865 2785 3913 et
2813 3856 3053 3911 humilis
3082 3856 3338 3921 corde,et
3357 3858 3523 3911 inve-

1859 3946 2030 4002 nietis
2057 3946 2311 4017 requiem
2329 3945 2640 4001 animabus
2671 3946 2878 4001 vestris
2908 3945 3146 4013 (Matth.
3168 3961 3245 4009 xi,
3279 3948 3367 4009 28,
3392 3949 3518 4014 ‘29);

1857 4040 2072 4090 caetera
2091 4041 2291 4090 tamen
2331 4035 2411 4090 ibi
2458 4040 2757 4107 praecepta
2794 4034 3031 4106 proprie
3063 4034 3522 4105 sicutpreacepta

1857 4128 2015 4188 sunt,
2048 4124 2173 4178 sine
2195 4124 2314 4179 ulla
2352 4124 2604 4194 ﬁgurata
2627 4123 3060 4193 signiﬁcatione
3093 4124 3515 4179 observamus.

1856 4212 2003 4267 Nam
2020 4212 2248 4268 etidola
2267 4227 2385 4267 non
2402 4212 2593 4268 colere
2611 4212 2922 4268 manifeste
2946 4211 3271 4267 didicimus
3290 4227 3302 4277 ;
3319 4216 3375 4266 et
3396 4226 3517 4266 non

1857 4302 2127 4374 accipere
2153 4301 2211 4356 in
2230 4318 2453 4357 vanum
2469 4317 2688 4356 nomen
2709 4301 2938 4356 Domini
2966 4300 3066 4355 Dei
3099 4300 3305 4365 nostri,
3331 4305 3383 4354 et
3412 4299 3516 4353 ho-

1858 4406 2071 4447 norare
2088 4397 2315 4462 patrem
2330 4397 2384 4446 et
2410 4396 2682 4453 matrem,
2708 4397 2762 4445 et
2786 4406 2904 4445 non
2934 4389 3239 4453 mcechari,
3273 4404 3389 4443 non
3423 4403 3519 4443 oc-

1857 4480 2074 4546 cidere,
2127 4496 2246 4535 nou
2303 4480 2504 4545 furari,
2548 4496 2667 4535 non
2717 4479 2934 4534 falsum
2969 4478 3374 4533 testimonium
3429 4476 3519 4531 di-

1857 4586 2007 4639 cere,
2036 4585 2152 4624 non
2182 4569 2609 4640 concupiscere
2642 4584 2887 4624 uxorem
2918 4567 3195 4639 proximi,
3230 4582 3347 4621 non
3375 4582 3518 4621 con-

1858 4660 2160 4731 cupiscere
2189 4658 2371 4713 ullam
2399 4673 2524 4713 rem
2549 4656 2804 4723 proximi
2835 4656 3057 4726 (Exod.
3113 4672 3213 4719 xx.
3266 4656 3413 4721 1-17,
3458 4660 3512 4710 et

1857 4751 2027 4805 Deut.
2059 4764 2113 4818 v,
2155 4748 2326 4818 6-21),
2361 4762 2479 4801 non
2520 4747 2771 4815 ﬁgurate
2813 4746 2976 4801 aliud
3024 4745 3423 4817 praetendunt,
3462 4748 3520 4800 et

1861 4838 2104 4910 mystice
2135 4836 2296 4891 aliud
2342 4835 2669 4904 signiﬁcant
2703 4851 2715 4900 ;
2754 4835 2857 4890 sed
2909 4835 2991 4889 sic
3022 4834 3415 4891 observantur
3451 4837 3516 4887 ut

1857 4933 2092 4982 sonant.
2122 4926 2451 4981 Observare
2493 4930 2694 4980 tamen
2722 4924 2873 4979 diem
2903 4925 3134 4979 sabbati
3169 4939 3287 4978 non
3322 4922 3399 4976 ad
3431 4922 3517 4976 lit-

1860 5021 2041 5072 teram
2062 5014 2365 5084 jubemur,
2420 5014 2755 5069 secundum
2785 5013 2971 5067 otium
3003 5013 3081 5067 ab
3110 5026 3283 5081 Opere
3307 5024 3514 5079 corpo~

1857 5105 1986 5171 rali,
2011 5105 2159 5158 sicut
2183 5104 2504 5157 observant
2524 5102 2709 5157 Judaei
2738 5120 2749 5157 :
2773 5107 2828 5157 et
2858 5102 2987 5171 ipsa
3009 5116 3213 5155 eorum
3230 5099 3513 5153 observa-

1923 5214 1934 5241 ¹
1968 5211 2117 5263 Edd..
2154 5210 2240 5272 qui
2270 5210 2418 5257 datus
2444 5210 2692 5257 estnobis.
2729 5208 2859 5266 Quia
2880 5221 2995 5272 ergo
3022 5204 3517 5272 sanctiﬁcavit,qetc.

1860 5274 1956 5324 Sed
1989 5270 2301 5323 concinnior
2349 5272 2504 5321 lectio
2531 5276 2610 5321 est
2638 5270 3069 5333 interpunctione
3100 5270 3320 5333 mutata.
3354 5270 3405 5316 et
3436 5282 3523 5317 su-

1861 5337 2003 5400 blata
2032 5335 2306 5400 particula.
2343 5349 2479 5400 ergo,
2502 5348 2622 5398 quae
2653 5333 2717 5400 ab
2746 5328 2995 5400 omnibus
3020 5330 3138 5400 Mss:
3164 5328 3329 5400 abest.

1920 5403 1939 5432 ²
1963 5392 2049 5448 Sic:
2106 5398 2228 5447 Mss.
2270 5392 2534 5452 Colbert.,'
2571 5400 2615 5443 et
2669 5393 3386 5457 ﬁalandumiquodammodo.
3422 5392 3520 5442 Pro

1861 5476 1968 5530 quo
1992 5464 2240 5530 corrupte
2266 5460 2319 5507 in
2348 5460 2493 5530 prius
2518 5455 2677 5530 Eddg,
2698 5455 3086 5530 ﬂommandum.
3111 5456 3217 5530 Isto
3237 5455 3522 5530 verbouiti:

1861 5518 1949 5573 t'ur
1984 5518 2313 5586 Augustinus
2348 5518 2401 5569 in
2432 5520 2521 5568 lib.
2550 5521 2588 5586 _7_
2624 5518 2964 5586 Confess.,_c.
2991 5521 3037 5586 β,
3082 5534 3135 5567 n.
3187 5519 3232 5574 8,
3264 5519 3520 5582 ﬂatabant

1864 5588 1922 5634 in
1951 5600 2032 5634 ea:
2062 5580 2224 5649 nugas
2252 5586 2419 5647 ignem
2444 5582 2609 5631 cordis
2629 5582 2710 5630 sui
2738 5580 3031 5644 [ﬂandum].
