4040 6174
320 136 432 191 217

316 261 425 316 sed
440 260 558 316 alia
575 260 931 318 suntsolatia
964 262 1334 329 miserorum,
1365 263 1479 319 alia
1514 262 1740 333 gaudia
1764 260 1972 316 beato-

316 366 480 406 rum.
498 350 1313 424 Domine,inquit,secundum
1336 351 1782 408 multitudinem
1809 350 1975 405 dolo-

318 456 457 495 rum
508 456 770 496 meorum
807 441 871 495 in
894 442 1071 497 corde
1096 457 1239 512 meo,
1270 442 1709 499 exhortationes
1742 444 1976 510 tua’ju-

314 531 737 587 cundaverunt
764 531 1014 586 animun
1041 547 1231 588 meam
1283 532 1650 604 (Psal.xoui,
1695 532 1803 601 19).
1849 533 1972 585 Non

312 634 461 689 ergo
495 635 938 675 murinuremus
968 620 1025 675 in
1045 620 1515 685 difﬁcultatibus,
1547 637 1617 675 ne
1647 620 1972 692 perdamus

311 708 689 763 latitudinem
713 707 1041 774 hilaritatis,
1075 710 1148 765 de
1169 726 1291 782 qua
1313 709 1549 777 dicitur,
1582 710 1694 779 Spe
1718 710 1975 781 gauden-

312 804 401 854 tes
433 818 454 853 :
485 798 627 869 quia
658 799 943 869 sequitur,
972 801 1029 854 in
1058 800 1447 857 tribulatione
1466 804 1756 870 patientes
1785 802 1972 862 (Rom.

308 904 418 954 xii,
454 890 560 949 12).
586 891 745 943 Nova
762 889 1107 961 ergovitain
1124 890 1240 945 ﬁde
1260 890 1829 957 nuncinchoatur,et
1869 907 1973 963 spe

310 977 547 1047 geritur
580 994 593 1033 :
622 994 765 1033 nam
789 983 927 1034 tunc
946 978 1207 1051 perfecta
1236 980 1363 1045 erit,
1389 996 1528 1037 cum
1554 980 1973 1036 absorbebitur

311 1067 570 1122 mortale
585 1083 619 1122 a
646 1067 787 1130 vita,
801 1083 937 1123 cum
951 1067 1368 1125 absorbebitur
1382 1085 1542 1125 mors
1568 1070 1627 1125 in
1644 1069 1970 1138 victoriam,

310 1171 454 1210 cum
491 1155 586 1210 illa
614 1157 938 1212 novissima
967 1157 1210 1215 inimica
1248 1159 1584 1215 destruetur
1623 1175 1805 1222 mors,
1832 1175 1972 1215 cum

308 1244 617 1300 immutati
659 1244 969 1311 fuerimus,
1031 1251 1087 1302 et
1137 1247 1398 1321 aquales
1454 1248 1693 1318 Angelis
1741 1248 1967 1304 eﬁ‘ecti:

309 1333 527 1390 Omnes
557 1335 736 1399 enim,
770 1335 981 1409 inquit,
1034 1352 1455 1408 resurgemus;
1489 1340 1592 1395 sed
1621 1354 1742 1395 non
1772 1352 1971 1395 omnes

311 1421 770 1479 immutabimur
796 1425 840 1493 (ι
872 1424 1003 1481 Cor.
1032 1442 1126 1489 xv,
1159 1429 1248 1494 54,
1280 1426 1369 1492 26,
1391 1427 1507 1498 51).
1537 1428 1602 1482 Et
1632 1427 1917 1483 Dominus
1954 1443 1967 1482 :

304 1511 529 1575 Erunt,
563 1512 778 1584 inquit,
804 1515 1063 1586 aequales
1088 1515 1336 1585 Angelis
1389 1518 1495 1571 Dei
1532 1516 1694 1587 (Luc.
1722 1533 1818 1581 xx,
1855 1516 1966 1574 36).

305 1600 687 1673 Apprehensi
718 1603 876 1657 enim
893 1620 1099 1659 sumus
1114 1604 1297 1661 modo
1321 1605 1380 1660 in
1410 1606 1619 1661 timore
1647 1621 1750 1677 per
1767 1605 1965 1670 ﬁdem,

302 1693 453 1745 tunc
484 1696 687 1747 autem
712 1693 1272 1763 apprehendemus‘
1312 1694 1372 1750 in
1394 1695 1681 1750 charitate
1705 1711 1810 1767 per
1840 1710 1969 1767 spe-

312 1778 497 1834 ciem.
533 1781 806 1846 Quandiu
826 1781 974 1838 enim
1006 1798 1207 1839 sumus
1238 1784 1301 1839 in
1323 1800 1593 1854 corpore,
1623 1784 1971 1855 peregrina-

302 1885 451 1924 mur
475 1884 513 1924 α
534 1871 784 1926 Domino
805 1892 824 1927 :
849 1886 957 1941 per
992 1872 1167 1941 ﬁdem
1224 1873 1377 1929 enim
1419 1875 1816 1940 ambulamus,
1846 1890 1965 1931 non

300 1973 420 2027 per
440 1958 693 2027 speciem
720 1962 785 2031 (ll
818 1962 946 2016 Cor.
970 1978 1025 2029 v,
1042 1962 1119 2032 6).
1154 1962 1497 2035 lpseitaque
1511 1963 1833 2035 Apostolus
1864 1964 1969 2036 qui

301 2046 477 2112 dicit,
536 2052 600 2101 ut
657 2049 1126 2117 apprehendam,
1168 2052 1321 2108 sicut
1359 2054 1765 2122 apprehensus
1814 2070 1965 2119 sum,

303 2140 516 2207 aperte
543 2153 607 2192 se
646 2153 767 2192 non
798 2140 1269 2210 apprehendisse
1320 2142 1668 2197 conﬁtetur:
1698 2144 1965 2209 Fratres,

297 2220 635 2297 inquit,ego
660 2242 749 2283 me
771 2243 889 2283 non
916 2229 1179 2285 arbitror
1196 2230 1964 2303 apprehendisse(Philipp.

302 2330 393 2380 ιιι,
431 2319 515 2383 12,
553 2316 657 2387 13).
693 2316 807 2372 Sed
840 2322 1036 2373 tamen
1067 2320 1211 2393 quia
1240 2319 1372 2391 ipsa
1417 2337 1553 2393 spes
1606 2337 1679 2377 ex
1709 2323 1965 2393 promis-

302 2404 479 2459 sione
516 2404 771 2461 veritatis
793 2412 953 2463 certa
970 2408 1143 2464 nobis
1169 2414 1279 2478 est,
1302 2427 1439 2467 cum
1470 2410 1715 2478 diceret,
1753 2413 1964 2471 Conse-

297 2492 469 2560 pulti
491 2492 682 2563 igitur
699 2509 901 2551 sumus
933 2496 1027 2552 illi
1053 2512 1164 2565 per
1202 2498 1556 2567 baptismum
1585 2501 1652 2555 in
1689 2508 1961 2569 mortem,

301 2580 622 2650 subjunxit
656 2586 828 2654 etait,
861 2588 925 2639 ut
955 2586 1245 2657 quomodo
1283 2589 1550 2644 surrexit
1581 2589 1850 2646 Christus
1889 2607 1963 2649 ex

297 2673 559 2726 mortuis
567 2688 677 2741 per
686 2673 944 2744 gloriam
957 2675 1260 2741 Patris,ita
1275 2684 1326 2734 et
1346 2693 1449 2732 nos
1470 2678 1533 2733 in
1548 2679 1812 2737 novitate
1830 2681 1963 2738 vita

295 2760 673 2817 ambulemus
691 2764 880 2835 (Rom.
900 2781 970 2831 v1,
987 2766 1062 2834 4).
1083 2765 1478 2822 Ambulamus
1492 2783 1634 2838 ergo
1650 2770 1707 2824 in
1724 2770 1965 2826 relabo-

296 2849 406 2916 ris,
432 2850 538 2904 sed
563 2851 623 2906 in
636 2867 740 2923 spe
767 2853 981 2923 quietis
998 2872 1009 2920 ;
1026 2855 1083 2909 in
1108 2870 1286 2910 carne
1300 2858 1736 2925 vetustatis,sed
1764 2859 1822 2914 in
1844 2860 1960 2915 ﬁde

302 2939 622 2996 novitatis.
652 2942 796 2998 Dicit
830 2942 1009 3011 enim,
1046 2944 1270 3014 Corpus
1298 2945 1533 3017 quidem
1563 2954 1859 3005 mortuum
1877 2956 1958 3007 est

290 3034 555 3098 propter
576 3038 884 3099 peccatum
912 3049 937 3099 ,'
954 3034 1193 3104 spiritus
1219 3042 1416 3092 autem
1437 3037 1556 3093 vita
1569 3046 1650 3094 est
1667 3044 1686 3074 ι
1710 3046 1961 3109 propter

282 3119 619 3189 justitiam.
641 3119 703 3175 Si
729 3125 925 3178 autem
947 3123 1212 3192 Spiritus
1237 3127 1365 3195 ejus
1389 3128 1495 3198 qui
1522 3128 1829 3184 suscitavit
1859 3131 1961 3185 Je-

296 3222 439 3262 sum
461 3208 764 3265 Christum
794 3226 831 3267 a
856 3213 1100 3268 mortuis
1127 3213 1359 3270 habitat
1384 3215 1448 3271 in
1476 3216 1636 3272 vobis
1662 3233 1687 3287 ;
1713 3217 1817 3290 qui
1836 3234 1958 3275 sus-

294 3296 512 3352 citavit
528 3298 727 3355 Jesum
743 3300 1045 3357 Christum
1069 3318 1104 3358 a
1122 3306 1366 3359 mortuis
1392 3305 1711 3371 viviﬁcabit
1733 3314 1786 3363 et
1800 3324 1956 3364 mor-

294 3384 464 3441 talia
517 3402 768 3456 corpora
795 3397 991 3446 vestra
1030 3407 1139 3461 per
1194 3393 1629 3451 inhabitantem
1657 3396 1948 3464 Spiritum

304 3477 443 3544 eius
483 3477 545 3531 in
577 3476 735 3534 vobis
760 3478 857 3549 (Id
886 3492 1012 3547 vni,
1043 3482 1131 3544 10,
1170 3483 1280 3551 11).

378 3565 469 3619 27.
501 3567 631 3621 Hac
656 3573 713 3622 et
741 3584 811 3623 ex
826 3570 1138 3626 autoritate
1151 3571 1495 3629 divinarum
1521 3574 1963 3647 Scripturarum

294 3660 359 3709 et
377 3656 672 3711 universa
688 3656 979 3725 Ecclesia,
996 3675 1131 3731 qua
1148 3664 1266 3716 toto
1283 3663 1426 3717 orbe
1440 3663 1811 3734 diffunditur,
1827 3682 1967 3724 con-

295 3744 612 3809 sensione,
640 3762 744 3817 per
781 3748 1261 3806 anniversarium
1320 3752 1542 3810 Pascha
1568 3754 1966 3818 celebrantur.

380 3831 613 3890 CAPUT
638 3834 748 3890 XV.
772 3866 841 3876 --
865 3840 924 3893 In
957 3853 1179 3908 magno
1207 3840 1409 3913 utique
1427 3842 1576 3899 sicut
1601 3844 1729 3914 jam
1760 3845 1969 3903 intelli-

294 3924 425 3997 gis,
450 3930 844 3982 sacramento.
878 3928 943 3983 Et
967 3925 1026 3981 in
1049 3927 1363 4000 Scripturis
1386 3931 1634 4003 quidem
1674 3935 1967 3993 veteribus

296 4013 389 4070 ad
415 4014 718 4084 agendum
750 4015 980 4072 Pascha
1022 4032 1141 4073 non
1169 4023 1255 4073 est
1296 4028 1665 4094 praceptum
1710 4030 1964 4097 tempus,

296 4104 427 4159 nisi
459 4120 531 4159 ex
554 4120 756 4160 mense
797 4120 1106 4171 novorum,
1136 4124 1170 4163 a
1195 4108 1340 4166 luna
1368 4117 1583 4183 quarta
1611 4112 1847 4171 decima
1874 4132 1969 4172 us-

300 4209 432 4268 que
459 4193 537 4248 ad
560 4195 904 4251 vicesimam
936 4199 1190 4267 primam
1218 4215 1231 4254 :
1266 4216 1338 4255 ex
1366 4202 1683 4271 Evangelio
1744 4209 1964 4272 tamen,

295 4282 459 4356 quia
488 4283 872 4339 manifestum
899 4293 1003 4351 est,
1035 4302 1158 4358 quo
1189 4288 1370 4346 etiam
1399 4290 1494 4346 die
1518 4291 1808 4348 Dominus
1839 4311 1967 4350 cru-

300 4372 524 4430 ciﬁxus
548 4374 643 4439 sit,
677 4379 732 4430 et
780 4373 841 4429 in
885 4374 1193 4447 sepultura
1223 4377 1417 4443 fuerit,
1458 4386 1516 4436 et
1560 4383 1967 4453 resurrexerit,

299 4462 599 4533 adjuncta
626 4468 715 4519 est
746 4464 923 4520 etiam
952 4464 1221 4536 ipsorum
1251 4467 1482 4525 dierum
1508 4470 1846 4527 observatio
1863 4487 1970 4544 per

299 4558 549 4626 patrum
572 4552 1047 4618 concilia,etorbi
1075 4555 1350 4613 universo
1380 4558 1705 4616 christiano
1720 4576 1966 4632 persua-

302 4658 450 4697 sum
480 4646 658 4696 esteo
681 4641 863 4698 modo
894 4643 1116 4699 Pascha
1146 4644 1431 4703 celebrari
1457 4655 1751 4720 oportere.

382 4730 473 4786 28.
500 4730 973 4800 Quadragesima
1004 4748 1147 4788 sane
1163 4734 1529 4805 jejuniorum
1558 4737 1741 4795 habet
1769 4744 1971 4795 aucto-

299 4822 563 4887 ritatem,
598 4827 654 4876 et
714 4822 772 4877 in
831 4821 1130 4878 veteribus
1166 4824 1350 4880 Libris
1399 4842 1470 4882 ex
1506 4828 1736 4899 jejunio
1786 4831 1969 4902 Moysi

301 4912 527 4981 (Exod.
571 4926 770 4979 xxxxv,
812 4912 903 4982 28)
937 4916 994 4967 et
1034 4911 1167 4968 Elia
1218 4914 1311 4984 (ΙΙΙ
1364 4917 1501 4987 Reg.
1528 4933 1650 4983 xix,
1678 4922 1729 4989 8)
1764 4936 1777 4981 ;
1812 4923 1868 4974 et
1896 4934 1969 4975 ex

302 5000 653 5071 Evangelia,
685 5001 830 5073 quia
860 5000 1102 5057 totidem
1135 5001 1347 5059 diebus
1368 5005 1650 5062 Dominus
1676 5007 1969 5079 jejunavit

304 5089 551 5159 (Matth.
584 5106 665 5155 iv,
699 5089 775 5155 2),
803 5089 1228 5147 demonstrans
1270 5092 1653 5163 Evangelium
1682 5111 1802 5152 non
1852 5095 1970 5151 dis-

303 5180 524 5237 sentire
568 5197 607 5237 a
660 5183 808 5252 Lege
839 5186 896 5235 et
945 5180 1271 5253 Prophetis.
1310 5183 1373 5238 In
1432 5200 1691 5255 persona
1743 5186 1968 5258 quippe

301 5271 518 5343 Moysi,
550 5274 663 5328 Lex
696 5287 711 5337 ;
738 5271 799 5327 in
838 5285 1099 5342 persona
1132 5271 1287 5337 Elia,
1334 5274 1638 5347 Propheta
1664 5277 1971 5348 accipiun-

369 5380 383 5407 ί
432 5378 734 5445 Lov.,_tunc
758 5382 927 5427 autem
958 5378 1420 5440 apprehendemur.
1487 5382 1591 5433 Sed
1639 5383 1829 5433 melius
1859 5384 1967 5445 alii,

300 5441 763 5504 apprehendemus.
1954 5441 1962 5445 ’

318 5506 385 5577 μ’
632 5504 780 5577 vivit.
811 5505 878 5553 At
924 5502 1083 5563 Mss.,
1130 5506 1239 5556 vita
1260 5510 1349 5564 est,
1377 5505 1532 5571 juxta
1558 5522 1812 5573 gracum,
1844 5509 1974 5560 duae

298 5566 395 5615 dia
417 5566 695 5616 dikaiosun
704 5566 781 5616 in.

1576 132 2083 191 EPISTOLARUM
2126 134 2413 193 CLASSIS
2455 140 2517 194 ll.

3637 136 3745 193 218

2085 264 2196 327 tur,
2239 263 2390 319 inter
2416 281 2568 338 quos
2599 269 2653 321 et
2680 265 2737 320 in
2772 269 2972 321 monte
2999 263 3294 334 gloriosus
3320 261 3594 334 apparuit
3628 276 3642 327 ;
3677 264 3740 317 ut

2086 350 2411 407 evidentius
2438 356 2724 410 emineret
2774 354 2939 427 quod
2966 353 3039 408 de
3071 353 3168 408 illo
3199 352 3338 407 dicit
3367 350 3685 423 Apostolus
3721 366 3735 417 ;

2093 439 2509 499 Testimonium
2530 444 2751 500 habens
2777 459 2813 499 a
2842 444 2992 514 Lege
3015 448 3069 499 et
3102 440 3421 510 Prophetis
3437 442 3629 511 (Rom.
3658 457 3738 505 ιιι,

2084 529 2195 597 21).
2236 531 2299 585 In
2322 548 2443 602 qua
2464 549 2604 604 ergo
2643 538 2812 604 parte
2842 532 2983 588 anni
3009 530 3433 601 congruentius
3463 530 3740 585 observa-

2086 617 2164 673 tio
2189 620 2671 691 Quadragesima
2693 622 3170 686 constitueretur,
3188 621 3302 675 nisi
3323 619 3543 674 contini
3558 625 3739 690 atque

2085 710 2359 777 contigua
2398 710 2718 766 dominica
2758 711 3028 783 passioni
3057 708 3083 761 ‘l
3110 710 3260 775 Quia
3292 709 3349 764 in
3378 724 3449 763 ea
3505 707 3737 778 signiﬁ-

2084 805 2249 853 catur
2278 799 2406 854 hac
2439 800 2560 856 vita
2600 800 2922 869 laboriosa,
2946 799 3041 854 cui
3070 814 3222 870 opus
3250 802 3339 853 est
3370 797 3738 853 continentia

2085 892 2141 941 ut
2167 887 2245 941 ab
2266 888 2453 958 ipsius
2485 889 2694 944 mundi
2718 888 3301 958 amicitiajejunetur
3335 902 3508 958 ;qua
3536 886 3737 959 utique

2082 974 2365 1033 fallaciter
2385 977 2666 1048 blandiri,
2698 987 2754 1033 et
2785 978 3197 1034 illecebrarum
3245 975 3413 1031 fucos
3460 975 3739 1030 circums-

2083 1080 2329 1138 pargere
2362 1074 2538 1139 atque
2588 1068 2812 1140 jactare
2842 1084 2964 1123 non
3003 1071 3216 1122 cessat.
3254 1068 3513 1120 Numero
3539 1068 3739 1119 autem

2082 1155 2564 1227 quadragenario
2579 1158 2760 1213 vitam
2794 1157 2968 1212 istam
2984 1160 3301 1228 propterea
3315 1152 3560 1225 figurari
3581 1151 3737 1208 arbi-

2081 1248 2202 1299 tror
2231 1246 2372 1316 quia
2397 1247 2757 1301 denariusin
2780 1262 2901 1318 quo
2924 1252 3011 1301 est
3043 1244 3322 1317 perfectio
3352 1240 3739 1299 beatitudinis

2081 1334 2483 1399 nostra,sicut
2509 1337 2568 1391 in
2588 1336 3067 1407 octonario,quia
3090 1334 3242 1390 redit
3258 1334 3334 1389 ad
3364 1332 3739 1405 primum,ita

2080 1421 2140 1477 in
2163 1423 2277 1478 hoc
2308 1426 2451 1481 mihi
2476 1426 2705 1481 videtur
2730 1425 2980 1497 exprimi
3016 1441 3028 1479 :
3062 1423 3205 1497 quia
3256 1427 3549 1485 creatura,
3601 1434 3736 1492 qua

2082 1514 2421 1584 septenario
2470 1514 2781 1584 ﬁguratur,
2810 1515 3075 1570 adharet
3104 1511 3387 1581 Creatori,
3408 1512 3467 1565 in
3494 1525 3615 1582 quo
3639 1508 3737 1564 de—

2080 1602 2339 1658 claratur
2368 1604 2565 1660 unitas
2594 1604 2889 1659 Trinitatis
2918 1619 3021 1674 per
3060 1603 3407 1657 universum
3439 1598 3737 1654 mundum

2082 1692 2480 1763 temporaliter
2514 1692 2934 1748 annuntianda
2958 1710 2975 1763 ;
3011 1691 3114 1763 qui
3146 1689 3410 1746 mundus
3438 1692 3493 1743 et
3519 1704 3555 1743 a
3592 1702 3738 1759 qua-

2081 1784 2214 1835 tuor
2241 1783 2426 1837 ventis
2449 1782 2787 1850 delimatur,
2808 1787 2861 1837 et
2878 1787 3139 1854 quatuor
3153 1778 3457 1835 clementis
3472 1776 3735 1845 erigitur,

2078 1876 2133 1925 et
2152 1876 2410 1942 quatuor
2435 1872 2576 1926 anni
2599 1878 2938 1943 temporum
2968 1870 3197 1926 vicibus
3220 1868 3502 1924 variatur.
3522 1867 3736 1922 Decem

2077 1966 2274 2015 autem
2304 1966 2515 2033 quater
2543 1961 2603 2015 in
2621 1960 3023 2033 quadraginta
3044 1964 3567 2025 consummantur,
3583 1971 3738 2028 qua-

2077 2049 2469 2120 dragenarius
2487 2057 2685 2105 autem
2705 2051 2974 2122 partibus
2993 2052 3117 2104 suis
3132 2050 3538 2120 computatus,
3568 2043 3738 2101 addit

2078 2138 2274 2209 ipsum
2311 2140 2626 2195 denarium
2656 2146 2712 2194 et
2757 2140 2907 2195 fiunt
2961 2138 3402 2211 quinquaginta
3442 2140 3735 2206 tanquam

2078 2228 2542 2286 merceslaboris
2574 2234 2630 2285 et
2660 2229 3059 2285 continentia.
3095 2230 3292 2298 Neque
3318 2225 3479 2281 enim
3510 2224 3737 2279 frustra

2073 2316 2200 2391 ipse
2226 2319 2517 2375 Dominus
2541 2324 2596 2374 et
2640 2317 3048 2391 quadraginta
3100 2317 3228 2372 dies
3260 2319 3392 2388 post
3441 2328 3737 2370 resurrec-

2074 2408 2296 2465 tionem
2337 2409 2392 2463 in
2417 2409 2531 2464 hac
2564 2414 2715 2465 terra
2744 2412 2802 2464 et
2842 2409 2901 2463 in
2936 2408 3047 2463 hac
3077 2407 3196 2462 vita
3231 2421 3369 2460 cum
3416 2401 3733 2475 Discipulis

2072 2502 2458 2554 conversatus
2471 2503 2577 2563 est,
2605 2503 2662 2553 et
2692 2503 3085 2571 posteaquam
3113 2494 3379 2552 ascendit
3408 2492 3469 2548 in
3491 2492 3730 2557 calum,

2072 2585 2280 2642 decem
2308 2586 2522 2641 diebus
2556 2587 2919 2658 interpositis
2971 2585 3339 2657 promissum
3368 2583 3525 2639 misit
3557 2580 3734 2654 Spiri-

2070 2682 2197 2733 tum
2226 2681 2522 2742 sanctum,
2557 2676 2854 2747 completo
2885 2676 2981 2732 die
3014 2676 3393 2731 Pentecostes
3436 2688 3448 2727 :
3477 2673 3581 2743 qui
3602 2671 3730 2727 dies

2069 2764 3080 2837 quinquagenariushabetalturum
3101 2759 3733 2832 sacramentum,quod

2070 2854 2287 2926 septies
2326 2860 2555 2925 septem
2586 2854 2991 2926 quadraginta
3030 2868 3245 2908 novem
3294 2852 3478 2918 ﬁunt;
3506 2854 3561 2906 et
3591 2864 3729 2904 cum

2069 2942 2293 2998 reditur
2315 2942 2391 3000 ad
2422 2943 2679 3009 initium,
2712 2943 2815 3015 qui
2864 2948 2953 2998 est
2981 2946 3250 3005 octavus,
3284 2940 3388 3013 qui
3421 2945 3478 2996 et
3499 2938 3732 3012 primus

2067 3032 2215 3102 dies,
2264 3033 2704 3105 quinquaginta
2746 3031 3122 3102 complentur
3156 3030 3303 3103 ;qui
3351 3028 3731 3085 celebrantur

2068 3129 2203 3195 post
2235 3123 2470 3178 Domini
2509 3122 3029 3186 resurrectionem,
3073 3123 3200 3194 jam
3240 3120 3301 3176 in
3370 3118 3562 3189 ﬁgura
3608 3132 3735 3173 non

2066 3211 2308 3279 laboris,
2334 3212 2440 3267 sed
2468 3212 2682 3285 quietis
2722 3216 2778 3267 et
2806 3210 3041 3266 latitia.
3078 3210 3321 3283 Propter
3346 3208 3459 3265 hoc
3492 3212 3547 3263 et
3571 3206 3738 3279 jeju-

2066 3302 2166 3357 nia
2180 3301 2535 3372 relaxantur,
2570 3306 2861 3357 etstantes
2887 3316 3152 3365 oramus,
3184 3298 3348 3372 quod
3368 3305 3455 3353 est
3489 3296 3733 3366 signum

2065 3392 2535 3447 resurrectionis.
2566 3390 2731 3447 Unde
2762 3390 2943 3446 etiam
2982 3389 3266 3445 omnibus
3299 3386 3509 3443 diebus
3540 3384 3777 3470 domiol

2074 3480 2223 3536 nicis
2264 3479 2326 3536 id
2352 3480 2429 3536 ad
2459 3479 2643 3536 altare
2692 3480 3064 3544 observatur,
3099 3482 3156 3533 et
3201 3475 3451 3532 Alleluia
3476 3475 3738 3532 canitur:

2073 3569 2236 3643 quod
2287 3569 2581 3639 signiﬁcat
2636 3568 2932 3624 actionem
3001 3570 3273 3632 nostram
3309 3564 3570 3621 futuram
3612 3580 3734 3621 non

2075 3674 2203 3714 esse
2235 3657 2345 3713 nisi
2384 3657 2632 3713 laudare
2662 3661 2868 3727 Deum,
2903 3656 3053 3712 sicut
3084 3655 3376 3727 scriptum
3408 3658 3498 3710 est
3529 3672 3542 3711 :
3568 3652 3739 3711 Beati

2074 3749 2179 3820 qui
2200 3746 2472 3805 habitant
2495 3748 2558 3802 in
2584 3748 2756 3803 domo
2778 3753 2903 3817 tua,
2932 3745 3176 3802 Domine
3194 3757 3219 3817 ;
3240 3747 3303 3801 in
3324 3745 3541 3802 8¢BCUla
3556 3759 3736 3800 sacu-

2078 3840 2270 3895 lorum
2312 3837 2649 3894 laudabunt
2675 3844 2729 3893 te
2760 3836 2938 3909 (Psal.
2982 3852 3221 3901 Lxxxni,
3255 3836 3330 3907 5).

2149 3928 2367 3983 CAPUT
2399 3925 2532 3982 XV].
2570 3957 2628 3966 -
2662 3926 2749 3982 29.
2769 3925 2879 3983 Sed
2896 3926 3021 3981 dies
3037 3922 3583 3999 quinquagesimus
3606 3922 3734 3979 etin

2076 4016 2392 4090 Scripturis
2407 4016 2844 4072 commendatur
2860 4034 2873 4084 ;
2890 4020 3078 4072 etnon
3094 4020 3318 4070 tantum
3338 4013 3398 4069 in
3414 4011 3736 4083 Evangelio

2076 4108 2218 4180 quia
2238 4112 2379 4163 tunc
2401 4106 2647 4179 Spiritus
2676 4111 2921 4162 sanctus
2935 4104 3304 4170 advenit,sed
3322 4104 3501 4159 etiam
3515 4103 3575 4159 in
3590 4109 3740 4161 vete-

2076 4196 2242 4253 ribus
2268 4194 2473 4251 Libris.
2505 4198 2654 4252 Nam
2681 4202 2737 4250 et
2764 4194 2842 4251 ibi
2860 4199 3254 4267 posteaquam
3287 4192 3515 4249 Pascha
3538 4194 3740 4251 occiso

2078 4301 2238 4356 agno
2256 4284 2862 4350 celebraverunt,dies
2878 4281 3321 4357 quinquaginta
3342 4287 3738 4339 numerantur

2078 4391 2270 4448 usque
2283 4375 2359 4431 ad
2386 4375 2547 4430 diem
2575 4390 2696 4446 quo
2715 4375 2823 4429 Lex
2837 4373 2977 4429 data
2993 4372 3149 4428 estin
3168 4376 3371 4427 monte
3392 4371 3738 4429 Sinafamu-

2076 4464 2247 4521 loDei
2277 4464 2483 4537 Moysi,
2517 4464 2701 4534 digito
2724 4463 2823 4518 Dei
2848 4462 3070 4534 scripta
3101 4461 3318 4533 (Exod.
3344 4476 3447 4530 xu,
3488 4476 3603 4525 xix,
3635 4477 3737 4527 xx,

2076 4554 2239 4625 xxxx)
2270 4572 2280 4603 :
2312 4553 2559 4609 inlibris
2582 4558 2782 4608 autem
2815 4551 3117 4622 Evangelii
3148 4550 3519 4623 apertissime
3544 4550 3738 4608 decla-

2078 4638 2524 4716 ratur,digitum
2538 4642 2638 4698 Dei
2654 4642 2990 4711 significare
3005 4641 3276 4713 Spiritum
3292 4634 3738 4697 sanctum.Cum

2079 4734 2235 4789 enim
2254 4731 3065 4804 unusevangelisladixisset,
3100 4733 3171 4787 In
3209 4730 3394 4803 digito
3418 4731 3525 4788 Dei
3567 4730 3738 4801 ejicio

2077 4821 2368 4880 daemonia
2397 4821 2565 4895 (Luc.
2599 4821 2778 4893 x1,20)
2807 4836 2821 4885 ;
2852 4819 3004 4875 alius
3041 4820 3153 4876 hoc
3180 4821 3340 4876 idem
3370 4819 3451 4877 ita
3473 4820 3636 4889 dixit,
3666 4820 3734 4875 In

2076 4912 2291 4983 spiritu
2304 4911 2411 4968 Dei
2421 4910 2590 4981 ejicio
2603 4909 2895 4967 damonia
2915 4910 3153 4982 (Matth.
3175 4910 3392 4981 xu,28).
3420 4909 3561 4975 Quis
3578 4907 3737 4963 hanc

2079 5001 2341 5057 lietitiam
2370 4999 2700 5056 divinorum
2731 5003 3268 5064 sacramentorum,
3294 5014 3431 5053 cum
3457 5012 3619 5051 sana
3632 4995 3737 5052 do-

2076 5090 2416 5147 ctrinaluce
2429 5089 2940 5153 clarescunt‘mon
2954 5088 3216 5160 praeferat
3230 5086 3517 5142 universis
3538 5087 3739 5143 mundi

2075 5180 2257 5255 hujus
2278 5180 2562 5252 imperiis,
2620 5179 2800 5234 etiam
2824 5179 3103 5233 inusitata
3140 5175 3415 5232 felicitate
3454 5175 3684 5247 pacatis
3713 5176 3742 5233 ?

2076 5274 2281 5328 Nonne
2309 5274 2592 5342 tanquam
2621 5268 2744 5323 duo
2770 5267 3080 5338 Seraphim
3095 5265 3357 5321 clamant
3380 5265 3456 5320 ad
3480 5265 3737 5320 invicem

2077 5356 2676 5416 concinentialaudes
2704 5356 3025 5412 Altissimi:
3052 5357 3742 5423 Sanctus,sanctus,san-

2076 5448 2517 5513 ctus,Dominus
2544 5446 2692 5502 Deus
2705 5444 2953 5500 sabaoth
2980 5444 3143 5511 (Isai.
3163 5445 3335 5517 Vi,3);
3366 5444 3580 5502 itaduo
3603 5446 3742 5499 Tes-

2140 5574 2154 5606 ¹
2180 5572 2405 5623 Floriac.
2425 5570 2543 5627 113.,
2582 5569 2727 5618 lucra
2757 5572 2999 5618 crescunt.
