4040 6174
275 154 381 207 221

276 284 665 334 sacramento
710 277 1165 346 distinguerent,
1210 273 1298 329 vel
1329 274 1487 329 diem
1516 274 1753 328 tertium
1788 277 1947 327 octa-

275 383 514 432 varum,
546 367 694 439 quia
712 372 764 421 et
787 366 1081 421 ternarius
1112 379 1399 419 numerus
1426 364 1483 418 in
1519 363 1720 417 multis
1755 378 1949 417 sacra-

272 458 499 512 mentis
528 457 787 511 maxime
804 454 1057 521 excellit,
1083 455 1174 509 vel
1219 455 1397 509 etiam
1429 453 1631 525 ipsum
1664 457 1945 507 octavum

286 550 357 600 ut
383 546 502 601 hoc
519 546 780 602 facerent
799 545 1127 615 elegerunt.

352 639 444 691 34.
466 636 638 691 Miror
655 634 1049 707 sanequidita
1074 633 1353 701 volueris,
1379 632 1524 687 utde
1550 633 1766 702 iisquae
1786 630 1947 686 varie

277 741 393 797 per
409 725 649 780 diversa
664 724 794 779 loca
810 724 1227 788 observantur,
1255 722 1357 777 tibi
1385 722 1586 793 aliqua
1601 720 1917 775 scriberem
1931 754 1944 777 ,

273 830 413 869 cum
430 821 616 869 etnon
634 815 707 869 sit
722 814 1211 879 necessarium,et
1228 828 1343 866 una
1359 811 1416 866 in
1432 811 1523 866 his
1542 809 1935 865 saluberrima

274 904 490 973 regula
508 904 921 964 relinendasit,
957 908 1020 957 ut
1040 919 1175 975 quae
1197 917 1317 957 non
1345 907 1483 957 sunt
1504 904 1712 956 contra
1743 898 1943 963 ﬁdem,

275 1008 481 1064 neque
495 998 701 1049 contra
722 993 917 1049 bonos
942 997 1231 1057 mores,et
1258 990 1485 1046 habent
1505 988 1729 1059 aliquid
1759 987 1835 1043 ad
1858 1003 1951 1042 ex-

275 1081 682 1138 hortationem
694 1085 825 1137 vita!
842 1082 1503 1153 melioris,ubicumque
1523 1078 1746 1134 institui
1785 1076 1945 1131 vide-

269 1187 431 1235 mus,
467 1172 1297 1245 velinslitutacognoscimus,
1328 1185 1447 1225 non
1464 1168 1659 1224 solum
1688 1182 1808 1222 non
1831 1167 1938 1221 im-

267 1261 735 1330 probemus,sed
749 1260 917 1317 etiam
931 1259 1236 1316 laudando
1250 1257 1606 1315 etimitando
1644 1260 1936 1311 sectemur

274 1350 326 1404 si
352 1350 701 1423 aliquorum
724 1351 1037 1407 inﬁrmitas
1063 1351 1277 1405 nonita
1298 1347 1564 1421 impedit,
1601 1351 1663 1402 ut
1685 1344 1943 1418 amplius

270 1441 709 1496 detrimentum
725 1440 1059 1497 sit.Sienim
1083 1456 1152 1494 eo
1176 1437 1660 1509 modoimpediat
1680 1441 1741 1491 ut
1759 1436 1941 1506 majo-

260 1546 330 1585 ra
346 1530 756 1585 studiosorum
771 1530 936 1585 lucra
950 1529 1251 1601 speranda
1266 1530 1595 1599 sint,quam
1611 1527 1941 1582 calumnia-

263 1625 471 1676 torum
487 1619 837 1675 detrimenta
849 1619 1321 1681 metuenda,sine
1334 1616 1709 1672 dubitatione
1724 1616 1940 1672 facien-

265 1709 421 1764 dum
436 1714 815 1773 est,maxime
831 1709 887 1764 id
902 1708 1064 1780 quod
1081 1709 1261 1763 etiam
1279 1708 1351 1761 de
1370 1706 1683 1777 Scripturis
1696 1706 1936 1761 defendi

259 1805 501 1871 potest;
528 1798 767 1854 sicutde
796 1798 1039 1869 hymnis
1073 1797 1387 1869 etpsalmis
1406 1796 1857 1859 canendis,cum
1884 1802 1940 1851 et

257 1889 455 1961 ipsius
474 1888 708 1943 Domini
723 1887 1209 1959 etApostolorum
1225 1886 1558 1943 habeamus
1573 1885 1937 1942 documenta

252 1983 313 2033 et
330 1977 607 2047 exempla
625 1982 681 2032 et
702 1982 1003 2049 prmcepta
1025 1978 1061 2030 ι.
1088 1977 1165 2030 De
1190 1976 1303 2031 hac
1332 1992 1393 2031 re
1416 1981 1537 2031 tam
1567 1976 1688 2030 utili
1712 1976 1785 2031 ad
1807 1991 1936 2030 mo-

254 2066 527 2121 vendum
546 2066 635 2137 pie
649 2066 1006 2131 animum,et
1030 2065 1486 2121 accendendum
1508 2064 1726 2120 divinae
1748 2064 1933 2119 dilec-

254 2155 447 2211 tionis
470 2154 953 2219 aﬂ'ectum,varia
982 2155 1356 2210 consuetudo
1387 2154 1854 2226 est,etpleraque
1878 2155 1935 2209 in

254 2244 461 2300 Africa
480 2245 751 2300 Ecclesiae
772 2260 928 2299 mem
944 2245 1051 2299 bra
1075 2244 1336 2315 pigriore
1356 2250 1497 2299 sunt
1530 2260 1542 2299 :
1562 2244 1645 2299 ita
1670 2250 1730 2299 ut
1746 2247 1933 2299 Dona-

254 2335 414 2389 tistae
436 2350 546 2389 nos
560 2333 1192 2405 reprehendant,quod
1218 2332 1413 2389 sobrie
1436 2332 1747 2404 psallimus
1768 2333 1826 2389 in
1842 2350 1931 2389 ec-

256 2422 448 2478 clesia
463 2422 673 2477 divina
703 2423 935 2477 cantica
966 2422 1421 2493 Prophetarum,
1454 2438 1593 2478 cum
1618 2423 1932 2495 ipsiebrie-

254 2518 413 2567 tates
434 2528 577 2567 suas
590 2512 668 2568 ad
692 2512 1379 2583 canticumpsalmorum
1399 2513 1669 2569 humano
1690 2515 1931 2584 ingenio

255 2602 761 2673 compositorum,
793 2602 965 2673 quasi
998 2601 1073 2656 ad
1115 2606 1135 2637 ³
1159 2601 1336 2657 tubas
1386 2603 1814 2659 exhortationis
1847 2605 1932 2658 in—

261 2690 610 2748 ﬂamment.
633 2692 886 2756 Quando
908 2694 1106 2746 autem
1139 2706 1261 2747 non
1288 2697 1378 2747 est
1407 2697 1666 2763 tempus,
1700 2710 1837 2749 cum
1869 2694 1929 2749 in

249 2780 512 2835 ecclesia
540 2780 748 2836 fratres
767 2786 1227 2850 congregantur,
1258 2788 1461 2837 sancta
1479 2783 1781 2847 cantandi,
1817 2784 1928 2839 nisi

252 2869 631 2939 cumlegitur
670 2870 1142 2941 autdisputatur,
1173 2875 1274 2925 aut
1314 2870 1565 2926 antistes
1597 2872 1755 2928 clara
1783 2888 1929 2929 voce

251 2959 641 3032 deprecatur,
675 2960 1130 3016 autcommunis
1147 2960 1340 3017 oratio
1356 2976 1499 3016 voce
1521 2961 1757 3017 diaconi
1781 2962 1931 3018 indi-

254 3049 419 3103 citur
441 3046 471 3102 ?

333 3138 565 3192 CAPUT
592 3138 722 3193 XIX.
738 3168 808 3177 -—
832 3138 918 3191 35.
946 3138 1085 3194 Aliis
1106 3154 1246 3195 vero
1267 3139 1569 3211 particulis
1589 3144 1928 3211 temporum

248 3226 418 3300 quid
442 3226 653 3281 melius
674 3243 710 3282 a
735 3229 1109 3297 congregatis
1132 3228 1472 3285 Christianis
1497 3229 1619 3295 ﬁat,
1643 3230 1789 3302 quid
1817 3229 1932 3285 uti-

248 3317 407 3381 lius,
439 3315 586 3388 quid
612 3318 873 3373 sanctius
898 3318 1146 3374 omnino
1171 3334 1292 3374 non
1315 3318 1503 3373 video.
1532 3319 1702 3384 Quod
1728 3326 1929 3375 autem

245 3404 593 3463 instituitur
613 3412 824 3477 praeter
843 3408 1335 3464 consuetudinem
1352 3413 1436 3475 ,ut
1455 3409 1630 3481 quasi
1652 3412 1933 3467 observa-

253 3497 351 3551 tio
384 3496 741 3551 sacramenti
772 3497 867 3562 sit,
892 3497 1225 3569 approbare
1247 3513 1369 3553 non
1403 3514 1673 3569 possum,
1701 3499 1933 3555 etiamsi

253 3582 455 3638 multa
468 3583 567 3654 huj
579 3584 802 3639 usmodi
817 3590 1057 3657 propter
1070 3601 1186 3641 non
1197 3586 1483 3642 nullarum
1500 3587 1585 3641 vel
1601 3592 1933 3644 sanctarum

254 3672 359 3728 vel
386 3672 857 3728 turbulentarum
875 3689 1266 3745 personarum
1283 3675 1568 3732 scandala
1589 3676 1929 3743 devitanda,

248 3760 514 3817 liberius
535 3762 878 3833 improbare
902 3779 1019 3819 non
1046 3765 1261 3820 audeo.
1281 3765 1393 3821 Sed
1412 3766 1523 3821 hoc
1541 3766 1717 3821 nimis
1736 3766 1927 3833 doleo,

245 3849 430 3923 quod
455 3850 639 3907 multa
664 3867 802 3923 qua:
838 3852 897 3907 in
931 3852 1149 3908 divinis
1177 3852 1343 3908 libris
1371 3854 1761 3911 saluberrime
1790 3872 1932 3928 prm-

246 3944 436 4011 cepta
448 3944 605 4005 sunt,
624 3940 821 3996 minus
839 3947 1125 3999 curantur
1142 3959 1153 4009 ;
1171 3949 1227 3999 et
1243 3948 1362 3999 tam
1385 3945 1584 4000 multis
1599 3962 1930 4018 praesump-

248 4028 530 4084 tionibus
545 4029 627 4084 sic
642 4030 817 4101 plena
839 4033 1212 4098 suntomnia,
1233 4034 1546 4103 utgravius
1573 4035 1929 4107 corripiatur

245 4118 364 4190 qui
397 4133 505 4189 per
544 4124 788 4176 octavas
820 4136 961 4177 suas
1004 4126 1224 4177 terram
1267 4122 1433 4179 nudo
1465 4124 1617 4195 pede
1651 4124 1924 4194 tetigerit,

245 4222 451 4279 quam
478 4208 580 4279 qui
609 4214 867 4264 mentem
893 4209 1226 4267 vinolentia
1248 4212 1563 4283 sepelierit.
1591 4215 1803 4271 Omnia
1823 4215 1925 4271 itu-

246 4311 383 4368 que
440 4296 601 4363 talia,
654 4313 787 4370 qua:
848 4313 1041 4371 neque
1088 4304 1433 4356 sanctarum
1486 4302 1924 4375 Scripturarum

247 4384 717 4441 auctoritatibus
730 4388 1125 4453 continentur,
1145 4404 1251 4445 nec
1264 4390 1321 4445 in
1336 4392 1602 4447 conciliis
1618 4393 1926 4465 episcopo-

243 4490 398 4531 rum
421 4476 1171 4543 statutainveniuntur,nec
1186 4481 1620 4537 consuetudine
1636 4482 1923 4538 universae

246 4562 533 4620 Ecclesia
551 4563 831 4622 roborata
848 4572 1003 4633 sunt,
1024 4569 1125 4622 sed
1145 4584 1251 4639 pro
1269 4571 1640 4627 diversorum
1654 4572 1923 4628 locorum

244 4654 511 4710 diversis
526 4655 791 4711 moribus
805 4656 1321 4716 innumerabiliter
1334 4662 1738 4727 variantur,ita
1753 4666 1815 4718 ut
1829 4663 1923 4717 vix

245 4748 359 4799 aut
380 4743 632 4799 omnino
659 4759 973 4817 nunquam
997 4748 1245 4804 inveniri
1268 4750 1501 4821 possint
1528 4766 1749 4815 causas,
1772 4767 1922 4823 quas

246 4833 312 4888 in
341 4832 428 4887 eis
455 4832 829 4889 instituendis
854 4835 1124 4893 homines
1149 4839 1334 4893 secuti
1362 4843 1520 4903 sunt,
1543 4840 1641 4896 ubi
1672 4840 1921 4897 facultas

247 4921 554 4985 tribuitur,
572 4922 701 4978 sine
729 4923 851 4980 ulla
870 4925 1242 4982 dubitatione
1267 4929 1599 4984 resecanda
1624 4930 1915 4985 existimo.

248 5012 543 5076 Quamvis
568 5012 727 5067 enim
754 5028 945 5085 neque
972 5014 1085 5069 hoc
1113 5017 1361 5072 inveniri
1385 5018 1591 5088 possit,
1610 5021 1918 5090 quomodo

247 5105 461 5157 contra
491 5100 675 5156 ﬁdem
708 5101 852 5168 sint;
880 5103 1075 5173 ipsam
1110 5111 1306 5161 tamen
1337 5106 1706 5175 religionem,
1731 5124 1915 5179 quam

248 5190 636 5261 paucissimis
649 5197 705 5245 et
723 5192 1225 5250 manifestissimis
1239 5195 1707 5252 celebrationum
1726 5213 1917 5254 sacra-

250 5280 474 5335 mentis
506 5279 915 5337 misericordia
948 5283 1044 5337 Dei
1077 5299 1203 5338 esse
1226 5284 1477 5340 liberam
1512 5285 1715 5355 voluit,
1741 5287 1918 5342 servi-

313 5398 327 5429 ι
365 5396 490 5464 Mss.
530 5395 729 5459 plures,
776 5396 1052 5448 habeamus
1082 5402 1361 5463 exemplum
1393 5406 1439 5450 et
1466 5406 1717 5464 prwcepta
1738 5403 1797 5454 de
1826 5404 1919 5451 hac

248 5474 306 5507 re
349 5462 447 5507 etc.
1468 5462 1477 5464 ⁷
1628 5462 1643 5464 ”

269 5584 279 5593 _
309 5497 328 5553 ί
353 5522 474 5593 Duc
490 5522 864 5593 revocavimus
882 5538 945 5573 ex
976 5525 1099 5573 Mss.
1120 5526 1434 5589 particulam
1458 5528 1540 5585 ad,
1565 5542 1683 5593 quae
1701 5529 1754 5577 in
1780 5528 1911 5578 Edd.

250 5584 609 5635 desideratur.

1533 145 2031 203 EPISTOLARUM
2073 145 2363 203 CLASSlS
2406 149 2472 203 ll.

3617 148 3720 202 222

2062 271 2216 327 libus
2247 275 2530 330 oneribus
2562 283 2859 347 premunt,
2886 283 2947 333 ut
2976 277 3338 334 tolerabilior
3362 276 3435 331 sit
3455 274 3719 332 conditio

2059 361 2423 427 Judaeorum,
2444 365 2544 435 qui
2564 366 2795 421 etiamsi
2819 371 3053 437 tempus
3080 366 3363 421 libertatis
3386 381 3506 420 non
3535 379 3717 433 agno-

2060 455 2289 515 verunt,
2306 450 2595 521 legalibus
2614 459 2811 510 tamen
2837 455 3107 521 sarcinis,
3124 470 3240 509 non
3262 454 3545 509 humanis
3567 470 3716 527 prte-

2062 541 2505 612 sumplionibus
2535 543 2952 613 subjiciuntur.
2998 544 3111 600 Sed
3143 544 3399 598 Ecclesia
3433 546 3530 598 Dei
3564 544 3714 598 inter

2061 629 2310 685 multam
2330 630 2565 703 paleam
2598 633 2903 705 multaque
2924 635 3149 690 zizania
3167 634 3507 702 constituta,
3525 632 3715 687 multa

2061 718 2287 785 tolerat,
2317 729 2371 775 et
2399 726 2594 777 tamen
2620 739 2755 792 quae
2779 730 2918 777 sunt
2949 730 3155 779 contra
3176 724 3359 779 ﬁdem
3382 722 3470 777 vel
3490 721 3713 776 bonam

2060 808 2241 864 vitam
2273 825 2392 865 non
2422 813 2437 846 ¹
2469 812 2787 882 approbat,
2816 829 2924 868 nec
2956 819 3124 878 tacet,
3158 828 3265 867 nec
3302 812 3459 867 tacit.

2131 900 2352 954 CAPUT
2392 902 2493 955 ΧΧ.
2532 932 2597 941 -
2637 902 2725 957 36.
2768 903 2971 973 Itaque
3008 902 3146 957 illud
3192 901 3356 973 quod
3398 900 3712 971 scripsisti,

2058 988 2356 1060 quosdam
2380 988 2589 1045 fratres
2610 991 2690 1045 ita
2722 995 3052 1062 temperare
3080 1007 3140 1045 se
3169 1008 3203 1046 a
3229 990 3511 1046 carnibus
3537 988 3713 1045 eden-

2057 1078 2169 1142 dis,
2206 1083 2265 1134 ut
2298 1080 2645 1135 immundas
2681 1081 3063 1147 arbitrentur,
3097 1080 3467 1153 apertissime
3506 1084 3714 1135 contra

2056 1165 2238 1222 ﬁdem
2288 1183 2619 1241 sanamque
2659 1168 2998 1225 doctrinam
3033 1174 3141 1225 est.
3190 1170 3265 1222 Ex
3315 1169 3455 1224 hinc
3487 1182 3629 1237 ergo
3661 1167 3709 1222 si

2055 1256 2276 1313 diutius
2299 1259 2607 1330 disputare
2634 1259 2896 1325 voluero,
2914 1264 3108 1332 potest
3130 1261 3324 1331 putari
3350 1277 3383 1315 a
3402 1255 3711 1316 nonnullis

2054 1346 2310 1403 obscure
2363 1349 2501 1404 hinc
2541 1350 2897 1421 Apostolum
2931 1350 3329 1421 praecepisse;
3373 1350 3477 1421 qui
3527 1348 3708 1404 etiam

2054 1437 2204 1492 inter
2263 1438 2447 1493 multa
2501 1455 2629 1510 qum
2680 1440 2753 1494 de
2810 1440 2922 1495 hac
2968 1456 3028 1494 re
3062 1439 3222 1503 dixit,
3264 1438 3345 1494 sic
3380 1438 3707 1494 detestatus

2053 1532 2138 1582 est
2182 1527 2594 1583 haereticorum
2639 1530 2885 1599 impiam
2925 1530 3293 1600 opinionem,
3342 1533 3405 1583 ut
3442 1527 3704 1585 diceret:

2050 1616 2311 1685 Spiritus
2352 1624 2547 1673 autem
2594 1619 2905 1689 manifeste
2933 1619 3075 1673 dicit
3106 1619 3247 1690 quia
3285 1618 3344 1673 in
3375 1617 3707 1673 novissimis

2052 1706 2407 1774 temporibus
2452 1708 2723 1763 recedent
2772 1708 3014 1778 quidam
3062 1723 3099 1763 a
3146 1708 3285 1775 ﬁde,
3338 1706 3709 1762 attendentes

2047 1795 2355 1862 spiritibus
2392 1797 2744 1853 seductionis
2766 1803 2817 1853 et
2842 1797 3131 1852 doctrinis
3161 1796 3614 1859 daemoniorum,
3645 1796 3707 1850 in

2048 1885 2352 1955 hypocrisi
2371 1887 2981 1958 mendacitoquorum,
3006 1886 3399 1942 cauteriatam
3427 1885 3708 1941 habentes

2046 1976 2462 2031 conscientiam
2486 1991 2674 2037 suam,
2694 1976 3073 2045 prohibentes
3091 1976 3333 2041 nubere,
3351 1974 3648 2030 abstinere
3670 1988 3707 2030 a

2044 2064 2184 2119 cibis
2210 2081 2353 2135 quos
2388 2067 2544 2121 Deus
2570 2067 2794 2122 creavit
2817 2066 2897 2121 ad
2921 2065 3367 2135 percipiendum
3397 2080 3531 2119 cum
3560 2078 3709 2133 gra-

2043 2154 2267 2209 tiarum
2298 2156 2532 2211 actione
2578 2155 2875 2223 ﬁdelibus,
2936 2161 2989 2211 et
3043 2154 3115 2209 iis
3153 2155 3258 2225 qui
3297 2159 3705 2223 cognoverunt

2042 2244 2345 2299 veritatem
2363 2261 2381 2297 :
2399 2246 2541 2314 quia
2563 2244 2751 2299 omnis
2774 2250 3052 2300 creatura
3068 2244 3176 2298 Dei
3192 2243 3344 2298 bona
3359 2246 3463 2309 est,
3479 2247 3532 2297 et
3549 2240 3706 2296 nihil

2040 2331 2441 2401 abjiciendum
2476 2335 2634 2405 quod
2658 2349 2790 2389 cum
2821 2334 3160 2403 gratiarum
3188 2331 3422 2388 actione
3450 2329 3707 2399 percipi-

2041 2426 2172 2483 tur;
2191 2423 2607 2491 sanctiﬁcatur
2619 2423 2773 2479 enim
2800 2438 2906 2492 per
2920 2422 3159 2479 verbum
3188 2422 3295 2478 Dei
3306 2427 3360 2477 et
3374 2420 3699 2476 orationem

2037 2512 2082 2583 (Ι
2101 2512 2245 2566 Tim.
2265 2529 2339 2576 IV,
2354 2519 2366 2566 l
2385 2514 2455 2583 5).
2468 2516 2529 2567 Et
2544 2512 2659 2568 alio
2674 2513 2804 2568 loco
2820 2513 2893 2567 de
2908 2513 2993 2567 his
3006 2512 3185 2568 rebus
3200 2510 3702 2583 loquitur:0mnia

2038 2600 2264 2657 munda
2287 2602 2554 2671 mundis,-
2576 2602 2900 2657 immundis
2916 2608 3111 2658 autem
3131 2609 3179 2657 et
3195 2600 3532 2671 inﬁdelibus
3547 2599 3706 2654 nihil

2039 2696 2119 2745 est
2152 2691 2483 2760 mundum,-
2520 2692 2621 2747 sed
2658 2692 2899 2760 polluta
2934 2699 3073 2747 sunt
3110 2706 3308 2747 eorum
3354 2696 3407 2746 et
3453 2704 3614 2745 mens
3652 2693 3706 2744 et

2039 2781 2401 2836 conscientia
2416 2781 2554 2852 (Tit.
2582 2798 2619 2845 ι,
2650 2785 2756 2849 t5).
2771 2781 2854 2836 Tu
2876 2780 3025 2853 ipse,
3042 2780 3169 2854 lege
3190 2785 3428 2845 castera,
3446 2784 3501 2834 et
3522 2777 3704 2833 recita

2038 2868 2258 2939 quibus
2289 2875 2481 2939 potes,
2515 2876 2577 2926 ut
2608 2886 2680 2925 ne
2712 2870 2771 2925 in
2804 2886 2865 2925 se
2898 2870 3121 2926 irritam
3172 2869 3395 2925 faciant
3444 2867 3702 2938 gratiam

2039 2958 2159 3023 Dei,
2201 2958 2345 3029 quia
2400 2961 2458 3013 in
2512 2959 2846 3015 libertatem
2886 2958 3085 3015 vocati
3140 2963 3315 3024 sunt;
3358 2962 3591 3014 tantum
3629 2971 3702 3012 ne

2034 3047 2367 3112 libertatem
2398 3048 2455 3103 in
2490 3050 2869 3104 occasionem
2898 3048 3094 3103 carnis
3125 3052 3453 3111 assumant,
3488 3051 3543 3101 et
3566 3045 3702 3100 ideo

2032 3136 2161 3207 jam
2181 3136 2367 3192 nolint
2388 3137 2761 3193 refrenandaa
2783 3139 2980 3193 carnis
2994 3136 3493 3209 concupiscentia)
3516 3149 3701 3189 causa

2038 3241 2072 3279 a
2102 3225 2467 3296 quibuslibet
2494 3227 2641 3281 cibis
2670 3225 3182 3299 temperare,quia
3202 3240 3322 3281 non
3351 3224 3437 3279 eis
3462 3222 3703 3296 permit-

2041 3312 2177 3369 titur
2216 3316 2626 3387 superstitiose
2658 3322 2839 3388 atque
2870 3316 3178 3372 inﬁdeliter
3209 3315 3422 3371 facere.

2111 3408 2197 3460 37.
2232 3405 2297 3459 Hi
2329 3421 2469 3461 vero
2495 3406 2596 3478 qui
2630 3406 2704 3461 de
2738 3407 2974 3478 paginis
3002 3406 3358 3477 evangelicis
3400 3406 3588 3459 sortes
3626 3402 3702 3459 le-

2054 3498 2202 3564 gunt
2231 3494 2335 3564 (a),
2370 3499 2421 3550 et
2450 3496 2495 3549 si
2522 3495 2855 3567 optandum
2889 3503 2980 3551 est
3002 3502 3064 3551 ut
3089 3496 3201 3552 hoc
3221 3496 3419 3568 potius
3454 3492 3698 3557 faciant,

2045 3598 2234 3653 quam
2255 3584 2331 3639 ad
2354 3585 2655 3641 daemonia
2689 3586 3059 3641 consulenda
3080 3588 3438 3641 concurrant
3463 3599 3476 3648 ;
3502 3588 3701 3638 tamen

2044 3672 2222 3727 etiam
2262 3673 2373 3728 ista
2416 3674 2561 3729 mihi
2611 3674 2885 3746 displicet
2914 3674 3310 3741 consuetudo,
3348 3673 3425 3727 ad
3459 3672 3700 3741 negotia

2042 3761 2369 3828 saecularia,
2385 3762 2526 3819 etad
2542 3763 2863 3834 vitsehujus
2888 3765 3231 3829 vanitatem,
3249 3766 3492 3835 propter
3511 3760 3692 3816 aliam

2039 3851 2233 3906 vitam
2266 3852 2554 3923 oquentia
2584 3854 2828 3908 oracula
2854 3854 3061 3909 divina
3084 3853 3230 3908 velle
3261 3855 3625 3908 convertere.

2114 3942 2337 3997 CAPUT
2376 3942 2503 3997 XXI.
2559 3974 2624 3982 —
2657 3944 2749 3999 38.
2791 3946 2923 3999 Haec
2961 3943 3063 3999 tibi
3094 3944 3141 3998 si
3174 3942 3318 3999 satis
3350 3956 3482 3997 esse
3518 3939 3597 3995 ad
3628 3953 3700 3994 ea

2038 4044 2174 4101 quas
2204 4030 2495 4102 requisisti
2520 4047 2639 4087 non
2667 4034 2988 4103 putaveris,
3010 4033 3441 4101 nimisiguoras
3463 4035 3520 4085 et
3541 4028 3699 4084 vires

2038 4124 2094 4173 et
2122 4120 2547 4191 occupationes
2579 4137 2766 4178 meas.
2799 4124 3051 4177 Tantum
3086 4122 3243 4177 enim
3276 4121 3489 4177 absum
3518 4118 3596 4174 ab
3626 4132 3697 4173 eo

2036 4208 2201 4280 quod
2218 4211 2441 4280 putasti
2459 4210 2607 4267 nihil
2630 4228 2725 4267 me
2746 4211 2950 4279 latere,
2971 4217 3032 4268 ut
3059 4212 3202 4267 nihil
3231 4212 3290 4266 in
3316 4208 3571 4283 epistola
3595 4213 3697 4264 tua

2034 4296 2279 4368 legerim
2313 4300 2556 4366 tristius,
2589 4302 2732 4373 quia
2754 4307 2808 4357 et
2838 4302 3210 4374 apertissime
3241 4300 3460 4357 falsum
3487 4304 3608 4363 est;
3640 4301 3698 4353 et

2038 4388 2219 4443 miror
2244 4390 2387 4460 quia
2412 4390 2525 4445 hoc
2559 4395 2610 4445 te
2632 4390 2789 4455 latet,
2822 4392 2985 4463 quod
3009 4407 3127 4447 non
3161 4392 3353 4447 solum
3379 4391 3435 4443 in
3457 4388 3583 4444 aliis
3612 4388 3697 4442 in-

2031 4478 2508 4534 numerabilibus
2535 4479 2711 4535 rebus
2734 4480 2922 4536 multa
2945 4497 3037 4535 me
3066 4480 3267 4541 latent,
3292 4478 3395 4535 sed
3427 4478 3606 4533 etiam
3634 4477 3696 4531 in

2031 4565 2176 4638 ipsis
2200 4568 2417 4622 sanctis
2455 4568 2763 4638 Scripturis
2796 4570 2983 4626 multa
3012 4570 3274 4625 nesciam
3310 4567 3481 4640 plura
3506 4582 3692 4639 quam

2032 4657 2239 4711 sciam.
2274 4656 2389 4711 Sed
2428 4656 2563 4712 ideo
2619 4673 2791 4729 spem
2826 4658 2885 4713 in
2919 4658 3159 4714 nomine
3192 4657 3400 4713 Christi
3446 4671 3567 4713 non
3608 4656 3695 4711 iu-

2032 4744 2401 4801 fructuosam
2416 4746 2727 4819 gero,quia
2743 4762 2861 4803 non
2877 4748 3071 4803 solum
3085 4748 3311 4803 credidi
3329 4751 3446 4803 Deo
3460 4762 3615 4811 meo,
3634 4746 3693 4799 in

2030 4833 2142 4901 illis
2172 4835 2410 4891 duobus
2438 4836 2745 4909 praeceptis
2782 4842 2968 4893 totam
3005 4840 3215 4909 Legem
3250 4837 3693 4908 Proplietasque

2030 4924 2289 4993 pendere
2322 4925 2561 4995 (Matth.
2590 4942 2733 4995 χχιι,
2760 4928 2872 4998 40),
2896 4927 3000 4983 sed
3028 4929 3206 4984 etiam
3235 4932 3511 5000 expertus
3533 4940 3687 4989 sum,

2090 5032 2104 5063 ¹
2137 5030 2219 5079 Sic
2237 5031 2290 5079 in
2311 5032 2460 5098 prius
2484 5033 2712 5082 excusis.
2734 5035 2799 5083 At
2822 5035 2876 5083 in
2894 5035 3018 5083 Mss.
3038 5035 3305 5098 plerisque
3323 5034 3565 5089 habetur,
3593 5046 3693 5095 qua

2027 5098 2145 5159 sunt
2164 5100 2357 5159 contra
2370 5096 2641 5159 βάρακες
2668 5098 2830 5146 bonus
2856 5096 3129 5159 approbat,
3160 5096 3249 5146 ne}:
3274 5102 3427 5159 tacet,
3445 5098 3542 5159 etp.

2090 5156 2162 5223 (ᾳ)
2182 5156 2659 5223 Int‘e_r_C_apitularia
2676 5161 2877 5223 Regum
2888 5156 3294 5223 F'rancoruin_,iin
3315 5158 3467 5223 tertio
3481 5157 3693 5223 capitu-

2026 5216 2122 5266 lari
2143 5216 2377 5284 anni_789
2404 5216 2575 5270 exstat
2602 5216 2896 5284 capitulum
2914 5224 2939 5270 4
2965 5239 2975 5269 :
3006 5239 3031 5268 ‹
3052 5223 3116 5271 Ut
3138 5221 3316 5270 nullus
3336 5221 3388 5267 in
3412 5216 3687 5279 Psalterio,

2029 5298 2053 5325 «
2082 5281 2237 5347 γ-ριλὶη
2256 5282 2559 5347 Evangelio,
2579 5281 2731 5333 vcl‘in
2756 5285 2871 5333 aliis
2890 5285 3046 5334 rebus
3061 5285 3247 5333 sortire
3266 5288 3572 5347 prtcsumat,
3592 5298 3692 5334 nec

2028 5360 2053 5389 ι
2071 5344 2429 5410 divinationes
2451 5346 2656 5410 aliquas
2674 5347 2982 5396 observare:
3003 5364 3024 5410 ρ
3048 5347 3097 5394 id
3113 5347 3255 5410 quod
3267 5344 3397 5410 fante
3411 5349 3693 5397 vetuerant

2025 5408 2833 5471 conciliaAgathenscanni506,
2854 5422 2970 5457 can.
3000 5408 3059 5456 42
3088 5408 3390 5465 ;Aurclian.
3425 5422 3491 5459 an
3528 5412 3686 5467 511,0.

2025 5470 2083 5515 30
2115 5470 2624 5526 ;Autissiodorensc,
2644 5484 2735 5519 an.
2767 5474 2875 5526 578,
2895 5485 2945 5523 c.
2966 5473 3017 5520 4.
3047 5471 3290 5530 Quonam
3318 5476 3497 5523 autem
3527 5474 3688 5524 modo

2023 5531 2170 5597 ﬁeret
2189 5531 2331 5597 istud
2346 5533 2607 5597 sortilegii
2627 5547 2794 5597 genus
2813 5548 2907 5597 per
2927 5532 3113 5584 Libros
3132 5535 3608 5595 divinos,addisces
3626 5550 3689 5585 ex

2021 5593 2081 5641 V.
2114 5593 2173 5643 C.
2212 5594 2468 5657 Stephani
2500 5593 2690 5645 Baluiii
2711 5593 2849 5645 notis
2880 5596 2933 5646 in
2960 5597 3101 5647 idem
3125 5593 3437 5662 capitulum.
