4078 6166
487 141 594 197 223

483 266 877 339 experiorque
903 264 1190 336 quotidie;
1215 262 1712 336 quandoquidem
1739 262 1969 318 nullum
1994 256 2138 315 mihi

484 360 948 417 sacramentum,
973 358 1074 408 aut
1100 352 1316 424 aliquis
1346 368 1540 408 sermo
1571 351 1904 408 admodum
1931 348 2140 403 obscu-

484 445 606 502 rior
634 446 707 500 de
729 443 911 499 sacris
932 442 1151 497 Litteris
1184 442 1465 513 aperitur,
1499 442 1599 497 ubi
1624 457 1741 497 non
1764 440 1975 496 eadem
1993 453 2141 509 pras-

487 541 659 605 cepta
697 531 990 602 reperiam
1021 545 1033 584 :
1067 530 1231 585 Finis
1268 531 1421 585 enim
1452 530 1735 600 pracepti
1759 536 1839 586 est
1873 527 2138 583 charitas

484 622 556 679 de
587 621 762 677 corde
790 635 963 688 puro,
988 626 1039 674 et
1066 620 1427 676 conscientia
1456 620 1609 676 bona
1640 626 1692 676 et
1714 619 1831 686 ﬁde
1853 634 1971 672 non
1995 617 2139 684 ﬁcta

486 712 531 783 (ι
548 710 694 766 Tim.
712 728 747 774 ι,
766 710 818 779 5)
835 726 848 776 ;
867 708 1242 777 etplenitudo
1258 710 1401 779 legis
1416 709 1681 765 charitas
1696 708 1883 779 (Rom.
1900 723 2019 770 xui,
2036 705 2136 775 t0).

558 799 643 855 39.
674 800 871 871 Itaque
903 803 959 852 et
984 803 1069 863 tu,
1102 798 1470 864 charissime,
1505 798 1627 853 sive
1656 797 1791 860 ista,
1848 794 1972 851 sive
2002 793 2139 859 alia,

487 888 574 944 sic
599 889 748 959 lege,
781 888 863 943 sic
893 887 1077 951 disce,
1104 892 1165 942 ut
1183 887 1524 942 memineris
1559 888 1859 942 verissime
1879 886 2138 940 dictum:

486 978 744 1035 Scientia
778 977 972 1045 inﬂat,
1028 975 1294 1032 charitas
1333 977 1589 1045 aediﬁcat
1636 976 1679 1047 (Ι
1730 977 1867 1033 Cor.
1913 990 2026 1039 Vlll,
2071 972 2139 1044 t).

491 1067 774 1123 Charitas
804 1072 1003 1121 autem
1032 1081 1150 1120 non
1182 1066 1522 1131 aemulatur,
1556 1081 1674 1121 non
1699 1065 1893 1134 inﬂat.
1925 1062 2015 1119 Sic
2042 1063 2147 1117 ita-

489 1171 607 1228 que
621 1154 970 1212 adhibeatur
982 1154 1220 1208 scientia
1235 1158 1379 1225 tanq
1390 1170 1529 1209 nam
1546 1153 1825 1210 machina
1840 1153 2143 1225 quaedam,

490 1261 593 1317 per
622 1260 807 1317 quam
840 1248 1134 1298 structura
1158 1242 1888 1315 charitatisassurgatqum
1907 1244 2149 1297 maneat

492 1334 554 1389 in
577 1332 1227 1394 aeternum,etiamcnm
1250 1331 1497 1388 scientia
1518 1331 1856 1387 destruetur
1878 1330 1990 1398 (Id.
2025 1345 2146 1395 xm,

488 1424 545 1490 4,
578 1426 630 1494 8)
677 1437 691 1478 :
732 1438 867 1494 quae
900 1421 978 1477 ad
1022 1422 1206 1478 ﬁnem
1238 1421 1541 1477 charitatis
1584 1421 1853 1478 adhibita
1895 1420 2150 1476 multum

487 1518 575 1569 est
607 1512 763 1568 utilis
794 1528 808 1578 ;
842 1528 947 1582 per
994 1527 1057 1566 se
1090 1516 1291 1567 autem
1322 1512 1452 1581 ipsa
1518 1511 1646 1567 sine
1698 1510 1800 1565 tali
1856 1508 1996 1577 ﬁne,
2026 1523 2151 1564 non

491 1600 673 1658 modo
706 1599 1028 1671 superﬂua,
1054 1599 1157 1654 sed
1180 1598 1364 1655 etiam
1393 1600 1729 1671 perniciosa
1750 1600 2005 1672 probata
2034 1601 2140 1652 est.

492 1692 627 1747 Scio
657 1694 858 1746 autem
877 1705 1062 1761 quam
1094 1694 1145 1744 te
1169 1689 1449 1757 cogitatio
1479 1693 1690 1744 sancta
1711 1688 2007 1743 custodiat
2036 1685 2151 1741 sub

442 1848 459 1860 θ
490 1777 847 1836 umbraculo
866 1777 1097 1833 alarum
1120 1777 1351 1832 Domini
1370 1777 1463 1832 Dei
1489 1777 1694 1832 nostri.
1714 1777 1827 1833 Sed
1843 1777 1978 1832 ideo
2000 1775 2149 1840 haec,

490 1870 592 1925 etsi
623 1867 897 1932 breviter,
924 1867 1460 1938 monui,quoniam
1488 1867 1626 1922 novi
1654 1866 1931 1921 eamdem
1955 1866 2151 1937 ipsam

492 1955 845 2013 charitatem
872 1958 1061 2023 tuam,
1088 1971 1224 2027 quae
1248 1971 1369 2011 non
1399 1954 1733 2019 temulatur,
1752 1955 1907 2010 hanc
1929 1955 2151 2026 episto-

491 2045 615 2103 lam
633 2044 830 2101 multis
854 2044 1131 2101 daturam
1153 2050 1333 2116 atque
1349 2044 1654 2100 tecturam.

997 2133 1327 2191 EPISTOLA
1361 2135 1509 2190 LVI'
1550 2133 1650 2205 (a).

496 2224 868 2296 Augustinus
903 2223 982 2279 ad
1023 2224 1303 2290 Celerem,
1335 2223 1555 2293 jubens
1607 2239 1738 2279 eum
1791 2221 2155 2279 Litterarum

565 2329 879 2371 sacrarum
894 2313 1090 2369 studio
1113 2312 1465 2378 incumbere,
1494 2317 1556 2368 ut
1582 2312 1765 2369 discat
1795 2311 1952 2369 hanc
1973 2311 2155 2368 vitam

567 2404 884 2460 collatione
908 2409 1141 2458 aeternae
1165 2417 1286 2458 esse
1294 2405 1537 2472 jumum
1568 2423 1587 2471 ,-
1614 2409 1665 2458 et
1698 2402 2151 2457 Donatistarum

567 2496 725 2548 secta
748 2507 808 2548 se
831 2490 1084 2547 abdicet.

498 2579 752 2636 Domino
783 2578 1001 2633 eximio
1035 2578 1361 2649 meritoque
1390 2578 1728 2634 honorabili
1753 2582 1811 2633 et
1848 2576 2156 2632 dilectissi-

855 2683 953 2722 mo
983 2666 1104 2724 ﬁlio
1132 2668 1353 2734 CELERI,
1389 2672 1736 2724 AUGUSTINUS
1758 2667 1798 2719 ³.

574 2764 621 2814 l.
651 2756 934 2813 Promissi
957 2757 1072 2812 mei
1102 2762 1157 2812 et
1193 2762 1306 2813 tua;
1336 2756 1654 2813 voluntatis
1693 2757 2009 2812 immemor
2037 2772 2156 2813 non

500 2863 655 2904 sum.
698 2846 813 2903 Sed
844 2846 1137 2917 quoniam
1178 2845 1611 2903 visitandarum
1652 2846 2037 2903 ecclesiarum
2077 2846 2157 2902 ad

503 2952 702 2993 meam
744 2935 1164 3008 pertinentium
1204 2951 1411 2991 curam
1452 2937 1801 2991 necessitate
1856 2934 2157 3006 profectus

504 3042 663 3096 sum,
698 3040 807 3081 nec
822 3024 1177 3095 permeipse
1192 3024 1459 3081 debitum
1483 3024 1768 3081 continuo
1790 3024 2032 3080 reddere
2058 3040 2159 3095 po-

498 3114 609 3173 tui:
627 3131 722 3171 me
735 3114 836 3172 tibi
851 3118 1049 3171 tamen
1060 3112 1207 3170 diuti
1219 3131 1285 3169 us
1297 3113 1514 3171 debere
1528 3114 1880 3186 nolui,quod
1896 3117 2091 3186 posset
2103 3118 2161 3170 et

505 3200 599 3262 me
611 3205 869 3262 habente
882 3204 1197 3260 redhiberi.
1223 3204 1471 3260 Proinde
1486 3203 1843 3260 charissimo
1857 3204 1978 3259 ﬁlio
1998 3219 2156 3275 pres-

503 3296 712 3368 bytero
730 3296 943 3364 Optato
957 3293 1248 3362 delegavi,
1287 3293 1442 3348 uteis
1455 3293 1615 3348 horis
1639 3309 1790 3364 quas
1818 3293 1919 3348 tibi
1942 3308 2158 3364 oppor-

503 3385 765 3442 tuniores
782 3382 1017 3448 videris,
1036 3387 1233 3437 tecum
1258 3381 1415 3452 legat
1440 3398 1510 3438 ea
1524 3399 1656 3454 quas
1677 3381 1973 3454 pollicitus
1987 3398 2118 3438 sum
2141 3398 2154 3436 :

504 3490 642 3529 cum
661 3477 846 3529 totum
861 3470 985 3526 ﬁeri
1003 3488 1177 3542 posse
1193 3471 1686 3543 persenserit,hoc
1708 3471 1887 3527 etiam
1913 3471 2158 3527 Eximie-

506 3566 595 3619 tas
631 3566 736 3617 tua
764 3576 949 3633 quam
993 3566 1157 3630 grate
1200 3559 1512 3632 acceperit,
1544 3567 1662 3617 tam
1696 3559 1949 3633 impigre
1978 3565 2157 3633 atque

508 3651 717 3708 acriter
738 3650 931 3707 facere
944 3650 1239 3706 suadebit.
1258 3651 1562 3716 Quantum
1586 3655 1784 3706 autem
1807 3655 1857 3705 te
1883 3649 2155 3721 diligam,

509 3740 970 3813 salubribusque
1003 3740 1214 3796 studiis
1263 3740 1322 3794 in
1352 3755 1550 3795 rerum
1607 3739 1945 3795 divinarum
1978 3744 2156 3811 atque

506 3830 912 3887 humanarum
952 3829 1289 3900 cognitione
1335 3828 1621 3884 oblectari
1673 3833 1852 3901 atque
1902 3828 2159 3885 exerceri

508 3919 706 3986 velim,
731 3922 911 3975 credo
956 3919 1120 3991 quod
1148 3920 1373 3991 optime
1404 3918 1722 3991 intelligas.

583 4009 1004 4065 ‘2.Charitatem
1034 4007 1345 4064 oﬂiciimei
1366 4009 1414 4064 si
1447 4024 1567 4064 non
1600 4008 2157 4080 aspernaris,spero

507 4099 567 4154 in
600 4096 854 4169 ipsallde
880 4096 1220 4162 christiana,
1238 4102 1294 4152 et
1320 4098 1379 4152 in
1404 4097 1815 4168 moribusjam
1844 4096 1922 4152 ita
1944 4097 2157 4153 consti~

509 4190 649 4243 tutas
674 4200 949 4257 personas
975 4191 1087 4240 tute
1102 4187 1407 4255 congruis,
1425 4186 1571 4242 tales
1588 4191 1639 4240 te
1662 4190 1976 4257 provectus
1991 4186 2159 4242 habi-

513 4279 733 4340 turum,
776 4279 838 4330 ut
861 4274 1034 4346 hujus
1062 4273 1212 4329 fumi
1246 4274 1336 4331 vel
1365 4276 1599 4347 vaporis
1633 4275 1995 4346 temporalis,
2022 4292 2158 4348 quae

509 4364 627 4421 vita
640 4364 1434 4429 humanadicitur,ultimnm
1446 4365 1630 4428 diem,
1648 4381 1828 4438 quem
1849 4364 1991 4421 nulli
2006 4381 2161 4422 mor-

510 4453 947 4525 taliumevitare
960 4453 1323 4518 conceditur,
1345 4454 1431 4508 vel
1456 4453 1666 4509 avidus
1700 4454 1791 4510 vel
1812 4470 2056 4511 securus
2069 4455 2161 4512 vel

509 4550 663 4600 certe
677 4559 794 4599 non
809 4542 1122 4614 desperate
1137 4542 1569 4610 sollicitus,non
1581 4542 1639 4598 in
1656 4543 1913 4600 vanitate
1926 4544 2159 4611 erroris,

517 4633 620 4689 sed
633 4635 691 4688 in
709 4633 1000 4689 soliditate
1016 4633 1273 4689 veritatis
1286 4639 1612 4705 exspectes.
1629 4636 1820 4700 Quam
1836 4640 2061 4691 certum
2077 4640 2165 4691 est

518 4722 678 4778 enim
697 4722 795 4778 tibi
821 4724 1014 4778 vivere
1037 4728 1111 4790 te,
1131 4728 1254 4779 tam
1277 4724 1349 4778 sit
1369 4729 1595 4780 certum
1618 4724 1889 4781 doctrina
1916 4726 2162 4782 salutari

518 4811 697 4867 istam
721 4811 903 4867 vitam
931 4828 1067 4885 quae
1090 4813 1149 4869 in
1167 4812 1394 4868 deliciis
1418 4814 1850 4886 temporalibus
1870 4816 2085 4885 agitur,
2104 4815 2163 4872 in

518 4902 969 4975 comparatione
993 4903 1370 4958 vitaeaaternte
1386 4918 1520 4975 quae
1545 4902 1717 4958 nobis
1742 4920 1846 4976 per
1868 4904 2163 4961 Christum

517 4992 771 5065 atquein
799 4991 1027 5048 Christo
1049 4991 1431 5064 promittitur,
1449 5009 1568 5049 non
1584 4993 1763 5049 vitam
1786 4993 1891 5048 sed
1910 5000 2163 5050 mortem

515 5098 647 5138 esse
676 5081 1111 5155 deputandam.
1142 5082 1314 5140 Nullo
1341 5084 1523 5139 modo
1543 5088 1740 5139 autem
1767 5082 2164 5140 dubitaverim

579 5193 594 5224 ι
626 5190 684 5238 In
723 5190 990 5240 Vaticanis
1020 5191 1141 5239 Mss.
1177 5190 1408 5245 additur.
1436 5190 1490 5238 in
1511 5190 1728 5239 Domino
1752 5191 1982 5239 salutem.
2021 5190 2167 5240 Celer

516 5266 676 5318 porro
696 5252 784 5301 cui
806 5252 917 5303 haac
952 5253 1187 5318 Epistola
1217 5254 1485 5318 scribitur,
1514 5253 2165 5318 proconsulatumWAfricm

519 5316 684 5379 gessit
707 5328 793 5363 an.
820 5318 929 5372 429,
959 5316 1034 5365 uti
1057 5331 1119 5366 ex
1137 5316 1276 5366 datis
1298 5317 1365 5367 ad
1397 5318 1572 5379 ipsum
1598 5316 1809 5375 legibus
1832 5317 2161 5379 intelligitur.

578 5377 608 5407 ¹¹
646 5377 869 5438 Reperta
898 5379 950 5425 in
973 5380 1095 5428 Mss.
1128 5383 1337 5429 tantum
1365 5377 1669 5428 Corbeiensi
1697 5382 1749 5427 et
1777 5378 1988 5429 duobus
2009 5377 2167 5429 _Vati-

520 5439 686 5493 canis,
719 5444 907 5498 praeter
940 5440 1064 5489 edit.
1099 5442 1224 5491 Lov.

582 5501 652 5570 (ᾳ)
690 5500 828 5570 Alias
857 5503 948 5549 237
976 5516 997 5570 :_
1017 5518 1140 5570 quae
1174 5508 1353 5555 autem
1393 5507 1451 5554 56
1477 5507 1607 5563 erat,
1639 5517 1784 5556 nunc
1822 5506 1930 5555 118.
1963 5504 2168 5570 Scripta

520 5562 655 5614 forte
688 5562 828 5613 circa
856 5576 943 5613 an.
980 5562 1087 5615 10'0.

1767 136 1827 192 S.
1870 129 2251 190 AUGUSTINI
2295 129 2615 187 EPISCOPI

3754 139 3853 193 224

2249 256 2323 312 de
2337 256 2537 314 indole
2554 263 2673 324 tua,
2699 258 2865 331 quod
2883 258 2996 315 ista
3010 272 3156 314 cons
3167 256 3440 313 uetudine
3454 259 3854 321 Donatistarum

2250 346 2529 403 facillime
2543 354 2597 403 te
2610 348 2961 413 extrahes,si
2975 344 3410 417 religiosissime
3425 345 3609 417 ipsam
3624 350 3860 409 christia-

2249 452 2390 491 nam
2408 438 2724 508 puritatem
2744 453 2865 493 non
2891 435 3352 508 parvipenderis.
3377 436 3559 501 Quam
3578 436 3864 496 inconcus-

2248 523 2328 578 sis
2368 524 2526 580 enim
2581 525 3082 580 documentorum
3142 523 3532 579 ﬁrmamentis
3578 540 3727 581 error
3778 528 3858 584 ille

2250 612 2657 680 convineatur,
2681 630 2801 669 non
2826 630 3113 683 magnum
3142 612 3421 667 estetiam
3444 613 3859 683 tardisingenio,

2251 701 2300 757 si
2341 709 2573 758 tantum
2609 703 2896 774 patienter
2920 710 3101 774 atque
3133 702 3353 757 intente
3379 701 3680 773 audierint,
3706 705 3863 775 pervi-

2250 791 2409 846 dere.
2422 790 2536 847 Sed
2560 792 2639 848 ad
2656 792 3007 848 sectandam
3026 790 3328 846 insolitam
3344 790 3862 859 rectitudinem,usi-

2252 885 2388 936 tatas
2445 885 2501 937 et
2556 883 2729 953 quasi
2786 880 3100 937 familiaris
3152 879 3545 950 perversitatis
3597 880 3855 937 vinculum

2252 969 2635 1041 abrumpere,
2692 971 2990 1041 majorum
3022 968 3241 1025 virium
3271 974 3379 1024 est.
3424 970 3487 1023 Et
3522 984 3861 1042 nequaquam

2254 1058 2699 1129 desperandum
2716 1059 2812 1130 adj
2826 1064 3039 1115 uvante
3075 1063 3250 1130 atque
3278 1056 3616 1113 exhortante
3645 1056 3760 1129 ipso
3773 1057 3865 1114 Do-

2256 1148 2422 1204 mino
2440 1150 2555 1203 Deo
2582 1154 2808 1213 nostro,
2827 1148 2899 1203 de
2922 1162 3209 1219 generosa
3228 1146 3515 1211 libertate,
3539 1152 3704 1219 atque
3724 1146 3869 1217 plane

2259 1237 2410 1293 virili
2440 1243 2676 1309 pectore
2706 1242 2827 1293 tuo.
2855 1237 3223 1292 Incolumem
3252 1240 3308 1291 te
3350 1234 3577 1290 Domini
3602 1235 3690 1290 Dei
3718 1236 3874 1290 nostri

2260 1326 2669 1382 misericordia
2722 1331 2977 1390 tueatur,
3037 1324 3280 1380 domine
3331 1323 3540 1380 eximie
3580 1324 3872 1395 meritoque

2259 1415 2627 1471 honorabilis
2660 1421 2715 1471 et
2735 1414 3117 1470 dilectissime
3147 1413 3250 1469 fili.

2760 1514 3092 1570 EPISTOLA
3128 1510 3261 1567 LVII
3286 1512 3301 1528 ·
3325 1512 3426 1581 (a).

2261 1603 2650 1673 Augustinus,
2684 1603 2836 1657 libro
2876 1602 3135 1674 quodam
3179 1616 3286 1656 suo
3326 1599 3388 1656 in
3436 1614 3556 1656 eam
3588 1615 3702 1655 rem
3734 1612 3876 1653 cons-

2330 1692 2542 1760 cripto,
2571 1692 2830 1748 Celerem
2883 1692 3278 1755 instruxerat,
3311 1703 3439 1746 mea
3469 1688 3693 1745 levitate
3716 1688 3874 1742 Dona-

2333 1782 2501 1837 tistas
2527 1796 2587 1838 se
2612 1781 2685 1836 ab
2712 1779 2979 1836 Ecclesia
3001 1779 3297 1836 catholica
3328 1792 3687 1849 segregasse:
3713 1778 3814 1842 cui,
3834 1774 3877 1830 si

2333 1886 2395 1927 eo
2427 1872 2625 1927 codice
2670 1870 3049 1939 satisfactum
3095 1883 3213 1924 non
3261 1866 3361 1931 sit,
3402 1865 3678 1936 promittit
3707 1863 3877 1921 adhuc

2331 1960 2577 2029 scripta.
2627 1961 2697 2015 In
2725 1960 2865 2027 ﬁne,
2899 1974 3033 2014 cum
3072 1958 3261 2014 amico
3290 1956 3545 2027 quodam
3588 1954 3872 2017 donatisla,

2337 2051 2529 2106 Celeri
2555 2049 2811 2114 subdito,
2844 2048 3117 2116 conferre
3147 2046 3334 2115 cupit.

2268 2139 2517 2195 Domino
2538 2136 2925 2193 dilectissimo
2941 2136 3271 2207 meritoque
3288 2132 3619 2190 honorabili
3632 2147 3698 2188 ac
3717 2129 3879 2187 susci-

2335 2226 2557 2299 piendo
2588 2226 2710 2282 ﬁlio
2740 2228 2961 2291 CELERI,
3016 2229 3387 2289 AUGUSTINUS,
3436 2223 3495 2278 in
3550 2221 3778 2278 Domino
3805 2235 3881 2275 sa-

2338 2316 2544 2372 lutem.

2338 2411 2385 2460 t.
2410 2406 2639 2461 Nullam
2663 2404 2845 2460 fuisse
2864 2405 3091 2474 justam
3115 2418 3389 2471 causam,
3413 2417 3518 2457 cur
3537 2400 3612 2456 ab
3640 2398 3771 2455 orbe
3790 2404 3885 2453 ter-

2263 2510 2615 2566 rarum,quo
2631 2493 2888 2549 Ecclesia
2908 2492 3200 2548 catholica
3213 2491 3550 2548 secundum
3574 2486 3885 2562 prophetica

2264 2590 2320 2640 et
2342 2583 2689 2654 evangelica
2720 2583 3014 2654 promissa
3036 2580 3415 2652 diffunditur,
3450 2596 3511 2635 se
3541 2594 3675 2652 pars
3705 2574 3884 2632 Donati

2265 2671 2771 2736 dirimeret,credo
2810 2671 2973 2743 quod
3018 2669 3209 2740 magis
3255 2685 3500 2743 quoque
3534 2665 3884 2724 considerans

2267 2761 2582 2834 prudentia
2595 2765 2699 2816 tua
2714 2759 2989 2815 facillime
3003 2758 3293 2827 intelligit.
3306 2761 3384 2813 De
3399 2774 3515 2829 qua
3528 2755 3662 2821 re,si
3674 2754 3885 2825 diligen-

2267 2852 2375 2907 tior
2391 2850 2714 2922 disputatio
2737 2850 3074 2905 necessaria
3095 2853 3205 2914 est,
3236 2847 3486 2903 memini
3511 2861 3601 2902 me
3616 2844 3690 2901 ad
3709 2843 3885 2912 legen-

2265 2941 2411 2996 dum
2435 2939 2672 2996 dedisse
2696 2938 3126 2995 benevolentia
3161 2944 3272 2993 tum
3299 2937 3591 3004 codicem,
3613 2950 3742 2990 cum
3759 2931 3811 2987 id
3838 2936 3883 2985 te

2266 3029 2476 3101 petisse
2496 3027 2884 3084 charissimus
2910 3027 3073 3094 mihi,
3092 3032 3225 3082 tuus
3244 3028 3260 3061 ¹
3277 3025 3458 3093 ﬁlius,
3478 3040 3640 3080 meus
3657 3020 3887 3079 Caecilius

2265 3119 2599 3176 intimasset
2616 3140 2626 3183 ;
2645 3117 2749 3190 qui
2764 3116 2947 3173 codex
2962 3132 3081 3172 non
3096 3116 3305 3187 paucis
3316 3114 3532 3172 diebus
3551 3111 3705 3186 apud
3718 3116 3765 3167 te
3777 3107 3887 3166 fuit.

2268 3210 2457 3275 Quem
2490 3208 2536 3263 si
2568 3207 2651 3263 rei
2698 3206 2880 3277 hujus
2920 3204 3355 3276 cognoscendas
3382 3202 3601 3269 studio,
3650 3199 3733 3255 vel
3760 3198 3888 3253 inter

2266 3298 2691 3369 occupationes
2714 3299 2849 3351 tuas
2870 3294 3065 3366 legere
3087 3294 3207 3349 sive
3240 3292 3477 3349 voluisti
3510 3292 3628 3347 sive
3657 3284 3887 3362 potuisti,

2266 3403 2387 3443 non
2418 3386 2628 3442 dubito
2659 3385 3020 3457 comperisse
3051 3382 3435 3455 prudentiam
3463 3387 3627 3438 tuam
3653 3376 3786 3435 nihil
3804 3389 3889 3432 eos

2265 3476 2487 3533 habere
2502 3474 2667 3548 quod
2689 3472 3072 3546 probabiliter
3094 3471 3529 3527 contradicunt.
3551 3472 3612 3526 Et
3638 3469 3683 3524 si
3698 3466 3830 3541 quid
3846 3468 3890 3519 te

2266 3566 2412 3623 forte
2443 3564 2641 3621 adhuc
2673 3569 2890 3629 movet,
2919 3569 3210 3635 quantum
3248 3564 3398 3616 Deus
3424 3560 3611 3616 donat
3630 3574 3696 3615 ac
3752 3553 3889 3615 sinit,

2265 3654 2412 3711 forte
2442 3654 2769 3727 poterimus
2789 3650 3149 3723 respondere
3181 3648 3591 3719 interroganti,
3619 3652 3716 3703 aut
3739 3644 3807 3700 ad
3824 3642 3895 3697 le-

2266 3744 2529 3817 gendum
2560 3742 2763 3797 itidem
2792 3740 3017 3812 aliquid
3047 3739 3212 3804 dare,
3252 3739 3498 3794 domine
3548 3733 3895 3792 dilectissime

2267 3834 2593 3904 meritoque
2622 3828 2994 3887 honorabilis
3024 3844 3094 3884 ac
3128 3828 3509 3899 suscipiende
3536 3826 3640 3882 ﬁli.

2337 3926 2389 3977 2.
2428 3924 2801 3993 Quapropter
2837 3923 2973 3990 peto
3002 3918 3285 3973 unitatem
3308 3915 3666 3972 catholicam
3698 3906 3897 3980 regioni

2267 4010 2628 4084 Hipponensi
2678 4015 2698 4046 ³
2737 4006 3079 4078 diligentius
3137 4006 3528 4062 commendes
3580 3998 3896 4061 hominibus

2266 4100 2673 4168 tuis,maxime
2688 4100 2939 4154 Paterno
2952 4102 3005 4152 et
3019 4094 3715 4164 Maurusio.Vigilantiam
3729 4086 3897 4145 cordis

2268 4192 2352 4247 tui
2367 4190 2642 4255 novi,nec
2654 4204 2810 4260 opus
2828 4191 2941 4258 est,
2955 4184 3411 4256 arbitror,plura
3426 4182 3709 4247 scribere;
3724 4194 3844 4235 cum
3857 4173 3897 4228 si

2269 4279 2541 4346 volneris,
2576 4277 2848 4333 facillime
2880 4275 3098 4348 possis,
3123 4280 3178 4330 et
3202 4274 3351 4346 quid
3384 4274 3481 4329 alii
3516 4275 3720 4330 curent
3742 4271 3794 4323 et
3819 4280 3898 4321 ca-

2271 4369 2516 4426 veantin
2535 4366 3014 4440 possessionibus
3028 4365 3165 4429 tuis,
3191 4364 3322 4418 etin
3348 4378 3407 4418 re
3433 4367 3535 4418 tua
3550 4361 3691 4435 quid
3710 4360 3898 4427 agatur

2271 4459 2599 4515 addiscere.
2621 4458 2680 4512 ln
2696 4472 2757 4511 re
2771 4461 2874 4510 tua
2891 4470 3040 4520 esse,
3059 4452 3200 4509 mihi
3220 4451 3391 4508 valde
3426 4451 3784 4531 afﬁrmatum
3803 4446 3899 4531 est.

2272 4548 2698 4613 amicum,cnm
2715 4561 2836 4617 quo
2863 4543 3038 4615 cupio
3053 4540 3449 4607 concordare;
3468 4547 3606 4614 peto
3631 4528 3818 4595 faveas
3833 4528 3897 4586 ad

2270 4639 2429 4695 hanc
2473 4653 2620 4703 rem,
2651 4640 2713 4690 ut
2733 4642 2787 4689 et
2811 4636 2958 4690 inter
2972 4632 3250 4688 homines
3275 4646 3562 4701 magnam
3590 4623 3901 4688 laudem,et

2271 4727 2435 4801 apud
2450 4727 2637 4781 Deum
2664 4723 2892 4780 habeas
2909 4738 3194 4791 magnam
3224 4719 3731 4788 mercedemzjam
3760 4712 3899 4768 enim

2274 4817 2416 4874 mihi
2433 4832 2537 4887 per
2556 4812 2885 4889 quemdam
2908 4814 3123 4868 Carum
3137 4812 3159 4846 ³
3179 4809 3485 4882 utriusque
3509 4812 3771 4863 nostrum
3791 4814 3899 4889 me-

2272 4906 2437 4962 dium
2464 4887 2874 4967 mandaverat,
2896 4916 2958 4957 se
2982 4900 3181 4955 nescio
3201 4915 3354 4972 quos
3382 4899 3669 4953 violentas
3694 4907 3823 4948 suos
3848 4887 3901 4942 ti-

2274 5011 2433 5051 mere
2447 5010 2521 5050 ne
2534 4990 2999 5064 faceret,quosin
3018 5007 3076 5044 re
3090 4994 3324 5045 tuaette
3337 4987 3572 5043 favente
3585 4986 3783 5042 timere
3795 4989 3900 5034 non

2272 5084 2485 5158 poterit
2526 5101 2540 5151 ;
2591 5098 2699 5139 nec
2724 5083 2850 5152 ipse
2900 5080 2958 5136 in
2991 5095 3061 5135 eo
3089 5078 3274 5134 debes
3326 5076 3572 5147 diligere
3599 5088 3717 5131 non
3747 5083 3901 5126 cons-

2336 5193 2349 5221 ⁸
2386 5191 2443 5240 In
2474 5190 2707 5240 editione
2741 5188 2865 5237 Lov.
2896 5186 3063 5241 deest,
3102 5190 3239 5234 tuus.
3280 5186 3347 5233 At.
3374 5182 3573 5233 habent
3618 5180 3741 5230 Mss.
3778 5176 3901 5225 Vati-

2273 5254 2392 5305 cani
2419 5257 2471 5303 et
2490 5252 2761 5303 Gallicani.

2334 5318 2352 5346 ²
2371 5316 2517 5365 Unus
2548 5329 2575 5364 e
2594 5314 2761 5363 Vatic.
2790 5312 2936 5368 Mss.,
2964 5310 3189 5376 regionis
3222 5307 3585 5376 Hipponensis.
3759 5366 3767 5375 ,

2336 5379 2353 5408 ³
2387 5380 2507 5429 Lov.
2529 5376 2725 5426 omittit
2744 5377 2954 5427 Carum.
2971 5370 3113 5435 quod
3132 5385 3328 5422 nomen
3346 5385 3413 5435 ex
3426 5370 3549 5419 Mss.
3569 5370 3896 5418 restituimus.

2335 5442 2365 5474 ι*
2396 5441 2675 5490 Recensita
2705 5438 2771 5487 ad
2802 5437 2884 5487 cb.
2918 5432 3000 5485 vc;
3027 5436 3162 5484 duos
3194 5450 3243 5483 ν.
3272 5438 3323 5483 et
3350 5432 3417 5483 ad
3448 5434 3585 5497 ιον.
3606 5493 3659 5497 __
3716 5490 3742 5497 _
3805 5488 3814 5497 ,

2337 5487 2590 5577 (nivali-as
2623 5487 2713 5577 ξιᾳ
2742 5517 2754 5547 :
2788 5503 3113 5577 quaeautem
3144 5500 3203 5549 57
3230 5502 3362 5553 erat,
3394 5507 3537 5545 nunc
3567 5493 3677 5542 187.
3713 5487 3899 5551 Scripta

2278 5563 2567 5630 Aliquanto
2588 5567 2711 5628 post
2726 5563 3055 5627 superiorem
3068 5602 3081 5615 .
