4078 6166
216 138 326 195 ἥδ

210 263 488 328 tentiam,
525 262 633 319 sed
664 262 843 335 plane
878 262 1296 334 pertinaciam.
1350 266 1543 336 Turpe
1582 270 1674 320 est
1711 264 1869 319 enim

218 357 452 408 mutare
482 352 865 418 sententiam,
899 351 1005 407 sed
1018 368 1219 408 veram
1236 357 1293 409 et
1307 359 1528 409 rectam
1546 370 1558 421 ;
1579 370 1721 410 nam
1736 354 1875 410 stul-

212 445 342 496 tam
356 440 691 507 etnoxiam,
724 446 780 497 et
803 439 1104 496 laudabile
1130 446 1186 497 et
1208 441 1565 498 salubreest.
1589 442 1750 497 Sicut
1772 456 1875 496 au-

212 534 331 585 tem
346 530 691 586 constantia
704 544 824 585 non
838 528 1288 586 sinithominein
1302 530 1732 601 depravari,sic
1745 544 1871 602 per-

205 618 438 674 tinacia
451 633 575 675 non
589 617 950 689 sinitcorrigi
968 634 979 672 :
996 619 1247 690 proinde
1262 619 1415 675 sicut
1433 620 1529 676 illa
1544 618 1871 683 laudanda,

210 706 297 762 sic
313 707 432 764 ista
448 712 538 763 est
555 706 955 764 emendanda.
970 708 1469 782 Presbyterquem
1485 707 1876 780 misi,reliqua

207 801 326 852 tua;
356 796 697 870 prudentiae
725 797 962 869 planius
992 796 1315 855 intimabit.
1360 798 1723 854 Incolumem
1756 796 1875 852 feli-

202 899 469 958 cemque
502 892 557 941 te
583 885 1110 942 Deimisericordia
1135 887 1409 953 ducatur,
1426 886 1673 943 domine
1690 885 1874 941 dilec-

204 974 439 1030 tissime
469 975 801 1048 meritoque
832 974 1201 1031 honorabilis
1241 992 1310 1031 ac
1338 975 1721 1047 suscipiende
1746 973 1873 1030 ﬁlii.

686 1099 1022 1157 EPISTOLA
1058 1100 1218 1156 LVlll
1260 1101 1408 1175 '(a).

200 1207 583 1277 Augustinus
620 1206 1005 1263 Pammachio
1022 1206 1147 1263 viro
1191 1208 1458 1265 senatori
1496 1209 1872 1279 gratulatur,

273 1295 449 1365 quod
490 1310 628 1350 suos
672 1295 838 1365 apud
862 1296 1210 1353 Numidiam
1262 1298 1500 1353 colonos
1547 1298 1876 1354 donatistas

272 1383 805 1441 adhortationibus
861 1385 983 1442 suis
1037 1386 1359 1443 adduxerit
1408 1387 1490 1443 ad
1549 1388 1875 1444 Ecclesium

276 1472 673 1530 catholicam.

202 1590 471 1646 Domino
512 1590 735 1646 eximio
765 1595 820 1646 et
871 1592 1085 1647 merito
1139 1593 1540 1664 suscipiendo,
1599 1599 1775 1664 atque
1813 1593 1876 1648 in

267 1679 503 1735 Christi
532 1679 866 1735 visceribus
895 1679 1285 1737 dilectissimo
1316 1680 1441 1737 ﬁlio
1466 1684 1800 1738 PAMIIACHIO
1831 1683 1873 1748 ί,

268 1773 670 1841 Auansrmus,
702 1769 762 1826 in
791 1770 1044 1827 Domino
1072 1770 1346 1827 salutem.

270 1891 321 1941 1.
370 1888 544 1942 Bona
567 1902 753 1959 opera
787 1891 887 1942 tua
916 1887 1132 1943 Christi
1164 1888 1356 1957 gratia
1387 1888 1795 1958 germinantia,
1823 1892 1876 1944 te

196 1974 458 2031 nobisin
475 1975 768 2031 membris
781 1974 909 2047 ejus
926 1976 1433 2043 honorandum,et
1446 1976 1620 2048 plane
1641 1976 1877 2033 notissi-

195 2079 368 2119 mum
387 2063 740 2120 dilectissim
752 2080 971 2138 umque
986 2065 1479 2139 fecerunt.Neque
1492 2068 1650 2122 enim
1671 2068 1877 2140 siquo-

194 2153 334 2209 tidie
349 2153 756 2210 faciemtuam
780 2153 1064 2222 viderem,
1093 2156 1288 2211 notior
1309 2155 1454 2211 mihi
1475 2172 1662 2223 esses,
1688 2173 1875 2229 quam

195 2257 336 2298 cum
351 2242 707 2299 interiorem
725 2249 891 2299 tuum
907 2244 1072 2316 pacis
1086 2244 1300 2300 decore
1316 2247 1338 2280 ³
1357 2243 1675 2317 pulchrum
1696 2262 1766 2301 ac
1786 2263 1877 2303 ve-

195 2330 392 2387 ritatis
406 2332 541 2387 luce
554 2332 915 2399 radiantem,
933 2333 988 2388 in
1007 2334 1183 2388 unius
1203 2334 1283 2389 tui
1301 2333 1439 2389 facti
1455 2334 1719 2391 candore
1732 2351 1877 2391 con-

197 2422 687 2493 spexi,conspexi
703 2421 1237 2494 etagnovi,agnovi
1253 2427 1308 2478 et
1330 2424 1703 2479 amavi.lluic
1718 2440 1878 2480 nunc

194 2509 440 2583 loquor,
456 2510 603 2565 huic
621 2510 840 2576 scribo,
854 2510 1069 2566 dilecto
1091 2513 1286 2567 amico
1302 2512 1568 2586 meo.qui
1583 2513 1727 2569 mihi
1742 2529 1877 2569 cor-

194 2616 342 2674 pore
355 2600 601 2656 absenti
614 2599 1074 2656 absensinnotui
1087 2603 1549 2658 t.Verumtamen
1558 2602 1682 2672 jam
1700 2602 1879 2659 simul

196 2706 474 2754 eramus,
503 2695 562 2745 et
588 2689 891 2761 conjuncti
926 2690 1039 2746 sub
1057 2707 1176 2746 uno
1190 2693 1382 2764 capite
1409 2692 1788 2763 vivebamus,
1817 2696 1877 2751 in

191 2779 371 2851 cujus
401 2778 703 2835 charitate
722 2779 833 2833 nisi
848 2778 1148 2835 radicatus
1172 2795 1358 2851 esses,
1380 2797 1500 2837 non
1516 2781 1622 2837 tibi
1653 2788 1772 2839 tam
1794 2783 1879 2839 di-

192 2868 349 2925 lecta
371 2867 675 2924 catholica
694 2867 891 2924 unitas
923 2867 1091 2933 foret,
1125 2885 1233 2924 nec
1267 2870 1512 2926 colonos
1535 2875 1666 2926 tuos
1681 2871 1873 2939 Afros,

193 2973 262 3014 eo
289 2962 605 3013 terrarum
630 2955 788 3011 unde
830 2957 1277 3013 Donatistarum
1312 2958 1476 3013 furor
1498 2964 1739 3015 exortus
1768 2966 1874 3027 est,

193 3047 309 3104 hoc
322 3046 502 3104 estin
525 3044 727 3102 media
744 3046 1046 3103 consulari
1066 3048 1345 3104 Numidia
1377 3052 1749 3121 constitutos,
1780 3051 1876 3108 tali

192 3136 569 3194 admoneres
582 3134 971 3207 alloquio,tau
982 3140 1037 3192 to
1052 3136 1279 3193 fervore
1294 3137 1534 3208 spiritus
1548 3140 1873 3206 animares,

195 3231 258 3282 ut
268 3224 605 3281 devotione
618 3225 1072 3297 promptissima
1088 3225 1166 3280 ad
1181 3228 1447 3298 sequend
1459 3244 1556 3283 um
1573 3228 1874 3299 eligerent,

190 3315 363 3390 quod
379 3323 439 3371 te
468 3313 737 3371 talemuc
760 3319 999 3371 tantum
1020 3316 1214 3371 virum
1234 3332 1350 3371 non
1369 3318 1482 3372 nisi
1505 3319 1711 3389 agnita
1735 3320 1879 3375 veri-

196 3410 316 3462 tate
374 3403 556 3477 sequi
595 3403 942 3475 cogitarent,
975 3408 1032 3460 et
1062 3411 1183 3462 tam
1227 3404 1405 3477 longe
1445 3423 1479 3461 a
1520 3412 1572 3462 te
1608 3407 1875 3465 locorum

199 3493 537 3551 intervallis
566 3492 802 3559 remoti,
842 3493 991 3549 irent
1023 3494 1132 3549 sub
1173 3494 1333 3549 idem
1365 3501 1565 3566 caput,
1610 3502 1787 3570 atque
1819 3499 1879 3554 in

200 3586 335 3657 ejus
363 3582 651 3640 membris
674 3583 734 3638 in
759 3586 1047 3638 aeternum
1075 3588 1267 3639 tecum
1296 3584 1744 3657 deputareutur,
1778 3604 1877 3643 cu-

194 3673 294 3745 jus
324 3678 638 3746 praecepto
666 3671 767 3727 tibi
797 3670 1204 3744 temporaliter
1235 3672 1520 3730 serviunt.

267 3766 328 3817 2.
358 3764 425 3818 In
439 3762 560 3819 hoc
581 3777 724 3832 ergo
751 3765 853 3817 tuo
873 3761 1032 3817 facto
1064 3766 1116 3817 te
1137 3762 1446 3831 cognitum
1477 3764 1874 3835 amplectens,

204 3852 505 3908 exsultavi
533 3856 598 3907 ut
626 3850 1071 3921 gratularertibi
1093 3851 1152 3907 in
1181 3849 1417 3908 Christo
1445 3854 1583 3909 Jesu
1622 3854 1877 3912 Domino

203 3946 434 4010 nostro,
463 3940 692 4013 tibique
717 3940 826 3996 has
864 3940 1278 4012 gratulatorias
1306 3940 1532 3998 litteras
1559 3944 1873 4011 mitterem,

199 4030 655 4103 qualecumque
667 4030 970 4102 specimen
983 4030 1180 4086 cordis
1193 4036 1246 4086 et
1264 4032 1485 4087 amoris
1498 4047 1642 4103 erga
1657 4039 1711 4089 te
1727 4035 1871 4102 mei;

200 4135 402 4193 neque
414 4120 580 4175 enim
595 4118 856 4192 amplius
872 4120 1179 4192 potui.Sed
1196 4136 1405 4192 quasso
1420 4126 1566 4177 netu
1584 4122 1875 4179 hactenus

200 4208 507 4281 quidquid
542 4212 594 4263 te
618 4208 802 4279 diligo
824 4208 1086 4265 metiaris
1111 4224 1124 4264 :
1153 4208 1472 4280 perlectam
1495 4212 1680 4268 transi
1716 4218 1874 4269 hanc

202 4298 533 4369 epistolam
557 4297 810 4353 transitu
824 4298 1112 4356 invisibili
1126 4299 1229 4371 qui
1246 4300 1404 4354 intus
1420 4300 1569 4369 ﬁt,et
1584 4317 1763 4373 perge
1776 4318 1871 4359 co-

202 4389 530 4459 gitandoin
549 4394 755 4460 pectus
771 4393 1058 4454 meum,et
1080 4404 1253 4444 cerne
1272 4390 1413 4461 quid
1436 4389 1553 4445 illic
1572 4391 1645 4446 de
1660 4396 1713 4447 te
1727 4408 1871 4463 aga-

199 4477 731 4534 tur.Patebitenim
743 4478 918 4534 oculo
935 4478 1240 4535 charitatis
1253 4479 1603 4535 cubiculum
1622 4480 1873 4537 charita-

202 4568 473 4640 tis,quod
487 4568 829 4624 claudimus
842 4568 1130 4624 adversus
1145 4584 1338 4638 nugas
1359 4569 1754 4627 tumultuosas
1770 4588 1873 4627 saa-

204 4657 488 4720 culi,cum
507 4657 625 4713 illic
640 4658 825 4714 Deum
840 4658 1171 4715 adoramus
1189 4674 1203 4725 ;
1222 4664 1277 4715 et
1292 4658 1517 4714 videbis
1533 4659 1615 4714 ibi
1628 4660 1872 4717 delicias

202 4746 424 4803 latitius
453 4763 602 4804 mea;
615 4748 689 4804 de
707 4754 830 4804 tam
843 4748 1007 4804 bono
1023 4763 1203 4820 opere
1217 4752 1338 4813 tuo,
1359 4764 1512 4820 quas
1532 4764 1643 4805 nec
1666 4750 1871 4821 lingua

205 4836 521 4903 eﬂ'ari,nec
548 4836 679 4893 stilo
706 4838 1037 4910 exprimere
1055 4836 1249 4904 valeo,
1273 4837 1536 4894 calentes
1566 4843 1745 4911 atque
1767 4839 1873 4896 ﬂa-

207 4932 449 4997 grantes
484 4928 542 4982 in
567 4926 1071 4984 sacriﬁciolaudis
1096 4928 1246 4999 ejus,
1272 4927 1735 5000 quoinspirante
1756 4929 1872 4986 hoc

265 5071 282 5103 ί
308 5070 369 5135 In
387 5069 767 5135 Mss.quatuor
777 5069 1544 5135 scribitur,Palmachio._l’orro
1562 5071 1703 5120 hunc
1718 5072 1870 5135 illum

208 5145 321 5182 esse
348 5132 753 5182 Pammachium
777 5132 1078 5183 Romanum
1096 5133 1265 5183 civem
1288 5146 1349 5182 ac
1362 5133 1671 5183 Senatorem
1690 5134 1872 5185 claris-

208 5195 403 5259 simum
432 5210 542 5245 non
588 5195 919 5252 dubitamus,
952 5196 1044 5259 qui
1078 5196 1175 5245 fuit
1201 5209 1366 5259 gener
1392 5195 1594 5259 Paulae,
1637 5197 1869 5247 Paulinae

208 5210 403 5244 simum
432 5210 542 5245 non
588 5210 919 5252 dubitamus,
991 5211 1044 5245 ui
1078 5210 1175 5245 mu
1201 5210 1366 5259 gener
1401 5210 1554 5246 ranis

207 5258 469 5323 maritus,
484 5262 539 5307 et
569 5259 898 5323 Hieronymo
915 5210 1222 5323 plurimum
1254 5258 1554 5323 familiaris.

266 5321 287 5385 ξ
312 5320 546 5385 εἰοίΜεε.
587 5324 653 5369 At
682 5320 887 5385 vulgati
914 5320 1130 5385 habent,
1147 5321 1287 5385 pacis
1311 5322 1555 5385 decorem.

264 5382 296 5414 ¹
322 5384 528 5447 Collata
558 5398 686 5447 cum
718 5382 894 5447 afbg.
930 5384 999 5432 bl.
1031 5397 1077 5433 c.
1111 5396 1186 5432 cc.
1221 5382 1275 5431 il‘.
1312 5398 1364 5445 g.
1402 5384 1557 5447 gv.j.
1586 5398 1639 5432 n.
1677 5399 1719 5433 r.
1752 5398 1793 5432 s.
1828 5388 1865 5434 t.

210 5458 285 5494 vc.
316 5446 531 5496 duobus
566 5446 649 5496 sb.
679 5446 914 5510 quatuor
936 5460 983 5494 ν.
1016 5449 1069 5495 et
1096 5459 1219 5495 cum
1242 5447 1358 5494 Am.
1398 5446 1521 5495 Bad.
1553 5449 1636 5495 Er.
1668 5446 1803 5510 iLov.

264 5510 337 5571 (a)
371 5510 515 5560 Alias
542 5510 638 5558 134
672 5509 837 5574 {quae
860 5512 1042 5559 autem
1091 5509 1150 5557 58
1176 5513 1308 5565 erat,
1338 5522 1483 5558 nunc
1514 5510 1622 5559 121.
1658 5509 1868 5575 Scripta

264 5584 289 5620 ι.
314 5573 402 5621 401
422 5576 679 5621 exeunte.

209 5580 289 5620 ω.
314 5576 402 5621 401
422 5576 679 5624 exeunte.

1446 137 1950 196 EPISTOLARUM
1990 139 2279 198 CLASSIS
2324 144 2392 200 ll.

3534 159 3638 214 226

1982 264 2237 331 voluisti,
2273 271 2327 323 et
2382 284 2504 342 quo
2544 270 2866 343 adjuvante
2923 278 3193 346 potuisti.
3228 281 3456 339 Gratias
3514 283 3637 340 Deo

1980 369 2157 427 super
2186 356 2568 415 inenarrabili
2595 360 2756 418 dono
2782 363 2931 434 ejus.
2961 365 3031 436 (ΙΙ
3064 366 3196 424 Cor.
3219 385 3299 436 ix,
3322 371 3402 426 15.
3437 372 3455 443 )

2052 447 2105 499 3.
2129 445 2172 500 Ο
2203 460 2390 517 quam
2419 449 2739 506 multorum
2774 456 2971 509 tecum
2998 455 3220 526 pariter
3260 464 3633 528 senatorum,

1982 532 2317 606 pariterque
2332 543 2552 592 sanctae
2572 539 2840 597 Ecclesim
2857 541 3136 611 ﬁliorum,
3170 547 3281 603 tale
3309 564 3463 620 opus
3487 549 3638 606 desi-

1980 621 2262 678 deramus
2282 623 2342 678 in
2365 624 2576 691 Africa,
2606 628 2680 683 de
2708 629 2870 701 quali
2898 638 3001 687 tuo
3020 632 3295 692 laetamur
3323 637 3336 693 ι
3369 639 3481 694 Sed
3501 638 3635 695 illos

1981 711 2386 781 periculosum
2407 717 2828 788 estexhortari,
2855 720 2954 775 tibi
2975 737 3251 779 securum
3279 730 3366 781 est
3388 742 3638 797 congra~

1984 798 2175 855 tulari.
2204 800 2286 857 Illi
2310 804 2470 859 enim
2494 804 2643 861 forte
2665 822 2783 862 non
2801 807 3100 878 facient,et
3126 817 3417 886 tanquam
3441 831 3555 872 nos
3574 816 3634 872 in

1982 890 2185 945 animo
2202 907 2408 947 eorum
2434 894 2676 951 vicerint
2705 897 2924 952 inimici
2946 900 3242 967 Ecclesiae,
3266 904 3636 976 decipiendis

1982 978 2799 1041 insidiabunturinﬁrmis.Tu
2816 988 3092 1059 verojam
3122 990 3329 1046 fecisti.
3356 993 3515 1048 unde
3531 993 3640 1049 ini-

1983 1069 2117 1124 mici
2138 1071 2682 1129 Ecclesiasliberatis
2695 1078 3636 1139 confundanturinﬁrmis.Proin-

1981 1158 2055 1212 de
2073 1158 2341 1215 sufficere
2360 1160 2550 1216 visum
2576 1169 2682 1233 est,
2703 1166 2902 1236 utipse
2923 1168 3140 1239 quibus
3165 1170 3487 1227 christiano
3503 1172 3639 1243 jure

1981 1248 2267 1317 potueris,
2298 1250 2494 1304 amica
2525 1250 2744 1307 fiducia
2770 1254 2945 1310 istam
2972 1257 3283 1326 epistolam
3314 1260 3502 1329 legas.
3545 1260 3640 1316 Sic

1981 1336 2139 1390 enim
2154 1351 2226 1391 ex
2252 1343 2350 1393 tuo
2368 1338 2523 1395 facto
2542 1340 2664 1395 ﬁeri
2692 1358 2866 1412 posse
2888 1344 2945 1397 in
2966 1345 3162 1402 Africa
3182 1348 3444 1415 credent,
3470 1350 3637 1421 quod

1983 1423 2130 1481 forte
2144 1425 2290 1481 dum
2313 1428 2660 1498 putantﬁeri
2675 1445 2791 1486 non
2808 1434 3639 1505 posse,pigrescuntJnsidias

1984 1519 2182 1569 autem
2215 1530 2368 1587 quas
2389 1515 2503 1588 ipsi
2525 1517 2778 1574 haeretici
2802 1520 3051 1578 distorto
3080 1524 3259 1579 corde
3288 1526 3635 1598 moliuntur,

1981 1607 2270 1675 quoniam
2285 1606 2384 1660 risi
2396 1621 2496 1661 eos
2510 1606 2829 1663 arbitratos
2847 1611 2863 1644 ¹
2885 1610 3078 1666 valere
3092 1612 3317 1685 aliquid
3332 1614 3390 1669 in
3406 1632 3642 1687 posses-

1983 1692 2148 1748 sione
2160 1694 2603 1759 Christi,animo
2617 1701 2855 1763 tuo,nec
2868 1700 3126 1758 scribere
3139 1703 3228 1758 vol
3240 1703 3542 1762 ui.Audies
3558 1711 3644 1763 ta-

1984 1796 2121 1836 men
2136 1782 2263 1837 hrec
2277 1800 2312 1839 a
2328 1783 2612 1840 fratribus
2627 1786 2798 1851 meis,
2824 1804 2976 1860 quos
2993 1790 3320 1861 plurimum
3334 1810 3641 1851 commen-

1982 1870 2061 1925 do
2078 1871 2403 1929 Eximietati
2421 1879 2635 1939 tuaame
2650 1875 2709 1930 in
2736 1882 2857 1932 tam
2874 1895 3096 1950 magna
3113 1886 3354 1953 tamque
3367 1884 3642 1957 inopina-

1984 1964 2041 2015 ta
2072 1959 2258 2015 salute
2279 1960 2697 2029 hominum,de
2710 1966 2933 2036 quibus
2946 1984 3051 2039 per
3066 1976 3119 2024 te
3138 1970 3436 2029 Catholica
3451 1978 3642 2031 mater

1981 2048 2249 2115 exsultat,
2270 2066 2586 2123 aspernere
2599 2054 2778 2110 etiam
2792 2056 3095 2128 superﬂua
3110 2064 3457 2118 metuentes.

2484 2187 2814 2244 EPISTOLA
2851 2191 2958 2245 LIX
2990 2194 3005 2208 ’
3036 2192 3138 2264 (a).

1984 2316 2357 2386 Augustinus
2386 2317 2682 2375 Victorino
2708 2322 3031 2379 concilium
3060 2328 3433 2394 convocanti,
3466 2344 3638 2388 excu-

2054 2407 2296 2473 satoria,
2338 2423 2527 2479 quare
2565 2410 2646 2465 ad
2684 2411 2999 2468 concilium
3048 2429 3162 2470 non
3196 2422 3479 2475 venturus
3517 2421 3642 2488 sit;

2057 2511 2278 2566 rogans
2294 2504 2355 2552 ut
2383 2497 2554 2565 prius
2573 2514 2704 2555 cum
2738 2500 3044 2571 Xantippo
3068 2519 3246 2573 super
3251 2506 3395 2576 jure
3414 2510 3637 2578 prima-

2058 2591 2151 2641 tus
2185 2592 2239 2642 et
2266 2587 2508 2643 concilii
2536 2590 3165 2659 convocandiplacide
3193 2606 3528 2665 componat.

1989 2710 2241 2766 Domino
2268 2712 2614 2768 beatissimo
2655 2718 2710 2769 et
2734 2714 3051 2773 venerabili
3083 2720 3230 2790 patri
3260 2724 3317 2775 et
3348 2723 3645 2781 sacerdoti

2096 2801 2425 2869 VICTORINO,
2460 2807 2833 2869 Aucusrmus,
2867 2805 2927 2860 iu
2962 2808 3246 2865 Dominos
3277 2810 3520 2868 alutem.

2058 2917 2457 2974 l.Tractoria'
2478 2919 2554 2975 ad
2579 2920 2897 2993 mequinto
2923 2921 3058 2977 idus
3085 2925 3432 2982 novembris
3460 2928 3641 2995 venit,

1980 3005 2108 3078 jam
2137 3005 2305 3062 finito
2326 3007 2443 3074 die,
2463 3013 2636 3065 etme
2664 3010 2834 3065 valde
2853 3010 3278 3083 indispositum
3307 3015 3554 3085 invenit,
3580 3022 3640 3075 ut

1986 3111 2293 3151 occurrere
2319 3098 2568 3153 omnino
2598 3113 2718 3154 non
2754 3114 3018 3171 possem.
3062 3102 3487 3161 Verumtamen
3516 3106 3641 3163 sive

1985 3185 2343 3257 imperitiam
2365 3202 2563 3241 meam
2581 3188 3153 3261 moverit,sivejuste
3168 3198 3365 3247 motus
3382 3193 3640 3261 sim,tum

1989 3275 2325 3331 Sanctitatis
2352 3282 2408 3330 et
2434 3276 2747 3333 Gravitatis
2760 3282 2849 3334 est
2873 3278 3172 3335 arbitrari.
3191 3281 3319 3352 Legi
3343 3281 3401 3338 in
3424 3284 3636 3339 eadem

1987 3364 2452 3421 tractoriaetiam
2476 3365 2553 3421 ad
2584 3367 2964 3423 Mauritanias
2993 3385 3123 3424 esse
3147 3372 3454 3443 scriptum,
3483 3388 3640 3445 quas

1990 3453 2323 3525 provincias
2342 3456 2565 3511 scimus
2581 3471 2722 3511 suos
2745 3455 2962 3513 habere
2978 3460 3273 3529 primates.
3307 3462 3479 3526 Quod
3507 3463 3556 3517 si
3583 3468 3640 3518 et

1988 3558 2058 3597 ex
2073 3542 2157 3597 eis
2188 3543 2265 3598 ad
2280 3544 2624 3600 Numidiam
2636 3546 3099 3603 convocandum
3128 3550 3635 3620 essetconcilium,

1986 3631 2248 3703 oportuit
2268 3634 2463 3704 utique
2494 3639 2552 3687 ut
2583 3634 2921 3706 aliquorum
2953 3638 3289 3693 Maurorum
3321 3640 3636 3713 episcopo-

1987 3720 2251 3792 rum,qui
2269 3720 2383 3775 illic
2399 3722 2622 3793 priores
2636 3727 2793 3788 sunt,
2810 3724 3055 3780 nomina
3077 3727 3134 3779 in
3154 3730 3433 3785 tractoria
3446 3745 3636 3800 pone-

1984 3809 2592 3882 rentur;quodinista
2609 3813 2885 3868 tractoria
2899 3828 3016 3868 non
3031 3817 3357 3886 reperiens,
3382 3818 3637 3875 multum

1986 3899 2235 3955 miratus
2248 3899 2633 3956 sum.Deinde
2652 3901 2727 3957 ad
2742 3902 2907 3974 ipsos
2920 3904 3209 3960 Numidas
3224 3906 3304 3961 ita
3324 3912 3490 3978 pertu
3500 3908 3637 3964 rba-

1984 3992 2043 4044 to
2057 3988 2391 4059 etneglecto
2404 3989 2608 4045 ordine
2624 3991 3232 4063 scriptum,utnomen
3250 4012 3450 4052 meum
3466 3997 3636 4053 tertio

1981 4077 2477 4145 locoinvenerim,
2510 4080 2614 4151 qui
2642 4081 2781 4136 novi
2802 4097 2988 4154 quam
3016 4084 3381 4155 postmultos
3410 4086 3641 4159 episco-

1985 4167 2443 4239 posfactussim.
2476 4170 2720 4234 Quaares
2739 4174 2797 4226 et
2811 4170 2940 4227 aliis
2961 4172 3247 4243 injuriosa
3270 4181 3357 4230 est
3387 4176 3551 4247 satis,
3582 4180 3640 4234 et

1983 4257 2129 4313 mihi
2158 4257 2472 4314 invidiosa.
2503 4258 2791 4315 Praeterea
2820 4262 3175 4318 venerabilis
3194 4263 3370 4320 frater
3386 4269 3444 4320 et
3463 4265 3637 4322 colle-

1982 4363 2057 4417 ga
2076 4353 2296 4415 uoster,
2356 4349 2679 4419 Xantippus
2704 4348 3063 4418 Tagosensis
3093 4352 3283 4417 ',dicit
3309 4354 3471 4425 quod
3495 4370 3636 4413 eum

1981 4437 2273 4508 primatus
2310 4436 2439 4509 ipse
2471 4436 2795 4506 contingat,
2828 4444 2880 4494 et
2911 4455 3053 4510 erga
3092 4440 3381 4512 plurimos
3415 4444 3499 4499 sic
3528 4445 3634 4502 ha-

1980 4525 2233 4593 betur,et
2250 4526 2395 4581 tales
2416 4526 2587 4581 mittit
2600 4526 2905 4597 epistolas.
2925 4527 3033 4595 Qui
3052 4529 3232 4585 etiam
3248 4546 3412 4587 error
3426 4533 3473 4587 si
3490 4533 3637 4589 faci-

1978 4614 2030 4671 le
2050 4617 2200 4671 inter
2226 4620 2481 4671 vestram
2502 4615 2880 4671 Sanctitatem
2902 4619 3182 4687 cognosci
3199 4623 3256 4676 et
3284 4622 3499 4693 corrigi
3533 4639 3636 4696 po-

2041 4760 2056 4822 ?
2092 4758 2242 4822 ιον.-
2274 4758 2516 4822 quoniam
2546 4758 2763 4822 ipsiicas
2792 4759 3123 4810 arbitrantur
3156 4764 3340 4822 valere,
3373 4770 3474 4816 etc.
3502 4767 3635 4817 Prte-

1980 4821 2204 4874 tulimus
2230 4819 2315 4870 hic
2336 4819 2619 4871 lectionem
2646 4821 2777 4871 Bad.
2812 4823 2926 4871 Am.
2961 4824 3042 4873 Er.
3076 4826 3268 4878 etMss.
3302 4819 3571 4878 undecim.

2041 4886 2059 4914 ³
2090 4885 2244 4935 Unus
2266 4884 2573 4933 eVaticanis
2594 4884 2717 4932 Mss.
2741 4890 3051 4936 constanter
3070 4887 3256 4939 habet:
3291 4890 3632 4940 Tractatoria.

2039 4948 2058 4978 ³
2085 4947 2240 5017 Apud
2277 4946 2434 5017 L_ov.,
2468 4947 2769 5017 Xantippus
2808 4948 3180 5017 Thagastcnsis.
3201 4952 3301 5000 Sed
3335 4953 3489 5017 aliter
3529 4952 3634 5017 legi

1979 5008 2529 5076 oporteteruditorum
2538 5008 2769 5076 judicio:
2783 5012 2873 5076 qui
2883 5008 2982 5076 ppe
2994 5027 3102 5076 quo
3120 5016 3359 5076 tempore
3371 5008 3638 5064 scribebat

1980 5071 2330 5136 Augustinus.
2350 5071 2585 5136 bocripso
2604 5071 2826 5136 Alypius
2839 5071 3258 5136 Thagastensem
3277 5075 3537 5124 Numidiae
3556 5090 3633 5127 se-

1978 5133 2100 5199 dem
2113 5133 2596 5199 occupabat.Porro
2614 5133 2773 5197 hujus
2795 5133 3032 5199 epistolae
3046 5137 3371 5197 exemplaria
3400 5138 3520 5186 Mss.
3547 5140 3633 5189 vix

1978 5197 2085 5246 duo
2100 5197 2369 5261 venerunt
2382 5198 2431 5244 in
2448 5211 2640 5261 manus
2662 5197 2874 5247 nostras
2894 5214 2904 5254 ;
2924 5213 3090 5261 unum
3105 5214 3168 5248 ex
3186 5200 3269 5254 iis,
3282 5199 3633 5261 Victorinum,

1976 5260 2549 5324 praefert,Sanctippum
2572 5260 2913 5324 Tagonensem
2933 5260 3194 5324 ;allerum
3212 5262 3529 5314 Corbeiense
3547 5260 3636 5324 pe-

1978 5322 2287 5387 rantiquum
2314 5326 2367 5370 et
2390 5322 2603 5387 optimm
2637 5326 2796 5387 notae,
2828 5322 3162 5387 Sanctippum
3206 5322 3551 5387 Tagosensem.

1977 5385 2084 5452 duo
2095 5384 2191 5452 bus
2207 5388 2387 5452 autem
2409 5384 2676 5452 Vaticanis
2693 5398 2812 5452 qua:
2826 5384 2951 5452 olim
2974 5384 3260 5436 Clementis
3279 5384 3551 5452 Vllljussu
3564 5390 3633 5440 ad

2037 5448 2064 5481 *
2096 5447 2391 5496 Emendata
2425 5445 2663 5494 subsidio
2695 5445 2776 5494 cb.
2806 5446 3135 5497 vc.duorum
3160 5465 3208 5498 v.
3237 5455 3290 5501 et
3310 5445 3443 5503 Lov.

2036 5510 2108 5571 (a)
2144 5510 2285 5559 Alias
2313 5509 2405 5579 217
2434 5548 2442 5556 .
2476 5511 2812 5579 quagAautem
2846 5510 2907 5558 59
2936 5515 3066 5568 erat,
3099 5526 3245 5564 nunc
3275 5515 3389 5570 149,
3426 5514 3635 5579 Scripta

1973 5572 2118 5623 circa
2144 5574 2429 5623 exeuntem
2453 5583 2541 5620 an.
2576 5571 2691 5625 401,
