4078 6166
207 118 289 178 Βθ
1380 110 1883 168 EPISTOLARUM
1922 110 2209 166 CLASSIS
2250 111 2317 166 II.

201 242 882 313 bent,etsacramentumej
895 258 961 295 us
973 241 1358 310 agnoscimus
1374 241 1431 295 in
1445 240 1609 305 eis,et
1626 254 1792 293 vene-

199 349 379 399 ramur,
404 338 451 386 et
470 330 909 403 amplectimur.
942 330 1054 385 Sed
1078 334 1393 401 propterea
1414 328 1689 385 dolemus
1711 342 1795 382 er-

196 429 371 485 rantes,
389 427 548 477 eteos
563 436 669 493 per
682 420 1028 476 charitatem
1050 419 1256 474 Christi
1272 418 1485 474 lucrari
1500 417 1619 473 Deo
1632 414 1797 487 cupi-

198 528 318 576 mus,
346 515 678 566 utsanctum
692 514 1135 565 sacramentum
1159 506 1323 579 quod
1353 506 1491 563 foris
1504 506 1581 563 ab
1602 504 1797 560 Eccle-

192 600 261 655 sia
272 599 463 655 habent
476 598 549 654 ad
569 596 979 671 perniciem,in
995 612 1141 670 pace
1158 595 1429 652 Ecclesia
1444 593 1794 651 habeantad

191 687 634 756 salutem.Siergo
660 687 941 743 tollantur
966 686 1039 741 de
1056 685 1253 742 medio
1270 685 1428 741 mala
1453 684 1792 748 hominum,

188 783 230 833 et
250 776 655 833 honorenturin
674 774 1027 832 hominibus
1043 774 1205 831 bona
1239 774 1336 829 Dei
1366 773 1509 840 ;erit
1536 771 1796 828 fraterna

186 865 541 935 concordia,et
557 865 838 922 amabilis
862 865 1150 937 pax,utin
1174 863 1459 920 cordibus
1476 862 1793 919 hominum

187 956 346 1011 vincat
359 955 803 1028 persuasionem
816 953 1179 1021 diaboli,cha
1189 954 1331 1009 ritas
1350 952 1577 1009 Christi.

236 1049 280 1099 2.
317 1046 505 1117 Itaque
545 1061 683 1100 cum
715 1043 794 1101 ad
824 1060 934 1098 nos
967 1042 1211 1099 veniunt
1254 1058 1325 1098 ex
1365 1046 1529 1114 parte
1563 1040 1791 1106 Donati,

183 1133 305 1190 male
326 1133 548 1190 illorum
563 1148 684 1190 non
699 1133 1085 1205 suscipimus,
1108 1132 1167 1188 id
1190 1136 1277 1187 est
1290 1130 1727 1186 dissensionem
1740 1133 1795 1184 et

182 1238 421 1287 errorem,
449 1222 555 1278 sed
583 1223 716 1295 ipsa
742 1222 1024 1279 tolluntur
1054 1222 1128 1277 de
1146 1221 1349 1277 medio
1376 1224 1665 1292 tanquam
1690 1219 1795 1273 im-

179 1310 480 1384 pedimenta
509 1310 870 1377 concordia,
900 1316 957 1367 et
977 1309 1401 1381 amplectimur
1431 1308 1640 1365 fratres
1662 1324 1793 1363 nos-

177 1407 273 1455 tros
308 1406 516 1457 stantes
547 1416 687 1457 cum
719 1400 823 1467 eis,
861 1400 1016 1456 sicut
1045 1400 1182 1455 dicit
1207 1397 1546 1471 Apostolus,
1578 1397 1641 1452 in
1668 1395 1797 1452 uni-

178 1496 272 1545 tate
292 1490 519 1558 spiritus
563 1490 605 1556 ί,
638 1490 701 1545 in
733 1490 975 1546 vinculo
1016 1492 1182 1559 pacis
1233 1489 1472 1560 (Ep/tes.
1507 1503 1583 1551 IV,
1630 1488 1708 1556 3).
1742 1490 1797 1541 et

176 1585 525 1648 agnoscentes
548 1580 607 1635 in
639 1579 724 1634 eis
764 1578 926 1635 bona
965 1579 1083 1644 Dei,
1113 1580 1232 1635 sive
1263 1583 1539 1633 sanctum
1576 1574 1797 1648 Baptis-

179 1685 329 1733 mum,
368 1669 488 1723 sive
516 1668 998 1724 benedictionem
1016 1667 1445 1731 Ordinationis,
1478 1665 1797 1722 siveconti-

175 1759 355 1813 nentia
385 1757 850 1829 professionem,
874 1758 996 1814 sive
1019 1756 1533 1830 consignationem
1557 1753 1798 1824 virgini-

177 1846 301 1912 tatis,
332 1848 446 1902 sive
475 1847 659 1903 fidem
684 1845 1002 1913 Trinitatis,
1022 1853 1077 1902 et
1099 1848 1287 1919 siqua
1316 1845 1436 1901 alia
1458 1850 1631 1901 sunt:
1661 1858 1796 1917 qua

176 1935 347 1993 omnia
368 1936 601 1992 etiamsi
617 1940 807 2001 erant,
828 1936 1183 1992 nihiltamen
1199 1933 1798 2008 proderant,quando

184 2024 402 2081 charitas
431 2041 552 2081 non
584 2031 728 2083 erat.
756 2027 896 2093 Quis
927 2031 1128 2083 autem
1161 2041 1292 2081 vere
1319 2023 1459 2080 dicit
1490 2039 1550 2078 se
1575 2022 1798 2078 habere

185 2113 357 2170 Christi
399 2115 777 2183 charitatem,
832 2116 1080 2188 quando
1119 2115 1249 2185 ejus
1274 2129 1393 2169 non
1425 2112 1799 2184 amplectitur

185 2204 431 2261 unitatem
460 2206 488 2263 ?
523 2207 673 2261 Cum
700 2222 842 2277 ergo
873 2207 950 2261 ad
979 2204 1342 2262 Catholicam
1379 2201 1643 2269 veniunt,
1677 2215 1799 2255 non

182 2290 257 2347 hic
280 2294 576 2366 accipiunt
602 2295 766 2367 quod
796 2293 1137 2360 habebant;
1163 2292 1267 2347 sed
1300 2297 1359 2348 ut
1380 2290 1660 2364 prodesse
1685 2288 1798 2344 illis

183 2379 384 2452 incipiat
399 2383 569 2455 quod
592 2382 921 2449 habebant,
944 2381 1245 2454 accipiunt
1260 2380 1356 2435 hic
1373 2380 1538 2452 quod
1557 2394 1676 2436 non
1698 2378 1801 2434 ha-

183 2468 387 2526 bebant.
430 2473 532 2528 Hic
563 2474 723 2528 enim
757 2473 1059 2544 accipiunt
1088 2470 1352 2527 radicem
1407 2468 1711 2525 charitatis
1739 2469 1800 2523 in

182 2558 380 2617 vinculo
410 2561 601 2633 pacis,
638 2566 695 2619 et
725 2562 785 2617 in
832 2563 1112 2619 societate
1154 2560 1391 2617 unitatis
1429 2576 1444 2625 ;
1476 2563 1537 2615 ut
1573 2574 1695 2615 non
1722 2557 1801 2613 ad

181 2646 627 2718 damnationem,
673 2651 778 2707 sed
821 2650 901 2707 ad
940 2650 1355 2707 liberationem
1400 2648 1512 2704 illis
1562 2648 1803 2705 valeant

178 2740 347 2795 omnia
364 2756 499 2813 qua
520 2740 755 2797 habent
775 2746 1152 2797 sacramenta
1172 2738 1455 2795 veritatis.
1483 2740 1609 2794 Non
1643 2735 1801 2792 enim

176 2825 619 2900 debentgloriari
652 2837 975 2897 sarmenta,
1006 2831 1149 2903 quia
1175 2845 1296 2886 non
1323 2833 1463 2884 sunt
1491 2828 1800 2900 spinarum

175 2914 325 2986 ligna,
355 2920 459 2976 sed
484 2919 646 2975 vitis.
674 2919 732 2976 Si
753 2919 915 2975 enim
938 2935 1061 2975 non
1085 2919 1142 2974 in
1158 2918 1356 2975 radice
1383 2916 1799 2985 vixerint,cum

177 3007 272 3060 tota
296 3009 485 3079 specie
513 3025 633 3065 sua
662 3008 724 3064 in
751 3008 951 3079 ignem
981 3008 1304 3064 mittentur.
1329 3006 1410 3062 De
1430 3005 1800 3079 quibusdam

172 3099 336 3153 autem
365 3098 564 3154 ramis
592 3097 794 3155 fractis
822 3098 967 3154 dixit
987 3096 1300 3170 Apostolus
1328 3096 1473 3169 quia
1493 3102 1698 3165 potens
1719 3098 1802 3151 est

170 3181 296 3240 Deus
321 3187 533 3245 iterum
567 3188 829 3246 inserere
848 3188 985 3244 illos
1000 3188 1187 3259 (Rom.
1211 3203 1292 3251 χι,
1320 3186 1432 3256 23).
1468 3187 1531 3241 Et
1555 3184 1804 3253 ideo,di-

171 3269 451 3333 lectissime
477 3277 683 3343 frater,
707 3292 1125 3350 quoscumque
1147 3275 1385 3332 illorum
1406 3274 1623 3330 videris
1656 3274 1802 3330 forte

174 3361 479 3422 dubitantes
510 3382 642 3439 quo
680 3366 891 3422 ordine
936 3365 1341 3438 suscipiantur
1389 3381 1424 3420 a
1455 3364 1652 3430 nobis,
1708 3379 1800 3419 os-

175 3452 318 3508 tende
352 3454 462 3510 illis
494 3460 677 3513 istam
705 3472 890 3528 quam
934 3454 1082 3512 bene
1114 3455 1269 3511 nosti
1300 3471 1548 3511 manum
1577 3469 1796 3518 meam,

172 3544 270 3598 etsi
294 3559 419 3601 eam
448 3545 624 3618 apud
651 3560 711 3600 se
730 3544 953 3602 habere
987 3545 1298 3609 voluerint,
1332 3544 1626 3610 habeant;
1656 3544 1801 3615 quia

174 3634 346 3690 testem
370 3636 557 3691 Deum
600 3634 759 3691 facio
806 3651 986 3707 super
1025 3634 1294 3690 animam
1328 3649 1546 3698 meam,
1583 3633 1667 3688 sic
1693 3648 1796 3687 eos

171 3735 245 3775 me
272 3729 714 3796 suscepturum,
746 3729 811 3779 nt
830 3740 952 3780 non
972 3724 1167 3780 solum
1192 3723 1559 3795 baptismum
1592 3721 1798 3778 Christi

170 3822 319 3877 quem
346 3818 729 3887 acceperunt,
764 3812 964 3885 ipsum
1002 3813 1286 3878 habeant,
1335 3811 1437 3868 sed
1469 3812 1649 3868 etiam
1698 3811 1800 3866 ho-

170 3913 344 3958 norem
375 3902 762 3959 sanctimonii
787 3907 842 3959 et
872 3901 1253 3959 continentia
1279 3904 1325 3958 ³.

625 4003 959 4060 EPlSTOLA
1002 4003 1133 4057 an
1166 4003 1181 4018 ·
1216 4000 1320 4073 (α).

165 4095 411 4168 Alypius,
437 4099 823 4171 Augustinus
869 4103 921 4156 et
961 4098 1303 4155 Samsucius
1352 4098 1586 4167 Severo,
1627 4113 1799 4156 excu-

248 4196 435 4246 santes
464 4204 606 4262 qua
634 4189 699 4244 in
738 4188 1029 4245 Timothei
1076 4188 1309 4258 negotio
1339 4194 1504 4258 gesta
1529 4194 1689 4244 sunt.

166 4273 385 4335 Domino
413 4279 778 4336 beatissimo
811 4284 865 4335 et
897 4278 1311 4334 venerabiliter
1337 4278 1720 4334 charrissimo
1744 4292 1803 4341 et,

222 4366 621 4425 sincerissimo
651 4368 816 4425 fratri
856 4376 910 4424 et
941 4368 1352 4425 consacerdoti
1378 4370 1590 4424 Sereno
1619 4368 1716 4438 (b),
1745 4366 1802 4423 et

217 4456 308 4526 qui
360 4462 587 4523 tecum,
623 4462 760 4514 sunt
799 4456 1100 4523 fratribus,
1152 4462 1415 4523 Annus,
1448 4460 1799 4513 Aucrsrmus

218 4550 267 4597 et
284 4547 617 4613 Sutsucxus,
649 4551 705 4603 et
733 4546 1169 4619 quinobiscum
1191 4552 1331 4601 sunt
1352 4546 1581 4610 fratres,
1609 4547 1667 4601 in
1698 4550 1801 4602 Do-

224 4634 374 4691 mino
394 4636 684 4693 salutem.

226 4737 263 4784 t.
294 4733 435 4789 Cum
465 4733 812 4791 Subsanam
832 4732 1237 4797 venissemus,
1263 4736 1468 4806 etqua
1491 4732 1609 4788 illic
1622 4732 1801 4789 nobis

169 4816 493 4877 absentibus
524 4828 740 4878 contra
772 4825 1042 4879 nostram
1072 4821 1445 4879 voluntatem
1495 4826 1662 4891 gesta
1689 4823 1801 4879 fue-

215 4936 367 4992 πως,
403 4939 648 4989 melioris
672 4942 816 4988 nota
844 4938 1065 4997 habent,
1102 4938 1157 4987 in
1194 4938 1445 4987 unitatem
1484 4938 1700 4992 Christi.

214 5000 230 5030 ³
258 4998 333 5064 Sic
367 5005 523 5051 vetus
554 5002 727 5052 codex
755 5001 909 5052 Corb.
935 5003 1002 5052 At
1038 5002 1196 5059 Lov.,
1226 5001 1534 5064 pactimonii
1560 5006 1605 5050 et
1644 5002 1801 5050 conti-

167 5062 386 5112 nentiam.

218 5124 238 5189 ’_‘
271 5125 449 5189 Epistt.
486 5126 627 5178 LXII
671 5130 722 5176 et
766 5126 921 5176 LXlll
949 5128 1223 5177 recensita
1266 5130 1395 5177 sunt
1426 5126 1492 5177 ad
1527 5127 1653 5179 Mss.
1687 5126 1804 5176 Cor-

168 5184 426 5246 beiensem,
453 5190 597 5239 duos
628 5190 915 5239 Vaticanos
943 5194 991 5239 et
1018 5190 1085 5239 ad
1115 5192 1242 5239 Lov.

217 5254 278 5309 (α)
310 5252 565 5316 Aliasﬂl
593 5268 605 5300 :
647 5266 769 5316 qua
802 5256 983 5302 autem
1009 5254 1071 5301 62
1103 5257 1233 5310 erat,
1268 5267 1413 5302 nunc
1444 5254 1551 5302 192.
1599 5252 1807 5315 Scripta

169 5308 283 5360 forte
309 5316 405 5364 sub
433 5315 530 5365 ﬁn.
566 5308 796 5365 anfwl.

220 5374 293 5442 (ὁ)⁵
314 5376 401 5425 Hic
443 5382 547 5442 est,
579 5378 681 5426 nisi
719 5377 976 5442 fallimur,
1018 5378 1104 5442 ille
1130 5378 1242 5441 ipse
1284 5378 1439 5442 cujus
1477 5392 1539 5428 ex
1586 5378 1805 5427 nomine

174 5431 425 5512 Paulinum
461 5431 671 5512 salutat
685 5431 1050 5512 “Augustinus
1076 5441 1129 5489 in
1149 5431 1314 5512 'epist.
1348 5431 1428 5512 $1,
1459 5455 1512 5490 n.
1543 5443 1587 5490 3.
1613 5458 1653 5512 ⁸ιι
1683 5441 1807 5512 Bea-

174 5514 191 5541 ι
224 5500 451 5568 tissimus
485 5502 657 5568 frater
684 5500 922 5568 severus
944 5502 1009 5552 de
1043 5500 1471 5568 condiscipulatu
1506 5507 1690 5553 nostro
1717 5504 1807 5552 Mi-

176 5572 196 5603 ‹
224 5560 452 5614 levitana
472 5565 700 5615 antistes
726 5564 993 5625 Ecclesia,
1016 5569 1116 5616 etc.
1153 5582 1179 5613 )

3463 119 3568 174 230

1904 242 2468 308 rant,quareremus
2486 255 2498 306 ;
2518 239 2800 312 quadam
2826 241 3562 319 sicutaudieramus,qua-

1905 326 2048 381 dam
2093 342 2230 381 vero
2266 326 2433 383 aliter
2460 327 2634 393 facta,
2656 329 2863 386 omnia
2892 336 3089 388 tamen
3117 333 3381 391 dolenda
3403 340 3458 391 et
3484 342 3567 392 to-

1904 412 2152 469 leranda
2175 416 2217 478 ¹,
2232 420 2527 486 quantum
2546 419 2836 473 Dominus
2853 419 3108 489 adjuvit,
3126 423 3342 493 partim
3362 424 3460 495 obj
3473 441 3563 480 ur.

1904 501 2127 573 gando,
2159 504 2373 574 partim
2404 507 2727 573 monendo,
2779 510 2993 578 partim
3041 513 3271 567 orando
3312 514 3567 569 correxi-

1908 607 2061 646 mus.
2098 591 2242 646 lllud
2272 608 2416 647 sane
2435 594 2596 665 quod
2619 601 2751 666 post
2774 608 2885 652 tua
2902 599 3233 655 Sanctitatis
3251 603 3567 672 profectio-

1906 696 2042 736 nem
2061 697 2171 737 nos
2186 680 2513 753 plurimum
2528 683 2919 754 contristavit,
2939 687 3101 759 quod
3127 688 3186 743 in
3210 689 3421 745 fratres
3435 690 3566 747 sine

1903 769 2127 825 itineris
2161 770 2313 825 duce
2333 770 2563 826 dimissi
2599 780 2756 839 sunt,
2794 775 3051 845 petimus
3081 777 3383 848 ignoscas,
3414 784 3467 835 et
3500 780 3567 835 ti-

1906 859 2125 914 midius
2148 876 2334 933 quam
2366 861 2719 917 malitiosius
2750 863 2974 919 factum
3007 866 3177 921 scias.
3230 867 3373 923 Cum
3408 869 3566 925 enim

1903 953 2299 1020 putarenteos
2321 968 2355 1007 a
2369 950 2489 1007 ﬁlio
2512 957 2716 1008 nostro
2738 953 3042 1010 Timotheo
3060 962 3375 1027 propterea
3390 958 3564 1027 mitti,

1907 1042 1969 1092 ut
1998 1037 2055 1091 in
2083 1054 2193 1094 nos
2217 1042 2474 1096 maxime
2500 1041 2858 1097 Charitalem
2894 1046 3054 1099 tuam
3088 1044 3164 1100 ad
3190 1046 3565 1102 iracundiam

1904 1130 2532 1200 provocarent,vellent
2546 1136 2736 1187 autem
2752 1132 2859 1203 ipsi
2874 1138 3076 1189 nostro
3090 1134 3159 1190 ad
3170 1135 3566 1209 ventui,quem

1906 1221 2100 1272 tecum
2132 1217 2394 1276 futurum
2410 1222 2752 1293 sperabant,
2769 1223 2972 1278 omnia
2992 1223 3220 1294 integra
3244 1240 3569 1290 reservare,

1906 1312 2261 1377 putaverunt
2302 1325 2423 1365 non
2459 1326 2560 1366 eos
2591 1310 2977 1382 profecturos,
3013 1312 3059 1366 si
3093 1314 3307 1369 ducem
3342 1315 3567 1370 itineris

1905 1410 2026 1449 non
2049 1398 2403 1468 acciperent.
2424 1399 2535 1455 Sed
2568 1402 2766 1455 tamen
2798 1406 3109 1470 peccatum
3136 1419 3285 1467 esse,
3311 1404 3444 1475 quis
3460 1405 3565 1459 du-

1906 1483 2095 1540 bitet?
2142 1486 2283 1541 Hinc
2313 1488 2489 1542 etiam
2525 1488 2748 1543 factum
2776 1494 2865 1543 est
2901 1494 2958 1545 ut
2990 1496 3044 1545 et
3078 1492 3305 1547 Fossori
3344 1493 3569 1549 dicere-

1908 1578 2021 1637 tur,
2042 1573 2167 1643 jam
2196 1576 2569 1631 Timotheum
2590 1594 2727 1632 cum
2749 1577 2896 1649 ipsis
2914 1578 3195 1635 fratribus
3224 1581 3406 1637 fuisse
3438 1598 3571 1654 pro-

1906 1660 2127 1717 fectum
2162 1679 2174 1728 ;
2212 1664 2378 1735 quod
2411 1666 2615 1737 utique
2655 1666 2873 1721 falsum
2918 1674 3043 1723 erat
3078 1684 3090 1722 :
3121 1685 3241 1724 non
3298 1675 3498 1726 tamen
3535 1687 3570 1728 a

1909 1752 2258 1824 presbytero
2299 1754 2525 1808 dictum
2563 1771 2577 1820 ;
2614 1762 2669 1810 et
2698 1756 2825 1812 hac
2858 1759 3063 1813 omnia
3089 1759 3331 1814 fratrem
3365 1761 3570 1817 Carce-

1907 1841 2158 1897 donium
2175 1843 2412 1913 penitus
2432 1844 2950 1913 ignorasse,nobis
2968 1847 3450 1906 manifestissime
3472 1851 3574 1906 de-

1909 1929 2201 1986 claratum
2224 1938 2330 1997 est,
2358 1937 2659 2005 quantum
2690 1934 2801 1990 ista
2834 1936 3204 1992 manifestari
3234 1938 3445 1994 solent.

1980 2024 2032 2075 2.
2070 2021 2182 2077 Sed
2208 2022 2355 2093 quid
2397 2023 2669 2094 pluribus
2722 2024 3167 2081 immoretnur?
3213 2030 3571 2085 Memoratus

1910 2108 2067 2163 ﬁlius
2096 2116 2298 2165 noster
2319 2111 2663 2168 Timotheus
2710 2114 3229 2173 vehementissime
3262 2118 3571 2188 perturba-

1912 2202 2002 2253 tus
2023 2198 2188 2270 quod
2219 2200 2587 2257 dubietatem
2621 2207 2738 2257 tam
2774 2202 3145 2274 inopinatam
3175 2206 3569 2262 invitissimus

1913 2288 2181 2352 senserit,
2216 2288 2502 2345 indicavit
2549 2290 2722 2345 nobis
2771 2291 2938 2364 quod
2990 2309 3127 2348 cum
3182 2310 3391 2364 ageres
3430 2313 3564 2352 cum

1911 2377 2009 2432 illo
2044 2383 2104 2432 ut
2127 2378 2293 2449 apud
2327 2379 2664 2435 Subsanam
2693 2381 2811 2437 Deo
2838 2383 3101 2447 serviret,
3120 2385 3307 2455 erupit
3334 2385 3567 2457 etjura-

1912 2467 1992 2523 vit
2021 2472 2133 2523 ate
2165 2468 2413 2523 omnino
2441 2484 2562 2525 non
2594 2486 2994 2526 recessurum.
3032 2475 3299 2545 Cumque
3325 2474 3567 2545 ejusvo-

1909 2554 2198 2612 luntatem
2220 2557 2677 2632 requireremus,
2712 2560 3019 2633 respondit
3047 2578 3107 2617 se
3133 2562 3247 2618 hac
3272 2563 3571 2634 juratione

1910 2646 2187 2718 impediri
2211 2649 2538 2719 quominus
2560 2648 2639 2705 ibi
2654 2655 2806 2705 esset
2831 2649 2930 2706 ubi
2958 2666 3095 2707 eum
3109 2667 3241 2707 esse
3262 2652 3443 2708 etiam
3462 2669 3573 2709 an-

1912 2740 2005 2791 tea
2027 2735 2382 2792 volebamus
2408 2753 2421 2804 ;
2446 2754 2583 2793 cum
2606 2737 2731 2810 jam
2762 2740 3090 2812 prasertim
3120 2740 3194 2797 de
3226 2758 3350 2797 sua
3393 2741 3568 2799 liber-

1912 2824 2044 2880 tatis
2072 2824 2546 2883 manifestatione
2588 2844 2835 2883 securus
2864 2828 2964 2885 sit.
3015 2830 3281 2902 Cumque
3312 2830 3393 2886 illi
3428 2847 3572 2904 ape-

1911 2914 2241 2970 ruissemus
2272 2931 2393 2972 non
2420 2932 2554 2972 eum
2584 2917 2849 2973 futurum
2874 2918 3115 2989 perjurii
3146 2935 3337 2985 reum,
3372 2920 3421 2975 si
3448 2935 3569 2976 non

1913 3020 2019 3077 per
2064 3003 2286 3075 ipsum,
2334 3006 2440 3061 sed
2472 3022 2576 3078 per
2608 3011 2661 3062 te
2703 3007 2868 3063 fieret
2896 3012 2958 3063 ut
2989 3013 3230 3079 propter
3256 3009 3569 3065 vitandum

1914 3092 2266 3149 scandalum
2296 3099 2487 3150 tecum
2519 3112 2648 3151 esse
2673 3112 2791 3151 non
2816 3102 3018 3167 posset
3041 3097 3566 3170 ;quandoquidem

1914 3198 2032 3239 non
2052 3182 2125 3238 de
2157 3196 2256 3238 tua
2274 3184 2596 3250 voluntate,
2614 3185 2719 3240 sed
2738 3185 2810 3240 de
2827 3185 3148 3256 suajurare
3171 3188 3567 3257 potuerit,nec

1912 3276 1967 3327 te
1998 3272 2109 3328 sibi
2141 3272 2403 3329 vicissim
2447 3273 2672 3346 aliquid
2706 3275 2941 3345 jurasse
2993 3275 3302 3330 confessus
3333 3276 3408 3332 sit
3442 3291 3456 3342 ;
3489 3275 3566 3331 ad

1916 3367 2247 3417 extremum
2270 3362 2437 3429 dixit,
2456 3363 2621 3436 quod
2644 3380 2881 3421 servum
2911 3364 3030 3430 Dei,
3056 3365 3327 3421 Ecclesia
3350 3365 3563 3434 filium,

1915 3452 2109 3508 dicere
2123 3452 2759 3527 oportebat,quidquid
2786 3455 2956 3511 nobis
2971 3472 3108 3511 cum
3125 3460 3227 3511 tua
3245 3457 3568 3512 Sanctitate

1912 3540 1985 3597 de
2004 3541 2102 3597 illo
2124 3542 2250 3597 ﬁeri
2272 3542 2612 3615 placuisset,
2647 3544 2707 3598 id
2743 3560 2805 3599 se
2838 3545 2963 3600 sine
2985 3545 3175 3600 dubio
3198 3549 3563 3601 secuturum.

1916 3631 2163 3686 Proinde
2182 3633 2463 3703 petimus,
2489 3636 2542 3688 et
2572 3649 2675 3704 per
2691 3633 3040 3689 charitatem
3069 3634 3279 3689 Christi
3296 3634 3575 3691 obsecra-

1917 3736 2051 3775 mus
2085 3720 2465 3791 prudentiam
2500 3726 2685 3790 tuam,
2714 3726 2777 3777 ut
2806 3723 3079 3778 omnium
3106 3740 3241 3795 qua
3267 3723 3449 3777 locuti
3476 3741 3568 3778 su-

1914 3826 2050 3865 mus
2072 3810 2496 3871 memineris,et
2514 3811 2809 3883 rescriptis
2826 3813 2937 3866 tuis
2953 3828 3061 3867 nos
3078 3811 3362 3867 latitices.
3382 3812 3569 3867 Debe-

1916 3915 2049 3955 mus
2063 3898 2220 3954 enim
2239 3915 2343 3954 nos
2356 3898 2729 3971 ﬁrmiores(si
2749 3906 2945 3956 tamen
2961 3901 3111 3956 inter
3126 3905 3286 3957 tanta
3302 3901 3570 3956 tentatio-

1915 4003 2061 4043 num
2102 3987 2363 4059 pericula
2401 3987 2594 4043 dicere
2611 3988 2724 4045 hoc
2756 3988 3104 4045 audendum
3135 3993 3263 4060 est),
3298 3989 3452 4044 sicut
3487 3989 3568 4044 ait

1914 4076 2254 4148 Apostolus,
2285 4076 2655 4133 infirmorum
2682 4077 3566 4149 onerasustinere(Rom.xv,l).

1914 4169 2109 4222 Frater
2135 4166 2481 4222 Timotheus
2520 4168 2653 4223 ideo
2686 4185 2807 4224 non
2840 4169 3075 4241 scripsit
3102 4168 3406 4225 Sanctitati
3434 4172 3568 4234 tua,

1911 4257 2055 4328 quia
2072 4255 2274 4311 omnia
2306 4272 2441 4327 qua
2457 4262 2620 4327 gesta
2638 4263 2775 4313 sunt
2792 4263 3033 4314 sanctus
3047 4257 3224 4313 frater
3239 4263 3375 4313 tuus
3394 4256 3571 4327 signi-

1913 4346 2129 4400 ﬁcavit.
2164 4346 2386 4401 Memor
2404 4347 2610 4413 nostri,
2642 4346 2700 4402 in
2726 4347 2981 4402 Domino
3013 4346 3299 4416 glorieris.
3327 4345 3569 4401 domine

1913 4433 2253 4489 beatissime
2284 4440 2338 4490 et
2380 4434 2795 4491 venerabiliter
2820 4435 3170 4490 charissime
3211 4439 3267 4489 et
3298 4434 3570 4489 sinceris-

1913 4522 2061 4578 sime
2093 4522 2289 4578 frater.

2396 4612 2735 4668 EPISTOLA
2775 4612 2932 4668 LXIII
2972 4613 3075 4684 (α).

1910 4703 2171 4758 Rursum
2226 4703 2297 4757 de
2339 4704 2638 4759 Timotheo
2668 4703 2771 4774 qui
2801 4708 3111 4773 postquam
3147 4704 3414 4771 jurasset
3445 4719 3505 4759 se
3529 4717 3566 4759 a

1982 4792 2197 4849 Severo
2211 4808 2325 4849 non
2350 4808 2738 4857 recessurum,
2769 4792 3084 4847 ordinatus
3102 4791 3307 4861 fuerat
3331 4791 3568 4847 subdia-

1983 4897 2163 4937 conus
2176 4883 2341 4952 apud
2352 4882 2684 4939 Subsanam
2703 4884 2760 4937 in
2780 4882 3017 4939 diacesi
3030 4881 3399 4951 Hipponensi
3420 4902 3438 4937 :
3458 4883 3567 4936 hoc

1983 4980 2203 5041 prater
2223 4989 2390 5030 suam
2409 4974 2772 5030 voluntatem
2792 4975 3023 5044 factum
3041 4988 3159 5028 esse
3180 4977 3432 5027 testatur
3452 4970 3496 5023 Α
3510 4986 3571 5023 u-

1983 5062 2281 5132 gustinus;
2305 5064 2670 5119 Timotheum
2688 5070 2883 5119 tamen
2899 5078 3067 5133 quem
3085 5061 3165 5116 ad
3189 5060 3466 5115 Severum
3482 5073 3566 5113 re-

1986 5152 2115 5207 dire
2132 5153 2607 5217 voluz't,declarat
2630 5152 2863 5208 lectoris
2878 5152 3076 5221 officio
3081 5150 3207 5219 jam
3225 5154 3362 5203 ante
3387 5161 3570 5216 pras-

1989 5244 2033 5297 ti
2039 5250 2158 5297 tum
2174 5242 2289 5310 ipsi
2304 5243 2731 5314 juramentum,
2746 5242 3021 5311 functum
3034 5240 3220 5308 fuisse
3238 5238 3294 5292 in
3311 5236 3569 5292 ecclesiis

1985 5332 2290 5389 dioeceseos
2306 5330 2990 5401 Hipponensis,udeoque
3001 5327 3052 5381 si
3057 5327 3110 5381 bi
3122 5326 3539 5383 remittendum
3551 5367 3564 5381 .

1981 5440 1991 5468 ¹
2029 5439 2187 5497 Lov.,
2226 5443 2271 5486 et
2303 5438 2549 5493 tollenda,
2570 5438 2634 5485 At
2655 5436 2810 5492 Mss.,
2844 5440 2888 5485 et
2916 5434 3203 5483 toleranda.

1981 5502 2052 5562 (ο)
2083 5501 2226 5551 Alias
2256 5502 2348 5549 240
2382 5516 2393 5546 :
2422 5514 2537 5563 qua
2585 5502 2765 5547 autem
2812 5498 2872 5545 63
2917 5500 3053 5555 erat,
3088 5511 3230 5547 nunc
3257 5498 3331 5546 18.
3368 5498 3579 5562 Scripta

1916 5563 2080 5627 paulo
2104 5568 2228 5627 post
2257 5563 2601 5626 superiorem.
