4078 6166
465 172 564 228 231

470 294 723 352 Domino
754 286 1121 349 beatissimo,
1152 286 1207 338 et
1245 273 1592 341 venerabili,
1626 275 1681 327 et
1711 265 2114 325 sincerissima

548 383 835 442 charitate
857 369 1272 447 amplectendo
1299 366 1459 423 fratri
1486 368 1542 420 et
1567 356 1986 447 consacerdoti
2013 356 2116 411 Se-

542 488 708 536 veno,
743 476 798 525 et
825 467 926 539 qui
955 446 1315 520 tecum'sunt
1339 454 1641 517 fratribus,
1666 446 2031 513 Aucusriaus,
2061 448 2118 499 et

541 561 744 619 fratres
773 537 877 629 qui
910 567 1145 609 mecum
1171 552 1329 613 sunt,
1362 545 1421 601 in
1454 541 1708 599 Domino
1731 537 2007 593 salutem.

543 680 595 732 1.
630 676 685 733 Si
716 673 915 729 dicam
947 684 1083 743 quae
1110 665 1351 736 meipsa
1382 674 1562 717 causa
1585 656 1744 726 cogit
1766 654 1984 717 dicere,

470 768 578 824 erit
602 760 937 821 sollicitudo
950 737 1293 814 charitatis?
1318 751 1591 807 Siautem
1619 761 1741 801 non
1768 744 1989 807 dicam,
2016 737 2117 793 ubi

470 858 581 913 erit
606 854 847 911 libertas
874 846 1149 905 amicitias
1166 844 1193 898 ?
1215 842 1635 897 Verumtamen
1650 834 1944 890 ﬂuctuans
1971 830 2117 883 inte-

469 942 727 1013 rim,legi
760 956 855 996 me
882 950 1137 1010 purgare
1164 935 1361 1005 potius
1382 942 1564 1001 quam
1582 930 1634 980 te
1650 918 2119 1013 arguerescrip-

468 1006 601 1089 sisti
616 1006 906 1093 teinirari,
926 1042 1035 1081 uos
1054 1039 1189 1079 cum
1202 1020 1408 1075 dolore
1428 1020 1625 1071 nostro
1640 1012 1887 1068 tolerare
1902 1006 2119 1063 voluis-

472 1139 554 1189 se,
578 1120 741 1194 quod
764 1115 1123 1175 correctione
1140 1106 1445 1167 emendari
1460 1104 1754 1177 potuisset
1808 1097 1980 1171 quasi
1998 1111 2115 1151 non

471 1188 1003 1278 sintdolendaquee
1031 1201 1184 1257 male
1206 1199 1361 1254 facta
1379 1198 1540 1262 sunt,
1565 1188 1796 1248 etiamsi
1821 1192 2116 1278 quantum

467 1273 948 1374 possunt,postea
962 1290 1336 1359 corriguntur
1354 1289 1474 1351 ;aut
1491 1297 1611 1337 non
1625 1279 1685 1335 id
1703 1276 1961 1334 maxime
1975 1273 2119 1374 tolm

468 1364 724 1445 randum
746 1364 849 1451 sit,
873 1381 1037 1455 quod
1068 1395 1206 1435 cum
1224 1374 1601 1430 manifestum
1619 1370 1688 1425 sit
1710 1381 2023 1440 perperam
2042 1364 2120 1418 fa-

471 1474 787 1541 ctum,ﬁeri
804 1451 919 1528 non
938 1468 1123 1543 possit
1138 1464 1443 1523 infectum.
1463 1462 1667 1517 Desine
1682 1457 1880 1529 itaque
1895 1451 2115 1517 mirari,

470 1568 650 1623 frater
663 1542 1081 1619 sincerissime.
1117 1560 1264 1612 Nam
1278 1553 1589 1609 ordinatus
1612 1554 1702 1603 est
1725 1546 1883 1617 apud
1900 1542 2120 1599 Subsa-

472 1671 615 1711 nam
648 1651 1057 1707 subdiaconus
1074 1644 1435 1707 Timotheus,
1468 1644 1677 1711 praeter
1700 1650 1900 1690 meum
1929 1630 2120 1687 cousi-

472 1744 618 1799 lium
634 1748 690 1798 et
704 1740 1071 1797 voluntatem
1086 1752 1101 1801 ;
1118 1749 1253 1789 cum
1268 1729 1414 1803 quid
1428 1727 1611 1783 deillo
1625 1723 1926 1796 agendum
1941 1723 2116 1783 esset,

471 1833 671 1890 adhuc
696 1832 847 1884 inter
872 1832 1106 1883 nostras
1138 1823 1392 1878 alternas
1420 1816 1740 1873 sententias
1772 1809 2118 1867 deliberatio

471 1918 881 1980 nutaret.Ecce
903 1916 1101 1971 adhuc
1126 1906 1604 1982 doleo,quamvis
1612 1904 1739 1975 jam
1762 1901 1840 1959 ad
1857 1904 1912 1955 te
1938 1897 2120 1954 redie-

470 2011 578 2078 rit;
610 2010 669 2065 in
700 2024 822 2082 quo
849 2022 957 2061 nos
984 2012 1092 2060 tuae
1113 1997 1405 2058 voluntati
1421 1996 1690 2070 paruisse
1714 2008 1831 2048 non
1850 1989 2117 2063 poenitet.

541 2104 594 2155 2.
624 2097 773 2154 Audi
807 2097 984 2152 etiam
1018 2093 1159 2165 quid
1184 2087 1588 2159 objurgando,
1616 2084 1762 2157 quid
1790 2082 2116 2147 monendo,

469 2188 615 2263 quid
644 2185 875 2243 orando
902 2180 1356 2244 correxerimus,
1380 2182 1435 2232 et
1455 2182 1779 2247 antequam
1804 2173 1942 2228 hinc
1965 2179 2122 2229 esset

470 2262 768 2351 profectus
798 2290 811 2340 ;
835 2290 909 2329 ne
932 2272 1132 2328 adhuc
1158 2274 1475 2341 propterea
1499 2265 1766 2319 videatur
1795 2263 1895 2319 tibi
1918 2262 2063 2318 nihil
2086 2279 2122 2319 a

474 2366 647 2422 nobis
662 2362 993 2420 tuncfuisse
1007 2357 1506 2427 correctum,quia
1519 2352 1791 2409 nondum
1807 2353 1883 2407 ad
1909 2369 2011 2408 vos
2034 2353 2116 2423 ip-

472 2471 534 2511 se
557 2454 829 2511 redierat.
859 2448 1250 2521 Objurgando
1274 2445 1662 2509 correximus,
1696 2442 1891 2515 primo
1920 2442 2117 2513 ipsum

472 2544 574 2617 qui
592 2542 693 2599 tibi
707 2557 825 2596 non
840 2535 1246 2611 optemperavi
1258 2539 1363 2601 t,ut
1378 2531 1716 2588 inconsulto
1730 2530 1904 2586 fratre
1921 2532 2121 2586 Carce-

468 2632 654 2689 donio
672 2629 750 2685 ad
766 2635 928 2684 tuam
951 2626 1329 2683 Sanctitatem
1353 2627 1485 2677 ante
1502 2620 1934 2693 profisceretur,
1961 2619 2119 2675 unde

469 2721 639 2791 origo
664 2719 847 2790 hujus
878 2722 1099 2772 nostra:
1127 2710 1524 2769 tribulationis
1552 2714 1751 2765 exorta
1764 2714 1852 2765 est
1871 2725 1885 2775 ;
1904 2708 2120 2764 deinde

469 2810 887 2883 presbyterum
917 2811 971 2862 et
1004 2805 1307 2867 Verinum,
1344 2817 1449 2873 per
1472 2816 1625 2872 quos
1661 2799 2121 2855 utordinaretur

468 2898 695 2956 factum
714 2914 842 2953 esse
857 2893 1282 2967 comperimus.
1320 2892 1464 2946 Cum
1487 2888 1648 2945 enim
1678 2904 1889 2944 omnes
1917 2886 2115 2959 objur-

469 2987 755 3059 gantibus
769 2986 943 3042 nobis
960 2986 1090 3041 haec
1104 2982 1309 3039 omnia
1324 2996 1443 3035 non
1461 2984 1616 3035 recte
1645 2979 1801 3034 facta
1827 2994 1955 3034 esse
1982 2994 2120 3034 con-

469 3078 606 3135 fessi
637 3081 803 3145 sunt,
825 3081 955 3132 etut
970 3074 1081 3130 sibi
1096 3074 1503 3143 ignosceretur
1525 3075 1920 3138 rogaverunt;
1942 3068 2119 3124 nimis

466 3167 723 3240 superbe
745 3181 1083 3236 ageremus,
1118 3161 1166 3217 si
1198 3176 1317 3216 non
1344 3159 1725 3215 crederemus
1753 3174 1880 3213 esse
1895 3174 2119 3213 correc-

466 3261 581 3313 tos.
614 3257 814 3329 Neque
828 3254 987 3310 enim
1004 3267 1177 3321 agere
1195 3253 1467 3322 poterant
1486 3253 1547 3303 ut
1573 3248 1726 3303 facta
1749 3263 1869 3303 non
1892 3252 2115 3319 essent;

465 3347 571 3401 sed
603 3360 711 3400 nec
736 3360 846 3400 nos
868 3341 1029 3398 aliud
1060 3337 1436 3411 obiurgando
1458 3337 1813 3406 agebamus,
1839 3336 1951 3390 nisi
1975 3340 2037 3390 ut
2054 3352 2118 3390 se

466 3434 624 3490 male
649 3434 842 3503 egisse
864 3432 1287 3502 cognoscerent
1313 3432 1367 3482 et
1393 3425 1676 3481 dolerent.
1703 3425 1993 3481 Monendo
2017 3441 2118 3480 au-

464 3528 583 3579 tem
604 3521 987 3584 correximus,
1016 3518 1207 3589 primo
1220 3520 1523 3580 omnes,ut
1546 3514 1827 3586 deinceps
1844 3513 1981 3569 talia
1997 3530 2117 3569 non

464 3610 853 3675 auderent,ne
871 3609 1019 3663 iram
1033 3606 1129 3662 Dei
1144 3605 1552 3678 experirentur
1569 3603 1804 3659 :deinde
1823 3604 2117 3675 praecipue

460 3698 831 3756 Timotheum
859 3696 997 3769 ;qui
1038 3695 1163 3751 sola
1184 3694 1484 3766 juratione
1516 3708 1577 3747 se
1604 3691 1733 3761 cogi
1768 3691 2000 3747 dicebat
2040 3691 2116 3747 ad

462 3794 628 3847 tuam
644 3804 887 3861 pergere
910 3785 1269 3843 Charitatem
1289 3800 1303 3850 ;
1322 3789 1383 3838 ut
1413 3783 1461 3837 si
1486 3782 1779 3837 Sanctitas
1809 3786 1932 3847 tua,
1951 3781 2117 3855 quod

459 3879 586 3936 fore
603 3878 1019 3951 sperabamus,
1048 3874 1435 3931 considerans
1448 3887 1582 3943 quae
1609 3870 2118 3928 simullocutifue-

459 3970 670 4034 rimus,
706 3964 1332 4040 propterinﬁrmorum
1356 3962 1727 4025 scandalum,
1762 3978 1868 4033 pro
1894 3962 2116 4033 quibus

464 4057 727 4114 Christus
760 4061 1034 4111 mortuus
1065 4058 1155 4109 est
1185 4059 1241 4108 et
1272 4057 1514 4123 propter
1555 4051 1821 4106 Ecclesia:
1854 4051 2114 4123 discipli-

462 4162 626 4213 nam,
655 4160 841 4217 quam
855 4142 1182 4216 periculose
1200 4140 1528 4209 negligunt,
1558 4140 1847 4211 quoniam
1872 4141 1966 4196 hic
1986 4141 2113 4211 jam

460 4235 641 4291 lector
654 4250 786 4289 esse
798 4229 1271 4305 cmperatmolles
1289 4245 1426 4283 eum
1446 4244 1573 4283 esse
1587 4234 1782 4283 tecum
1803 4229 1952 4299 ;jam
1967 4230 2115 4285 liber

461 4340 498 4382 a
524 4322 755 4380 vinculo
772 4320 1108 4393 jurationis,
1129 4317 1476 4390 aequissimo
1495 4317 1699 4372 animo
1719 4319 1835 4373 Deo
1853 4319 2111 4390 serviret,

461 4414 557 4470 cui
585 4429 793 4469 sumus
838 4412 1129 4467 rationem
1170 4413 1511 4464 nostrorum
1534 4413 1772 4462 actuum
1807 4407 2113 4467 reddituri.

462 4507 661 4577 Ipsum
685 4517 925 4575 quoque
944 4500 1180 4555 fratrem
1213 4496 1665 4563 Carcedonium,
1689 4501 1983 4569 quantum
2010 4514 2117 4570 po-

458 4594 703 4657 tuimus,
726 4590 1030 4647 monendo
1042 4589 1118 4645 ad
1132 4589 1240 4644 hoc
1253 4586 1742 4659 perduxeramus,
1763 4592 1822 4641 ut
1847 4590 1903 4642 et
1932 4588 2114 4644 etiam

458 4681 587 4754 ipse
626 4681 1064 4753 patientissime
1100 4678 1392 4748 acciperet
1430 4675 1719 4748 quidquid
1750 4676 1824 4732 de
1856 4676 1955 4731 illo
1988 4677 2111 4733 ﬁeri

460 4770 888 4827 conservandae
929 4766 1340 4823 ecclesiastica:
1373 4763 1703 4835 disciplinae
1732 4766 1993 4836 provisio
2034 4769 2110 4831 et,

459 4860 787 4917 necessitas
802 4861 1035 4928 cogeret
1049 4854 1283 4910 Orando
1318 4857 1517 4908 autem
1536 4870 1983 4909 correxeramus
2002 4870 2111 4910 nos

457 4945 1260 5025 ipsos,utetgubernationes
1274 4947 1329 4997 et
1346 4942 1535 4997 exitus
1553 4946 1891 4999 nostrorum
1923 4945 2114 4999 consi-

461 5039 678 5097 liorum
726 5032 1148 5093 misericordia?
1200 5032 1293 5087 Dei
1345 5031 1929 5097 commendaremus,
1964 5038 2019 5088 et
2061 5034 2109 5088 si

460 5130 605 5201 quid
663 5124 1087 5198 indignationis
1132 5140 1241 5177 nos
1306 5121 1729 5187 momorderat,
1789 5121 1901 5175 sub
1954 5122 2109 5177 illius

460 5218 875 5273 medicinalem
933 5216 1234 5270 dexteram
1282 5210 1683 5282 confugiendo
1736 5227 2107 5269 sanaremur.

461 5306 605 5359 Ecce
623 5323 808 5377 quam
833 5306 1037 5371 multa,
1065 5303 1276 5375 partim
1302 5299 1709 5370 objurgando.
1736 5300 1951 5371 partim
1986 5318 2109 5355 mo-

459 5393 682 5458 nendo,
726 5395 942 5465 partim
996 5391 1230 5448 orando
1276 5404 1749 5445 correxeramus.

529 5485 581 5538 3.
616 5483 682 5535 Et
708 5497 867 5537 nunc
888 5482 1331 5537 considerantes
1364 5477 1664 5534 vinculum
1688 5476 2012 5546 charitatis,
2048 5484 2109 5536 ut

456 5586 580 5631 non
622 5569 1051 5642 possideamur
1080 5586 1117 5627 a
1147 5574 1382 5635 satana,
1414 5583 1538 5625 non
1563 5567 1722 5624 enim
1753 5565 2105 5637 ignoramus

1744 142 1805 198 S.
1848 135 2231 196 AUGUSTINI
2274 132 2589 201 EPISCOPI

3767 128 3884 184 232

2226 266 2454 317 mentes
2468 258 2772 332 ejus,quid
2794 258 2955 315 aliud
2986 257 3179 314 facere
3191 255 3505 314 debuimus
3522 256 3635 312 nisi
3648 255 3897 313 obtem-

2225 365 2432 423 perare
2466 348 2747 405 voluntati
2781 354 2912 416 tuae,
2938 347 3040 419 qui
3065 360 3187 403 non
3220 345 3434 418 putasti
3455 345 3621 418 quod
3651 344 3888 402 factum

2224 442 2314 496 est
2335 438 2549 508 corrigi
2574 438 2865 511 potuisse,
2899 437 3010 492 nisi
3042 437 3189 508 ipse,
3223 436 3283 491 in
3312 450 3435 507 quo
3463 435 3564 491 tibi
3594 434 3889 506 injuriam

2224 530 2443 586 factam
2471 543 2600 584 esse
2626 526 3029 600 conquereris,
3049 526 3169 596 juri
3198 530 3299 581 tuo
3329 524 3675 581 redderetur
3714 523 3743 579 ‘t
3765 526 3891 581 Hoc

2225 619 2401 675 etiam
2419 617 2597 673 frater
2612 618 2742 690 ipse
2758 615 3181 680 Carcedonius,
3208 615 3487 687 quamvis
3512 629 3633 669 non
3652 613 3891 685 postle-

2225 724 2360 764 vem
2375 707 2559 764 animi
2582 705 3482 779 perturbationem,dequapeto
3515 708 3575 760 ut
3604 719 3738 760 ores
3772 719 3889 775 pro

2225 797 2346 862 illo,
2383 802 2583 854 tamen
2615 796 2910 854 Christum
2944 796 3002 851 in
3033 800 3085 851 te
3124 794 3423 865 cogitans,
3457 793 3885 866 aequanimiter

2227 887 2379 943 fecit.
2403 889 2468 941 Et
2493 902 2628 942 cum
2646 886 2845 941 adhuc
2866 889 3206 955 ego,utrum
3229 882 3393 956 apud
3416 899 3525 939 nos
3543 886 3888 937 remorante

2226 974 2705 1039 Timotheo,alias
2727 974 2802 1031 ad
2822 979 2988 1030 tuam
3009 973 3477 1029 Germanitatem
3495 971 3718 1027 litteras
3745 970 3889 1026 mit-

2226 1069 2431 1130 terem,
2472 1064 2858 1135 cogitandum
2892 1069 3163 1136 putarem
3196 1080 3211 1131 ;
3245 1062 3461 1118 veritus
3492 1066 3578 1117 est
3608 1061 3737 1132 ipse
3769 1076 3881 1131 pa-

2227 1160 2455 1211 ternam
2487 1154 2954 1211 commotionem
2983 1155 2999 1189 ¹
3037 1158 3201 1209 tuam
3231 1173 3244 1220 ;
3278 1157 3334 1207 et
3362 1150 3627 1225 praecidit
3657 1149 3888 1206 delibe-

2224 1245 2517 1301 rationem
2552 1260 2772 1310 meam,
2798 1258 2919 1298 non
2951 1242 3146 1298 solum
3172 1242 3394 1310 sinens,
3423 1240 3529 1296 sed
3558 1240 3736 1297 etiam
3764 1240 3891 1295 ins-

2230 1342 2361 1391 tans
2393 1339 2456 1389 ut
2480 1333 2578 1390 tibi
2612 1333 2952 1389 Timotheus
2974 1332 3335 1388 redderetur.

2296 1424 2477 1493 4.Ego
2494 1422 2900 1488 autem,frater
2921 1424 3153 1487 Severe,
3175 1436 3422 1479 causam
3444 1436 3637 1476 meam
3653 1418 3888 1490 judicio

2230 1518 2332 1569 tuo
2358 1512 2611 1569 dimitto.
2634 1514 2835 1567 Certus
2858 1529 2995 1568 sum
3028 1512 3186 1567 enim
3206 1511 3504 1567 Christum
3534 1508 3806 1565 habitare
3826 1507 3887 1563 in

2228 1603 2406 1659 corde
2436 1608 2538 1658 tuo
2573 1618 2587 1669 ;
2611 1618 2717 1673 per
2742 1617 2924 1674 quem
2949 1606 2999 1657 te
3017 1600 3268 1657 obsecro
3285 1598 3552 1671 utipsum
3578 1597 3884 1662 consulas,

2229 1698 2342 1748 tuae
2368 1692 2546 1747 menti
2568 1691 2680 1746 sibi
2705 1690 2959 1746 subditae
2976 1688 3417 1762 praesidentem,
3448 1694 3646 1743 utrum
3667 1688 3879 1751 homo,

2226 1782 2329 1855 qui
2348 1782 2406 1837 in
2432 1780 2679 1837 ecclesia
2697 1796 2845 1835 meae
2858 1778 3292 1851 dispensationi
3306 1776 3669 1848 creditajam
3688 1774 3886 1845 legere

2228 1875 2504 1943 coeperat,
2538 1877 2592 1925 et
2616 1886 2738 1925 non
2774 1869 2979 1933 semel,
3023 1867 3128 1923 sed
3159 1868 3372 1924 iterum
3409 1870 3463 1922 et
3493 1865 3680 1931 tertio,
3708 1863 3885 1937 apud

2228 1960 2573 2015 Subsanam
2591 1964 2644 2015 et
2669 1958 3021 2032 presbytero
3042 1956 3444 2014 Subsanensis
3473 1954 3748 2011 Ecclesia:
3778 1970 3887 2010 co-

2228 2050 2489 2118 mitatus,
2514 2054 2569 2106 et
2585 2050 2746 2121 apud
2764 2050 3055 2116 Turres,et
3075 2046 3238 2119 apud
3258 2048 3431 2103 Cizan
3450 2050 3470 2082 ²
3488 2048 3543 2101 et
3558 2043 3719 2116 apud
3744 2047 3881 2100 Ver-

2228 2139 2378 2196 balis
2400 2144 2747 2209 egerat,non
2767 2137 2946 2193 fuisse
2965 2136 3146 2192 lector
3167 2135 3351 2208 possit
3373 2140 3473 2191 aut
3492 2133 3707 2190 debeat
3720 2134 3882 2206 judi-

2228 2230 2348 2285 cari
2376 2230 2479 2300 (a).
2523 2231 2587 2284 Et
2640 2229 2791 2283 sicut
2821 2243 2944 2291 nos,
3002 2227 3166 2298 quod
3207 2229 3419 2297 postea
3456 2223 3629 2279 nobis
3677 2222 3880 2279 invitis

2227 2317 2453 2375 factum
2475 2322 2582 2383 est,
2611 2317 2984 2388 Deojubente
3009 2315 3375 2371 correximus
3407 2313 3520 2379 ;sic
3545 2318 3602 2369 et
3623 2317 3685 2368 tu
3709 2312 3883 2384 quod

2227 2407 2395 2480 prius
2414 2413 2467 2463 te
2485 2408 2780 2463 nesciente
2803 2407 3025 2461 factum
3054 2404 3376 2472 est,eodem
3398 2402 3645 2475 jubente
3674 2402 3883 2457 simili-

2227 2503 2315 2552 ter
2328 2495 2787 2568 corrige.Neque
2800 2495 2958 2550 enim
2975 2509 3179 2549 vereor
3193 2498 3340 2549 netu
3356 2509 3569 2564 parum
3586 2490 3884 2561 intelligas

2228 2592 2490 2660 quantus
2524 2587 2719 2642 aditus
2744 2586 3006 2657 aperitur
3028 2584 3105 2639 ad
3132 2582 3577 2639 dissolvendum
3602 2580 3881 2637 ordinem

2228 2677 2650 2733 Ecclesiasticae
2664 2674 3068 2746 disciplinae,si
3084 2673 3323 2730 alterius
3342 2671 3610 2727 Ecclesiae
3632 2669 3884 2726 clericus

2226 2766 2584 2838 cuicumque
2601 2764 2889 2835 juraverit
2908 2762 3071 2836 quod
3095 2761 3167 2818 ab
3198 2762 3332 2834 ipso
3354 2776 3473 2816 non
3515 2760 3592 2815 sit
3611 2775 3883 2816 recessu-

2227 2871 2349 2920 rus,
2384 2871 2516 2910 eum
2534 2870 2733 2909 secum
2758 2870 2886 2909 esse
2910 2853 3228 2925 permittat,
3261 2850 3396 2906 ideo
3420 2866 3482 2905 se
3504 2849 3694 2905 facere
3718 2848 3884 2904 afﬁr-

2228 2961 2425 3011 mans,
2450 2960 2524 2999 ne
2546 2949 2753 3000 auctor
2775 2944 2849 2998 sit
2868 2941 2994 3013 ejus
3022 2940 3267 3013 perjurii
3291 2959 3305 3007 ;
3326 2955 3463 2995 cum
3488 2938 3753 3011 profecto
3773 2938 3884 3011 qui

2227 3035 2341 3090 hoc
2374 3050 2493 3089 non
2517 3034 2684 3099 sinet,
2702 3047 2810 3087 nec
2832 3031 2994 3086 illum
3020 3030 3181 3102 apud
3200 3031 3391 3103 ipsum
3417 3044 3727 3083 remanere
3744 3043 3884 3100 per-

2226 3123 2583 3195 mittet,quia
2601 3122 2673 3176 de
2689 3136 2897 3186 se,non
2913 3120 2986 3175 de
2999 3120 3391 3190 alterojurare
3402 3119 3612 3189 potuit,
3632 3116 3763 3188 ipse
3778 3132 3887 3189 pa-

2227 3213 2450 3269 cificam
2469 3211 2729 3282 regulam
2744 3210 2867 3265 sine
2882 3209 3078 3281 aliqua
3091 3208 3543 3280 reprehensione
3557 3206 3883 3263 custodiat.

2728 3298 3063 3356 EPISTOLA
3082 3297 3235 3353 LXIV
3270 3297 3381 3369 '(b)

2228 3392 2599 3463 Augustinus
2616 3390 3149 3458 Quintiano,ipsum
3182 3387 3263 3443 ad
3282 3384 3633 3456 patientiam
3657 3385 3885 3442 adhor-

2303 3488 2438 3538 tans
2464 3488 2514 3537 et
2546 3480 2795 3535 Aurelio
2817 3480 3085 3547 epist-apo
3126 3477 3573 3533 reconciliatum
3615 3475 3889 3544 cupiens,

2302 3585 2604 3643 agensque
2633 3570 2706 3626 de
2737 3567 3079 3624 Privatione
3121 3581 3292 3638 quem
3324 3565 3427 3622 ille
3463 3580 3584 3621 sua:
3614 3564 3895 3620 Ecclesiae

2303 3660 2585 3717 clericum
2627 3658 2985 3729 querebatur
3011 3657 3075 3711 in
3108 3655 3532 3712 monasterium
3564 3655 3901 3725 Augustini

2298 3755 2631 3819 susceptum
2653 3749 2858 3817 fuisse.

2228 3841 2481 3898 Domino
2514 3837 2900 3894 dilectissimo
2932 3835 3167 3893 fratriet
3197 3834 3689 3906 compresbytero
3717 3834 3891 3899 Qum-

2438 3917 3078 3988 TlANO,AUGUSTINUS,iO
3114 3915 3367 3970 Domino
3387 3915 3663 3972 salutem.

2302 4028 2348 4075 t.
2378 4022 2492 4076 Nos
2526 4032 2646 4073 non
2677 4015 3076 4086 dedignamur
3103 4012 3364 4084 aspicere
3395 4028 3649 4084 corpora
3675 4010 3883 4067 minus

2225 4109 2495 4181 pulchra,
2530 4107 2857 4178 praesertim
2898 4120 3037 4159 cum
3062 4103 3207 4174 ipsa:
3232 4102 3451 4158 animai
3477 4108 3695 4157 nostra;
3729 4116 3886 4157 non-

2198 4198 2369 4253 ‘dum
2384 4196 2649 4269 pulchrae
2663 4197 2797 4258 sint,
2828 4192 2981 4248 sicut
3003 4208 3105 4248 eas
3127 4192 3352 4246 futuras
3380 4206 3714 4263 speramus,
3735 4207 3883 4247 cum

2208 4278 2318 4343 ille
2358 4284 2739 4341 ineﬂ‘abiliter
2778 4280 3211 4354 pulchernobis
3244 4280 3667 4352 apparuerit,in
3689 4295 3881 4352 quem

2226 4376 2406 4433 modo
2440 4391 2557 4430 non
2578 4373 2849 4429 videntes
2869 4372 3204 4427 credimus:
3238 4374 3380 4425 tunc
3400 4370 3560 4426 enim
3575 4369 3802 4425 similes
3823 4370 3883 4427 ei

2223 4463 2716 4537 erimus,quando
2730 4460 3066 4517 videbimus
3079 4476 3216 4515 eum
3233 4460 3402 4515 sicuti
3416 4464 3501 4515 est
3514 4460 3711 4529 (Joan.
3728 4461 3882 4530 111,2)

2223 4556 2390 4621 Quod
2404 4560 2459 4609 et
2474 4560 2531 4609 tu
2546 4554 2620 4608 de
2634 4553 2836 4607 anima
2850 4557 2970 4616 tua,
2999 4550 3047 4604 si
3062 4548 3313 4605 libenter
3328 4549 3650 4604 etfraterne
3665 4564 3758 4604 me
3782 4564 3887 4605 ac-

2222 4644 2719 4716 cipis,admonem
2730 4658 2797 4695 us
2812 4646 2875 4696 ut
2887 4641 3127 4705 sentias,
3144 4655 3250 4695 nec
3262 4637 3538 4694 eamdem
3560 4636 3883 4709 pulchram

2220 4749 2348 4789 esse
2364 4747 2712 4804 prmsumas,
2743 4730 2845 4785 sed
2863 4727 3379 4801 quemadmodum
3394 4726 3713 4799 Apostolus
3727 4742 3888 4800 pra:-

2220 4822 2448 4893 cipit,in
2462 4836 2569 4893 spe
2583 4820 2869 4891 gaudeas,
2884 4819 3111 4890 etquod
3125 4818 3390 4889 sequitur
3406 4816 3702 4887 facias;sic
3714 4819 3883 4874 enim

2219 4910 2378 4976 dicit,
2411 4910 2517 4982 Spe
2536 4909 2942 4980 gaudentes,in
2965 4908 3355 4963 tribulatione
3377 4906 3667 4976 patientes
3685 4906 3880 4977 (Rom.

2304 5021 2318 5051 ¹
2342 5018 2489 5073 Lov.,
2508 5017 2970 5066 commonitionem.
3017 5015 3142 5064 Mss.
3173 5028 3378 5070 omnes,
3406 5014 3811 5063 commotionem.

2278 5084 2297 5113 ²
2332 5080 2388 5128 In
2424 5081 2579 5129 veteri
2612 5080 2793 5129 codice
2823 5079 2997 5135 Corb.,
3032 5078 3214 5128 Cizau.

2279 5144 2307 5174 ³⁸
2360 5142 2523 5206 Epist.
2558 5142 2719 5192 LXIV
2754 5144 2805 5191 et
2843 5142 2972 5189 LXV
2999 5141 3063 5190 ad
3109 5139 3262 5190 Corb.
3308 5139 3375 5189 ad
3400 5139 3536 5189 duos
3566 5138 3681 5188 Vat.
3720 5142 3775 5189 et
3811 5140 3883 5189 ad

2218 5205 2343 5254 Lov.
2372 5205 2658 5267 recognitm
2693 5208 2834 5252 sunt.

2277 5270 2350 5329 (a)
2382 5268 2434 5315 ld
2473 5263 2671 5329 negotii
2694 5267 2905 5315 videtur
2934 5266 3221 5327 prmbuisse
3256 5276 3475 5315 causam
3510 5263 3702 5329 edendi
3732 5263 3887 5314 illius

2217 5326 2440 5379 cananis
2455 5332 2507 5378 in
2529 5326 3141 5385 concil.Milevitano,die
3161 5330 3219 5376 2'7
3237 5328 3554 5391 aug.an.£02
3577 5326 3843 5391 celebrato
3866 5344 3881 5377 :

2219 5409 2244 5439 α
2276 5393 2342 5441 Ut
2365 5393 2705 5456 quicumque
2749 5394 2802 5440 in
2850 5393 3081 5441 Ecclesia
3116 5391 3193 5440 vel
3231 5388 3395 5440 semel
3430 5390 3635 5453 legerit.
3674 5388 3741 5438 ab
3775 5389 3890 5440 alia.

2217 5472 2242 5501 σ
2270 5455 2490 5505 ecclesia
2508 5455 2894 5504 non’teneatur.
2930 5470 2953 5501 ι

2282 5518 2350 5579 (b)
2387 5518 2529 5567 Alias
2568 5519 2672 5581 7235
2704 5532 2715 5566 :
2744 5532 2863 5581 quae
2912 5520 3093 5581 autem
3127 5518 3184 5581 6t
3216 5519 3345 5573 erat,
3382 5528 3526 5565 nunc
3555 5516 3632 5563 22.
3669 5514 3889 5579 Scripta

2217 5582 2382 5644 paulo
2401 5584 2519 5645 post
2537 5580 2778 5632 Natalem
2800 5580 3008 5636 Christi,
3041 5593 3127 5629 an.
3156 5580 3264 5629 401.
