4040 6174
113 258 196 305 tuas
212 247 403 303 litteras
424 256 584 299 meas
619 260 633 310 ;
661 236 789 308 sed,
819 243 987 315 quod
1011 244 1212 301 adhuc
1241 243 1532 313 rescripta
1549 254 1671 297 non

108 336 258 401 merui,
289 347 651 404 nequaquam
684 330 1108 402 imputaverim
1146 332 1447 389 dilectioni
1490 336 1604 384 tuae
1657 343 1669 382 :

103 424 267 497 aliquid
285 421 467 493 procul
493 420 677 475 dubio
692 419 1107 492 impedimenti
1131 421 1255 478 fuit.
1275 424 1438 478 Unde
1461 433 1676 489 agnos-

101 530 198 571 coa
229 527 308 568 me
336 510 641 566 Dominum
685 510 887 582 potius
919 510 1391 582 deprecandum,
1442 513 1506 563 ut
1561 513 1674 562 tua:

97 600 425 659 voluntatidet
446 598 780 654 facultatem
797 600 1063 655 mittendi
1085 598 1249 672 quod
1269 596 1671 669 rescripseris:

98 707 201 747 nam
221 687 552 745 rescribendi
573 691 705 757 jam
732 686 896 745 dedit
924 688 1091 761 quia,
1123 704 1262 744 cum
1292 686 1567 750 volueris,
1594 684 1677 741 fa-

97 780 260 836 cillime
275 778 497 848 poteris.

146 867 645 924 CAP.ll.—3.Etiam
658 867 874 933 hoc,ad
893 883 987 922 me
1001 883 1144 924 sane
1158 867 1676 939 perlatum,utrum

91 957 283 1031 quidem
300 956 590 1011 crederem
608 955 907 1021 dubitavi;
929 956 1030 1011 sed
1048 957 1187 1012 hinc
1199 972 1439 1029 quoque
1458 954 1565 1009 tibi
1580 953 1679 1009 ali-

94 1046 200 1119 quid
219 1051 391 1101 utrum
406 1045 747 1115 scriberem,
772 1044 1045 1101 dubitare
1063 1061 1185 1101 non
1202 1044 1382 1100 debui
1411 1066 1422 1098 :
1442 1043 1557 1100 hoc
1578 1059 1679 1099 au-

92 1141 176 1191 tem
191 1134 333 1190 brevi
355 1140 699 1203 suggestum
721 1150 847 1189 esse
861 1134 1140 1190 Charitati
1158 1140 1271 1190 tute
1284 1150 1319 1189 a
1333 1133 1533 1189 nescio
1551 1131 1681 1203 qui-

91 1224 172 1278 bus
190 1223 462 1286 tratribus,
490 1223 631 1278 mihi
649 1222 876 1279 dictum
902 1228 1008 1287 est,
1034 1224 1198 1295 quod
1224 1222 1443 1278 librum
1473 1221 1682 1277 adver-

90 1327 163 1366 sus
177 1318 217 1367 te
236 1311 584 1382 scripserim,
612 1313 984 1382 Romamque
1012 1312 1296 1367 miserim.
1321 1310 1443 1366 Hoc
1463 1309 1679 1365 falsum

89 1419 182 1459 esse
209 1401 420 1455 noveris
449 1417 464 1469 ;
502 1400 688 1455 Deum
730 1403 1005 1455 nostrum
1041 1406 1245 1469 testor,
1273 1400 1389 1456 hoc
1424 1414 1519 1455 me
1558 1412 1680 1453 non

90 1491 263 1547 fecisse.
286 1488 391 1544 Sed
411 1489 456 1542 si
480 1488 628 1546 forte
644 1487 847 1560 aliqua
867 1488 927 1543 in
950 1488 1252 1559 aliquibus
1271 1488 1505 1560 scriptis
1532 1484 1681 1542 meis

88 1579 417 1651 reperiuntur,
450 1577 512 1632 in
533 1576 751 1650 quibus
776 1577 943 1633 aliter
981 1577 1208 1649 aliquid
1234 1593 1418 1650 quam
1455 1583 1515 1633 tu
1544 1591 1683 1631 sen-

91 1666 464 1738 sissereperiar,
494 1682 617 1722 non
643 1673 851 1722 contra
876 1666 1193 1731 tedictum,
1218 1667 1324 1721 sed
1350 1665 1515 1739 quod
1535 1664 1682 1721 mihi

90 1756 340 1815 videbatur
367 1772 403 1810 a
432 1772 529 1812 me
560 1755 847 1827 scriptum
873 1771 1029 1822 esse,
1072 1762 1217 1827 puto
1258 1760 1310 1812 te
1336 1754 1554 1810 debere
1587 1769 1682 1809 co-

90 1861 355 1914 gnoscere;
385 1850 487 1902 aut
527 1844 576 1899 si
601 1845 886 1913 cognosci
917 1860 1037 1900 non
1062 1849 1271 1916 potest,
1305 1844 1564 1899 credere.
1599 1844 1683 1898 lta

89 1950 197 1990 sane
213 1935 313 1991 hoc
333 1934 605 1997 dixerim,
636 1940 696 1989 ut
723 1949 836 2001 ego
861 1948 983 1988 non
1015 1939 1245 1989 tantum
1272 1932 1683 2004 paratissimus

90 2023 186 2085 sim,
220 2022 261 2077 si
297 2022 433 2093 quid
471 2027 531 2078 te
562 2023 618 2076 in
654 2023 802 2077 meis
838 2022 1071 2092 scriptis
1108 2022 1376 2087 moverit,
1426 2020 1683 2076 fraterne

90 2110 299 2183 accipere
326 2110 470 2183 quid
511 2116 721 2169 contra
750 2110 996 2180 sentias,
1049 2116 1151 2166 aut
1198 2110 1273 2166 de
1320 2111 1683 2165 correctione

90 2216 205 2263 mea,
231 2207 321 2255 aut
339 2200 410 2254 de
437 2200 574 2272 ipsa
598 2205 705 2257 tua
730 2199 1139 2257 benevolentia
1170 2200 1518 2268 gravisurus
1552 2215 1566 2264 ;
1592 2214 1683 2254 ve-

89 2303 184 2342 rum
208 2289 366 2343 etiam
398 2288 516 2347 hoc
548 2304 583 2344 a
615 2293 671 2343 te
701 2287 1021 2359 postulem,
1055 2294 1112 2343 et
1149 2287 1434 2357 ﬂagitem.

138 2381 177 2431 3.
206 2378 242 2432 Ο
266 2381 310 2432 si
332 2376 617 2442 licuisset,
650 2376 760 2432 etsi
786 2392 906 2434 non
932 2376 1335 2443 cohabitante,
1364 2378 1573 2432 saltem
1601 2378 1683 2431 vi-

89 2464 188 2521 cino
207 2471 251 2521 te
269 2467 322 2521 iu
346 2466 603 2523 Domino
636 2465 855 2537 perfrui
883 2466 961 2523 ad
989 2466 1266 2525 crebrum
1288 2471 1346 2522 et
1365 2464 1538 2521 dulce
1568 2465 1683 2521 col-

88 2554 299 2627 loquium
330 2558 342 2613 l
372 2557 486 2614 Sed
518 2556 664 2628 quia
696 2555 756 2612 id
782 2571 902 2612 non
929 2561 1019 2611 est
1051 2556 1281 2621 datum,
1317 2563 1452 2627 peto
1486 2561 1546 2610 ut
1571 2555 1683 2611 hoc

91 2645 433 2718 ipsum,quod
456 2647 518 2702 in
554 2644 805 2701 Domino
826 2660 1011 2717 quam
1044 2660 1369 2716 possumus
1390 2644 1569 2701 simul
1592 2660 1685 2699 su-

91 2750 203 2798 mus,
240 2734 574 2790 conservari
620 2732 885 2797 studeas,
927 2739 983 2789 et
1020 2732 1223 2802 augeri
1255 2749 1327 2791 ao
1364 2733 1588 2806 perﬁci,
1628 2738 1685 2788 et

92 2823 314 2894 rescripta
336 2824 624 2896 quamvis
651 2839 788 2879 rara
808 2838 927 2878 non
958 2838 1260 2894 spernere.
1296 2822 1496 2880 Saluta
1516 2824 1685 2878 obse-

90 2915 193 2981 quia
218 2928 336 2967 meo
357 2918 638 2973 sanctum
659 2911 897 2968 fratrem
931 2910 1369 2976 Paulinianum,
1392 2917 1449 2968 et
1476 2927 1687 2968 omnes

92 2999 250 3055 fratres
276 3001 376 3074 qui
414 3007 619 3057 tecum
656 3016 725 3057 ac
755 3000 828 3055 de
873 3004 930 3056 te
966 3000 1024 3055 in
1057 3000 1311 3056 Domino
1350 3001 1615 3070 gaudent
1642 3002 1685 3058 ¹.

93 3091 257 3145 Memor
283 3092 459 3146 nostri
485 3088 831 3146 exaudiaris
856 3105 892 3145 a
919 3089 1173 3146 Domino
1195 3088 1251 3144 in
1285 3090 1451 3145 omni
1481 3095 1688 3146 sancto

91 3176 323 3236 desiderio
353 3187 472 3245 tuo,
516 3179 768 3235 domine
810 3179 1157 3235 charissima
1200 3184 1257 3234 et
1303 3177 1688 3234 desideratis-

90 3265 217 3333 sime,
244 3274 295 3325 et
318 3268 676 3325 honorande
704 3267 765 3322 in
796 3268 1023 3323 Christo
1054 3268 1250 3324 frater.

473 3358 815 3414 EPISTOLA
853 3356 1091 3412 vaur
1119 3356 1224 3428 (a).

96 3442 433 3516 Hieronymus
461 3445 834 3515 Augustino,
845 3446 980 3515 jam
1011 3452 1257 3515 accepta
1285 3445 1535 3513 epistola
1566 3458 1699 3517 qua

140 3535 363 3591 continet
410 3535 801 3607 quaestionem
830 3534 903 3590 de
931 3534 1238 3590 mendacio
1285 3535 1570 3605 ofﬁcioso,
1602 3534 1702 3590 sed

142 3622 389 3680 dubitans
427 3627 765 3681 etiamnum
796 3638 873 3679 an
929 3623 1006 3679 sit
1058 3625 1401 3694 Augustini,
1433 3629 1611 3694 negat
1640 3638 1702 3679 se

143 3726 529 3779 responsurum
570 3711 687 3769 nisi
709 3714 783 3767 sit
815 3719 1008 3768 certus
1037 3712 1109 3769 de
1138 3718 1399 3769 auctore.
1434 3712 1700 3769 Meminit

144 3804 187 3854 et
209 3802 422 3871 Ruf/ini
442 3803 594 3870 ﬁcto
624 3802 879 3857 nomine.

95 3888 295 3946 Domino
330 3907 464 3947 vere
496 3896 736 3953 sancto,
769 3905 840 3945 ac
873 3889 1219 3946 beatissimo
1272 3906 1445 3962 papas
1489 3895 1703 3946 AUGUS-

262 3996 401 4046 rmo,
434 3984 824 4047 Bienouruus,
854 3980 914 4033 in
947 3979 1173 4034 Christo
1211 3979 1486 4035 salutem.

151 4072 188 4122 l.
206 4069 264 4124 In
289 4069 412 4135 ipso
437 4067 834 4138 profectionis
864 4067 1145 4132 articulo,
1168 4068 1364 4124 sancti
1380 4069 1498 4135 ﬁlii
1513 4068 1705 4123 nostri

97 4153 275 4211 Asterii
301 4156 723 4226 hypodiaconi,
754 4155 1072 4212 necessarii
1091 4157 1204 4213 mei
1224 4158 1267 4223 ³,
1304 4156 1704 4213 Beatitudinis

97 4248 184 4299 tua
222 4245 423 4303 littera
474 4250 977 4315 supervenerunt,
1017 4245 1231 4316 quibus
1290 4245 1591 4316 satisfacis
1652 4253 1709 4301 te

98 4340 262 4390 contra
288 4335 648 4403 parvitatem
686 4348 876 4390 meam
910 4334 1129 4389 librum
1177 4335 1423 4391 Romam
1454 4350 1573 4390 non
1604 4338 1711 4389 mi-

96 4422 217 4477 sisse.
250 4424 367 4480 Hoc
394 4440 497 4480 nec
528 4440 637 4494 ego
665 4424 895 4492 factum
927 4422 1237 4480 audieram
1263 4440 1287 4490 ,ο
1324 4425 1424 4479 sed
1453 4424 1710 4493 epistolae

99 4513 387 4579 cujusdam,
419 4515 598 4586 quasi
627 4513 710 4568 ad
736 4527 825 4569 me
853 4514 1113 4581 scriptae,
1158 4528 1267 4582 per
1290 4514 1546 4583 fratrem
1576 4529 1712 4569 nos-

98 4604 221 4657 trum
248 4600 587 4673 Sysinnium
616 4601 936 4657 diaconum
970 4602 1088 4658 huc
1116 4602 1487 4671 exemplaria
1510 4617 1712 4671 perve-

99 4697 295 4745 nerunt.
340 4692 411 4746 In
460 4706 586 4764 qua
632 4689 895 4747 hortaris
930 4705 1042 4762 me,
1077 4696 1141 4746 ut
1172 4687 1496 4762 παλινῳδίαν
1535 4706 1716 4761 super

99 4778 311 4846 quodam
325 4783 368 4835 A
376 4781 602 4849 postoli
615 4779 882 4849 capitulo
898 4794 1129 4846 canam,
1149 4786 1202 4836 et
1219 4780 1411 4837 imiter
1425 4780 1714 4837 Stesicho-

99 4868 376 4931 rum,inter
387 4870 859 4940 vituperationes
872 4874 926 4925 et
941 4870 1148 4926 laudes
1168 4870 1713 4940 Helenae/luctuum

101 4961 285 5030 antem;
296 4964 355 5014 ut
370 4959 472 5033 qui
482 4958 857 5017 detrahendo
869 4960 1068 5016 oculos
1080 4959 1447 5030 perdiderat,
1465 4961 1720 5018 laudan-

152 5206 163 5237 ¹
192 5204 303 5255 Mss.
328 5211 467 5264 octo,
500 5208 819 5264 gloriantur.

148 5267 240 5330 {in
266 5270 382 5318 Mss.
412 5267 670 5320 undecim
701 5271 981 5330 omittitur,
1018 5270 1290 5320 necessarii
1318 5271 1433 5320 mei.

154 5329 169 5346 '
196 5329 472 5397 Recpgnita
495 5338 583 5383 est
610 5334 756 5397 adAa.
784 5333 855 5383 bl.
886 5329 985 5397 bn.
1010 5347 1086 5397 cc.
1115 5333 1179 5397 is.
1200 5332 1241 5396 j.
1274 5348 1373 5382 mr.
1406 5347 1447 5381 r.
1481 5334 1560 5383 sb.
1594 5336 1631 5383 t.
1660 5336 1722 5383 tt.

105 5401 171 5439 vc.
202 5394 435 5445 undecim
468 5411 521 5445 v.
560 5398 613 5445 et
633 5394 699 5445 ad
734 5397 851 5445 Am.
883 5396 1008 5446 Bad.
1046 5396 1127 5444 Fr.
1162 5394 1288 5445 va.

156 5453 216 5565 (εἰ
243 5458 375 5507 Alias
410 5460 470 5509 13
499 5474 512 5507 :
566 5471 682 5529 quae
711 5462 893 5509 autem
940 5459 998 5508 68
1033 5463 1165 5517 erat,
1217 5472 1359 5509 nunc
1406 5459 1483 5508 88.
1520 5458 1729 5523 Scripta

156 5536 163 5563 ι
213 5530 240 5565 o
262 5523 377 5565 nost
400 5534 756 5565 suber-mrem.

108 5523 240 5577 paulo
261 5523 377 5584 post
400 5523 756 5588 superiorem.

1251 103 1755 177 EPIBTOLARUM
1790 104 2086 173 CLASSIS
2112 108 2193 172 I‘l‘.

3324 124 3437 186 .938

1778 237 1853 293 do
1870 240 2312 310 receperit.Ego
2328 240 2683 309 simpliciter
2694 243 2900 314 fateor
2933 247 3277 316 Dignationi
3297 259 3434 321 tuae,

1784 326 1919 381 licet
1942 328 2117 383 stilus
2147 336 2200 385 et
2231 332 2619 404 ἐπιχειρήματα
2650 339 2753 389 tua
2784 334 2929 391 mihi
2956 336 3320 407 viderentur,
3351 349 3439 400 ta-

1784 430 1914 472 men
1941 431 2060 472 non
2103 424 2315 474 temere
2344 422 2784 490 exemplaribus
2817 425 3157 484 litterarum
3190 432 3437 489 creden-

1783 504 1925 560 dum
1954 506 2205 576 putavi,-
2236 523 2308 563 ne
2318 508 2499 576 forte,
2533 526 2623 566 me
2643 513 3033 580 respondente
3064 517 3255 584 laesus,
3274 522 3440 589 juste

1784 596 2216 662 expostulares,
2250 598 2410 667 quod
2434 599 2693 666 probare
2741 607 2879 656 ante
2920 603 3237 663 debuissem
3270 615 3438 666 tuum

1786 697 1903 739 esse
1929 697 2275 749 sermonem,
2308 691 2363 742 et
2401 686 2485 742 sic
2529 688 2869 745 rescribere.
2906 692 3165 749 Accessit
3206 698 3285 751 ad
3314 714 3438 753 mo-

1786 785 1916 827 ram
1939 779 2162 829 sanctae
2192 780 2244 830 et
2268 775 2624 831 venerabilis
2650 776 2860 833 Paulae
2893 780 3071 850 longa
3094 782 3435 851 inﬁrmitas.

1787 862 1938 915 bum
1954 863 2106 917 enim
2132 863 2440 933 languenti
2460 867 2646 921 multo
2666 872 2927 935 tempore
2938 872 3183 927 assidem
3194 889 3281 941 us,
3298 891 3442 937 pene

1786 948 2049 1017 epistolae
2070 958 2205 1017 tuae,
2240 954 2333 1009 vel
2367 956 2495 1024 ejus
2526 955 2630 1025 qui
2670 956 2776 1011 sub
2809 962 2909 1011 tuo
2930 960 3169 1015 nomine
3191 960 3439 1029 scripse-

1787 1044 1906 1103 rat,
1940 1040 2111 1095 obliti
2147 1057 2369 1106 sumus,
2405 1045 2875 1114 memoreslillius
2911 1047 3190 1103 versiculi
3217 1068 3235 1104 .·
3264 1072 3291 1097 α
3314 1051 3443 1104 Mu-

1786 1129 1911 1184 sica
1940 1129 2003 1184 in
2025 1129 2567 1200 luctu,importuna
2588 1136 2863 1191 narratio
2910 1154 2935 1187 »
2963 1137 3174 1205 (Eccli.
3193 1154 3329 1204 xxn,
3359 1140 3439 1210 6).

1786 1217 2015 1290 Itaque,
2049 1219 2099 1273 si
2139 1225 2242 1276 tua
2282 1227 2365 1276 est
2392 1224 2659 1290 epistola,
2688 1232 2893 1292 aperte
2917 1227 3124 1290 scribe,
3160 1229 3252 1283 vel
3280 1229 3446 1285 mitte

1789 1309 2161 1376 exemplaria
2206 1312 2479 1380 veriora;
2521 1317 2582 1366 ut
2618 1312 2837 1383 absque
2879 1316 3007 1370 ullo
3051 1330 3304 1372 rancore
3332 1325 3445 1372 sto-

1786 1396 1988 1452 machi
2016 1396 2078 1450 in
2107 1396 2565 1466 Scripturarum
2600 1400 3005 1468 disputatione
3034 1418 3357 1472 versemur,
3390 1414 3444 1462 et

1790 1485 1881 1540 vel
1912 1491 2180 1539 nostrum
2214 1486 2585 1542 emendemus
2613 1503 2898 1559 errorem,
2942 1493 3033 1548 vel
3068 1492 3251 1549 alium
3281 1496 3444 1563 frus-

1791 1578 1888 1629 tra
1913 1572 2360 1641 reprehendisse
2383 1576 2723 1632 doceamus.

1860 1664 1912 1715 2.
1936 1662 1984 1715 A
1997 1661 2104 1716 bsit
2119 1669 2314 1718 autem
2329 1678 2365 1719 a
2380 1679 2489 1728 me,
2505 1671 2568 1719 ut
2581 1666 2906 1739 quidquam
2921 1668 2993 1724 de
3006 1669 3172 1725 libris
3189 1672 3447 1727 Beatitu-

1789 1748 1946 1805 dinis
1968 1757 2085 1806 tuae
2105 1753 2401 1822 attingere
2416 1754 2691 1811 audeam.
2707 1756 2948 1825 Sufﬁcit
2970 1759 3123 1814 enim
3152 1761 3302 1817 mihi
3310 1777 3421 1830 pro
3438 1791 3447 1800 -

1793 1839 1935 1896 bare
1959 1856 2107 1905 mea,
2132 1849 2185 1896 et
2217 1842 2419 1898 aliena
2454 1859 2573 1898 non
2606 1860 2873 1914 carpere.
2903 1848 3193 1905 Cxterum
3231 1851 3447 1919 optime

1792 1928 1954 1983 novit
1999 1930 2323 1996 prudentia
2365 1936 2490 1997 tua,
2526 1949 3001 2007 unumquemque
3024 1937 3087 1993 in
3126 1954 3231 1993 suo
3271 1956 3445 1996 sensu

1792 2018 2122 2083 abundare,
2138 2026 2192 2075 et
2218 2021 2471 2088 puerilis
2492 2037 2613 2078 esse
2630 2026 2959 2094 iactantiae,
2975 2028 3133 2096 quod
3153 2028 3287 2084 olim
3308 2030 3448 2085 ado-

1796 2107 2103 2162 lescentuli
2128 2109 2326 2175 facere
2348 2118 2796 2179 consueverant,
2820 2116 3158 2171 accusando
3181 2118 3448 2174 illustres

1791 2194 2089 2259 viros,suo
2116 2198 2343 2251 nomini
2368 2198 2589 2268 famam
2620 2216 2904 2270 qmerere.
2931 2202 3051 2259 Nec
3076 2209 3195 2259 tam
3227 2207 3450 2261 stultus

1790 2298 1940 2345 sum.
1959 2284 2383 2341 utdiversitate
2411 2288 2907 2355 explanationum
2933 2296 3172 2348 tuarum
3195 2309 3287 2349 me
3317 2294 3453 2350 lxdi

1789 2380 1988 2441 putem
2003 2393 2021 2429 :
2042 2374 2183 2443 quia
2204 2388 2310 2429 nec
2330 2381 2393 2429 tu
2418 2376 2671 2439 lxderis,
2688 2377 2852 2433 sinos
2874 2381 3183 2437 contraria
3206 2384 3450 2440 senseri-

1791 2477 1939 2517 mus.
1968 2462 2087 2517 Sed
2117 2463 2227 2518 illa
2256 2469 2338 2519 est
2371 2478 2511 2520 vera
2534 2464 2694 2520 inter
2721 2468 2943 2522 amicos
2970 2470 3370 2538 reprehensio,
3405 2472 3455 2528 si

1791 2557 2057 2606 nostram
2086 2553 2331 2620 peram'
2369 2568 2487 2609 non
2514 2553 2795 2620 videntes,
2821 2557 3075 2612 aliorum
3095 2561 3282 2628 juxta
3316 2562 3458 2617 Per-

1791 2640 1966 2703 sium,
1997 2640 2313 2696 manticam
2348 2642 2798 2699 consideremus.
2831 2644 3113 2714 Superest
3147 2658 3210 2702 ut
3234 2649 3454 2719 diligas

1794 2728 2135 2798 diligentem
2161 2736 2232 2794 te,
2249 2736 2301 2785 et
2328 2730 2390 2785 in
2404 2730 2861 2800 Scripturarum
2887 2749 3095 2804 campo
3112 2737 3348 2807 juvenis
3369 2734 3469 2795 se?

1792 2832 1923 2873 nem
1940 2833 2058 2872 non
2078 2833 2375 2885 provoces.
2394 2820 2513 2874 Nos
2531 2826 2735 2876 nostra
2764 2821 3079 2878 habuimus
3098 2833 3383 2894 tempora,
3400 2832 3454 2883 et

1796 2908 2171 2962 cucurrimus
2193 2915 2482 2977 quantum
2495 2911 3451 2978 potuimus.Nunc.tecurrente,et

1796 2995 1974 3064 longa
1994 2995 2188 3065 spatia
2215 3002 2637 3063 transmeante,
2653 2999 2814 3053 nobis
2842 3001 3090 3055 debetur
3118 3003 3301 3059 otium
3335 3021 3351 3057 :
3379 3006 3453 3060 si-

1796 3083 2136 3155 mulque(ut
2151 3099 2281 3139 cum
2299 3088 2469 3140 venia
2482 3090 2535 3140 et
2549 3085 2771 3142 honore
2788 3093 2886 3142 tuo
2900 3088 3177 3161 dixerim)
3201 3107 3273 3146 ne
3291 3093 3454 3148 solus

1797 3172 1945 3229 mihi
1959 3173 2031 3229 de
2040 3172 2224 3241 poetis
2245 3173 2479 3243 aliquid
2488 3176 2863 3243 proposuisse
2874 3178 3151 3242 videaris,
3166 3187 3453 3237 memento

1797 3262 2034 3318 Daretis
2054 3267 2108 3317 et
2131 3262 2470 3333 Entelli(a),
2486 3269 2538 3319 et
2560 3264 2824 3334 vulgaris
2842 3268 3335 3338 proverbii,qu
3356 3269 3455 3325 bos

1798 3350 1985 3406 lassus
2000 3350 2221 3418 fortius
2244 3351 2394 3421 ﬁgat
2424 3352 2649 3420 pedem.
2688 3353 2902 3409 Tristes
2931 3355 3055 3411 haec
3076 3356 3455 3414 dictavimus.

1809 3439 2048 3496 Utinam
2080 3454 2436 3496 mereremur
2474 3442 2816 3507 complexus
2863 3450 3012 3509 tuos,
3046 3452 3099 3501 et
3141 3448 3458 3504 collatione

1804 3536 2013 3585 mutua
2051 3530 2142 3585 vel
2166 3530 2505 3585 docet-emus
2532 3531 2758 3601 aliqua,
2794 3533 2887 3587 vel
2915 3532 3263 3591 disceremus
3288 3541 3307 3590 !

1876 3615 1928 3671 3.
1954 3617 2114 3671 Misit
2129 3616 3173 3683 mihi,temeritatesolita,maledicta
3187 3638 3296 3679 sua
3313 3624 3455 3679 Cal-

1803 3706 2100 3777 phurnius
2125 3708 2146 3742 ²
2174 3714 2558 3776 cognomento
2585 3708 2897 3772 Lanarius,
2923 3725 3053 3780 quae
3078 3712 3159 3765 ad
3187 3712 3458 3779 Africam

1807 3809 2039 3866 quoque
2049 3794 2243 3848 studio
2255 3796 2311 3863 ej
2319 3810 2386 3851 us
2404 3794 2593 3849 didici
2608 3796 2957 3863 pervenisse.
2974 3799 3195 3868 Atquin
3210 3800 3464 3857 breviter

1809 3898 1881 3941 ex
1908 3883 2407 3953 parterespondi;
2426 3890 2478 3940 et
2495 3883 2684 3941 libelli
2703 3886 2831 3954 ejus
2853 3885 3007 3941 vobis
3027 3886 3160 3942 misi
3170 3889 3464 3955 exempla-

1808 3973 1922 4037 ria,
1942 3972 2122 4028 latius
2145 3988 2312 4040 opus,
2336 3988 2468 4028 cum
2492 3978 2889 4041 opportunum
2905 3975 3314 4044 fuerit,primo
3334 3978 3466 4033 mis—

1809 4077 1986 4117 surus
2010 4068 2281 4130 tempore.
2306 4062 2371 4115 In
2384 4077 2497 4133 quo
2519 4062 2667 4118 illud
2676 4063 2828 4129 cavi,
2852 4066 2997 4119 nein
3011 4082 3304 4138 quoquam
3320 4067 3470 4123 exis-

1814 4151 2175 4206 timationem
2219 4151 2489 4207 laederem
2526 4150 2942 4217 christianum,
2983 4155 3084 4210 sed
3129 4161 3361 4211 tantum
3406 4165 3471 4212 ut

1814 4240 2131 4296 delirantis
2144 4239 2508 4310 imperitique
2526 4242 2891 4298 mendacium
2906 4258 2981 4299 ac
3001 4246 3330 4300 vecordiam
3342 4262 3473 4301 con-

1811 4330 2099 4399 futarem.
2129 4330 2415 4385 Memento
2438 4328 2571 4395 mei,
2594 4337 2797 4386 sancte
2818 4346 2888 4387 ac
2913 4333 3262 4389 venerabilis
3283 4350 3467 4402 papa.

1828 4417 2286 4488 Vide,quantum
2304 4424 2359 4473 te
2378 4418 2645 4487 diligam,
2674 4425 2737 4472 ut
2760 4434 2835 4476 ne
2856 4428 3210 4488 provocatus
3234 4422 3467 4493 quidem

1819 4506 2107 4563 voluerim
2139 4507 2509 4575 respondere,
2526 4521 2632 4561 nec
2644 4508 2881 4562 credam
2906 4516 3070 4563 tuum
3095 4525 3215 4565 esse
3230 4512 3389 4580 quod
3410 4514 3470 4567 in

1821 4597 2012 4651 altero
2027 4596 2188 4664 forte
2208 4594 2947 4663 reprehenderem.F’rater
2971 4597 3311 4653 Communis
3334 4614 3475 4668 sup-

1820 4683 2055 4755 pliciter
2077 4690 2131 4741 te
2156 4684 2403 4739 salutat.

1886 4961 1901 4992 ί
1934 4959 2079 5013 Lov.,
2105 4961 2282 5005 nostra
2311 4970 2487 5018 opera.
2520 4955 2619 5006 Sed
2655 4957 2973 5020 castigatius
3009 4958 3110 5015 En,
3142 4964 3371 5007 nostram
3398 4973 3480 5020 pe—

1826 5037 1969 5085 ram.
1987 5020 2196 5083 Quippe
2221 5020 2599 5085 Hyeronymus
2630 5020 2822 5069 alludit
2855 5020 2923 5072 ad
2950 5021 3241 5083 apologum
3277 5022 3477 5085 .Esopi,

1827 5085 1920 5149 qui
1949 5082 2101 5132 tinxit
2134 5082 2435 5149 mortalium
2466 5096 2736 5149 quemque
2767 5096 2946 5145 peram
2982 5082 3259 5149 suamseu
3294 5082 3483 5131 mariti-

1829 5099 1920 5149 qui
1949 5096 2100 5132 unm
2134 5096 2435 5130 mortalium
2466 5096 2736 5191 quemque
2767 5096 2946 5145 peram
2982 5096 3259 5133 suam.seu
3294 5096 3478 5131 manu-

1829 5161 1944 5197 cam
1987 5145 2214 5210 propriis
2261 5145 2417 5210 vitiis
2448 5158 2659 5207 penam
2708 5149 2848 5193 retro
2891 5145 3209 5210 pendentem
3252 5149 3478 5207 gestare,

1829 5206 2060 5271 aliorum
2090 5206 2223 5256 'vero
2256 5206 2544 5271 manticam
2576 5210 2699 5256 ante
2738 5221 2793 5256 se
2824 5206 3104 5269 reépicere.
3133 5206 3247 5265 Quo
3278 5213 3485 5271 spectat

1830 5265 1964 5322 ﬂlud
1997 5271 2155 5319 Persii
2187 5272 2239 5318 in
2266 5269 2463 5332 satyris
2493 5283 2504 5317 ;

1991 5333 2058 5383 Ut
2082 5346 2240 5381 nemo
2271 5333 2324 5380 in
2352 5329 2466 5381 sese
2490 5329 3010 5385 tentatdescendere,
3038 5343 3197 5380 nemo
3224 5347 3235 5389 ;

1990 5395 2089 5467 Sed
2106 5394 2730 5467 Aprm‘cedent‘iuspectatur
2761 5392 2992 5441 mantica
3021 5396 3169 5456 tergo
3189 5394 3200 5441 l

1897 5459 2159 5572 gainvlilrsgs:
2455 5455 2730 5575 ltituli-bitur,
2760 5516 3098 5583 Calpurnius.
