4078 6166
580 116 688 173 239

1043 230 1377 291 EPISTOLA
1416 226 1571 283 LXIX
1607 224 1625 245 ·
1658 223 1764 295 (a).

583 346 840 417 Alypius
867 350 920 400 et
951 340 1320 417 Augustinus
1353 335 1639 417 Castorjo,
1662 332 1798 417 ipso
1827 330 2132 417 hprtarites
2166 333 2230 417 ut

655 402 719 473 iis,
750 402 1086 483 episcopatu
1142 406 1489 483 Vaginensis
1526 403 1808 483 Ecclesia
1852 402 2227 457 Maximiano

646 476 837 559 fratri
862 476 965 541 suo
996 476 1246 554 gloriose
1265 481 1495 537 cedenti
1520 476 1816 532 succedat.

582 577 832 631 Domino
873 574 1082 628 merito
1126 567 1528 628 dilectissimo,
1561 565 1859 635 digneque
1890 558 2227 617 honorabili

647 672 699 721 et
730 661 1113 735 suscipiendo
1154 658 1271 714 tilio
1307 659 1606 720 CASTORIO,
1636 654 1876 708 Aunus
1917 656 1974 704 et
2014 651 2229 704 Ancus-

646 770 802 810 rmus
834 755 893 807 in
929 750 1179 806 Domino
1212 747 1490 803 salutem.

652 850 698 898 t.
718 843 948 898 Molitus
968 847 1051 895 est
1068 837 1312 910 quidem
1332 831 1713 890 adversarius
1733 830 2224 891 Christianorum,

575 950 682 1005 per
725 931 1146 987 charissimum
1196 932 1374 997 alque
1404 920 1823 977 dulcissimum
1865 917 2052 973 tilium
2086 933 2230 973 nos-

578 1030 734 1079 trum
754 1022 992 1076 fratrem
1016 1024 1208 1079 tuum,
1226 1012 1539 1069 Catholica
1554 1009 1747 1074 matri,
1764 1024 1898 1079 qua
1920 1023 2019 1062 vos
2040 1008 2097 1061 in
2114 1006 2229 1061 ha-

577 1112 885 1167 reditatem
912 1106 1119 1163 Christi
1147 1104 1225 1158 ab
1240 1100 1619 1157 exharedata
1634 1096 1983 1169 pracisione
2005 1096 2229 1164 fugien-

578 1206 661 1255 tes
686 1201 785 1271 pio
812 1198 947 1252 sinu
975 1192 1257 1264 suscepit,
1283 1186 1848 1262 periculosissimum
1878 1184 2228 1239 scandalum

579 1301 960 1344 commovere
987 1303 999 1351 ;
1035 1284 1282 1353 cupiens
1313 1278 1581 1333 videlicet
1611 1274 1991 1330 serenitatem
2025 1272 2229 1343 gaudii

580 1377 782 1440 nostri,
800 1391 933 1447 qua
947 1372 1120 1427 nobis
1134 1372 1206 1424 de
1230 1371 1390 1423 bono
1409 1372 1619 1420 vestra
1634 1362 2042 1419 conversionis
2056 1361 2230 1416 obor-

578 1473 635 1523 ta
665 1464 952 1528 est,fada
980 1459 1315 1516 innubilare
1340 1456 1589 1511 tristitia.
1621 1452 1734 1508 Sed
1762 1451 2046 1507 Dominus
2079 1453 2230 1505 Deus

574 1560 774 1611 noster
806 1550 1141 1607 misericors
1170 1553 1223 1601 et
1251 1548 1578 1607 miserator,
1603 1540 1925 1596 consolans
1953 1539 2227 1605 afﬂictos,

574 1642 842 1697 nutriens
874 1635 1405 1708 parvulos,curans
1428 1630 1721 1693 inﬁrmos,
1738 1627 1815 1681 ad
1834 1627 1946 1681 hoc
1964 1642 2099 1680 eum
2129 1624 2229 1679 ali-

573 1729 717 1801 quid
747 1742 923 1799 posse
950 1722 1241 1796 permisit,
1272 1725 1330 1774 ut
1370 1734 1496 1773 rem
1526 1722 1853 1771 correctam
1887 1714 2074 1769 multo
2106 1730 2231 1767 am-

570 1818 729 1888 plius
747 1816 1103 1876 lataremur,
1121 1825 1306 1882 quam
1331 1805 1687 1862 dolebamus
1708 1803 2018 1859 afﬂictam.
2034 1803 2229 1873 Longe

568 1911 658 1961 est
682 1906 904 1975 quippe
919 1900 1239 1970 gloriosius
1265 1896 1647 1966 episcopatus
1666 1892 1962 1948 sarcinam
1989 1898 2231 1963 propter

572 1992 853 2049 Ecclesia
868 1990 1103 2045 vitanda
1124 1984 1388 2058 pericula
1401 1983 1970 2053 deposuisse,quam
1987 1986 2231 2051 propter

572 2082 837 2153 regenda
890 2074 1299 2148 gubernacula
1346 2071 1703 2141 suscepisse.
1755 2069 1851 2124 Ille
1898 2070 2123 2141 quippe
2169 2083 2230 2123 se

573 2174 887 2235 honorem,
921 2168 968 2221 si
1006 2166 1171 2238 pacis
1202 2163 1352 2218 ratio
1383 2165 1698 2233 pateretur,
1748 2158 1930 2227 digne
1960 2158 2230 2229 accipere

576 2262 835 2334 potuisse
848 2256 1239 2321 demonstrat,
1254 2251 1357 2322 qui
1379 2254 1691 2320 acceptum
1716 2262 1836 2302 non
1855 2246 2122 2302 defendit
2144 2247 2229 2302 in-

576 2351 773 2419 digne.
814 2346 1003 2401 Voluit
1040 2356 1181 2411 ergo
1210 2341 1383 2402 Deus,
1414 2339 1593 2393 etiam
1620 2352 1721 2407 per
1766 2334 2008 2391 fratrem
2037 2342 2229 2402 tuum,

577 2440 767 2495 ﬁlium
797 2440 1065 2491 nostrum
1080 2426 1849 2490 Maximianum,ostendere
1864 2424 2119 2479 inimicis
2135 2428 2230 2480 Ec-

579 2529 774 2586 clesia
789 2536 1068 2590 sua,esse
1081 2523 1139 2574 in
1156 2517 1512 2573 visceribus‘
1530 2516 1683 2585 ejus,
1698 2515 1799 2586 qui
1815 2530 1933 2568 non
1949 2530 2057 2568 sua
2070 2530 2230 2585 qua-

569 2624 734 2683 rant,
751 2615 850 2670 sed
875 2628 1009 2684 qua
1032 2611 1169 2666 Jesu
1196 2606 1426 2661 Christi.
1446 2608 1638 2675 Neque
1662 2602 1821 2657 enim
1853 2602 1997 2656 illud
2032 2604 2230 2657 minis-

573 2707 789 2763 terium
849 2698 1313 2768 dispensationis
1378 2693 1799 2765 mysteriorum
1861 2694 1979 2759 Dei,
2040 2693 2229 2748 victus

573 2796 775 2867 aliqua
797 2786 1397 2858 sacularicupiditate
1414 2782 1693 2847 deseruit,
1710 2780 1814 2835 sed
1832 2780 2081 2851 paciﬁca
2098 2796 2228 2851 per-

574 2890 774 2941 motus
808 2883 1021 2953 pietate
1058 2873 1352 2947 deposuit,
1390 2888 1461 2927 ne
1492 2875 1735 2942 propter
1772 2869 1903 2939 ejus
1933 2870 2226 2924 honorem

570 2974 731 3030 fada
747 2976 802 3027 et
827 2966 1299 3041 periculosa,aut
1330 2962 1579 3019 fortasse
1602 2960 1778 3014 etiam
1806 2957 2139 3029 perniciosa
2165 2958 2226 3013 in

569 3060 856 3118 membris
872 3054 1082 3113 Christi
1104 3052 1398 3109 dissensio
1414 3053 1777 3104 nasceretur.
1796 3046 1946 3113 Quid
1961 3048 2122 3102 enim
2140 3063 2231 3102 es-

569 3157 656 3208 set
697 3150 913 3206 cacius
953 3152 1007 3200 et
1052 3143 1217 3198 omni
1259 3140 1663 3196 exsecratione
1708 3136 1973 3204 dignius,
2036 3152 2224 3208 quam

566 3246 810 3313 propter
826 3233 1093 3291 Ecclesia
1108 3228 1413 3284 catholica
1428 3242 1638 3293 pacem
1652 3225 1913 3313 schisma
1928 3224 2220 3289 deserere,

568 3311 624 3386 et
648 3329 845 3398 ipsam
876 3336 1086 3393 pacem
1112 3317 1466 3372 catholicam
1498 3311 1745 3368 honoris
1775 3312 1862 3365 sui
1890 3314 2221 3381 quastione

568 3413 849 3472 turbare?
872 3408 1023 3475 Quid
1048 3407 1204 3461 enim
1236 3402 1622 3465 laudabilius,
1651 3406 1705 3455 et
1730 3400 2065 3455 christiana
2085 3402 2221 3457 cha-

568 3504 723 3559 ritati
750 3494 1215 3558 commodatius,
1247 3507 1433 3565 quam
1464 3489 1743 3543 derelicta
1771 3488 2219 3544 Donatistarum

567 3606 791 3648 vesana
810 3586 1114 3660 superbia,
1130 3584 1211 3638 ita
1230 3577 1557 3636 hareditati
1589 3576 1796 3632 Christi
1825 3577 2143 3641 coharere,
2161 3584 2223 3632 ut

565 3678 966 3738 testimonium
982 3669 1352 3733 humilitatis,
1369 3683 1573 3724 amore
1588 3666 1939 3739 probaretur
1956 3666 2223 3722 unitatis?

569 3776 770 3842 itaque
801 3769 1095 3840 quantum
1128 3762 1203 3817 ad
1236 3760 1435 3830 ipsum
1469 3756 1694 3820 attinet,
1726 3755 1876 3810 sicut
1904 3771 2041 3810 eum
2074 3771 2224 3824 gau-

565 3861 780 3917 demus
807 3856 984 3913 talem
1016 3852 1343 3913 inventum,
1378 3852 1441 3902 ut
1469 3846 1630 3918 quod
1665 3844 1724 3899 in
1751 3843 1882 3913 ejus
1920 3844 2102 3899 corde
2131 3843 2220 3899 di-

563 3950 740 4005 vinus
791 3958 987 4001 sermo
1039 3936 1377 4001 adiﬁcavit,
1444 3949 1833 4007 nequaquam
1894 3938 2224 4003 tempestas

561 4039 743 4109 hujus
770 4030 1105 4090 tentationis
1126 4031 1408 4082 everteret
1442 4040 1453 4078 :
1488 4024 1573 4077 sic
1604 4027 1890 4093 Optamus
1922 4025 1978 4076 et
2010 4021 2227 4092 depre-

564 4141 775 4183 camur
805 4138 841 4177 a
874 4128 939 4177 ut
978 4116 1253 4180 Domino,
1290 4111 1687 4183 consequenti
1719 4112 1836 4164 vita
1866 4114 1924 4164 et
1959 4111 2224 4166 moribus

562 4215 684 4272 suis
713 4210 904 4280 magis
928 4207 1240 4276 magisque
1260 4201 1538 4263 declaret,
1555 4214 1744 4271 quam
1776 4197 1928 4253 bene
1948 4204 2227 4268 gesturus

560 4306 784 4379 fuisset,
816 4296 976 4371 quod
1011 4292 1277 4366 profecto
1308 4286 1537 4359 gereret
1565 4287 1613 4341 si
1644 4286 2221 4379 hoc_opportuisset.

562 4374 941 4451 hetribuatur
964 4386 1016 4441 ei
1049 4399 1165 4455 pax
1178 4387 1399 4436 aterna
1422 4393 1559 4449 qua
1585 4374 1890 4448 promissa
1915 4381 2005 4429 est
2038 4377 2227 4431 Eccle-

561 4484 683 4548 sia,
710 4478 813 4554 qui
844 4474 1127 4532 intellexit
1151 4470 1262 4525 sibi
1288 4484 1409 4524 non
1431 4466 1713 4538 expedire
1742 4462 1908 4536 quod
1940 4467 2074 4535 paci
2102 4481 2223 4520 non

559 4570 917 4644 expediebat
944 4562 1240 4620 Ecclesia.

630 4640 680 4715 ᾖ.
706 4661 788 4713 Tu
803 4671 962 4719 vero,
979 4652 1059 4707 tili
1081 4647 1452 4710 charissime,
1469 4659 1589 4699 non
1608 4642 1907 4699 mediocre
1923 4640 2218 4713 gaudium

560 4755 851 4810 nostrum,
867 4744 968 4815 qui
986 4740 1147 4795 nulla
1164 4738 1260 4793 tali
1278 4735 1626 4790 necessitate
1647 4747 1682 4786 a
1701 4730 2085 4801 suscipiendo
2102 4730 2220 4800 cpi-

561 4842 813 4909 scopatu
834 4829 1161 4903 impediris,
1177 4827 1341 4881 decet
1360 4822 1619 4878 indolem
1647 4826 1810 4875 tuam
1835 4819 2066 4875 Christo
2084 4820 2141 4909 in
2168 4826 2219 4874 te

556 4907 755 4984 dicare
778 4922 943 4996 quod
959 4917 1145 4974 dedit.
1172 4913 1481 4984 ingenium
1502 4909 1728 4981 quippe
1757 4916 1947 4970 tuum,
1966 4907 2221 4979 pruden-

553 5020 652 5085 tia,
670 5010 1029 5086 eloquentia,
1048 5006 1327 5076 gravitas,
1354 5001 1667 5064 sobrietas,
1685 5007 1739 5052 et
1763 5004 1975 5086 caetera
1997 4998 2220 5066 quibus

550 5084 840 5163 ornantur
868 5115 1065 5156 mores
1090 5096 1189 5160 tui,
1216 5093 1378 5147 dona
1404 5094 1541 5143 sunt
1573 5088 1692 5141 Dei.
1720 5087 1820 5141 Cui
1854 5084 2067 5139 melius
2096 5100 2217 5139 ser-

551 5198 735 5260 viunt,
751 5208 936 5265 quam
959 5190 1009 5243 ei
1025 5204 1058 5242 a
1075 5201 1196 5258 quo
1222 5184 1441 5237 tributa
1455 5185 1611 5242 sunt,
1637 5185 1692 5231 ut
1707 5182 1763 5230 et
1777 5174 2223 5265 custodiantur,

610 5338 629 5357 ⁸
668 5334 957 5396 Recoguita
987 5330 1052 5379 ad
1080 5329 1167 5380 cb.
1207 5326 1296 5396 8b-_
1320 5322 1534 5396 dUOEAV'
1564 5322 1619 5396 θξ
1653 5318 1816 5396 [ἐοῗμ
1850 5380 1940 5396 Νη
1998 5378 2105 5396 ρης

610 5378 1021 5459 (ai‘li‘iﬁs'sis;
1062 5378 1180 5455 qua
1212 5392 1393 5437 autem
1421 5386 1480 5432 69
1512 5385 1642 5436 erat,
1678 5393 1820 5427 nunc
1850 5380 1960 5427 249.
1998 5378 2208 5443 Scripta

558 5457 1049 5509 exeunteanJ02.
1164 5514 1175 5515 ί
1268 5512 1342 5515 7A
1412 5511 1421 5515 Α
1534 5508 1576 5515 __
1667 5505 1713 5515 __
1856 5504 1864 5515 _
1954 5503 2056 5515 ,Μ

613 5503 809 5575 Vibi/1,
825 5503 1112 5567 iacerem
1146 5512 1345 5563 Christi
1376 5511 1500 5573 ejus.
1521 5508 1586 5557 At
1611 5518 1643 5557 a
1667 5505 1789 5554 Mss.
1818 5504 1968 5554 abest
1993 5503 2212 5554 omni.

1842 90 1921 154 .s.
1964 82 2356 154 AUGUS'rm
2393 85 2720 152 EPISCOPI

3850 94 3952 155 N0

2338 223 2393 275 et
2413 224 2768 289 augeantur,
2784 219 3255 293 etperﬁciantur,
3272 223 3328 275 et
3346 223 3815 279 remunerentur?
3834 226 3946 281 Non

2340 310 2593 364 serviant
2624 309 2761 365 huic
2793 309 3033 374 saculo,
3066 325 3140 364 ne
3171 316 3495 365 vanescant
3520 326 3650 364 cum
3678 310 3770 366 illo
3793 319 3948 383 atque

2338 398 2831 469 dispereant.Non
2845 398 2949 452 diu
2964 405 3157 453 tecum
3174 399 3230 452 in
3246 399 3357 453 hoc
3370 398 3664 467 agendum
3679 400 3946 465 novimus,

2337 493 2561 557 quanta
2578 486 2854 541 facilitate
2866 487 3206 541 consideres
3220 501 3355 557 spes
3368 486 3632 541 inanium
3645 486 3946 554 hominum,

2338 582 2393 630 et
2418 575 2785 630 insatiabiles
2802 575 3176 647 cupiditates,
3196 582 3251 630 et
3270 575 3556 631 incertam
3574 575 3760 631 vitam.
3779 578 3948 646 Abjice

2335 664 2515 736 igitur
2535 682 2606 721 ex
2631 666 2831 720 animo
2853 666 3147 737 quidquid
3174 672 3420 720 terrena
3438 669 3616 737 atque
3630 665 3780 721 falsa
3803 666 3950 723 felici-

2337 754 2473 809 tatis
2495 753 2929 825 exspectatione
2944 760 3303 826 conceperat
3328 771 3341 809 :
3362 769 3607 825 operare
3628 755 3680 808 in
3700 770 3826 825 agro
3845 755 3944 822 Dei,

2338 843 2437 899 ubi
2461 849 2654 898 certus
2666 849 2751 898 est
2764 843 3009 907 fructus,
3028 843 3126 898 ubi
3148 849 3268 898 tam
3288 845 3478 899 multa
3495 848 3656 898 tanto
3677 851 3797 898 ante
3814 860 3942 899 com-

2337 932 2493 1004 pleta
2525 938 2663 986 sunt
2686 933 3004 1003 promissa,
3026 936 3089 986 ut
3108 948 3181 988 ea
3207 948 3341 1004 qua
3371 937 3595 987 restant
3619 931 3939 989 insanissime

2337 1020 2747 1093 desperentur.
2772 1022 3173 1077 Obsecramus
3199 1026 3251 1074 te
3273 1036 3380 1092 per
3401 1020 3608 1075 Christi
3630 1020 3942 1077 divinitatem

2338 1113 2397 1164 et
2421 1109 2879 1172 humanitatem,
2900 1125 3005 1181 per
3031 1125 3242 1181 pacem
3264 1109 3525 1164 calestis
3545 1108 3695 1164 illius
3715 1110 3946 1174 civitatis,

2340 1197 2500 1253 unde
2525 1198 2973 1269 peregrinantes
3011 1197 3215 1253 labore
3256 1196 3569 1269 temporali
3596 1204 3852 1252 aternam
3877 1213 3950 1251 re-

2338 1287 2539 1359 quiem
2573 1293 3109 1358 comparamus,ut
3140 1287 3197 1342 in
3226 1290 3581 1359 episcopatu
3604 1286 3947 1355 Vaginensis‘

2340 1376 2608 1430 Ecclesia
2647 1374 2810 1430 fratri
2844 1381 2965 1442 tuo,
2998 1390 3118 1431 non
3152 1375 3555 1446 ignominiosa
3594 1377 3830 1439 cadenti,
3867 1376 3950 1429 sed

2340 1463 2591 1534 gloriose
2621 1464 2852 1519 cedenti
2891 1466 3194 1520 succedas.
3231 1463 3405 1519 Plebs
3438 1462 3540 1520 illa
3570 1464 3660 1519 cui
3692 1479 3787 1535 per
3815 1470 3951 1519 tuam

2340 1558 2599 1607 mentem
2633 1568 2703 1607 ac
2726 1552 2994 1621 linguam
3019 1552 3194 1607 donis
3214 1553 3309 1607 Dei
3345 1552 3721 1608 fecundatam
3741 1557 3792 1607 et
3808 1567 3953 1607 orna-

2340 1646 2460 1697 tam
2487 1641 2788 1697 uberrima
2816 1642 3183 1697 incrementa
3209 1643 3621 1712 speramus,in
3640 1646 3690 1697 te
3708 1640 3955 1710 intelligat

2338 1728 2579 1785 fratrem
2617 1735 2785 1785 tuum
2818 1745 2938 1785 non
2974 1745 3083 1802 pro
3124 1745 3239 1785 sua
3276 1730 3538 1794 desidia,
3572 1730 3674 1786 sed
3711 1746 3813 1802 pro
3846 1729 3953 1800 ejus

2338 1834 2488 1890 pace
2519 1818 2729 1873 fecisse
2757 1818 2921 1891 quod
2949 1817 3105 1875 fecit.
3123 1820 3255 1874 Hac
3285 1818 3543 1890 epistola
3574 1819 3952 1874 mandavimus

2341 1914 2403 1963 ut
2420 1907 2523 1962 tibi
2537 1922 2655 1962 non
2674 1907 2987 1977 tegeretur,
3006 1907 3117 1962 nisi
3132 1923 3270 1963 cum
3284 1912 3341 1962 te
3353 1907 3484 1979 jam
3508 1908 3953 1979 tenerentquibus

2340 2011 2403 2050 es
2423 1996 2951 2052 necessarius.Nos
2985 1996 3143 2051 enim
3178 2002 3230 2052 te
3261 1996 3591 2067 spiritualis
3619 1998 3822 2053 amoris
3849 1996 3954 2049 vin-

2341 2084 2475 2139 culo
2506 2091 2801 2151 tenemus,
2833 2086 2977 2156 quia
3018 2090 3075 2140 et
3115 2090 3319 2140 nostro
3354 2085 3610 2155 collegio
3650 2084 3876 2141 multum
3901 2100 3951 2138 es

2340 2173 2733 2229 necessarius.
2762 2174 2875 2228 Cur
2904 2178 3104 2229 autem
3130 2176 3309 2229 etiam
3336 2175 3706 2246 corporalem
3737 2188 3954 2246 prasen-

2341 2263 2486 2318 tiam
2521 2278 2640 2318 non
2671 2262 3144 2329 exhibuerimus,
3172 2269 3385 2333 postea
3414 2265 3592 2319 scies.

2814 2350 3147 2407 EPISTOLA
3190 2353 3318 2406 Lxx
3360 2351 3379 2369 '
3418 2356 3523 2421 (α).

2339 2440 2787 2496 Donatistarum
2804 2439 2889 2495 Ca
2897 2440 3144 2495 tholicos
3158 2440 3505 2496 traditionis
3517 2438 3949 2497 insimulantium

2412 2528 2702 2584 temeritas
2730 2529 2933 2597 prodit
2965 2543 3082 2584 sese
3110 2528 3174 2584 in
3204 2544 3390 2585 causa
3421 2531 3711 2587 Feticiani
3740 2530 3808 2585 ab
3839 2528 3951 2598 ipsi:

2407 2619 2664 2686 primum
2694 2618 3038 2674 solemniler
3060 2617 3352 2684 damnati,
3371 2635 3447 2675 ac
3457 2627 3660 2690 postea
3688 2620 3745 2673 in
3768 2617 3951 2674 honore

2408 2721 2515 2761 suo
2538 2708 2780 2775 recepti.

2340 2794 2594 2850 Domino
2642 2794 3028 2850 dilectissimo
3064 2800 3120 2850 et
3169 2795 3514 2852 honorabili
3568 2796 3725 2853 fratri
3774 2797 3947 2851 NAUCB-

2670 2899 2811 2937 LIONI
2843 2886 2886 2948 ¹,
2920 2886 3161 2939 Aunus
3194 2889 3249 2940 et
3278 2888 3651 2941 Aucusruws.

2413 2978 2459 3027 t.
2482 2974 2623 3027 Cum
2648 2972 2954 3027 retulisses
2977 2973 3151 3028 nobis
3171 2974 3316 3046 quid
3349 2990 3386 3029 a
3407 2981 3574 3047 patre
3600 2979 3620 3010 ³
3645 2978 3830 3030 nostro
3849 2970 3947 3026 Cla-

2335 3065 2527 3117 rentio
2558 3076 2922 3133 responsum
2950 3061 3141 3127 fuerit,
3159 3062 3219 3117 id
3246 3063 3444 3129 est,de
3475 3063 3755 3120 Feliciano
3784 3058 3945 3117 lusti-

2335 3155 2475 3207 tano
2518 3166 2637 3204 non
2673 3165 2812 3204 eum
2845 3165 3116 3220 negasse,
3145 3156 3203 3206 et
3231 3151 3592 3209 damnatum
3624 3152 3698 3208 ab
3727 3150 3872 3223 ipsis,
3898 3152 3944 3202 et

2333 3245 2544 3311 postea
2584 3240 2642 3293 in
2692 3239 2920 3293 honore
2960 3254 3073 3294 suo
3108 3246 3437 3312 receptum,
3468 3242 3572 3297 sed
3612 3241 3939 3296 innocentem

2330 3327 2511 3383 fuisse
2524 3327 2596 3382 da
2609 3332 2901 3392 mnatum,
2918 3328 3062 3398 quia
3084 3329 3299 3384 absens
3313 3328 3506 3396 fuerit,
3524 3336 3579 3386 et
3595 3329 3872 3385 absentem
3894 3338 3940 3378 se

2331 3416 2516 3470 fuisse
2531 3415 3465 3487 probaverit;hocdicimus,utad
3481 3420 3594 3474 hoc
3607 3414 3935 3489 respondeat,

2330 3504 2473 3576 quia
2493 3520 2614 3559 non
2637 3504 2799 3559 licuit
2819 3503 3096 3559 damnari
3122 3505 3481 3571 inauditum,
3497 3522 3676 3578 quem
3697 3505 3932 3559 innocen-

2333 3598 2446 3647 tem
2472 3592 2648 3648 fuisse
2671 3593 2783 3664 ipsi
2807 3592 2990 3648 modo
3003 3593 3346 3665 dicunt,qui
3364 3610 3505 3650 eum
3524 3593 3935 3651 damnaverunt.

2331 3683 2601 3753 Autergo
2630 3680 2920 3736 innocens
2943 3681 3220 3737 damnari
3245 3698 3364 3737 non
3389 3682 3615 3749 debuit,
3640 3687 3736 3738 aut
3756 3692 3938 3736 nocens

2333 3772 2511 3843 recipi
2526 3772 2849 3825 damnatus
2864 3785 2983 3825 non
2997 3769 3279 3827 debuit.Si
3294 3772 3583 3828 innocens
3596 3771 3935 3842 receptusest.

2332 3862 2621 3916 innocens
2637 3858 2962 3914 damnatus
2976 3864 3094 3925 est;
3113 3859 3160 3914 si
3185 3874 3406 3915 nocens
3427 3861 3745 3918 damnatus
3759 3863 3939 3921 est,no-

2334 3965 2475 4004 cens
2500 3954 2770 4018 receptus
2801 3953 2910 4002 est.
2939 3949 2994 4004 Si
3024 3948 3389 4012 nesciebant,
3413 3953 3519 4021 qui
3543 3950 3703 4005 illum
3733 3948 3938 4001 damna-

2335 4042 2563 4100 verunt,
2580 4043 2775 4090 utrum
2792 4036 3082 4091 innocens
3098 4036 3593 4106 fuerigarguendi
3605 4042 3735 4093 sunt
3754 4030 3938 4091 temeri-

2335 4127 2491 4190 tatis,
2533 4126 2673 4195 quia
2721 4125 3076 4189 inauditum,
3123 4125 3530 4195 innocentem,
3561 4126 3635 4183 de
3684 4139 3796 4197 quo
3833 4136 3939 4176 nes-

2334 4214 2590 4279 ciebant,
2622 4213 2913 4269 damnare
2940 4215 3071 4268 ausi
3103 4218 3282 4276 sunt;
3316 4220 3375 4269 et
3404 4216 3479 4270 de
3525 4212 3784 4287 prasenti
3811 4210 3935 4265 {acto

2334 4302 2718 4371 intelligimus
2733 4303 2946 4357 eadem
2969 4303 3295 4358 temeritate
3309 4302 3440 4358 illos
3461 4304 3777 4359 damnasse
3792 4296 3935 4354 etiam

2396 4446 2410 4472 ¹
2442 4444 2523 4493 Sic
2540 4443 2592 4491 in
2616 4443 2737 4491 Mss.
2764 4443 2934 4492 Vatic.
2960 4448 3012 4493 et
3036 4443 3215 4493 Gallic.
3246 4446 3493 4495 Attamen
3518 4444 3787 4499 legendum
3803 4438 3932 4499 aliqui

2398 4460 2410 4472 ι
2442 4460 2523 4493 btc
2540 4460 2592 4491 in
2616 4460 2737 4491 mss.
2772 4460 2934 4492 vauc.
2960 4460 3012 4493 ei.
3036 4460 3215 4493 uanic.
3246 4460 3493 4495 Attamen
3518 4460 3563 4495 te
3605 4460 3787 4495 enaum
3803 4460 3932 4499 aliqui

2332 4510 2539 4578 putant,
2557 4506 2883 4578 Bagaieasis;
2897 4510 3010 4577 tum
3028 4508 3150 4569 quia
3166 4509 3241 4556 sic
3254 4508 3447 4578 legitur
3462 4460 3605 4578 apag
3618 4507 3932 4578 Milevitana}!

2332 4564 2617 4635 concilium
2636 4564 2770 4635 anni
2792 4570 2901 4624 402,
2919 4570 2972 4635 in
2994 4564 3201 4635 canone
3221 4564 3363 4619 edito
3386 4564 3548 4635 super
3572 4572 3670 4635 hac
3684 4570 3788 4631 ipsa
3806 4564 3933 4612 Maxi-

2332 4632 2494 4680 miani
2517 4643 2708 4687 causa;
2728 4634 2840 4679 tum
2860 4633 2988 4694 quia
3018 4632 3160 4681 hunc
3181 4646 3299 4682 esse
3325 4631 3496 4681 unum
3518 4631 3847 4691 eamdemque
3865 4636 3931 4692 νᾳ-

2331 4694 2449 4743 lunt
2463 4708 2585 4741 cum
2609 4693 2931 4758 maximiani)
2955 4693 3247 4758 Bagaiensi,
3264 4710 3422 4758 quem
3452 4696 3774 4744 vulneratum
3794 4698 3931 4758 gmw

2330 4759 2411 4805 ter
2434 4770 2475 4821 ar
2493 4756 2781 4821 Donatistis
2814 4761 2866 4803 et
2890 4756 2954 4821 de
2984 4751 3194 4821 eicelsa
3222 4751 3356 4805 tu'rri
3392 4759 3773 4821 praecipitatum
3800 4751 3930 4821 [uisse

2330 4819 2506 4882 prodit
2534 4818 2865 4882 Augustinus
2894 4819 2947 4866 in
2983 4818 3074 4867 lib.
3098 4822 3126 4868 3
3152 4823 3294 4868 cont.
3325 4814 3593 4875 Cresconi,
3624 4834 3668 4868 c.
3690 4818 3776 4882 743.
3804 4814 3928 4882 ξ’ρτιςο

2329 4870 2450 4945 Mss.
2482 4881 2587 4945 hoc
2610 4870 2771 4945 e'tillo
2806 4880 2921 4945 loco
2956 4894 3164 4945 necnon
3193 4883 3245 4929 in
3278 4883 3463 4945 Epistt.
3489 4884 3547 4931 88
3574 4870 3624 4931 et
3654 4881 3749 4945 185,
3774 4876 3849 4945 ubi
3878 4870 3927 4918 d6

2329 4944 2515 5007 eadem
2544 4942 2846 4991 Maximiani
2881 4942 3023 4991 cado
3066 4944 3260 5007 agitur,
3291 4940 3653 4998 consideratis,
3686 4940 3926 5007 plurimam

2327 5006 2740 5114 discrepantiam
2764 5007 3077 5067 reperimus,
3097 5001 3260 5070 quam
3290 5009 3661 5057 annotavimus
3688 5001 3789 5051 suis
3806 5001 3922 5048 locis.

2391 5070 2409 5089 ’
2441 5070 2481 5114 A
2550 5067 2760 5114 codices
2790 5073 2870 5114 οι).
2902 5081 2979 5114 vc.
3019 5082 3067 5114 v.
3096 5075 3147 5114 et
3181 5069 3309 5114 Lov.
3341 5074 3601 5114 recensita
3625 5071 3715 5114 est.

2391 5070 2409 5089 ’
2441 5067 2518 5116 Ad
2546 5067 2760 5131 codices
2790 5073 2870 5115 οι).
2902 5081 2979 5116 vc.
3019 5082 3067 5116 ν.
3096 5067 3147 5117 et
3181 5069 3309 5118 Lov.
3340 5074 3601 5119 recensita
3625 5071 3715 5117 est.
3776 5127 3784 5131 _
3839 5122 3847 5131 _

2392 5131 2461 5191 (α)
2498 5130 2640 5178 Alias
2670 5132 2759 5178 207
2790 5144 2800 5176 :
2830 5144 2947 5193 qua
2977 5134 3156 5179 autem
3184 5133 3242 5180 70
3288 5137 3417 5189 erat,
3446 5146 3585 5182 nunc
3622 5131 3723 5179 220.
3757 5122 3925 5182 scripta

2328 5192 2463 5241 forte
2488 5194 2629 5241 circa
2655 5193 2748 5241 hoc
2780 5192 3008 5255 tempus.

2389 5258 2409 5288 ι
2442 5255 2744 5318 Ms.ACorb.,
2781 5254 3130 5318 Ναιὶοειιίοηί,
3661 5316 3671 5318 μ
3786 5309 3827 5318 ..

2388 5318 2406 5346 ³
2440 5316 2686 5366 Verliuus
2717 5320 2767 5381 et
2800 5316 3092 5381 Vindingus
3124 5318 3468 5381 suspicantur
3492 5316 3762 5381 legendum
3785 5310 3868 5381 δίς,
3897 5318 3921 5381 9

2327 5380 2493 5442 fratre
2511 5384 2686 5428 nostro
2706 5377 3120 5445 Qtarentiofnon
3142 5377 3323 5445 autem
3341 5386 3401 5430 ut
3421 5377 3572 5445 apud
3584 5383 3718 5445 Com,
3732 5391 3764 5445 a_
3777 5377 3917 5445 patri;

2327 5436 2524 5507 :quippe
2554 5456 2676 5507 cum
2698 5442 2993 5507 Clarcntius
3018 5443 3177 5507 fuerit
3193 5436 3478 5493 donatista‘.
3499 5446 3563 5493 At
3589 5443 3704 5491 Mss.
3725 5438 3796 5489 cb.
3820 5436 3915 5482 etv.
3962 5484 3963 5489 η

2327 5505 2543 5562 habent,
2576 5506 2639 5554 ab
2667 5506 2898 5568 episcopo
2927 5511 3121 5556 nostra.
3144 5506 3441 5570 Forte'pro,
3470 5511 3650 5557 oestro.
3920 5520 3923 5523 ·
