4040 6174
198 118 301 177 us

191 248 312 305 Nec
323 254 447 305 tam
464 247 633 306 hebes
657 264 785 306 sum
806 254 892 319 ut,
910 250 961 307 si
980 251 1218 310 diversa
1234 253 1505 313 senseris.
1519 267 1610 308 me
1640 268 1676 306 a
1696 257 1750 308 te
1767 250 1861 307 las-

188 354 318 393 sum
329 342 551 405 putem.
567 338 685 395 Sed
694 341 746 394 si
756 356 885 396 mea
903 344 1168 397 cominus
1183 343 1346 399 dicta
1361 341 1785 411 reprehendas,
1805 345 1858 395 et

192 426 489 482 rationem
530 428 896 495 scriptorum
940 437 1202 499 expetas,
1236 436 1289 487 et
1337 446 1470 501 quae
1520 428 1856 497 scripserim

186 516 511 573 emendare
540 517 880 584 compellas,
912 524 964 574 et
991 518 1071 573 ad
1108 515 1428 590 παλινῳδίαν
1460 532 1763 587 provoces,
1796 520 1850 573 et

185 606 392 661 oculos
430 604 578 660 mihi
592 606 812 662 reddas
827 619 849 675 ,°
868 608 927 661 in
946 606 1055 662 hoc
1087 608 1625 671 ladituramicitia,
1659 608 1722 661 in
1746 605 1855 662 hoc

185 692 640 748 necessitudinis
664 696 810 763 iura
838 695 1163 750 violantur.
1190 697 1281 753 Ne
1303 698 1615 753 videamur
1628 700 1855 751 certare

178 781 503 850 pueriliter
539 787 595 837 et
629 782 976 851 fautoribus
1010 784 1261 841 invicem
1289 787 1384 842 vel
1420 782 1851 841 detractoribus

181 872 409 926 nostris
436 870 687 928 tribuere
699 874 1007 928 materiam
1022 875 1421 930 contendendi
1447 896 1467 943 ;
1499 872 1849 937 hascscribo,

180 959 327 1031 quia
354 966 573 1027 tepure
600 969 655 1015 et
676 961 1004 1018 christiane
1040 963 1285 1033 diligere
1310 965 1504 1032 cupio,
1536 978 1639 1017 nec
1681 960 1851 1031 quid-

180 1047 441 1119 quamin
462 1063 591 1105 mea
614 1055 801 1106 mente
812 1051 1071 1107 retinere
1100 1053 1259 1123 quod
1279 1052 1491 1107 disteta
1520 1050 1849 1107 labiis.Non

179 1138 335 1193 enim
355 1137 618 1193 convenit
643 1144 707 1193 ut
722 1139 799 1193 ab
824 1139 1222 1196 adolescentia
1246 1156 1430 1211 usque
1444 1141 1524 1196 ad
1536 1139 1693 1196 hanc
1714 1145 1851 1195 aeta-

178 1227 388 1291 tem,in
402 1228 821 1283 monasteriolo
840 1243 973 1285 cum
985 1231 1208 1285 sanctis
1223 1231 1524 1300 fratribus
1540 1230 1739 1285 labore
1754 1229 1850 1285 de-

176 1313 676 1385 sudans,aliquid
691 1321 896 1371 contra
917 1316 1250 1385 episcopum
1271 1316 1697 1373 communionis
1709 1330 1850 1372 mea!

174 1403 439 1458 scribere
458 1403 733 1467 audeam,
767 1410 819 1457 et
840 1419 973 1460 eum
999 1408 1334 1475 episcopum
1354 1422 1524 1477 quem
1539 1412 1672 1461 ante
1685 1405 1849 1473 coepit

175 1505 389 1547 amare
398 1506 577 1561 quam
593 1506 779 1557 nosse,
798 1496 901 1564 qui
914 1509 1004 1549 me
1015 1496 1184 1563 prior
1196 1495 1278 1551 ad
1301 1496 1620 1550 amicitiam
1633 1510 1844 1563 provo-

175 1584 357 1646 cavit,
376 1596 551 1651 quem
573 1589 701 1649 post
726 1598 819 1638 me
842 1583 1126 1640 orientem
1153 1585 1217 1640 in
1238 1585 1690 1653 Scripturarum
1715 1599 1845 1640 eru-

172 1671 400 1726 ditione
450 1672 687 1725 laetatus
737 1685 889 1727 sum.
935 1672 1133 1742 Igitur
1161 1682 1265 1730 aut
1306 1681 1473 1730 tuum
1518 1681 1729 1743 negato
1776 1674 1849 1729 ti-

176 1758 433 1821 brum,si
457 1758 616 1825 forte
640 1774 759 1815 non
799 1766 936 1816 tuus
956 1769 1059 1827 est,
1099 1768 1152 1818 et
1198 1763 1397 1818 desine
1421 1763 1704 1832 flagitare
1729 1777 1847 1818 res-

171 1846 436 1913 criptum
463 1846 538 1903 ad
581 1863 650 1903 ea
674 1863 805 1917 qua
828 1866 947 1905 non
988 1850 1281 1918 scripsisti
1310 1872 1330 1919 ;
1358 1858 1463 1906 aut
1502 1851 1552 1905 si
1581 1858 1716 1905 tuus
1737 1856 1842 1909 est.

170 1934 431 2005 ingenue
466 1938 765 2003 conﬁtere.
797 1947 860 1993 ut
891 1938 943 1994 si
968 1938 1028 1994 in
1062 1940 1461 2007 defensionem
1491 1940 1603 1996 mei
1635 1940 1845 2011 aliqua

168 2027 493 2091 scripsero,
528 2026 663 2082 inte
684 2028 867 2095 culpa
896 2027 967 2083 sit
991 2028 1096 2099 qui
1118 2030 1475 2096 provocasti,
1509 2045 1626 2085 non
1654 2032 1714 2083 in
1755 2044 1846 2086 me

171 2114 277 2185 qui
292 2116 650 2184 respondere
679 2118 1021 2183 compulsus
1052 2132 1203 2173 sum.

243 2204 473 2259 CAPUT
502 2204 596 2258 Ill.
629 2211 768 2263 —5.
800 2206 983 2260 Addis
1011 2215 1303 2274 praeterea
1323 2212 1379 2262 te
1405 2213 1691 2275 paratum
1724 2221 1844 2266 esse

172 2299 251 2355 ut,
281 2291 495 2363 siquid
520 2308 609 2349 me
638 2294 831 2350 intuis
850 2297 1087 2362 scriptis
1116 2295 1382 2359 moverit,
1416 2302 1520 2351 aut
1549 2295 1840 2365 corrigere

174 2382 446 2444 votuero,
474 2382 748 2451 fraterne
786 2384 1067 2450 accipias,
1100 2391 1151 2440 et
1180 2400 1299 2440 non
1328 2386 1517 2440 solum
1545 2400 1667 2441 mea
1703 2387 1763 2441 in
1788 2391 1842 2441 te

173 2468 586 2526 benevolentia
607 2472 981 2541 gavisurum,
1017 2472 1120 2528 sed
1144 2478 1208 2527 ut
1237 2474 1349 2529 hoc
1375 2474 1567 2541 ipsum
1585 2475 1837 2539 faciam,

171 2560 541 2629 deprecaris.
595 2563 848 2617 Rursum
902 2563 1035 2618 dico
1072 2562 1231 2633 quod
1278 2564 1466 2619 sentio
1517 2578 1839 2630 :provocas

169 2664 392 2713 senem,
439 2656 724 2707 tacentem
763 2651 1057 2715 stimulas,
1107 2651 1324 2707 videris
1362 2652 1593 2711 iactare
1621 2652 1839 2708 doctri-

168 2755 331 2794 nam.
356 2739 495 2795 Non
522 2748 603 2795 est
632 2746 825 2795 autem
850 2744 1042 2796 atatis
1062 2755 1221 2806 mea,
1252 2743 1455 2811 putari
1478 2742 1838 2798 malevolum

166 2843 463 2896 ergaeum
492 2831 590 2884 cui
616 2831 804 2899 magis
841 2830 1113 2899 favorem
1140 2831 1333 2886 debeo.
1363 2831 1440 2885 Et
1470 2833 1522 2885 si
1549 2831 1611 2885 in
1640 2831 1839 2887 Evan-

161 2917 337 2986 gelii:
393 2932 468 2973 ac
522 2918 839 2986 Prophetis
898 2920 1167 2987 perversi
1218 2918 1480 2975 homines
1525 2922 1837 2975 inveniunt

166 3005 328 3076 quod
339 3004 623 3060 nitantur
643 3006 1336 3074 reprehendere,miraris
1359 3006 1481 3063 siin
1506 3010 1622 3062 tuis
1642 3008 1833 3071 libris,

166 3100 219 3150 et
242 3093 512 3150 maxime
565 3094 630 3149 in
659 3094 1119 3163 Scripturarum
1158 3096 1543 3164 expositione,
1578 3111 1710 3165 quae
1741 3098 1835 3152 vel

165 3183 605 3238 obscurissime
626 3189 787 3249 sunt,
814 3185 1091 3253 quddam
1114 3186 1311 3241 arecti
1327 3186 1487 3241 linea
1498 3184 1837 3253 discrepare

168 3270 529 3328 videantur?
552 3272 629 3327 Et
659 3272 768 3328 hoc
793 3272 940 3335 dico.
982 3287 1099 3329 non
1139 3273 1294 3344 quod
1321 3273 1381 3328 in
1412 3274 1689 3342 operibus
1716 3274 1832 3329 tuis

164 3360 443 3432 quaedam
462 3362 952 3428 reprehendenda
966 3364 1101 3430 jam
1123 3376 1410 3419 censeam.
1447 3363 1651 3434 Neque
1662 3365 1816 3420 enim

166 3449 406 3506 lectioni
448 3464 650 3506 eorum
682 3466 943 3521 unquam
995 3466 1237 3519 operam
1264 3452 1441 3508 dedi:
1470 3467 1577 3507 nec
1609 3453 1821 3508 horum

165 3539 675 3607 eremplariorum
700 3540 865 3609 apud
893 3556 997 3595 nos
1038 3540 1205 3609 copia
1234 3548 1338 3605 est,
1370 3548 1588 3608 praeter
1611 3540 1818 3598 Solito-

163 3630 445 3699 quiorum
471 3634 710 3684 tuorum
737 3630 938 3697 libros,
957 3636 1008 3685 el
1035 3630 1322 3700 quosdam
1355 3629 1822 3686 Commentarios

165 3719 222 3770 in
254 3717 564 3785 Psalmos;
592 3733 736 3787 quos
757 3718 809 3772 si
839 3719 1046 3774 vellem
1070 3718 1385 3783 discutere,
1416 3735 1536 3773 non
1567 3718 1763 3775 dicam
1785 3734 1821 3775 α

162 3822 273 3869 me,
307 3806 414 3877 qui
439 3807 597 3861 nihil
621 3822 771 3872 sum,
799 3807 900 3862 sed
928 3822 966 3863 α
998 3812 1255 3863 veterum
1290 3807 1631 3864 Grecorum
1658 3809 1822 3864 doce-

161 3910 285 3951 rem
318 3895 913 3964 interpretationibus
927 3897 1288 3965 discrepare.
1332 3898 1489 3961 Vale,
1519 3896 1816 3963 miamice,

161 3985 535 4048 charissime,
588 3991 762 4041 aetate
786 3987 899 4053 ﬁli,
931 3986 1227 4055 dignitate
1256 4000 1477 4053 parens
1505 4000 1522 4040 :
1554 3992 1606 4042 et
1636 3986 1745 4042 hoc
1784 4002 1821 4042 a

161 4089 250 4130 me
273 4080 528 4143 rogatus
544 4074 802 4139 observa,
832 4080 896 4130 ut
923 4075 1217 4146 quidquid
1241 4075 1389 4131 mihi
1412 4075 1822 4143 scripseris,ad

160 4178 248 4219 me
283 4164 533 4229 primun
568 4163 765 4232 facias
805 4164 1136 4231 pervenire.

614 4252 946 4308 EPISTOLA
977 4254 1177 4308 LXXIII
1208 4250 1237 4282 ⁸
1261 4251 1366 4325 (a).

156 4342 595 4410 Hieronymum
612 4341 826 4397 litteris
838 4343 959 4397 suis
973 4342 1253 4398 nonnihil
1277 4342 1562 4411 o/fensum
1596 4342 1819 4398 demul-

227 4446 362 4487 cere
388 4429 586 4487 studet
620 4432 1013 4500 Augustinus.
1042 4431 1385 4501 Apologiam
1416 4430 1578 4487 illius
1605 4438 1817 4488 contra

226 4520 540 4588 Ruffinum
579 4519 868 4586 accepisse
896 4535 957 4575 se
986 4523 1259 4585 testatur,
1287 4520 1609 4588 deplorans
1631 4527 1817 4576 tantos

222 4608 387 4664 inter
409 4608 557 4663 viros
584 4607 883 4679 quondam
918 4609 1301 4665 amicissimos
1336 4617 1456 4665 tam
1480 4612 1819 4666 amarulen-

226 4704 351 4754 tam
374 4697 737 4754 discordiam
768 4698 1063 4754 incidisse.

161 4785 416 4840 Domino
448 4786 791 4841 venerando
820 4792 874 4841 et
903 4786 1412 4842 desideratissimo
1444 4788 1626 4853 fratri,
1647 4804 1815 4844 com-

227 4874 575 4945 presbytero
635 4875 984 4945 HIERONYMO,
1035 4880 1402 4942 Auscenses,
1452 4876 1512 4932 in
1565 4877 1815 4933 Domino

228 4963 511 5018 salutem.

226 5051 674 5109 CAP.PR|MUM.
691 5083 758 5093 —
772 5054 795 5108 1
808 5053 1813 5127 .Quamvisexistimem,antequam

156 5140 305 5194 istas
329 5156 621 5204 sumeres,
657 5142 886 5198 venisse
914 5143 975 5197 in
994 5158 1210 5197 manus
1241 5142 1601 5199 tuaslitteras
1628 5160 1812 5209 meas,

156 5245 309 5299 quas
349 5245 458 5299 per
476 5229 579 5284 Dei
607 5246 867 5296 servum,
905 5231 1089 5286 tilium
1127 5238 1417 5297 nostrum,
1449 5233 1815 5304 Cyprianum

219 5355 245 5385 ’
280 5353 339 5403 ln
364 5354 834 5420 hec‘emendanda
867 5356 951 5420 usi
983 5369 1171 5420 sumus
1194 5370 1248 5410 a.
1287 5357 1358 5405 bl.
1382 5357 1473 5406 bn.
1504 5358 1543 5420 j.
1571 5371 1667 5405 mr.
1701 5371 1743 5405 r.
1770 5371 1810 5405 s.

163 5416 239 5464 sb.
282 5422 315 5464 t.
346 5431 425 5467 vc.
457 5416 674 5467 duobus
726 5431 801 5467 cc.
837 5418 1088 5467 undecim
1125 5434 1179 5474 v.
1217 5420 1333 5468 Am.
1368 5421 1473 5470 Bad
1489 5416 1519 5470 .’
1540 5421 1621 5469 Er.
1674 5422 1806 5474 Lov.

168 5480 493 5595 “(clothes
525 5482 618 5529 13:
649 5494 769 5545 quae
811 5484 993 5531 autem
1019 5482 1081 5532 73
1119 5485 1250 5542 erat,
1279 5496 1424 5533 nunc
1448 5484 1558 5533 245.
1590 5482 1815 5547 Scripta-

1440 119 1948 179 EPISTOLARUM
1986 121 2273 184 CLASSIS
2314 128 2381 184 II.

3508 127 3616 186 246

1970 251 2291 310 diaconum
2311 256 2468 322 misi;
2484 255 2704 327 quibus
2716 253 3040 312 certissime
3053 270 3405 326 agnosceres
3421 271 3619 313 meam

1970 357 2102 397 esse
2131 344 2467 415 epistolam,
2511 346 2682 416 cujus
2714 345 3077 416 exemplaria
3106 345 3242 400 illuc
3273 347 3618 417 pervenisse

1968 435 2777 504 commemorasti;uudejam
2791 450 2877 488 me
2891 435 3144 489 arbitror
3157 435 3457 506 rescriptis
3477 436 3620 504 tuis,

1970 522 2130 577 velut
2154 523 2456 578 Entellinis
2490 523 2812 593 glandibus
2845 527 3024 593 atque
3056 523 3298 578 acribus
3323 524 3619 587 caestibus,

1970 615 2259 683 tanquam
2286 613 2577 668 audacem
2615 614 2882 667 Daretem
2915 612 3169 682 ccepisse
3188 612 3416 682 pulsari
3441 618 3622 684 atque

1968 701 2217 757 versari:
2247 717 2403 757 nunc
2422 709 2619 758 tamen
2639 700 2723 755 eis
2740 701 2883 769 ipsis
2897 700 3234 770 respondeo
3254 701 3455 756 litteris
3483 702 3617 770 tuis,

1964 804 2119 860 quas
2163 791 2308 846 mihi
2338 807 2443 861 per
2473 796 2749 846 sanctum
2778 788 2966 843 tilium
3002 794 3269 843 nostrum
3320 790 3616 846 Asterium

1966 877 2191 932 mittere
2209 876 2486 946 dignatus
2503 892 2565 930 es
2589 893 2604 941 ;
2636 877 2692 931 in
2711 876 2933 947 quibus
2959 874 3221 931 multain
3246 892 3339 931 me
3354 878 3618 949 comperi

1964 968 2075 1018 tum
2089 963 2666 1020 benevolentissimae
2681 964 3000 1029 cbaritatis,
3029 968 3305 1019 etrursus
3331 965 3615 1037 quaedam

1960 1054 2305 1108 nonnullius
2336 1070 2372 1109 a
2401 1070 2494 1108 me
2526 1055 2542 1089 ¹
2575 1059 2690 1109 tuas
2720 1052 3069 1108 offensionis
3101 1052 3345 1110 indicia.
3386 1053 3609 1125 Itaque,

1963 1142 2618 1211 ubimulcebarlegens,
2647 1142 3023 1197 ibicontinuo
3038 1140 3438 1207 feriebar;hoc
3466 1157 3613 1198 sane

1962 1231 2049 1286 vel
2066 1233 2325 1287 maxime
2338 1233 2668 1299 admirans,
2690 1231 2853 1304 quod
2868 1247 3005 1285 cum
3017 1230 3183 1285 dicas
3200 1236 3251 1285 te
3264 1230 3617 1301 exemplari-

1959 1321 2073 1376 bus
2088 1324 2412 1377 litterarum
2429 1338 2696 1378 mearum
2714 1322 2847 1376 ideo
2863 1326 3079 1375 temere
3093 1336 3211 1375 non
3229 1325 3475 1390 putasse
3493 1336 3616 1376 cre-

1957 1411 2030 1466 de
2040 1411 2221 1466 udum
2234 1454 2246 1476 ,
2258 1428 2327 1467 ne
2342 1414 2487 1467 forte
2502 1418 2553 1467 te
2569 1411 2967 1482 respondente
2982 1408 3156 1464 laesus
3168 1409 3187 1479 j
3199 1414 3325 1463 uste
3338 1414 3616 1479 exposta.

1956 1500 2163 1566 larem,
2182 1500 2342 1573 puod
2361 1501 2617 1573 probare
2641 1506 2776 1555 ante
2790 1500 3112 1554 debuisses
3135 1514 3334 1553 meum
3355 1514 3485 1553 esse
3499 1514 3617 1553 ser-

1959 1606 2199 1645 monem
2233 1597 2285 1645 et
2308 1591 2390 1645 sic
2425 1590 2767 1655 rescribere,
2798 1593 3006 1660 postea
3035 1587 3271 1658 jubeas,
3302 1590 3347 1641 si
3378 1602 3514 1642 mea
3528 1589 3617 1641 est

1956 1680 2223 1752 epistola.
2240 1685 2437 1750 aperte
2454 1695 2548 1734 me
2563 1678 2843 1741 scribere,
2870 1682 2971 1732 aut
2992 1677 3220 1732 mittere
3240 1675 3612 1747 exemplaria

1959 1770 2209 1833 veriora,
2234 1774 2295 1824 ut
2308 1768 2541 1840 absque
2557 1768 2675 1823 ullo
2690 1782 2937 1823 rancore
2954 1765 3247 1821 stomachi
3265 1764 3323 1819 in
3345 1763 3611 1835 Scriptu-

1956 1874 2158 1914 rarum
2184 1858 2592 1930 disputatione
2621 1856 3087 1920 versemur.Quo
3109 1859 3281 1924 pecto
3306 1854 3464 1908 enim
3480 1868 3613 1924 pos-

1954 1964 2163 2002 sumus
2176 1948 2234 2001 in
2250 1948 2363 2002 hac
2375 1947 2775 2017 disputatione
2790 1944 2919 1999 sine
2935 1958 3183 1999 rancore
3197 1941 3494 2009 versari,si
3512 1956 3609 1997 me

1951 2035 2166 2091 laedere
2181 2052 2357 2106 paras
2376 2034 2404 2090 7
2419 2041 2522 2090 aut
2535 2036 2582 2090 si
2601 2050 2720 2090 non
2738 2031 3254 2104 paras,quomodo
3270 2034 3465 2099 ego,te
3482 2044 3605 2085 non

1951 2125 2225 2189 ledente,
2247 2127 2357 2179 abs
2380 2124 2621 2179 telaasus
2631 2124 2649 2193 j
2664 2128 2787 2177 uste
2801 2119 3265 2193 expostularem,
3280 2118 3443 2189 quod
3471 2133 3606 2188 pro-

1952 2213 2093 2268 bare
2133 2218 2268 2269 ante
2285 2212 2613 2275 debuisses,
2650 2226 2852 2266 meum
2885 2224 3016 2264 esse
3047 2222 3409 2270 sermonem,
3450 2205 3602 2262 etsic

1951 2302 2288 2363 rescribere.
2320 2302 2435 2357 hoc
2467 2307 2554 2356 est
2578 2304 2636 2355 et
2666 2300 2748 2355 sic
2774 2297 3030 2353 laedere?
3053 2295 3171 2351 Nisi
3194 2294 3356 2350 enim
3393 2294 3600 2349 rescri-

1948 2390 2144 2446 bendo
2172 2390 2442 2455 lmsisses,
2476 2404 2587 2461 ego
2608 2389 2766 2459 juste
2795 2384 3172 2456 expostulare
3198 2398 3318 2439 non
3335 2398 3599 2454 possem.

1948 2481 2197 2536 Proinde
2211 2496 2348 2535 cum
2364 2479 2445 2535 ita
2458 2478 2756 2542 rescribis,
2782 2485 2843 2531 ut
2858 2475 3068 2535 laedas,
3088 2473 3225 2544 quis
3242 2471 3408 2527 locus
3423 2472 3598 2528 nobis

1948 2570 2301 2642 relinquitur
2325 2568 2386 2624 in
2416 2568 2821 2639 disputatione
2844 2564 3282 2635 Scripturarum
3310 2561 3438 2616 sine
3474 2561 3595 2616 ullo

1948 2675 2195 2714 rancore
2210 2658 2525 2713 versandi?
2539 2660 2658 2728 Ego
2677 2655 2922 2729 quidem
2936 2652 3088 2709 absit
3106 2649 3437 2714 utlaadar,si
3454 2650 3601 2707 mibi

1946 2754 2105 2803 certa
2122 2748 2348 2803 ratione
2376 2747 2629 2801 volueris
2651 2752 2703 2801 et
2726 2743 2987 2816 potueris
3009 2741 3421 2796 demonstrare
3451 2738 3599 2794 illud

1944 2852 2015 2891 ex
2055 2837 2314 2906 Epistola
2344 2833 2731 2906 Apostoli,vel
2770 2831 2918 2904 quid
2950 2830 3113 2886 aliud
3155 2829 3593 2900 Scripturarum

1944 2932 2284 2981 sanctarum
2305 2930 2356 2979 te
2372 2924 2561 2978 verius
2579 2921 3150 2990 intellexisse,quam
3166 2933 3260 2972 me
3285 2932 3297 2970 :
3318 2918 3440 2972 imo
3454 2931 3597 2972 vero

1943 3014 2114 3077 absit,
2145 3020 2490 3067 utnoncum
2517 3012 2843 3083 gratiarum
2871 3004 3310 3064 actione‘lucris
3338 3004 3596 3059 meisde-

1942 3103 2219 3175 putem,si
2234 3101 2399 3157 fuero
2422 3106 2473 3156 te
2486 3100 2737 3155 docente
2752 3098 3096 3160 instructus,
3113 3098 3215 3149 aut
3228 3093 3593 3149 emendante

1940 3196 2264 3247 correctus.

2008 3281 2060 3335 2.
2095 3281 2622 3344 Verumtamen,tu
2653 3275 2799 3331 mihi
2823 3274 3002 3330 frater
3028 3268 3587 3334 charissime,nisite

1938 3376 2181 3442 putares
2212 3368 2423 3424 laesum
2456 3367 2686 3439 scriptis
2715 3365 2884 3429 meis,
2917 3377 3038 3418 non
3064 3377 3160 3416 me
3186 3365 3429 3431 putares
3459 3358 3589 3431 laedi

1927 3473 2104 3531 posse
2126 3458 2422 3529 rescriptis
2445 3456 2583 3512 tuis.
2619 3454 2787 3511 Nullo
2801 3452 2962 3508 enim
2993 3449 3174 3506 modo
3192 3448 3253 3504 id
3277 3447 3351 3503 de
3381 3451 3436 3502 te
3463 3447 3587 3520 opi-

1930 3553 2105 3603 natus
2138 3545 2506 3618 fuero,quod
2530 3559 2650 3601 non
2679 3549 2730 3599 te
2761 3540 3065 3599 arbitraris
3090 3536 3477 3602 laesum,sisic
3506 3542 3589 3593 ta-

1928 3652 2065 3693 men
2097 3636 2366 3691 rescribis
2393 3631 2930 3689 ullaadas.Autsite
2950 3643 3071 3684 non
3084 3628 3169 3683 sic
3199 3624 3584 3692 rescribente,

1928 3740 2040 3794 ego
2057 3729 2299 3797 propter
2321 3724 2574 3779 nimiam
2589 3720 2902 3777 stultitiam
2920 3732 3119 3773 meam
3134 3714 3276 3785 laedi
3292 3729 3465 3785 posse
3477 3730 3586 3786 pu«

1928 3819 2089 3871 tatus
2118 3830 2275 3879 sum,
2305 3813 2421 3869 hoc
2455 3812 2590 3883 ipso
2617 3809 2820 3865 laesisti
2856 3808 3053 3879 plane,
3086 3803 3251 3876 quod
3282 3801 3355 3857 de
3384 3818 3479 3858 me
3500 3803 3584 3859 ita

1928 3903 2179 3958 sensisti.
2226 3903 2339 3957 Sed
2387 3900 2547 3956 nullo
2579 3897 2760 3955 modo
2790 3902 2852 3952 tu
2878 3909 2993 3960 me,
3028 3907 3209 3965 quem
3266 3906 3582 3963 nunquam

1927 3992 2101 4048 talem
2134 3996 2413 4063 expertus
2450 4004 2532 4053 es,
2565 3992 2784 4045 temere
2814 3984 2993 4041 talem
3034 3982 3325 4044 crederes,
3354 3979 3461 4052 qui
3490 3979 3582 4035 lit-

1927 4087 2188 4137 terarum
2220 4074 2968 4149 mearumexemplaribus,
2991 4071 3169 4127 etiam
3202 4084 3339 4125 cum
3377 4068 3582 4127 stilum

1928 4186 2128 4225 meum
2160 4184 2391 4234 nosses,
2413 4173 2633 4223 temere
2660 4165 2899 4221 credere
2921 4158 3254 4218 noluisti.Si
3283 4158 3442 4213 enim
3463 4173 3581 4215 non

1924 4258 2222 4314 immerito
2252 4257 2444 4313 vidisti
2478 4272 2574 4313 me
2595 4256 2753 4326 juste
2770 4250 3285 4324 expostulaturum
3300 4247 3502 4314 fuisse,
3533 4248 3583 4304 si

1926 4353 2143 4404 temere
2177 4346 2447 4402 crederes
2476 4360 2608 4400 esse
2634 4344 2857 4399 litteras
2875 4356 3059 4404 meas,
3085 4354 3219 4411 quae
3234 4352 3356 4393 non
3382 4340 3583 4392 essent

1924 4452 2102 4501 meai;
2136 4440 2361 4507 quanto
2395 4434 2617 4505 justius
2643 4428 3109 4502 expostularem,
3153 4425 3448 4496 meipsum
3499 4427 3580 4478 te-

1924 4541 2085 4579 mere
2141 4529 2416 4595 putatum
2466 4522 2667 4584 talem,
2710 4518 2951 4592 qualem
3005 4531 3097 4570 me
3129 4518 3406 4585 expertus
3457 4527 3577 4569 non

1922 4620 2075 4669 esset
2096 4611 2196 4684 qui
2216 4611 2576 4683 putavisset?
2604 4612 2999 4680 Nequaquam
3031 4619 3172 4674 ergo
3199 4603 3281 4658 ita
3306 4600 3577 4673 prolabe-

1920 4703 2090 4767 reris,
2126 4707 2189 4756 ut
2222 4707 2276 4756 te
2303 4716 2425 4756 non
2453 4698 2817 4755 rescribente
2832 4711 2955 4768 quo
2969 4693 3225 4757 laederer,
3252 4706 3346 4746 me
3374 4696 3575 4749 tamen

1921 4791 2291 4847 existimares
2320 4788 2497 4845 nimis
2526 4786 2931 4860 insipientem,
2960 4783 3138 4839 etiam
3170 4779 3268 4838 tali
3315 4784 3419 4837 tuo
3460 4796 3577 4836 res-

1922 4881 2110 4952 cripto
2143 4878 2275 4934 laedi
2307 4879 2591 4950 potuisse.

1994 4969 2221 5024 CAPUT
2250 4968 2320 5023 Il.
2348 4968 2479 5021 —3.
2514 4963 2899 5035 Restatigitur
2912 4966 2976 5018 ut
3003 4959 3217 5017 laedere
3244 4973 3340 5014 me
3369 4955 3580 5013 rescri-

1921 5057 2123 5114 bendo
2154 5056 2526 5128 disponeres,
2577 5056 2625 5111 si
2670 5058 2828 5109 certo
2858 5052 3220 5107 documento
3252 5061 3417 5102 meas
3446 5059 3576 5101 esse

1921 5146 2056 5202 illus
2109 5145 2333 5201 litteras
2388 5160 2688 5201 nosceres.
2730 5146 2921 5213 Atque
2971 5139 3073 5205 ita,
3106 5136 3365 5208 quignon
3396 5132 3575 5190 credo

1920 5235 2086 5307 quod
2140 5235 2357 5306 injuste
2391 5249 2483 5289 me
2510 5230 2855 5289 laedendum
2903 5231 3164 5299 putares,
3201 5226 3471 5294 superest
3508 5226 3576 5279 ut

1922 5338 2249 5393 agnoscam
2288 5326 2601 5395 peccatum
2624 5334 2849 5382 meum,
2881 5314 3045 5387 quod
3080 5313 3240 5385 prior
3272 5315 3323 5368 te
3354 5310 3467 5367 illis
3484 5310 3575 5367 lit-

1984 5484 1997 5511 ¹
2033 5480 2116 5593 sic
2139 5480 2263 5530 Bad.
2297 5481 2381 5531 Er.
2425 5483 2477 5531 et
2506 5476 2774 5529 sexdecim
2803 5474 2927 5526 Mss.
2959 5473 3039 5524 Ad
3075 5472 3205 5529 Lov.
3244 5472 3422 5533 habet,
3458 5469 3576 5524 ani-

1984 5557 2015 5593 ι
2069 5557 2169 5593 me.

1921 5557 2015 5596 ma
2049 5557 2169 5595 tua.
