4078 6166
252 66 255 75 .

254 90 261 99 .

190 190 272 241 usi.

206 259 272 311 ἰ

168 332 183 341 η,
216 326 225 339 ι
253 317 272 336 ἰ

238 344 243 355 Ψ

138 362 145 365 τ
208 362 249 393 ιι,

166 440 171 441 ,
198 408 262 439 μινῗ

148 460 169 477 ’λ
204 464 225 493 ’Δδ
238 471 262 494 ΙΙ

204 540 205 543 η
236 497 272 536 Ι..

186 636 241 665 κη
261 615 276 658 ξ.

232 676 260 697 ᾗ

188 700 270 731 ἀρ.

186 928 189 929 ν
222 940 223 943 η
257 913 272 944 '2

261 1097 272 1116 ι

261 1303 268 1318 Ι

196 1332 241 1349 ιζ’
265 1327 276 1338 (Α

222 1496 233 1525 Δγ
252 1506 263 1517 ν

210 1674 215 1677 ν
259 1661 272 1694 ξ

194 1726 201 1731 θ
261 1717 272 1726 ο

230 1828 233 1831 ν
259 1821 272 1834 ἆ

122 1996 129 2001 θ
188 1958 195 1961 Δ
232 1984 237 1993 ι

166 2028 169 2033 ·
198 2010 270 2053 ὶινι

220 2064 243 2085 ί
263 2059 272 2080 -’

198 2116 199 2119 η
236 2104 243 2113 ε

156 2160 165 2171 Ι
218 2146 243 2185 ’ἒ

158 2188 264 2227 .‘

138 2288 151 2305 ί
190 2288 235 2325 VI”,
255 2291 272 2322 η’

154 2346 177 2371 ί.
236 2348 243 2371 ην

172 2468 177 2471 Α
204 2453 252 2479 ,μ

136 2480 201 2517 ο;1’
245 2485 252 2496 Ι

146 2540 153 2545 ι
168 2534 219 2551 -“ι

158 2552 203 2587 Ui!
234 2548 245 2559 δ

130 2588 133 2593 Γ
164 2593 272 2631 4³³

138 2660 145 2669 ο
168 2634 211 2661 ’ψ
233 2647 250 2658 ⁶¹

142 2678 149 2703 :
170 2670 219 2711 έν
243 2691 252 2706 ι.

134 2724 181 2755 ’ξεῖἰ
196 2718 233 2745 νβ

146 2757 258 2803 λὺ

134 2802 147 2815 ε
259 2799 266 2806 .

128 2803 252 2865 ,έ-πιθ.

140 2872 217 2913 ι-ᾉλθλ
253 2871 258 2878 ⁵

134 2918 216 2955 5‘2"
241 2925 262 2948 r-

110 3136 113 3137 ν
130 3160 141 3167 .
160 3124 236 3169 ‘r‘
257 3137 268 3146 η

134 3166 201 3213 ξς..

132 3214 197 3265 3ﬁl;
213 3209 264 3260 Γ.

132 3256 211 3325 ἐξ

110 3332 187 3393 ᾗ
207 3341 248 3384 s-

217 3385 252 3402 σ-.

112 3404 161 3461 ,ξ’
177 3411 240 3484 ρξε-

128 3500 186 3567 .

156 3715 252 3763 τῦ(

156 3774 165 3785 δ.
184 3758 232 3775 1

134 3804 163 3825 1,

140 3828 185 3869 ““·ἐ
203 3831 232 3872 ὅ

150 3874 163 3883 ⁸
219 3877 232 3892 Ἰ

114 3906 153 3925 :4.
168 3890 179 3923 ί
229 3895 238 3920 ¹.

130 3928 205 3967 ,ἐξ

134 3968 195 3997 μςρνπ

146 4006 181 4043 ις.
227 4021 252 4038 ,.

158 4032 252 4103 '1‘-

112 4108 115 4113 ⁴
146 4112 213 4139 13'?
237 4101 252 4124 "

154 4140 215 4183 .Si'
243 4149 252 4160 ι.

162 4196 171 4223 ς
225 4195 232 4212 ι

176 4260 225 4303 ρὰ

186 4315 252 4333 .,

142 4348 201 4381 J.“-‘

146 4404 149 4443 ;

156 4442 195 4471 ξ’...
237 4447 250 4462 ι

142 4494 173 4521 ιῙ
196 4482 252 4522 4-1

132 4544 211 4593 ξε
237 4591 244 4594 .

150 4610 246 4639 μιν-ι

144 4708 227 4765 εΑζι*
243 4755 250 4760 .

170 4776 185 4785 ,_
235 4777 252 4788 ,υ

136 4871 204 4897 *ἓν

134 4906 165 4925 .-ἶ
199 4900 258 4936 ι

132 4934 225 4989 εὖὶέ

138 5008 147 5017 1
164 4992 203 5017 ..δ’

176 5022 221 5047 ’.ἦ

144 5054 191 5093 ἿΙΔῖ
206 5062 252 5098 ’-

146 5100 153 5107 -
170 5088 217 5129 is“.

186 5122 215 5149 r7
235 5133 240 5138 .

148 5162 209 5191 Τ
241 5175 252 5196 ε

194 5232 203 5265 ζ
225 5215 252 5262 εἰ

214 5566 217 5567 7
241 5543 252 5556 Ι

249 5657 270 5670 Ι.

237 5675 272 5696 ‘1

212 5845 252 5871 γ’

233 5883 252 5912 δ’

645 110 748 168 247

632 239 772 294 teris
793 238 1238 312 lmserim,quas
1254 254 1419 295 meas
1447 253 1580 293 esse
1611 251 1830 307 negare
1858 249 1978 291 non
2006 247 2280 306 possum.

633 327 749 384 Cur
770 330 966 400 itaque
989 344 1172 383 conor
1213 336 1422 384 contra
1449 327 1714 382 ﬂuminis
1746 331 2022 389 tractum,
2055 339 2126 378 ac
2158 334 2279 375 non

634 418 826 488 potius
859 417 1084 470 veniam
1114 415 1297 486 peto?
1319 417 1577 472 Obsecro
1608 423 1661 470 te
1693 430 1834 483 ergo
1867 429 1968 485 per
2003 425 2279 466 mansue-

634 505 900 559 tudinem
942 504 1173 570 Christi,
1219 511 1299 573 ut,
1335 506 1380 559 si
1411 506 1532 560 ltesi
1565 512 1636 567 te,
1670 503 1938 558 dimittas
1973 501 2137 564 mihi,
2172 514 2280 553 nec

633 609 725 646 me
755 593 1008 646 vicissim
1055 592 1330 648 laedendo
1386 593 1608 648 malum
1665 608 1772 664 pro
1842 591 2000 646 malo
2039 588 2277 643 reddas.

633 679 838 734 Laedes
868 685 1068 735 autem
1095 699 1206 746 me,
1237 683 1281 736 si
1309 683 1452 737 mihi
1488 682 1736 736 tacueris
1769 696 2028 735 errorem
2054 693 2276 740 meum,

630 784 808 840 quem
852 769 998 824 forte
1030 770 1326 824 inveneris
1353 771 1410 824 in
1439 770 1608 824 factis
1637 770 1723 824 vel
1741 769 1911 824 dictis
1940 767 2105 822 meis.
2133 769 2278 822 Nam

631 858 676 911 si
708 873 779 912 ea
812 857 866 911 in
897 875 986 913 me
1020 859 1472 929 reprehenderis
1494 876 1624 928 quae
1639 857 2131 927 reprehendenda
2159 870 2279 909 non

631 952 789 1011 sunt,
814 952 863 1001 te
889 948 1052 1001 lmdis
1073 950 1263 1016 magis
1293 966 1474 1020 quam
1509 965 1630 1013 me;
1661 947 1822 1019 quod
1859 947 2014 1001 absit
2037 962 2070 999 a
2105 945 2280 999 mori-

633 1035 746 1089 bus
769 1039 827 1088 et
847 1042 1050 1090 sancto
1068 1039 1372 1108 proposito
1399 1043 1520 1101 tuo,
1550 1045 1610 1092 ut
1643 1037 1753 1091 hoc
1783 1037 1964 1090 facias
1981 1034 2278 1090 voluntate

631 1122 908 1185 laedendi,
958 1125 1208 1195 culpans
1241 1125 1298 1178 in
1340 1142 1433 1180 me
1480 1125 1704 1197 aliquid
1737 1126 1914 1179 dente
1963 1123 2278 1186 maledico,

629 1211 793 1282 quod
828 1219 1022 1266 mente
1056 1213 1310 1268 veridica
1332 1230 1459 1268 esse
1489 1217 1604 1268 scis
1637 1229 1751 1268 non
1778 1213 2176 1284 culpandum.
2201 1216 2278 1266 Ac

629 1315 734 1369 per
763 1301 876 1354 hoc
909 1307 1009 1355 aut
1040 1301 1331 1357 benevolo
1358 1303 1534 1357 corde
1565 1318 1807 1371 arguas,
1851 1301 2087 1357 etiamsi
2120 1305 2280 1355 caret

625 1387 858 1452 delicto,
883 1405 1062 1459 quem
1078 1393 1451 1458 arguendum
1470 1397 1643 1462 putas
1659 1409 1670 1454 ;
1689 1398 1790 1446 aut
1803 1399 2050 1461 paterno
2066 1390 2280 1444 aﬂectu

628 1477 892 1531 mulceas
919 1495 1098 1549 quem
1125 1479 1384 1548 adjicere
1421 1483 1430 1513 '
1469 1496 1748 1552 nequeas.
1768 1481 1958 1534 Potest
1979 1480 2134 1533 enim
2153 1478 2277 1533 ﬁeri

629 1571 690 1619 ut
715 1566 814 1620 tibi
833 1565 993 1620 aliud
1029 1568 1295 1622 videatur
1321 1584 1505 1639 quam
1540 1569 1755 1623 veritas
1788 1569 1987 1636 habet,
2020 1569 2162 1623 dum
2197 1575 2276 1624 ta-

631 1670 768 1708 men
801 1654 909 1709 abs
969 1661 1016 1710 te
1068 1656 1228 1711 aliud
1262 1671 1380 1710 non
1409 1656 1510 1711 ﬁat
1539 1673 1722 1728 quam
1758 1657 2018 1712 charitas
2052 1659 2231 1712 habet
2263 1675 2275 1713 :

627 1759 768 1797 nam
810 1750 865 1797 et
889 1759 1000 1815 ego
1033 1747 1457 1801 amicissimam
1495 1747 2023 1816 reprehensionem
2073 1749 2280 1815 gratis-

626 1831 774 1886 sime
800 1833 1300 1902 accipiam,etiam
1317 1836 1362 1888 si
1385 1836 1736 1907 reprehendi
1754 1852 1870 1892 non
1897 1837 2276 1907 meruitquod

625 1927 783 1975 recte
811 1921 1048 1976 defendi
1088 1928 1313 1993 potest;
1349 1931 1451 1979 aut
1475 1939 1795 1996 agnoscam
1811 1925 1989 1980 simul
2013 1933 2066 1979 et
2095 1925 2279 1980 bene-

625 2009 946 2065 volentiam
1008 2017 1192 2077 tuam,
1240 2019 1294 2066 et
1323 2013 1561 2084 culpam
1604 2029 1820 2079 meam,
1856 2020 1928 2082 et,
1981 2019 2277 2086 quantum

625 2097 909 2152 Dominus
948 2101 1149 2163 donat,
1187 2101 1245 2155 in
1277 2101 1393 2157 alio
1418 2108 1646 2173 gratus,
1679 2103 1738 2157 in
1777 2103 1892 2158 alio
1925 2103 2278 2158 emendatus

621 2185 919 2242 inveniar.

692 2279 744 2330 4.
793 2277 942 2341 Quid
975 2293 1138 2346 ergo,
1173 2278 1426 2334 fortasse
1453 2281 1624 2345 dura,
1660 2281 1761 2335 sed
1795 2287 1948 2336 certe
2011 2281 2278 2337 salubria

622 2365 803 2419 verba
835 2371 956 2432 tua,
989 2371 1278 2437 tanquam
1313 2374 1528 2423 caestus
1564 2369 1787 2431 Entelli,
1819 2369 2278 2440 pertimescam?

619 2452 1214 2521 Czedebaturillemon
1232 2456 1632 2523 curabatur;et
1647 2459 1777 2512 ideo
1794 2459 2274 2526 vincebatur,uon

629 2541 976 2596 sanabatur.
996 2545 1112 2611 Ego
1127 2546 1391 2606 autem,si
1409 2546 1824 2602 medicinalem
1841 2548 2274 2619 correptionem

622 2632 788 2684 tuam
846 2630 1199 2700 tranquillus
1231 2647 1537 2704 accepero,
1591 2650 1710 2690 non
1759 2635 2007 2691 dolebo:
2041 2638 2088 2690 si
2138 2651 2276 2690 vero

628 2717 965 2783 inﬁrmitas,
991 2719 1078 2773 vel
1111 2723 1131 2754 ³
1157 2719 1917 2787 humana,velmea,etiam
1947 2741 2085 2780 cum
2116 2741 2276 2780 vera-

633 2805 776 2861 citer
807 2823 1180 2877 arguor,non
1214 2812 1538 2880 potestnisi
1567 2812 2004 2882 aliquantulum
2033 2819 2274 2871 contris-

625 2895 759 2961 tari,
788 2895 998 2950 melius
1024 2903 1220 2952 tumor
1236 2899 1442 2969 capitis
1466 2900 1804 2966 dolet,dum
1821 2917 2272 2976 curatur,quam

626 2983 770 3038 dum
815 2987 863 3039 ei
896 2987 1174 3056 parcitur,
1209 3003 1328 3043 non
1367 2995 1634 3044 sanatur.
1658 2993 1774 3046 Hoc
1802 2997 1886 3046 est
1917 2994 2074 3048 enim
2106 2994 2271 3066 quod

631 3079 801 3128 acute
829 3074 974 3128 vidit
1002 3077 1102 3146 qui
1133 3076 1300 3142 dixit,
1330 3078 1595 3134 Utiliores
1626 3096 1759 3135 esse
1788 3081 2140 3153 plerumque
2169 3085 2272 3139 ini-

624 3162 1324 3236 micosjurgantesquam
1349 3169 1900 3240 amicosobjurgare
1918 3178 2267 3227 metuentes.

622 3249 703 3304 llli
733 3252 892 3305 enim
921 3254 1068 3307 dum
1092 3253 1374 3318 rixantur,
1403 3256 1946 3329 dicuntaliquando
1970 3276 2110 3314 vera
2135 3278 2270 3333 quae

627 3338 1034 3405 corrigamus;
1096 3339 1186 3394 isti
1218 3347 1415 3396 autem
1468 3344 1755 3400 minorem
1801 3361 1982 3417 quam
2015 3354 2266 3418 Oportet,

629 3425 906 3480 exhibent
931 3426 1168 3495 justitiie
1209 3428 1558 3492 libertatem.
1589 3434 1733 3487 dum
1759 3435 2034 3490 amicitia:
2069 3438 2274 3494 timent

623 3528 976 3584 exasperare
996 3515 1397 3575 dulcedinem.
1415 3519 1790 3592 Quapropter
1815 3524 1917 3578 etsi
1935 3524 2065 3590 bos,
2085 3532 2145 3580 ut
2171 3527 2272 3582 tibi

622 3601 864 3670 videris,
897 3603 1084 3658 lassus
1110 3613 1406 3662 senectute
1429 3608 1576 3664 forte
1608 3614 1894 3682 corporis,
1927 3630 2044 3669 non
2079 3615 2273 3686 vigore

624 3690 806 3746 animi
849 3698 1071 3763 tamen,
1123 3695 1180 3749 in
1212 3712 1350 3751 area
1396 3697 1699 3755 dominica
1737 3700 2040 3758 fructuoso
2070 3704 2274 3760 labore

623 3778 1114 3848 desudans;ecce
1141 3801 1297 3850 sum,
1328 3786 1375 3840 si
1397 3788 1541 3858 quid
1571 3805 1881 3860 perperam
1899 3792 2042 3857 dixi,
2065 3793 2272 3849 fortius

622 3867 737 3938 ﬁge
764 3870 1000 3939 pedem.
1018 3875 1141 3928 Non
1170 3875 1311 3929 mihi
1345 3891 1474 3930 esse
1499 3877 1677 3933 debet
1708 3879 2022 3936 molestum
2039 3883 2276 3953 pondus

625 3959 810 4014 aetatis
827 3965 961 4027 tum,
990 3961 1324 4018 dummodo
1341 3971 1678 4022 conteratur
1700 3968 1868 4038 palea
1891 3971 2080 4040 culpas
2105 3989 2267 4028 metae.

701 4053 750 4102 5.
769 4049 1015 4104 Proinde
1038 4050 1179 4104 illud
1194 4053 1358 4122 quod
1387 4053 1444 4108 in
1463 4062 1727 4110 extremo
1747 4057 2012 4126 epistolae
2031 4067 2142 4114 tuae
2170 4078 2272 4132 po-

633 4135 823 4199 suisti,
858 4151 994 4190 cum
1040 4141 1241 4205 magni
1269 4139 1546 4196 desiderii
1579 4144 1840 4214 suspirio
1864 4146 1955 4201 vel
1985 4147 2138 4216 lego,
2183 4149 2274 4204 vel

625 4223 842 4277 recolo.
877 4225 1136 4290 Utinam,
1152 4226 1371 4299 inquis,
1388 4245 1750 4287 mereremur
1764 4236 2104 4301 complexus
2119 4244 2271 4304 tuos,

629 4318 684 4367 et
712 4313 1032 4369 collatione
1062 4323 1272 4372 mutua
1315 4321 1406 4374 vel
1434 4319 1772 4376 doceremus
1803 4325 2030 4396 aliqua,
2051 4326 2139 4381 vel
2159 4329 2272 4382 dis-

631 4415 892 4458 ceremus
918 4407 937 4459 ,ν
963 4406 1076 4473 Ego
1098 4410 1298 4462 autem
1329 4407 1494 4467 dico:
1534 4409 1768 4466 Utinam
1792 4412 1997 4468 saltem
2035 4417 2274 4488 propin-

634 4490 770 4561 quis
791 4495 1079 4548 terrarum
1095 4493 1238 4550 locis
1253 4495 1658 4554 habitaremus
1686 4501 1856 4564 ;ut,si
1883 4517 1999 4556 non
2037 4511 2274 4573 possent

622 4579 854 4634 misceri
883 4586 1088 4637 nostra
1123 4584 1441 4656 colloquia,
1485 4587 1687 4642 litterae
1734 4597 1973 4660 possent
1999 4609 2125 4647 esse
2157 4610 2272 4648 cre-

622 4667 849 4722 briores
878 4668 888 4722 l
925 4672 1088 4726 Nunc
1115 4689 1254 4728 vero
1287 4680 1450 4730 tanto
1465 4675 1732 4732 locorum
1765 4679 2072 4736 intervallo
2095 4682 2272 4737 absu-

625 4771 762 4811 mus
795 4773 829 4813 a
856 4760 1132 4814 sensibus
1165 4764 1472 4833 nostris,ut
1511 4766 1583 4820 de
1614 4766 1726 4823 illis
1759 4769 1954 4824 verbis
2007 4772 2272 4841 Apostoli

624 4845 702 4902 ad
734 4845 992 4911 Galatas,
1048 4849 1332 4917 juvenem
1389 4869 1483 4908 me
1524 4857 1601 4909 ad
1673 4861 1832 4911 tuam
1884 4857 2272 4917 Sanctitatem

625 4936 933 5008 scripsisse
968 4939 1361 5006 meminerim,
1390 4946 1444 4997 et
1467 4959 1600 4998 ecce
1622 4945 1748 5016 jam
1781 4962 1980 5010 senex,
2016 4951 2273 5007 necdum

626 5027 916 5097 rescripta
942 5028 1284 5094 meruerim,
1317 5031 1668 5104 faciliusque
1708 5035 1783 5089 ad
1819 5040 1870 5090 te
1910 5039 2276 5106 exemplaria

627 5115 885 5183 epistola:
934 5131 1081 5172 meae
1131 5119 1523 5189 pervenerint,
1567 5124 1765 5178 nescio
1819 5141 1934 5196 qua
1965 5129 2276 5184 occasione

631 5207 1048 5272 praeveniente,
1103 5223 1286 5279 quam
1322 5210 1451 5281 ipsa
1482 5211 1729 5282 epistola
1759 5229 1853 5267 me
1881 5221 2141 5270 curante.
2174 5220 2277 5271 Ho-

631 5303 726 5343 mo
758 5293 916 5347 enim
949 5296 1048 5367 qui
1073 5313 1207 5352 eam
1242 5304 1379 5353 tunc
1401 5307 1728 5371 acceperat,
1755 5317 1860 5356 nec
1890 5303 1964 5358 ad
2001 5309 2052 5358 te
2086 5310 2278 5376 pertu-

1041 5452 1092 5513 et
1129 5449 1232 5505 Er..
1259 5452 1494 5513 abjicere.

696 5503 713 5534 ⁸
748 5502 824 5553 Ita
850 5505 970 5554 Mss.
1004 5502 1260 5576 plerique.
1294 5502 1357 5561 A't
1380 5515 1526 5572 Lov.,
1549 5516 1683 5565 velut
1701 5517 1928 5566 humana
1959 5533 2090 5569 mea.

1858 151 1863 158 .
1909 109 1967 166 S.
2011 101 2394 163 AUGUSTINI
2437 104 2755 164 EPISCOPI
3898 113 3995 170 2‘8

2390 230 2538 296 lerit,
2565 249 2674 288 nec
2705 233 2782 292 ad
2815 249 2910 289 me
2943 232 3204 290 retulerit
3237 233 3277 288 ¹.
3332 235 3527 290 Tantae
3561 240 3752 291 autem
3790 237 3918 293 mihi
3946 240 3994 295 in

2389 320 2594 376 litteris
2624 324 2755 387 tuis,
2799 339 2931 396 quis
2965 323 3025 378 in
3081 339 3296 378 manus
3323 329 3551 378 nostras
3601 326 3791 380 venire
3816 334 3995 398 potue-

2389 417 2546 476 runt,
2564 420 2855 482 apparent
2870 429 2981 475 res,
3007 417 3068 466 ut
3084 412 3228 466 nihil
3248 412 3578 467 studiorum
3598 429 3853 469 meorum
3869 417 3992 471 mal-

2389 497 2528 562 lem,
2560 499 2606 554 si
2632 517 2890 571 possem,
2911 517 3095 574 quam
3125 501 3409 556 inhterere
3435 501 3993 574 lateritquuodego

2388 588 2531 658 quia
2561 605 2679 644 non
2717 607 2988 660 possum,
3022 590 3284 662 aliquem
3320 595 3656 645 nostrorum
3687 591 3744 645 in
3777 595 3992 649 Domino

2387 675 2645 732 ﬁliorum
2679 679 3068 733 erudiendum
3107 678 3279 733 nobis
3311 678 3387 733 ad
3403 686 3453 732 te
3485 680 3710 734 mittere
3741 682 3929 752 cogito,
3955 686 3990 737 si

2388 767 2566 821 etiam
2595 767 2667 821 de
2685 768 2795 823 hac
2829 784 2887 823 re
2906 773 3006 823 tua
3028 768 3312 838 rescripta
3340 784 3631 823 meruero.
3666 771 3801 824 Nam
3831 785 3989 842 neque

2388 853 2448 908 in
2484 871 2576 909 me
2601 862 2826 911 tantum
2845 858 3102 912 scientias
3121 856 3562 927 Scripturarum
3577 856 3883 913 divinarum
3896 868 3979 923 est,

2388 948 2488 998 aut
2517 960 2644 999 esse
2671 945 2800 1014 jam
2821 947 3052 1017 poterit,
3077 953 3368 1018 quantum
3402 947 3595 1000 inesse
3625 945 3722 1001 tibi
3754 946 3910 1002 video.
3932 949 3984 1001 Et

2389 1033 2433 1086 si
2460 1031 2606 1104 quid
2657 1034 2715 1088 in
2774 1034 2886 1089 hac
2927 1050 2986 1088 re
3020 1034 3211 1088 habeo
3254 1032 3878 1105 facultatis,utcumque
3904 1035 3989 1088 im-

2388 1121 2586 1190 pendo
2611 1122 2832 1193 populo
2859 1124 2976 1177 Dei.
3001 1125 3428 1178 Vacareantem
3458 1123 3669 1177 studiis
3698 1123 3991 1188 diligentius

2385 1225 2571 1281 quam
2628 1227 2764 1282 quae
2826 1213 3030 1283 populi
3077 1211 3326 1267 audiunt
3375 1212 3759 1275 instruendis,
3792 1219 3994 1282 propter

2386 1299 2824 1356 ecclesiasticas
2857 1302 3278 1372 occupationes
3305 1301 3556 1356 omnino
3606 1317 3719 1356 non
3761 1318 3991 1371 possum.

2460 1389 2684 1444 CAPUT
2699 1390 2787 1446 lll.
2805 1391 2933 1444 —-6.
2953 1390 3159 1446 Nescio
3171 1406 3306 1462 quas
3319 1391 3532 1460 scripta
3552 1390 3828 1444 maledica
3847 1406 3996 1460 super

2389 1480 2488 1530 tuo
2516 1478 2756 1533 nomine
2780 1479 2855 1534 ad
2907 1479 3157 1534 Africam
3196 1486 3592 1549 pervenerunt
3615 1484 3656 1530 ².
3687 1479 3996 1550 Accepimus

2388 1569 2586 1620 tamen
2629 1567 2793 1637 quod
2827 1568 3107 1636 dignatus
3133 1584 3194 1622 es
3237 1568 3485 1632 mittere,
3528 1567 3637 1622 illis
3659 1568 3995 1638 respondens

2390 1655 2738 1710 maledictis.
2766 1659 2893 1722 Quo
2917 1656 3407 1727 perlecto,fateor,
3429 1657 3682 1712 multum
3700 1657 3849 1712 dolui
3871 1657 3998 1711 inter

2389 1748 2506 1797 tam
2537 1743 2756 1799 charas'
2786 1746 3230 1818 familiaresque
3259 1761 3569 1816 personas,
3617 1746 3832 1800 cunctis
3877 1761 3998 1816 pene

2390 1834 2661 1887 Ecclesiis
2717 1835 3025 1890 notissimo
3083 1836 3357 1890 amicitiai
3417 1835 3650 1889 vinculo
3709 1834 3996 1906 copulatas,

2389 1926 2617 1977 tantum
2650 1925 2872 1979 malum
2915 1925 3178 1980 extitisse
3218 1924 3554 1980 discordiae.
3609 1926 3670 1978 Et
3704 1930 3758 1979 tu
3788 1924 3996 1995 quidem

2387 2017 2681 2086 quantum
2707 2014 2806 2067 tibi
2843 2015 3184 2081 modereris,
3213 2019 3633 2085 quantumque
3674 2019 3861 2068 teneas
3887 2028 3999 2066 acu-

2387 2102 2509 2158 leos
2537 2103 2964 2170 indignationis
3007 2109 3139 2169 tuae,
3159 2118 3232 2157 ne
3264 2101 3485 2157 reddas
3520 2103 3883 2158 maledictum
3911 2116 3998 2171 pro

2389 2192 2728 2256 maledicto,
2750 2193 2890 2246 satis
2914 2193 2971 2246 in
2988 2191 3322 2246 tuislitteris
3339 2191 3584 2246 eminet.
3617 2194 3994 2245 Verumtamen

2389 2285 2436 2337 si
2457 2299 2557 2338 eas
2591 2284 2750 2354 ipsas
2773 2299 2909 2338 cum
2945 2283 3242 2352 legissem,
3268 2280 3999 2346 contabuidolore,etotiri-

2387 2373 2482 2443 gui
2516 2377 2725 2427 timore
2757 2391 2768 2437 ;
2802 2373 2945 2443 quid
2979 2372 3046 2426 de
3077 2388 3169 2426 me
3202 2372 3299 2426 illa
3317 2372 3578 2427 facerent
3613 2388 3744 2444 qum
3771 2372 3824 2425 in
3856 2376 3899 2424 te
3925 2369 3999 2423 ille

2389 2462 2640 2530 scripsit,
2677 2463 2723 2514 si
2766 2461 2825 2515 in
2887 2477 3099 2516 manus
3134 2478 3298 2515 meas
3357 2461 3506 2516 forte
3565 2458 3886 2516 venissent?
3923 2459 3998 2513 νω

2387 2552 2608 2606 mundo
2631 2552 2706 2606 ab
2727 2551 3026 2605 scandatis
3052 2551 3293 2619 (Matth.
3326 2567 3479 2609 xvui.
3503 2554 3580 2618 7).
3620 2553 3754 2605 Ecce
3786 2551 3862 2611 ﬁt,
3887 2563 3997 2601 ecce

2387 2657 2628 2712 prorsus
2653 2641 2932 2709 impletur
2956 2640 3118 2712 quod
3143 2641 3360 2694 Veritas
3383 2641 3463 2694 ait
3498 2657 3509 2694 :
3533 2640 3816 2707 Quoniam
3845 2638 3997 2692 abun-

2385 2730 2550 2785 dabit
2586 2730 2891 2800 iniquitas,
2923 2729 3264 2798 refrigescet
3293 2729 3565 2784 Charitas
3581 2731 3888 2784 multorum
3903 2726 3995 2796 (Id.

2383 2834 2545 2880 xxiv,
2587 2818 2698 2885 12).
2751 2819 2889 2882 Quas
2935 2816 3044 2870 sibi
3077 2818 3237 2871 enim
3286 2817 3416 2886 jam
3471 2817 3596 2872 ﬁda
3639 2821 3864 2887 pectora
3894 2820 3996 2867 tuto

2384 2905 2821 2962 refundantur?
2852 2906 2909 2958 in
2956 2907 3130 2972 cujus
3189 2906 3385 2960 sinum
3421 2907 3442 2940 ⁸
3477 2911 3600 2960 tota
3657 2920 3716 2959 se
3761 2900 4001 2976 projiciat

2385 3011 2600 3049 secura
2639 2995 2872 3049 dilectio
2912 2995 2940 3049 ‘l
2967 2997 3100 3067 quis
3135 2995 3396 3067 denique
3422 2995 3655 3050 amicus
3685 3010 3798 3049 non
3830 2991 3998 3047 formi-

2383 3083 2554 3138 detur
2578 3085 2748 3155 quasi
2779 3084 3008 3138 futurus
3043 3084 3342 3148 inimicus,
3379 3084 3425 3138 si
3450 3086 3640 3155 potuit
3668 3084 3811 3138 inter
3836 3081 3996 3136 Hiero-

2383 3187 2635 3243 nymum
2663 3178 2718 3227 et
2748 3172 3047 3228 Rufﬁnum
3073 3173 3183 3228 hoc
3197 3173 3359 3245 quod
3379 3173 3717 3245 plangimus
3734 3169 3992 3225 exoriri?0

2385 3261 3334 3317 miseraetmiserandaconditiot
3369 3262 3614 3318 Oinﬁda
3641 3261 3698 3315 in
3715 3256 3993 3314 voluntati-

2384 3351 2490 3406 bus
2523 3351 2857 3405 amicorum
2889 3351 3136 3405 scientia
3168 3351 3573 3422 prmsenlium,
3618 3350 3712 3404 ubi
3742 3347 3890 3402 nulla
3923 3348 3992 3398 est

2377 3441 2744 3513 praescientia
2771 3440 3101 3495 futurorum
3129 3440 3141 3493 l
3159 3441 3272 3495 Sed
3288 3440 3424 3511 quid
3443 3440 3555 3495 hoc
3572 3439 3734 3494 alteri
3752 3437 3820 3492 de
3835 3435 3989 3491 altero

2381 3529 2742 3599 gemendum
2777 3535 2999 3599 putem,
3033 3529 3278 3599 quando
3320 3545 3426 3582 nec
3467 3529 3593 3599 ipse
3641 3527 3869 3599 quidem
3899 3520 3987 3575 sibi

2381 3619 2564 3675 homo
2585 3624 2670 3672 est
2699 3617 2939 3672 notusin
2959 3623 3257 3688 posterum
3283 3616 3309 3670 ?
3337 3617 3667 3672 Novitenim
3688 3623 3991 3683 utcumque,

2381 3706 2477 3761 vix
2535 3706 2702 3771 forte,
2735 3722 2894 3761 nunc
2934 3705 3128 3777 qualis
3182 3706 3253 3760 sit
3295 3706 3533 3778 ;qualis
3580 3711 3776 3761 autem
3821 3707 3994 3773 poma

2382 3796 2616 3851 futurus
2649 3795 2740 3860 sit,
2784 3795 3035 3864 ignorat.

2451 3887 2504 3940 7.
2538 3887 2667 3939 Haec
2694 3900 2873 3955 porro
2889 3899 3006 3939 non
3023 3888 3254 3939 tantum
3271 3884 3534 3949 scientia,
3571 3883 3763 3955 qualis
3776 3880 3992 3953 quisque

2384 3975 2476 4043 sit,
2509 3990 2709 4027 verum
2743 3974 2919 4028 etiam
2953 3973 3337 4043 praascientia,
3365 3974 3564 4044 qualis
3597 3973 3825 4027 futurus
3855 3969 3935 4030 sit,
3957 3965 3991 4016 si

2383 4063 2548 4118 estin
2577 4063 2794 4117 sanctis
2828 4068 2883 4116 et
2922 4061 3106 4116 beatis
3136 4062 3402 4131 Angelis;
3435 4067 3493 4117 et
3513 4061 3816 4134 quomodo
3848 4056 3993 4112 fuerit

2383 4152 2658 4207 diabolus
2715 4153 2924 4206 beatus
2973 4151 3321 4223 aliquando,
3352 4168 3490 4206 cum
3535 4153 3732 4207 adhuc
3775 4147 3991 4214 angelus

2383 4241 2576 4296 bonus
2603 4247 2775 4302 esset,
2811 4241 3001 4294 sciens
3045 4241 3301 4295 futuram
3336 4240 3706 4312 iniquitatem
3749 4251 3922 4298 suam,
3949 4236 3992 4285 et

2382 4331 2809 4400 sempiternum
2840 4329 3504 4400 supplicium,.omnino
3548 4346 3666 4385 non
3726 4327 3898 4382 video.
3930 4322 3992 4374 De

2381 4435 2504 4491 qua
2527 4435 2605 4482 re,
2638 4419 2685 4472 si
2713 4424 2906 4473 tamen
2937 4435 3066 4472 eam
3103 4433 3278 4472 nosse
3299 4434 3455 4488 opus
3485 4425 3598 4483 est,
3635 4417 3830 4472 vellem
3847 4414 3990 4466 aliste

2382 4507 2588 4562 audire
2645 4507 2791 4578 quid
2849 4507 3085 4562 sentias.
3138 4506 3276 4561 Vide
3334 4507 3482 4579 quid
3518 4505 3733 4562 faciant
3761 4510 3899 4559 terra
3937 4512 3991 4550 ac

2383 4597 2574 4650 maria
2611 4612 2743 4667 qua:
2771 4612 2876 4650 nos
2904 4595 3608 4666 corporaliterdirimunt.
3639 4597 3692 4651 Si
3725 4595 3840 4650 haec
3863 4588 3990 4658 epis-

2383 4685 2500 4740 tola
2530 4701 2662 4739 mea
2691 4701 2876 4756 quam
2910 4685 3075 4753 legis,
3105 4702 3216 4754 ego
3238 4701 3450 4747 essem,
3471 4685 3598 4757 jam
3633 4682 3770 4738 mihi
3797 4680 3989 4734 diceres

2382 4774 2546 4846 quod
2575 4775 2816 4844 quaesivi
2836 4790 3015 4829 :nnnc
3034 4775 3427 4847 veroquando
3447 4763 3991 4842 rescribes?qualld0

2387 4863 2579 4918 mittes
2607 4864 2634 4920 7
2665 4863 2910 4934 quando
2938 4864 3286 4936 perveniet?
3317 4865 3562 4936 quando
3595 4861 3871 4932 accipiam
3910 4855 3991 4908 Ἐἴ

2387 4959 2585 5008 tamen
2623 4953 2849 5008 utinam
2873 4954 3240 5025 quandoque
3272 4953 3394 5019 ﬁat,
3427 4954 3588 5025 quod
3623 4959 3741 5007 tam
3767 4949 3866 5004 cito
3889 4941 3990 4999 tieri

2387 5057 2503 5096 non
2540 5057 2734 5112 posse,
2767 5057 2951 5113 quam
2985 5043 3277 5111 volumus,
3303 5030 3988 5114 quantapossumustile-

2450 5151 2462 5177 ¹
2491 5147 2574 5212 Sic
2598 5149 2732 5212 Mss.
2763 5163 2957 5197 novem
2999 5148 3294 5212 [pertulit...
3325 5148 3550 5212 retulit].

2446 5213 2464 5244 ³
2498 5211 2956 5272 Edd.,perveniue
2973 5210 3283 5260 audivimus.
3317 5211 3415 5260 Sed
3464 5210 3640 5260 verius
3658 5210 3775 5258 Mss.
3809 5217 3895 5254 nov
3910 5212 3986 5272 tim.

2386 5267 2960 5338 perveneruntﬁempe
2981 5275 3408 5338 Hieronymusin
3429 5276 3586 5334 epist.
3609 5275 3895 5338 6487conquer
3910 5267 3988 5338 ituri”

2390 5336 2672 5404 maledicta
2722 5336 2959 5404 Rufﬁni,
2992 5337 3168 5404 studio
3200 5337 3438 5404 ejusdem
3490 5337 3553 5386 ad
3584 5336 3802 5404 Africam
3836 5337 3988 5404 ΡΘ

2389 5399 2529 5447 uisse
2555 5415 2564 5446 :
2621 5400 2910 5460 respondet
2939 5402 3268 5459 Augustinus
3298 5402 3502 5450 nescire
3529 5413 3584 5448 se
3609 5413 3724 5460 quae
3763 5399 3812 5442 in
3841 5399 3986 5454 ipvum

2388 5461 2670 5526 maledicta
2703 5463 2878 5526 isthuc
2908 5464 3262 5526 pervenerint.

2451 5525 2469 5555 ³
2497 5525 2626 5577 Mss.
2656 5525 2992 5592 quindecim:
3025 5539 3219 5584 sensus,
