4040 6174
385 149 486 207 281

831 281 1164 337 EPISTOLA
1202 274 1409 339 Lxxxv
1436 284 1454 303 ·
1478 284 1577 356 (a).

381 364 756 435 Augustinus
778 369 1123 426 Praesidium
1173 380 1347 443 rogat
1399 380 1463 429 ut
1491 374 1850 443 superiorem
1883 374 2031 441 epis-

452 457 632 511 tolam
675 464 839 512 curet
871 459 1232 530 Hieronymo
1283 463 1668 529 reddendam,
1716 469 1897 534 utque
1922 462 2030 517 sibi

449 546 712 599 eumdem
733 545 853 600 suis
883 549 1057 604 etiam
1095 550 1308 607 litteris
1347 554 1562 620 placet.

381 632 630 686 Domino
655 632 1030 704 beatissimo,
1060 645 1114 693 et
1152 641 1362 696 merito
1396 640 1738 696 venerando
1766 640 1948 704 fratri,
1973 645 2030 696 et

449 723 864 779 consacerdoti
915 725 1605 794 Pazsmio,Auous1-mvs,
1666 730 1727 785 in
1781 730 2031 785 Domino

447 807 721 864 salutem.

451 903 497 951 ι.
524 897 684 953 Sicut
707 915 972 970 prmsens
994 906 1196 974 rogavi
1231 906 1637 964 Sinceritatem
1657 913 1843 973 tuam,
1869 921 2030 962 nunc

372 1001 1005 1060 quoquecommoneo,
1035 993 1336 1050 utlitteras
1369 1011 1534 1051 meas
1571 1002 1778 1052 sancto
1798 995 1958 1051 fratri
1973 1000 2029 1050 et

373 1075 858 1146 compresbytero
871 1086 1076 1136 nostro
1093 1083 1446 1156 Hieronymo
1463 1086 1679 1140 mittere
1694 1101 1810 1140 non
1825 1099 2029 1156 grave—

374 1164 473 1219 ris.
511 1165 580 1220 Ut
611 1171 812 1221 autem
839 1171 1064 1225 noverit
1086 1169 1358 1228 Charitas
1387 1179 1483 1228 tua
1507 1173 2026 1245 quemadmodum

375 1253 555 1308 etiam
583 1259 643 1309 tu
685 1254 762 1309 illi
795 1272 904 1326 pro
939 1273 1072 1316 mea
1104 1276 1288 1317 causa
1329 1262 1590 1317 scribere
1621 1262 1862 1329 debeas,
1895 1262 2031 1318 misi

375 1342 1440 1413 exemplarialitterarum,etmearum
1457 1352 1528 1406 ad
1544 1351 1915 1423 ipsum,etad
1937 1368 2030 1406 me

373 1429 999 1503 ipsius,quibuslectis
1027 1453 1134 1508 pro
1167 1445 1268 1494 tua
1287 1446 1492 1496 sancta
1521 1441 1836 1512 prudentia
1860 1440 2028 1495 facile

373 1519 576 1575 videas
589 1525 646 1575 et
661 1523 908 1578 modum
927 1541 1335 1600 meum,quem
1366 1530 1723 1584 servandum
1741 1530 2030 1601 putavi,et

370 1613 602 1664 motum
622 1610 961 1683 ejus,quem
982 1630 1099 1669 non
1117 1616 1332 1672 frustra
1350 1617 1660 1672 timui.Aut
1677 1618 2025 1689 siegoquod

372 1711 492 1752 non
518 1697 722 1763 debui,
742 1702 830 1755 vel
852 1704 1162 1770 quomodo
1189 1721 1304 1759 non
1323 1705 1523 1768 debui,
1541 1706 1766 1778 aliquid
1781 1707 1986 1777 scripsi
2010 1720 2024 1772 ;

371 1801 493 1841 non
525 1787 599 1841 ad
629 1787 794 1844 illum
823 1790 892 1844 de
913 1807 1026 1857 me,
1061 1793 1162 1847 sed
1206 1795 1280 1848 ad
1335 1811 1428 1850 me
1463 1798 1656 1866 ipsum
1686 1795 1885 1867 potius
1917 1797 2027 1851 fra-

369 1879 538 1930 terna
576 1875 890 1933 dilectione
949 1882 1112 1937 mitte
1164 1899 1525 1951 sermonem,
1554 1901 1675 1955 quo
1727 1889 2027 1940 correctus

371 1968 572 2033 petam
588 1966 1008 2038 utignoscat,si
1033 1987 1228 2026 meam
1246 1973 1486 2042 culpam
1510 1975 1634 2044 ipse
1665 1989 2026 2044 cognovero.

821 2055 1152 2115 EPISTOLA
1200 2062 1399 2115 LXXV
1431 2063 1464 2080 ··
1494 2063 1597 2134 (b).

371 2143 668 2212 Respondet
688 2145 904 2199 tandem
932 2149 1286 2220 Hieronymus
1309 2151 1380 2205 ad
1405 2153 1695 2222 Augustini
1709 2155 2031 2222 questiones

435 2235 741 2302 propositas
773 2236 830 2288 in
884 2237 1053 2304 Epist.
1087 2242 1174 2304 ‘28,
1209 2242 1278 2294 40
1321 2245 1373 2294 et
1400 2246 1457 2294 7t
1478 2283 1490 2301 ,
1516 2243 1721 2297 scilicet
1768 2242 1834 2296 de
1868 2243 2032 2297 titulo

441 2321 575 2376 libri
587 2323 976 2380 ecclesiasticos
993 2330 1295 2398 scriptores
1312 2331 1850 2398 reprwsentantisﬂe
1876 2333 2033 2386 Petro

434 2411 758 2481 reprehenso
787 2429 820 2467 a
853 2415 1024 2469 Paulo
1068 2418 1125 2469 in
1168 2418 1337 2487 Epist.
1367 2419 1440 2473 ad
1454 2418 1773 2479 Galatas,de
1794 2420 2033 2474 transla-

443 2501 591 2554 tione
609 2503 802 2555 veteris
825 2503 1167 2568 Testamenli,
1194 2522 1258 2560 ac
1297 2507 1362 2560 de
1387 2507 1596 2562 hederae
1613 2508 1866 2562 vocabulo
1889 2512 2032 2579 apud

441 2589 640 2643 Ionam
671 2606 688 2643 :
719 2590 1010 2658 defendens
1039 2596 1253 2649 acriter
1277 2597 1606 2664 scriptiones
1629 2601 1680 2652 et
1712 2598 2033 2668 interpreta~

443 2678 618 2731 tiones
645 2693 773 2732 suas
811 2679 1066 2735 adversus
1097 2683 1483 2752 Augustinum.

369 2765 624 2821 Domino
675 2783 808 2822 vere
853 2775 1064 2824 sancto
1112 2779 1171 2826 et
1211 2771 1563 2828 beatissimo
1605 2789 1776 2845 papas
1809 2775 2032 2830 AUGUS-

583 2870 730 2920 rmo,
768 2858 1053 2913 Hteaomm
1069 2875 1152 2922 us,
1188 2859 1245 2913 in
1276 2860 1505 2916 Christo
1538 2862 1813 2917 salutem.

441 2943 669 2999 CAPUT
695 2945 982 3001 PRIMUM.
1014 2977 1078 2986 —
1110 2952 1152 3001 Ι.
1179 2949 1298 3002 Tres
1327 2951 1497 3004 simul
1515 2952 1794 3019 epistolas,
1830 2955 1937 3008 imo
1959 2954 2030 3008 li-

367 3030 528 3086 bellos
567 3031 768 3096 breves,
817 3050 915 3103 per
944 3035 1241 3093 diaconum
1275 3039 1638 3109 Cyprianum,
1671 3045 1781 3096 tuae
1823 3043 2027 3112 Digna-

366 3121 532 3176 lionis
561 3123 763 3194 accepi,
804 3125 1063 3190 diversas,
1094 3130 1154 3180 ut
1184 3131 1245 3181 tu
1275 3130 1551 3197 nominas,
1592 3133 1932 3201 quaestiones,
1965 3137 2028 3188 ut

365 3226 458 3280 ego
483 3213 677 3277 sentio,
721 3213 1162 3283 reprehensiones
1205 3219 1599 3286 opusculorum
1630 3236 1873 3275 meorum
1901 3238 2027 3277 con-

365 3301 598 3355 tinentes
621 3317 638 3355 :
660 3301 730 3354 ad
761 3319 890 3372 quas
917 3305 968 3358 si
983 3306 1308 3373 respondere
1333 3307 1570 3370 voluero,
1597 3308 1726 3362 libri
1751 3313 2026 3379 magnitu-

363 3389 491 3443 dine
515 3404 643 3459 opus
673 3393 799 3444 erit.
827 3391 1017 3444 Tamen
1039 3392 1576 3464 conabor,quantum
1591 3401 1769 3462 [acere
1786 3414 2023 3468 possum,

363 3477 583 3531 modum
629 3494 737 3532 non
787 3478 975 3548 egredi
1049 3481 1310 3550 longioris
1355 3484 1614 3553 epistola,
1648 3489 1698 3538 et
1733 3488 2028 3555 festinanti

362 3567 532 3632 fratri
562 3581 771 3620 moram
787 3583 892 3622 non
922 3570 1122 3637 ﬁxere,
1154 3571 1398 3640 quiante
1431 3573 1700 3637 triduum,
1724 3591 1888 3644 quam
1904 3593 2024 3646 pro-

360 3653 608 3722 fecturus
623 3659 764 3719 erat,
794 3673 828 3711 a
857 3673 942 3712 me
974 3659 1243 3728 epistolas
1258 3661 1565 3732 ﬂagitavit;
1590 3669 1647 3716 ut
1668 3679 1805 3733 pene
1821 3665 1878 3717 in
1902 3681 2024 3733 pro-

363 3743 548 3797 cinctu
567 3743 682 3799 lia’c
696 3746 1123 3818 qualiacumque
1153 3753 1301 3811 sunt,
1325 3751 1548 3821 e/Tutire
1575 3753 1947 3822 compellerer,
1969 3758 2023 3808 et

362 3833 726 3890 tumultuario
749 3835 1072 3906 respondere
1094 3854 1363 3908 sermone,
1396 3856 1505 3895 non
1535 3843 1865 3897 maturitate
1884 3845 2020 3896 scri-

363 3922 558 3988 bentis,
583 3923 673 3978 sed
724 3925 984 3980 dictantis
1016 3929 1329 3984 temeritate
1362 3945 1378 3982 :
1410 3945 1532 3999 quae
1560 3930 1881 4002 plerumque
1911 3946 2016 3987 non

363 4013 421 4066 in
449 4011 776 4077 doctrinam,
807 4014 900 4068 sed
931 4015 991 4068 in
1036 4031 1224 4070 casum
1255 4018 1493 4072 vertitur
1521 4036 1540 4082 ;
1586 4028 1644 4073 ut
1691 4022 2017 4089 fortissimos

361 4116 570 4170 quoque
596 4102 800 4156 milites
819 4103 1004 4157 subita
1031 4103 1169 4158 bella
1205 4108 1555 4172 conturbant,
1581 4113 1632 4163 et
1662 4116 1790 4164 ante
1820 4125 2016 4179 cogun-

359 4192 452 4242 tur
487 4191 692 4257 fugere,
726 4207 889 4261 quam
928 4195 1137 4262 possint
1180 4210 1340 4249 arma
1365 4198 1655 4266 corripere.

430 4280 484 4332 2.
516 4279 788 4333 Caeterum
839 4283 1028 4334 nostra
1056 4287 1343 4337 armatura
1388 4283 1630 4339 Christus
1660 4293 1755 4349 est,
1789 4290 1838 4340 et
1863 4303 2016 4353 apos-

362 4366 460 4420 toli
483 4367 652 4421 Pauli
680 4369 973 4434 institutio,
1018 4373 1114 4440 qui
1141 4373 1332 4426 scribit
1352 4373 1430 4426 ad
1459 4373 1712 4443 Ephesios
1741 4393 1756 4429 :
1792 4396 1816 4426 α
1850 4377 2011 4431 Assu-

358 4457 491 4511 mite
527 4472 688 4511 arma
717 4458 832 4525 Dei,
861 4462 921 4513 ut
944 4461 1166 4525 possitis
1194 4462 1447 4518 resistere
1473 4464 1532 4517 in
1563 4463 1656 4518 die
1694 4464 1860 4520 malo.
1899 4486 1926 4515 »
1949 4467 2015 4520 Et

359 4561 580 4600 rursum
611 4561 626 4600 :
652 4566 680 4598 ‹‹
711 4546 863 4603 State
890 4550 1156 4604 succincti
1195 4549 1404 4606 lumbos
1440 4555 1638 4607 vestros
1673 4555 1734 4608 in
1763 4557 2010 4619 veritate,

359 4637 411 4689 et
451 4635 634 4689 induti
664 4636 886 4692 loricam
909 4639 1166 4709 justitiz,
1198 4644 1248 4694 et
1280 4641 1514 4698 calceati
1531 4642 1690 4713 pedes
1722 4644 1777 4697 in
1799 4660 2015 4715 praepa-

359 4724 632 4777 rationem
674 4727 960 4795 Evangelii
999 4730 1148 4798 pacis
1183 4745 1200 4783 :
1247 4745 1413 4799 super
1460 4731 1652 4785 omnia
1691 4733 2012 4800 accipientes

359 4819 577 4867 scutum
625 4812 772 4880 ﬁdei,
817 4815 875 4868 in
920 4832 1024 4886 quo
1061 4819 1278 4886 possitis
1326 4821 1582 4874 universa
1623 4821 1731 4874 tela
1781 4821 2014 4891 maligni

362 4901 538 4970 ignita
563 4903 947 4972 exstinguere;
979 4909 1032 4958 et
1056 4906 1268 4974 galeam
1313 4906 1510 4962 salutis
1547 4909 1794 4978 accipite,
1825 4913 1877 4963 et
1900 4911 2012 4979 gla—

361 4991 514 5046 dium
558 4990 816 5062 Spiritus,
848 4993 988 5063 quod
1017 4997 1092 5048 est
1117 4995 1340 5049 verbum
1382 4997 1478 5051 Dei
1511 5018 1531 5046 ι
1567 4997 1786 5066 (Ephes.
1836 5015 1911 5063 v1,
1950 5004 2010 5055 t3

422 5121 441 5139 '
472 5122 764 5186 Recognita
791 5123 857 5173 ad
909 5123 977 5173 bl.
1023 5124 1110 5174 bn.
1149 5125 1213 5174 fs.
1265 5127 1300 5186 j.
1341 5141 1440 5176 mr.
1475 5143 1516 5177 r.
1557 5132 1600 5178 t.
1633 5144 1710 5178 vc.
1764 5130 1898 5179 duos
1929 5131 2008 5180 sb.

365 5183 546 5234 decem
574 5183 639 5233 vf
654 5190 705 5234 et
725 5186 791 5235 ad
819 5189 934 5235 Am.
972 5187 1098 5236 Bad.
1133 5189 1212 5237 Er.
1248 5183 1374 5238 Lov.

425 5247 495 5306 (a)
531 5248 799 5320 Alias-16:
840 5265 958 5313 quae
992 5256 1175 5301 autem
1220 5253 1278 5301 74
1309 5257 1438 5307 erat,
1476 5267 1620 5303 nunc
1662 5256 1772 5302 236.
1805 5255 2010 5318 Scripta

365 5321 485 5385 cu'm
522 5323 815 5372 superiore.
889 5375 898 5384 θ
1115 5377 1124 5386 0

369 5431 378 5440 _
491 5371 931 5442 Purgatamultis
949 5375 1157 5442 mendis
1174 5377 1238 5425 ad
1272 5377 1433 5442 fidem
1461 5377 1528 5426 bl.
1559 5379 1704 5442 bnr.c.
1733 5392 1807 5442 cc.
1828 5393 1916 5442 gg.
1945 5379 2009 5428 fs.

359 5434 407 5493 j.
431 5445 514 5504 φξ-
545 5434 766 5504 Εεδά.
801 5440 864 5489 tt.
907 5451 986 5487 vc.
1012 5438 1196 5487 decem
1224 5454 1275 5487 ν.
1297 5444 1348 5489 et
1372 5441 1435 5490 ad
1467 5443 1583 5488 Am.
1620 5441 1742 5490 Bad.
1774 5434 2007 5491 Ειῖνιιον.

397 5493 503 5566 ⁸(δ)
531 5495 672 5546 Alia
704 5499 757 5546 11
793 5513 804 5546 :
834 5512 954 5611 «iam
997 5505 1178 5551 autem
1213 5504 1272 5553 75
1318 5507 1453 5563 erat,
1490 5518 1634 5555 nunc
1662 5505 1772 5553 850.
1809 5505 2013 5570 Scripta

363 5569 506 5611 circa
537 5558 629 5608 ﬁn.
657 5571 744 5612 an.
781 5562 840 5612 ιο
881 5597 892 5608 .

393 5570 506 5610 ιιόδ
537 5570 629 5608 nn.
657 5571 744 5612 Cll.
781 5570 892 5612 MM.

1655 158 1722 216 S.
1767 146 2155 214 AUGUSTI"!
2193 151 2513 219 EPISCOPI

3696 156 3806 213 252

2145 287 2264 356 t7).
2304 285 2396 342 His
2416 287 2688 358 quondam
2717 286 2839 342 telis
2865 300 2972 342 res:
3010 283 3183 340 David
3209 290 3456 337 armatus
3479 282 3804 351 procedebat

2141 375 2212 429 ad
2238 377 2492 446 praelium
2522 389 2544 446 ,'
2563 382 2613 432 et
2648 378 2884 448 quinque
2913 374 3117 444 lapides
3147 374 3212 427 de
3255 376 3500 427 torrente
3529 373 3803 441 accipiens

2143 465 2419 536 levigatos,
2470 467 2609 521 nihil
2665 466 2979 537 asperitatis
3019 467 3070 518 et
3135 463 3388 516 sordium
3445 463 3591 517 inter
3636 462 3803 532 hujus

2138 556 2328 610 seculi
2350 556 2593 610 turbines
2620 558 2676 610 in
2707 555 2955 610 sensibus
2968 554 3081 607 suis
3105 567 3218 606 esse
3231 550 3584 612 monstrabat,
3615 551 3803 605 bibens

2140 643 2205 698 de
2235 648 2476 699 torrente
2507 645 2562 698 in
2600 646 2687 698 via
2718 659 2737 707 ;
2768 647 2820 698 et
2850 643 3052 697 idcirco
3089 642 3365 695 exaltatus
3401 643 3565 710 caput
3608 655 3800 709 super-

2142 732 2428 788 bissimum
2459 732 2676 788 Goliath
2703 749 2802 788 suo
2834 732 3182 801 potissimum
3211 743 3468 783 mucrone
3498 732 3799 794 truncavit,

2138 825 2447 892 percutiens
2475 825 2533 877 in
2557 826 2742 890 fronte
2773 821 3142 892 blasphemum
3173 818 3215 889 (l
3251 820 3373 887 Reg.
3417 834 3554 884 xvu,
3581 819 3797 888 40-51),

2140 916 2192 967 et
2214 913 2275 966 in
2293 930 2352 967 ea
2372 917 2530 983 parte
2543 914 2785 982 corporis
2812 911 3130 973 vulnerans,
3154 910 3216 962 in
3233 924 3340 977 qua
3361 911 3412 962 et
3434 911 3802 976 praesumptor

2137 1003 2429 1057 sacerdotii
2449 1003 2604 1058 Ozias
2619 1001 2772 1070 lepra
2799 1000 3107 1070 percutitur
3137 998 3204 1067 (ll
3234 997 3366 1050 Par.
3397 1012 3554 1060 xxvn,
3593 997 3677 1065 19)
3702 1019 3721 1064 ,-
3743 1000 3798 1050 et

2137 1094 2358 1145 sanctus
2403 1092 2678 1161 gloriatur
2703 1091 2760 1143 in
2793 1090 3019 1144 Domino
3063 1087 3247 1141 dicens
3276 1101 3292 1140 :
3327 1107 3353 1134 ι(
3397 1086 3686 1153 Signatum
3713 1087 3800 1138 est

2138 1195 2304 1248 super
2333 1195 2431 1234 nos
2479 1178 2665 1233 lumen
2698 1177 2877 1232 vultus
2909 1177 3011 1240 tui,
3054 1174 3288 1230 Domine
3324 1195 3344 1222 ι
3381 1174 3557 1242 (Psal.
3593 1189 3670 1238 IV,
3712 1176 3796 1239 '7).

2139 1269 2394 1323 Dicamus
2433 1268 2600 1339 igitur
2627 1274 2679 1321 et
2703 1283 2819 1330 nos,
2867 1285 2894 1316 ‹‹
2933 1266 3199 1320 Paratum
3242 1280 3332 1317 cor
3381 1278 3577 1326 meum,
3633 1262 3796 1326 Deus,

2135 1360 2394 1426 paratum
2421 1372 2515 1412 cor
2543 1370 2725 1412 meum
2746 1368 2767 1425 ,°
2793 1355 3026 1409 cantabo
3043 1356 3094 1408 et
3111 1353 3350 1424 psallam
3373 1354 3430 1405 in
3450 1352 3626 1421 gloria
3650 1367 3795 1404 mea.

2139 1447 2381 1515 Exsurge
2409 1446 2735 1512 psalterium
2760 1449 2815 1498 et
2861 1442 3079 1498 cithara
3110 1459 3129 1506 ;
3165 1457 3463 1511 exsurgam
3491 1439 3735 1494 diluculo
3769 1462 3796 1488 ι»

2138 1532 2309 1604 (Psal.
2339 1550 2450 1597 LVI,
2483 1537 2534 1598 8,
2565 1533 2618 1604 9)
2662 1551 2682 1588 :
2721 1536 2782 1586 ut
2818 1532 2875 1586 in
2914 1531 3067 1585 nobis
3095 1531 3261 1601 possit
3291 1530 3530 1599 impleri,
3565 1547 3592 1578 ‹‹
3630 1529 3799 1596 Aperi

2137 1637 2196 1676 os
2227 1626 2384 1677 tuum
2414 1626 2466 1676 et
2495 1637 2588 1692 ego
2608 1621 2910 1690 adimplebo
2941 1620 3078 1674 illud
3101 1641 3128 1672 υ
3155 1618 3322 1688 (Psal.
3354 1633 3527 1681 Lxxx,
3562 1618 3648 1682 Η)
3675 1621 3794 1686 ,-et,

2138 1728 2167 1761 α
2183 1712 2310 1766 Dom
2319 1713 2444 1766 inus
2455 1711 2520 1765 da
2530 1713 2606 1766 bit
2621 1712 2838 1765 verbum
2851 1709 3352 1780 evangelizantibus
3364 1709 3565 1761 virtute
3578 1705 3794 1760 multa»

2137 1800 2305 1868 (Psal.
2340 1802 2515 1865 vaii,
2560 1801 2666 1869 l2).
2700 1801 2764 1854 Te
2783 1814 2994 1869 quoque
3031 1799 3209 1868 ipsum
3229 1812 3390 1852 orare
3421 1812 3526 1851 non
3566 1795 3786 1859 dubito,

2135 1893 2197 1944 ut
2228 1892 2376 1943 inter
2412 1905 2508 1943 nos
2559 1888 2942 1943 contendentes
2992 1889 3196 1942 veritas
3223 1893 3461 1953 superet.
3495 1885 3610 1940 Non
3635 1885 3790 1939 enim

2137 1982 2289 2032 tuam
2319 1980 2522 2048 quieris
2535 1977 2784 2046 gloriam,
2803 1976 2896 2031 sed
2914 1976 3117 2030 Christi
3149 1990 3408 2044 ;cumque
3433 1979 3492 2028 tu
3517 1976 3792 2037 viceris,et

2136 2082 2230 2137 ego
2247 2069 2463 2121 vincam
2486 2069 2534 2120 si
2559 2083 2736 2121 meum
2750 2081 2990 2120 errorem
3005 2064 3358 2128 intellexero;
3382 2070 3432 2117 et
3455 2079 3484 2118 e
3511 2064 3795 2118 contrario

2137 2171 2224 2210 me
2251 2158 2512 2224 vincente,
2545 2162 2603 2209 tu
2631 2171 2874 2225 superas,
2909 2157 3042 2224 quia
3072 2170 3178 2208 non
3203 2153 3311 2222 ﬁlii
3331 2152 3669 2223 parentibus,
3697 2150 3798 2206 sed

2138 2249 2384 2315 parentes
2410 2245 2542 2313 ﬁliis
2573 2244 2946 2298 thesaurizant
2974 2242 3037 2312 (ll
3081 2242 3199 2296 Cor.
3238 2257 3337 2305 χιι,
3373 2243 3480 2309 14).
3509 2241 3572 2293 Et
3598 2241 3658 2293 in
3690 2240 3797 2293 Pa-

2139 2335 2510 2404 ralipomenon
2535 2333 2672 2386 libro
2695 2333 2942 2402 legimus,
2977 2331 3117 2401 quod
3144 2331 3251 2400 ﬁlii
3269 2329 3434 2384 Israel
3462 2329 3532 2382 ad
3545 2345 3797 2399 pugnan-

2140 2424 2270 2477 dum
2279 2425 2636 2492 processerint
2651 2441 2677 2472 «
2706 2425 2888 2476 mente
2903 2422 3131 2491 paciﬁca
3153 2440 3180 2471 ι»
3201 2420 3242 2490 (l
3258 2420 3451 2473 Paral.
3467 2420 3662 2482 111,”,
3685 2418 3796 2483 18),

2142 2511 2286 2564 inter
2313 2513 2453 2580 ipsos
2504 2527 2712 2581 quoque
2739 2510 2946 2579 gladios
2992 2513 3041 2563 et
3071 2509 3362 2578 effusiones
3389 2507 3702 2576 sanguinis,
3745 2513 3800 2560 et

2140 2599 2410 2654 cadavera
2430 2604 2852 2668 prostratorum,
2886 2615 2994 2652 non
3025 2614 3183 2652 suam
3211 2598 3301 2652 sed
3331 2597 3477 2667 pacis
3506 2596 3799 2650 victoriam

2138 2689 2459 2756 cogitantes.
2496 2688 2923 2757 Respondeamus
2957 2689 3129 2757 igitur
3157 2687 3227 2740 ad
3264 2687 3471 2748 omnia,
3513 2701 3577 2739 ac
3606 2683 3801 2738 multi-

2137 2777 2304 2843 plices
2335 2778 2676 2846 quaestiones,
2708 2778 2756 2830 si
2788 2776 3037 2830 Christus
3058 2777 3309 2843 jusserit,
3353 2775 3510 2830 brevi
3539 2787 3798 2828 sermone

2135 2865 2806 2920 solvamus.Praeter-milto
2818 2867 3170 2919 salutationis
3182 2863 3588 2933 ofﬁcia,quibus
3609 2879 3796 2915 meum

2136 2954 2402 3009 demulces
2430 2959 2592 3016 caput
2625 2972 2642 3018 ;
2684 2958 2831 3008 taceo
2862 2954 2926 3007 de
2955 2953 3259 3012 blanditiis.
3286 2951 3476 3024 quibus
3509 2950 3797 3020 reprehen-

2133 3044 2342 3098 sionem
2368 3044 2479 3099 mei
2506 3044 2706 3098 niteris
2729 3043 2998 3097 consolari
3022 3059 3038 3096 :
3069 3042 3138 3096 ad
3171 3044 3312 3111 ipsas
3339 3056 3528 3095 causas
3552 3042 3792 3094 veniam.

2207 3150 2425 3206 CAPUT
2450 3151 2514 3204 Il.
2566 3181 2626 3190 ο
2669 3149 2722 3203 3.
2771 3149 2911 3202 Dicis
2941 3149 3205 3218 accepisse
3235 3155 3287 3202 te
3313 3149 3518 3202 librum
3545 3161 3728 3200 meum
3759 3161 3794 3200 a

2134 3239 2364 3309 quodam
2388 3242 2581 3306 fratre,
2611 3239 2707 3308 qui
2736 3238 2960 3290 titulum
2985 3254 3089 3290 non
3123 3237 3359 3302 haberet,
3394 3237 3454 3290 in
3480 3251 3582 3305 quo
3610 3235 3796 3304 Scrip-

2133 3336 2272 3382 tores
2313 3328 2698 3381 ecclesiasticos
2726 3333 2838 3381 tam
2867 3342 3066 3396 graecos
3092 3343 3252 3395 quam
3286 3325 3484 3380 latinos
3505 3340 3794 3378 enumera-

2136 3419 2307 3471 verim
2335 3430 2358 3486 ,'
2383 3433 2612 3487 cumque
2649 3418 2718 3471 ab
2747 3432 2807 3471 eo
2838 3431 3130 3486 quereres,
3168 3419 3224 3468 ut
3269 3415 3377 3469 tuis
3436 3414 3608 3468 verbis
3639 3418 3789 3478 utar,

2134 3522 2231 3560 cur
2263 3506 2538 3560 liminaris
2566 3507 2767 3574 pagina
2806 3521 2912 3559 non
2944 3509 3078 3559 esset
3105 3505 3388 3573 inscripta,
3426 3505 3505 3558 vel
3534 3519 3636 3574 quo
3666 3519 3788 3557 cen-

2131 3602 2350 3649 seretur
2373 3597 2613 3660 nomine,
2643 3595 2994 3665 respondisse,
3020 3594 3291 3665 appellari
3320 3593 3672 3663 Epitaphium
3697 3609 3714 3645 .'
3735 3595 3791 3646 et

2129 3685 2535 3752 argumentaris
2566 3684 2704 3753 quod
2731 3690 2870 3738 recte
2895 3686 2944 3737 si
2961 3689 3270 3746 vocaretur,
3293 3684 3344 3736 si
3368 3697 3553 3736 eorum
3567 3685 3790 3734 tantum

2124 3773 2209 3827 vel
2237 3775 2374 3827 vitas
2406 3773 2486 3826 vel
2535 3776 2737 3842 scripta
2771 3773 2848 3826 ibi
2878 3773 3111 3843 legisses,
3146 3774 3243 3843 qui
3264 3773 3388 3842 jam
3431 3772 3680 3840 defuncti
3709 3786 3791 3825 es-

2125 3865 2245 3917 sent
2271 3879 2292 3926 ;
2321 3878 2446 3916 cum
2479 3877 2599 3916 vero
2629 3863 2948 3927 multorum,
3001 3867 3050 3916 et
3080 3877 3140 3917 eo
3189 3866 3427 3931 tempore
3457 3876 3558 3931 quo
3581 3860 3788 3915 scribe-

2129 3951 2311 4015 batur,
2375 3955 2426 4005 et
2484 3967 2629 4004 nunc
2692 3966 2859 4022 usque
2925 3952 3227 4005 viventium
3292 3956 3787 4005 commemorentur

2124 4041 2403 4110 opuscula,
2467 4041 2666 4093 mirari
2695 4047 2745 4094 te
2774 4056 2874 4094 cur
2902 4041 2954 4094 ei
2985 4039 3129 4094 hunc
3159 4039 3385 4094 titulum
3409 4040 3780 4110 imposuerim.

2125 4131 2262 4183 Puto
2287 4129 2588 4199 intelligere
2616 4129 2969 4199 prudentiam
3000 4133 3169 4188 tuam.
3206 4129 3344 4200 quod
3369 4145 3438 4183 ea:
3462 4143 3620 4199 apere
3659 4127 3786 4197 ipso

2124 4218 2346 4271 titulum
2381 4219 2620 4288 potueris
2673 4217 2996 4287 intelligere.
3049 4218 3251 4287 Legisti
3287 4219 3435 4272 enim
3487 4220 3538 4272 et
3576 4231 3784 4287 graecos

2120 4309 2169 4359 et
2193 4306 2413 4369 latinos,
2446 4307 2541 4377 qui
2569 4307 2705 4360 vitas
2744 4307 2991 4359 virorum
3021 4307 3323 4360 illustrium
3349 4305 3783 4370 descripserunt,

2121 4395 2258 4465 quod
2287 4412 2569 4466 nunquam
2598 4395 2954 4465 Epitaphium
2985 4394 3115 4449 huic
3139 4396 3292 4464 operi
3313 4395 3657 4465 scripserint,
3690 4394 3784 4449 sed

2120 4484 2184 4538 de
2214 4484 2522 4538 illustribus
2545 4484 2703 4551 viris,
2739 4483 2890 4538 verbi
2919 4487 3120 4553 gratia,
3165 4484 3410 4548 ducibus,
3444 4482 3781 4554 philosophi-

2120 4574 2217 4632 cis,
2251 4572 2572 4637 oratoribus,
2594 4573 2890 4636 historicis,
2919 4573 3110 4642 poetis,
3133 4574 3316 4642 epicis,
3347 4572 3593 4642 tragicis,
3616 4571 3784 4625 comi-

2119 4663 2213 4715 cis.
2259 4661 2610 4732 Epitaphium
2641 4665 2826 4715 autem
2855 4663 3074 4732 proprie
3102 4661 3366 4715 scribitur
3383 4664 3730 4714 mortuorum
3762 4675 3782 4712 :

2119 4751 2258 4820 quod
2288 4749 2504 4820 quidem
2527 4752 2581 4803 in
2601 4750 2928 4805 dormitione
2953 4759 3157 4806 sanctae
3181 4752 3459 4804 memoriae
3487 4749 3784 4818 Nepotiani

2117 4840 2420 4910 presbyteri
2448 4839 2579 4893 olim
2616 4841 2806 4908 fecisse
2844 4855 2929 4894 me
2967 4841 3109 4893 novi.
3145 4841 3280 4909 Ergo
3321 4839 3407 4892 hic
3434 4838 3574 4892 liber
3605 4837 3688 4891 vel
3716 4836 3785 4892 de

2121 4928 2432 4982 illustribus
2465 4929 2615 4992 viris,
2649 4929 2726 4982 vel
2754 4928 2976 4997 proprie
2999 4927 3063 4983 de
3099 4928 3454 4998 scriptoribus
3498 4927 3782 4981 ecclesias-

2119 5017 2242 5072 ticis
2268 5016 2629 5088 appellandus
2658 5021 2736 5071 est
2765 5033 2787 5080 ;
2818 5018 2938 5070 licet
2977 5033 3011 5070 a
3039 5016 3308 5086 plerisque
3334 5015 3780 5070 emendatoribus

2118 5107 2407 5176 imperitis,
2439 5106 2502 5160 de
2534 5107 2867 5173 auctoribus,
2897 5106 3118 5159 dicatur
3144 5107 3464 5174 inscriptus.

2192 5205 2412 5259 CAPUT
2446 5204 2536 5258 ΙΙΙ.
2577 5235 2636 5242 -
2670 5204 2721 5258 4.
2757 5203 2998 5258 Secundo
3022 5204 3136 5258 loco
3176 5204 3392 5274 quaeris,
3421 5219 3520 5256 cur
3538 5201 3778 5257 dixerim

2119 5295 2178 5347 in
2227 5293 2636 5349 commentariis
2685 5294 2933 5362 Epistolz
2963 5292 3032 5346 ad
3073 5292 3310 5354 Galatas,
3344 5292 3578 5346 Paulum
3631 5292 3684 5343 id
3718 5293 3778 5343 in

2119 5384 2280 5436 Petro
2303 5398 2406 5435 non
2426 5386 2550 5450 potu
2561 5383 2662 5434 isse
2687 5379 3084 5449 reprehendere
3107 5380 3244 5450 quod
3272 5382 3389 5451 ipse
3409 5379 3771 5449 fecerat-(Gal.

2117 5487 2179 5536 ιι,
2214 5472 2314 5541 li),
2333 5487 2425 5524 nec
2447 5472 2502 5524 in
2517 5471 2628 5524 alio
2656 5485 2891 5538 arguere
2905 5468 3317 5524 simulationem
3333 5469 3490 5539 cujus
3507 5469 3617 5538 ipse
3630 5471 3779 5522 tene-

2122 5559 2283 5617 batur
2296 5575 2420 5616 reus
2431 5563 2521 5632 ,-et
2553 5559 2774 5624 asseris,
2808 5558 3280 5635 reprehensionem
3306 5558 3654 5632 apostolicam
3667 5573 3781 5614 non
