4078 6166
228 124 315 200 ut
1440 124 1822 197 srmone

1931 140 1945 196 ἰ
1982 129 2270 198 CLASSIS
2305 141 2377 200 Ιῐ.

220 269 367 342 fuisse
400 267 859 341 dispensatoriam,
898 267 986 323 sed
1035 284 1233 334 veram,
1280 272 1330 323 et
1380 284 1458 323 me
1508 284 1613 322 non
1632 266 1846 339 {debere

219 361 381 416 docere
407 359 756 426 mendacium,
782 358 871 413 sed
910 357 1163 413 universa
1193 375 1311 430 quae
1338 359 1547 429 scripta
1570 364 1716 425 sunt,
1757 357 1840 412 ita

216 465 382 505 sonare
406 454 461 504 ut
476 449 689 519 scripta
717 454 865 502 sunt.
896 446 983 501 Ad
1005 463 1123 519 qua
1147 450 1387 519 primum
1416 445 1723 517 respondeo,
1756 446 1840 501 de-

215 538 367 594 buisse
374 537 708 608 prudentiam
717 544 863 591 tuam
878 532 1326 607 praefatiunculs
1339 536 1840 592 commentariorum

214 642 425 682 meorum
455 625 771 691 meminisse,
809 625 1038 681 dicentis
1072 643 1138 681 ea:
1171 643 1402 697 persona
1436 642 1550 681 mea
1575 644 1595 681 :
1626 644 1654 677 α
1695 624 1839 691 Quid

213 714 372 789 igitur
387 718 415 770 τ’
435 731 523 785 ego
549 714 749 770 stultus
770 732 834 769 ac
856 715 1197 779 temerarius,
1225 718 1321 787 qui
1347 715 1404 770 id
1427 715 1689 787 pollicear
1703 713 1841 785 quod

211 803 291 861 ille
317 820 416 858 non
424 803 641 875 potuit?
660 805 921 865 Minime:
948 806 1082 876 quin
1100 805 1288 876 potius
1317 806 1372 859 in
1400 821 1477 868 eo,
1509 811 1567 859 ut
1597 803 1738 859 mihi
1755 806 1841 858 vi-

206 893 333 963 deor,
348 893 559 948 cautior
572 900 727 965 atque
743 893 1009 960 timidior,
1033 895 1174 965 quod
1191 894 1608 949 imbecillitatem
1631 894 1836 949 virium

208 998 425 1037 mearum
450 982 698 1048 sentiens,
732 982 985 1054 Origenis
1009 984 1417 1038 commentarios
1450 989 1659 1038 secutus
1696 1000 1832 1038 sum.

207 1068 418 1142 Scripsit
453 1071 597 1125 enim
629 1072 724 1126 ille
763 1071 851 1126 vir
876 1072 935 1126 in
983 1072 1292 1144 Epistolam
1327 1071 1489 1127 Pauli
1524 1071 1593 1125 ad
1622 1071 1836 1127 Gelatas

203 1159 413 1231 quinque
436 1161 662 1232 proprie
681 1160 978 1226 volumina,
1005 1168 1056 1216 et
1084 1161 1342 1216 decimum
1360 1162 1698 1217 Stromatum
1718 1176 1837 1216 suo-

204 1264 309 1303 rum
331 1249 530 1304 librum
545 1251 858 1305 commatico
873 1266 1035 1321 super
1055 1250 1442 1321 explanatione
1453 1252 1568 1323 ejus
1593 1265 1835 1305 sermone

201 1336 465 1408 complevit
490 1362 509 1408 ;
537 1346 806 1395 tractatus
824 1356 1023 1411 quoque
1051 1340 1253 1406 varios,
1271 1347 1321 1395 et
1345 1347 1582 1411 excepta,
1615 1356 1733 1410 quae
1754 1338 1834 1394 vel

198 1425 294 1481 sola
313 1435 518 1497 possent
529 1428 804 1500 sufﬁcere,
825 1431 1134 1501 composuit.
1148 1429 1524 1485 Praetermitto
1543 1429 1831 1500 Didymum

200 1515 441 1570 videntem
495 1534 687 1584 meum,
748 1524 797 1572 et
841 1519 1195 1573 Laodicenum
1226 1520 1268 1584 ί,
1326 1518 1390 1572 de
1417 1518 1630 1573 ecclesia
1659 1534 1835 1588 nuper

196 1619 456 1673 egressum,
500 1612 553 1660 et
600 1607 981 1662 Alexandrum
1020 1615 1243 1662 veterem
1286 1608 1612 1677 haereticum,
1668 1608 1831 1663 Euse-

196 1691 320 1747 bium
346 1709 555 1765 quoque
600 1694 931 1759 Emisenum,
978 1703 1027 1751 et
1072 1696 1401 1751 Theodorum
1438 1695 1826 1765 Heracleotem,

194 1784 271 1853 qui
299 1789 346 1837 et
370 1784 477 1853 ipsi
502 1784 751 1840 nonullos
792 1802 957 1857 super
988 1785 1091 1841 hac
1120 1803 1180 1840 re
1209 1785 1668 1841 commentariolos
1697 1785 1829 1840 reli-

193 1880 422 1941 querunt.
465 1873 521 1928 E
550 1874 743 1944 quibus
778 1874 861 1930 vel
884 1875 935 1930 si
957 1892 1131 1946 pauca
1157 1874 1518 1946 decerprrem,
1548 1875 1700 1944 ﬁeret
1725 1873 1830 1929 ali-

192 1959 302 2028 quid
324 1960 460 2031 quod
500 1977 607 2015 non
624 1962 843 2033 penitus
871 1969 1315 2018 contemneretur.
1364 1964 1553 2035 Itaque
1583 1970 1641 2018 ut
1690 1963 1825 2019 sim-

122 2076 127 2083 -
192 2047 386 2116 pliciter
440 2050 647 2121 fatear,
712 2051 813 2122 legi
868 2052 973 2107 haec
1010 2053 1212 2119 omnia,
1269 2060 1318 2107 et
1382 2053 1445 2107 in
1482 2058 1658 2108 mente
1712 2069 1828 2107 mea

190 2137 415 2207 plurima
441 2155 781 2205 coacervans,
814 2142 984 2196 accito
1014 2142 1247 2208 notario,
1276 2140 1359 2197 vel
1385 2158 1521 2206 mea,
1548 2140 1628 2195 vel
1647 2141 1826 2196 aliena

190 2224 387 2292 dictavi,
421 2245 518 2283 nec
547 2229 781 2295 ordinis,
814 2247 905 2286 nec
935 2231 1215 2286 verborum
1247 2231 1548 2294 interdum,
1591 2247 1684 2285 nec
1712 2247 1823 2285 sen-

188 2330 319 2370 suum
347 2334 571 2372 memor.
601 2318 725 2374 Jam
779 2319 999 2375 Domini
1042 2319 1432 2376 misericordiae
1476 2327 1579 2385 est,
1621 2336 1685 2374 ne
1725 2336 1827 2390 per

191 2403 505 2474 imperitiam
538 2415 778 2463 nostram
810 2409 877 2463 ab
913 2410 1051 2465 aliis
1081 2409 1205 2464 bene
1231 2410 1376 2464 dicta
1404 2409 1739 2480 dispereunt,
1773 2415 1828 2464 et

191 2508 275 2548 non
300 2494 549 2565 placeant
582 2498 725 2551 inter
745 2504 1045 2563 extraneos,
1086 2515 1202 2570 quae
1233 2498 1441 2569 placent
1464 2500 1610 2553 inter
1624 2513 1763 2552 suos.
1792 2517 1821 2550 ν

190 2580 243 2637 Si
257 2584 377 2653 quid
395 2585 584 2655 igitur
603 2586 1008 2657 reprehensione
1028 2589 1249 2659 dignum
1270 2595 1561 2660 putaveras
1574 2588 1632 2642 in
1644 2586 1825 2658 expla-

190 2672 376 2726 natione
400 2682 616 2737 nostra,
642 2675 976 2730 eruditionis
1007 2682 1119 2732 tuae
1140 2678 1335 2747 fuerat
1362 2691 1605 2747 quaerere
1634 2684 1823 2732 utrum

187 2776 235 2813 ea
258 2778 373 2831 quse
402 2763 734 2832 scripsimus
761 2764 1084 2820 haberentur
1110 2767 1169 2820 in
1189 2766 1396 2837 graecis.
1421 2773 1500 2831 ut,
1526 2766 1579 2820 si
1599 2765 1695 2820 illi
1716 2781 1821 2820 non

184 2848 435 2917 dixissent,
466 2860 602 2907 tunc
632 2870 796 2908 meam
818 2856 1044 2925 proprie
1068 2857 1386 2911 sententiam
1414 2854 1823 2923 condemnares;

182 2941 465 3004 prasertim
505 2957 634 2996 cum
693 2942 860 2997 libere
906 2948 963 2997 in
1011 2943 1332 3014 praefatione
1376 2944 1642 3014 confessus
1693 2943 1817 3009 sim,

186 3026 403 3098 Origenis
439 3031 858 3086 commentarios
884 3049 964 3087 me
993 3048 1097 3087 esse
1124 3038 1378 3095 secutum.
1412 3040 1461 3087 et
1488 3032 1571 3087 vel
1595 3048 1708 3087 mea
1737 3033 1818 3090 vel

182 3114 337 3171 aliena
355 3118 612 3183 dictasse,
629 3127 678 3174 et
700 3119 761 3173 in
774 3121 879 3191 ﬁne
894 3121 1122 3191 ejusdem
1138 3120 1369 3192 capituli
1382 3122 1519 3192 quod
1538 3122 1822 3191 reprehen-

183 3203 268 3267 dis,
295 3208 608 3278 scripserim
638 3224 656 3262 :
690 3228 719 3259 «
746 3208 804 3263 Si
832 3212 930 3264 cui
972 3210 1067 3265 iste
1112 3227 1216 3265 non
1262 3210 1434 3281 placet
1470 3227 1669 3274 sensus,
1718 3226 1819 3281 quo

183 3308 257 3348 nec
300 3295 493 3352 Petrus
530 3313 788 3369 peccasse,
830 3315 923 3353 nec
951 3298 1162 3354 Paulus
1186 3300 1491 3372 procaciter
1515 3300 1819 3355 ostenditur

182 3383 394 3454 arguisse
434 3387 735 3457 majorem;
785 3387 929 3443 debet
974 3405 1251 3459 exponere,
1301 3406 1406 3460 qua
1443 3389 1819 3460 consequentia

183 3470 358 3529 Paulus
380 3475 438 3529 in
467 3476 650 3530 altero
678 3477 1040 3547 reprehendat
1066 3478 1202 3548 quod
1232 3479 1344 3549 ipse
1372 3478 1654 3533 commisit.
1683 3500 1709 3527 »
1731 3479 1821 3534 Ea:

180 3577 261 3631 quo
292 3567 519 3632 ostendi,
548 3582 634 3622 me
671 3584 780 3622 non
817 3584 884 3623 ea:
912 3568 1130 3638 deﬁnito
1163 3569 1220 3624 id
1250 3569 1560 3640 defendere,
1594 3570 1731 3641 quod
1760 3570 1817 3625 in

178 3655 335 3720 granis
370 3656 626 3726 legeram,
660 3657 750 3711 sed
778 3674 840 3712 ea
867 3659 1182 3729 expressisse
1209 3676 1326 3730 quae
1355 3658 1603 3730 legeram,
1633 3665 1693 3714 ut
1723 3659 1820 3715 leco

180 3743 293 3796 toris
310 3744 549 3800 arbitrio
568 3744 1029 3817 derelinquerem,
1054 3754 1240 3802 utrum
1262 3747 1537 3819 probanda
1558 3754 1724 3802 essent
1748 3765 1819 3803 an

181 3830 499 3902 improbanda
512 3879 524 3889 .

234 3924 279 3976 5.
320 3923 397 3978 Tu
426 3924 630 3995 igitur,
668 3941 734 3981 ne
767 3926 905 3997 quod
938 3943 1036 3997 ego
1073 3928 1339 3998 petieram
1371 3929 1600 3997 faceres,
1634 3944 1825 3983 novum

179 4020 521 4081 argumentum
540 4015 827 4084 reperisti,
845 4023 905 4069 ut
921 4032 1204 4083 assereres,
1222 4016 1453 4071 Gentiles
1464 4017 1555 4088 qui
1575 4018 1637 4071 in
1658 4017 1800 4073 Chri
1809 4043 1821 4052 -

176 4104 289 4153 stum
316 4102 703 4169 credidissent,
747 4104 901 4176 Legis
929 4122 1087 4161 onere
1121 4104 1358 4177 liberos;
1402 4121 1487 4161 eos
1517 4114 1700 4162 autem
1724 4108 1823 4178 qui

176 4201 227 4237 ετ
246 4187 437 4245 Judais
473 4192 789 4258 crederent,
819 4194 951 4266 Legi
975 4211 1078 4249 esse
1104 4195 1359 4267 subjectos
1379 4211 1401 4251 ,ο
1436 4203 1496 4251 ut
1533 4212 1633 4266 per
1670 4203 1818 4252 utro-

178 4290 365 4349 rumque
384 4297 693 4351 personam,
724 4289 774 4337 et
795 4282 1003 4339 Paulus
1027 4291 1169 4339 recte
1193 4284 1604 4355 reprehenderet
1624 4302 1706 4340 eos
1724 4293 1819 4357 qui

177 4360 332 4433 Legem
352 4377 658 4434 servarent,
685 4373 842 4442 quasi
865 4372 1055 4427 doctor
1076 4373 1325 4428 Gentium
1340 4391 1358 4437 ;
1389 4380 1440 4427 et
1470 4374 1666 4428 Petrus
1682 4375 1814 4445 jure

174 4455 633 4522 reprehenderetur
643 4459 738 4530 qui
754 4460 1003 4532 princeps
1013 4461 1441 4516 circumcisionis
1453 4461 1591 4533 (Gal.
1604 4478 1639 4516 ll
1650 4503 1663 4525 ,
1679 4464 1734 4533 8)
1750 4463 1815 4517 id

177 4538 435 4611 imperavit
472 4547 755 4614 Gentibus,
780 4548 918 4621 quod
940 4548 1043 4605 soli
1067 4550 1163 4622 qui
1186 4567 1250 4605 ea:
1276 4538 1485 4606 Iudaeis
1513 4558 1688 4617 erant,
1722 4551 1807 4607 de-

176 4626 363 4688 buerint
402 4636 706 4693 observare.
740 4638 850 4693 Hoc
886 4639 941 4693 si
970 4638 1163 4710 placet,
1208 4640 1313 4695 imo
1351 4644 1478 4712 quia
1521 4640 1709 4711 placet,
1750 4648 1809 4695 ut

175 4718 454 4794 quicumque
470 4724 703 4781 credunt
727 4742 793 4780 ea:
812 4726 1020 4782 Iudaeis
1033 4727 1303 4784 debitores
1321 4729 1432 4783 sint
1455 4728 1584 4799 legis
1601 4730 1808 4799 facien-

176 4804 269 4871 dae;
296 4815 349 4865 tu
378 4818 438 4867 ut
462 4815 742 4887 episcopus
772 4817 832 4870 in
861 4823 969 4872 toto
997 4816 1121 4872 orbe
1148 4818 1474 4882 notissimus,
1504 4818 1652 4873 debes
1672 4818 1808 4874 hanc

176 4900 498 4971 promulgare
526 4905 875 4971 sententiam,
903 4912 958 4961 et
982 4906 1041 4961 in
1067 4923 1335 4963 assensum
1362 4914 1512 4963 tuum
1533 4924 1708 4963 omnes
1725 4924 1805 4963 co-

178 4985 404 5058 ‘Pitcopos
432 4992 673 5046 trahere.
708 4994 824 5064 Ego
840 4994 899 5047 in
916 5011 1088 5065 parvo
1112 4996 1527 5065 tuguriunculo,
1550 5012 1664 5051 cum
1697 5013 1804 5051 mo-

181 5074 355 5145 nachis,
380 5079 441 5133 id
463 5087 541 5134 est
571 5083 1055 5153 compeccatoribus
1088 5087 1233 5150 meis,
1255 5085 1317 5139 de
1340 5087 1547 5156 magnis
1562 5091 1802 5141 statuere

179 5174 262 5215 non
284 5165 461 5238 audeo,
484 5170 601 5223 nisi
622 5170 715 5225 hoc
740 5171 965 5242 ingenue
991 5172 1254 5244 conﬁteri,
1275 5191 1355 5228 me
1380 5176 1647 5245 majorum
1666 5175 1803 5229 scri-

174 5255 250 5316 Ρια
273 5252 446 5324 legere,
474 5264 525 5312 et
557 5261 616 5313 in
640 5261 1060 5327 commentariis,
1092 5263 1376 5318 secundum
1414 5264 1650 5319 omnium
1676 5280 1799 5319 con-

224 5354 239 5387 ⁶
260 5356 397 5432 Εάάί,
411 5369 455 5411 et
466 5364 504 5413 Α
515 5366 825 5434 pollinarem
842 5366 1316 5434 qudicenumJIuc
1341 5370 1502 5434 apud.
1514 5371 1799 5421 Mss.elia.m

180 5416 330 5496 plures
358 5416 575 5496 ἱρηρὲὶῇ
606 5430 935 5496 Apollinaris
964 5416 1800 5496 nomen,“dibe‘réﬁiéﬁi'tﬁfiﬁ

179 5487 479 5564 ‘nggpbq;
510 5487 744 5564 talpa;th
762 5507 828 5543 ex
857 5495 1016 5564 ep_ist_.
1053 5496 1131 5550 82,
1155 5487 1277 5564 cap.
1309 5496 1355 5545 3.
1383 5495 1546 5547 Abest
1584 5510 1799 5561 quoque

179 5570 205 5607 ι
232 5542 381 5599 γωδ.
410 5542 471 5603 εί
493 5542 615 5603 aliis}
638 5554 769 5613 Cdd,
805 5542 1042 5609 melioris
1064 5542 1235 5613 uola:

1946 267 2305 335 suetudinem,
2346 267 2535 325 varias
2558 281 2760 341 ponere
2787 252 3210 337 explanationes,
3252 270 3313 320 ut
3349 279 3375 320 e
3412 264 3605 319 multis

1945 364 2205 429 sequatur
2227 358 2585 430 unusquisque
2614 356 2751 428 quod
2788 355 2939 411 velit.
2973 354 3121 421 Quod
3150 354 3363 424 quidem
3394 360 3443 409 te
3472 358 3603 425 puto

1945 452 1996 501 et
2033 447 2093 501 in
2117 446 2372 502 sceculari
2400 448 2745 516 litteratura,
2779 452 2829 500 et
2859 444 2919 498 in
2943 444 3154 498 divinis
3175 442 3363 497 Libris
3392 442 3596 513 legisse,

1945 543 1993 590 et
2027 534 2272 607 probasse
2284 579 2296 592 .

2018 627 2067 680 6.
2102 624 2256 680 Hanc
2279 631 2459 681 autem
2492 623 2953 695 explanationem,
2983 637 3140 693 quam
3168 620 3382 691 primus
3413 620 3601 691 Orige-

1945 729 2034 768 nes
2064 713 2124 767 in
2139 714 2341 769 decimo
2359 714 2685 770 Stromatum
2710 710 2869 774 libro,
2888 710 2978 765 ubi
3004 710 3313 781 Epistulam
3336 708 3505 764 Pauli
3529 709 3601 763 ad

1947 801 2169 858 Galatas
2204 804 2625 874 interpretatur,
2671 808 2719 857 et
2766 799 2947 855 cwteri
2985 799 3233 869 deinceps
3274 799 3598 868 interpretes

1942 898 2067 946 sunt
2090 892 2278 959 secuti,
2313 892 2414 947 illa
2448 890 2527 946 vel
2559 891 2791 946 maxime
2828 905 2989 943 causa
3025 886 3495 950 subintroducunt,
3537 892 3596 941 ut

1943 980 2254 1052 Porphyrio
2282 980 2634 1052 respondeant
2667 977 3076 1045 blasphemanti,
3104 976 3199 1047 qui
3222 975 3388 1030 Pauli
3412 975 3598 1045 arguit

1940 1070 2337 1140 procacitatem,
2396 1068 2535 1143 quod
2588 1070 2892 1140 principem
2945 1066 3324 1138 Apostolorum
3376 1065 3599 1119 Petrum

1939 1174 2103 1213 ausus
2126 1165 2204 1215 est
2229 1158 2632 1230 reprehendere,
2652 1164 2699 1213 et
2720 1172 2949 1228 arguere
2975 1156 3035 1210 in
3061 1156 3278 1226 faciem,
3298 1168 3362 1207 ac
3382 1153 3598 1207 ratione

1940 1247 2327 1319 constringere,
2374 1248 2513 1320 quod
2560 1247 2697 1303 male
2732 1246 2948 1315 fecerit,
2980 1244 3039 1299 id
3067 1251 3162 1308 est,
3209 1244 3270 1298 in
3309 1260 3367 1297 eo
3408 1256 3595 1296 errore

1940 1336 2135 1409 fuerit,
2160 1338 2220 1391 in
2243 1354 2348 1409 quo
2377 1337 2487 1408 fuit
2512 1338 2620 1409 ipse
2646 1336 2741 1408 qui
2760 1336 2931 1391 alium
2962 1335 3147 1405 arguit
3176 1332 3591 1403 delinquentem.

1940 1424 2084 1491 Quid
2111 1426 2288 1482 dicam
2317 1426 2380 1481 de
2406 1426 2631 1491 Joanne,
2660 1426 2754 1497 qui
2775 1424 2979 1479 dudum
3002 1423 3063 1477 in
3091 1420 3396 1493 pontiﬁcali
3417 1420 3597 1491 gradu

1939 1514 2595 1586 Constantinopolitanam
2643 1516 2791 1569 rexit
2822 1513 3117 1567 Ecclesium
3152 1512 3252 1583 (a),
3294 1515 3345 1564 et
3369 1509 3595 1580 proprie

1936 1620 2103 1674 super
2132 1605 2224 1659 hoc
2248 1604 2484 1675 capitulo
2516 1604 2841 1659 latissimum
2870 1601 3119 1656 exaravit
3152 1599 3375 1663 librum,
3404 1599 3464 1652 in
3496 1613 3598 1670 quo

1940 1693 2195 1764 Origenis
2224 1701 2272 1748 et
2302 1700 2536 1749 veterum
2567 1691 2887 1748 sententiam
2917 1697 2993 1745 est
3018 1695 3226 1744 secutus
3244 1689 3274 1740 ?
3315 1687 3380 1742 Si
3418 1687 3598 1758 igitur

1935 1797 2021 1836 me
2074 1782 2425 1854 reprehendis
2463 1788 2758 1847 errantem,
2786 1788 2973 1852 patere
3012 1796 3111 1844 me,
3161 1793 3351 1849 quaeso,
3404 1788 3596 1831 errare

1935 1886 2053 1926 cum
2075 1870 2274 1925 talibus
2292 1883 2317 1943 ;
2336 1878 2385 1926 et
2404 1888 2521 1926 cum
2546 1887 2629 1926 me
2648 1870 2857 1925 erroris
2881 1869 2983 1923 mei
3009 1866 3201 1922 multos
3220 1866 3387 1921 socios
3406 1863 3597 1919 habere

1930 1961 2293 2031 perspexeris,
2328 1968 2385 2015 tu
2411 1959 2658 2015 veritatis
2688 1966 2796 2014 tuae
2820 1957 3005 2013 saltem
3035 1973 3202 2011 unum
3231 1954 3602 2025 adstipulato-.

1933 2065 2044 2103 rem
2074 2051 2325 2121 proferre
2352 2049 2578 2103 debebis.
2612 2048 2735 2103 Hac
2754 2048 2816 2102 de
2845 2047 3221 2118 explanatione
3246 2046 3417 2099 unius
3445 2043 3595 2113 capi-

1932 2138 2042 2193 tuli
2064 2134 2325 2209 Epistolas
2355 2138 2425 2193 ad
2459 2138 2701 2193 Galatas.

2002 2230 2055 2280 7.
2088 2226 2189 2283 Sed
2206 2246 2270 2283 ne
2291 2227 2479 2283 videar
2497 2227 2753 2282 adversus
2780 2226 3042 2281 rationem
3065 2232 3213 2280 tuam
3240 2222 3353 2277 niti
3378 2219 3592 2277 testium

1931 2334 2173 2383 numero,
2200 2324 2249 2372 et
2276 2318 2543 2373 occasione
2582 2317 2831 2372 virorum
2882 2316 3192 2370 illustrium
3223 2312 3594 2382 subterfugere

1931 2407 2235 2472 veritatem,
2270 2424 2362 2463 nec
2391 2424 2608 2462 manum
2653 2406 2850 2461 audere
2897 2420 3192 2468 conserere,
3247 2402 3489 2457 breviter
3525 2400 3589 2456 de

1932 2497 2250 2567 Scripturis
2269 2496 2507 2568 exempla
2521 2512 2836 2568 proponam.
2864 2494 2925 2549 In
2941 2492 3168 2548 Actibus
3186 2492 3227 2547 A
3238 2490 3584 2563 postolorum,

1932 2602 2032 2640 vox
2059 2586 2207 2658 facta
2236 2592 2311 2640 est
2334 2585 2405 2640 ad
2432 2585 2658 2640 Petrum
2684 2584 2889 2647 dicens,
2918 2601 2945 2633 α
2976 2582 3171 2653 Surge,
3199 2580 3378 2644 Petre,
3415 2577 3589 2633 occide

1929 2681 1980 2729 et
2002 2674 2266 2730 manduca
2290 2694 2343 2739 ιι,
2376 2675 2433 2729 id
2453 2682 2545 2741 est,
2576 2673 2755 2728 omnia
2786 2671 3055 2727 animalia
3084 2668 3513 2742 quadrupedum,
3538 2671 3590 2722 et

1927 2766 2253 2835 serpentium
2287 2772 2471 2829 terrae,
2503 2772 2555 2819 et
2585 2762 2893 2818 volatilium
2917 2760 3054 2816 caeli.
3087 2760 3199 2825 Quo
3222 2759 3383 2822 dicto,
3416 2762 3586 2812 osten-

1928 2853 2087 2908 ditur
2114 2854 2329 2912 nullum
2373 2853 2636 2907 hominem
2671 2851 2957 2907 secundum
2985 2856 3247 2904 naturam
3284 2862 3388 2901 esse
3412 2845 3587 2917 pollu-

1928 2950 2060 3008 tum,
2091 2941 2184 2998 sed
2212 2943 2500 3013 cequaliter
2528 2956 2703 2996 omnes
2725 2941 2795 2993 ad
2827 2939 3043 2994 Christi
3073 2936 3422 3007 Evangelium
3452 2951 3586 3006 pro-

1926 3031 2131 3088 vocari.
2156 3032 2241 3086 Ad
2251 3031 2388 3104 quod
2400 3029 2677 3101 respondit
2690 3029 2912 3084 Petrus:
2937 3049 2958 3077 ι
2977 3026 3154 3090 Absit,
3169 3025 3299 3096 quia
3312 3040 3583 3095 nunquam

1925 3120 2250 3176 manducavi
2272 3137 2543 3175 commune
2573 3125 2622 3174 et
2653 3115 3008 3172 immundum.
3042 3114 3115 3169 Et
3146 3130 3247 3167 voa:
3269 3113 3340 3167 ad
3369 3128 3486 3167 eum
3516 3112 3583 3167 de

1924 3210 2050 3265 caelo
2078 3209 2303 3265 secundo
2329 3213 2475 3279 facta
2498 3215 2594 3275 est,
2625 3206 2840 3262 dicens:
2871 3204 3000 3270 Quae
3033 3203 3173 3258 Deus
3195 3200 3497 3261 mundavit,
3524 3207 3584 3256 tu

1925 3316 1990 3354 ne
2013 3316 2283 3354 commune
2302 3299 2531 3353 dixeris.
2563 3317 2587 3349 ν
2618 3296 2724 3351 Ivit
2750 3294 2927 3366 itaque
2954 3293 3274 3357 Caesaream,
3300 3296 3349 3344 et
3376 3291 3581 3361 ingres-

1924 3406 2013 3445 sus
2033 3389 2102 3443 ad
2125 3389 2467 3454 Cornelium,
2492 3409 2517 3437 ι(
2535 3387 2784 3459 aperiens
2808 3401 2863 3440 os
2882 3399 3058 3451 suum,
3080 3380 3256 3437 dixit:
3274 3380 3339 3435 In
3355 3379 3582 3434 veritate

1925 3479 2179 3548 comperi,
2228 3479 2359 3550 quia
2390 3494 2492 3532 non
2530 3482 2607 3532 est
2644 3489 2992 3547 personarum
3023 3477 3267 3542 acceptor
3292 3469 3467 3539 Deus;
3493 3468 3583 3523 sed

1927 3568 1985 3622 in
2010 3569 2160 3622 omni
2196 3575 2370 3638 gente,
2416 3566 2505 3638 qui
2545 3566 2695 3621 timet
2746 3581 2863 3619 eum
2893 3569 2942 3617 et
2971 3566 3233 3633 aperatur
3274 3559 3575 3630 justitiam,

1924 3664 2166 3727 acceptus
2194 3664 2270 3712 est
2318 3657 2489 3714 illi».
2534 3655 2773 3725 Denique
2814 3676 2841 3703 οι
2882 3650 3072 3707 cecidit
3100 3649 3342 3720 Spiritus
3368 3654 3584 3703 sanctus

1925 3761 2091 3817 super
2118 3763 2219 3810 eos,
2253 3753 2301 3800 et
2325 3745 2714 3815 obstupuerunt
2738 3759 2805 3797 es:
2821 3737 3231 3796 circumcisione
3260 3738 3458 3809 ﬁdeles,
3487 3736 3581 3809 qui

1926 3841 2177 3890 venerant
2201 3850 2319 3890 cum
2341 3834 2520 3899 Petro,
2541 3832 2678 3905 quod
2697 3836 2748 3885 et
2772 3832 2831 3885 in
2852 3828 3116 3887 Nationes
3132 3827 3318 3899 gratia
3337 3825 3582 3897 Spiritus

1924 3923 2102 3979 sancti
2122 3925 2322 3995 fuisset
2348 3922 2534 3993 effusa.
2572 3921 2718 3977 Tunc
2747 3918 3020 3991 respondit
3041 3917 3273 3972 Petrus:
3298 3913 3579 3986 Numquid

1925 4031 2115 4086 aquam
2147 4014 2266 4086 quis
2293 4012 2574 4084 prohibere
2592 4014 2780 4081 potest,
2803 4016 2863 4065 ut
2890 4024 2993 4064 non
3026 4006 3371 4077 baptizentur
3397 4003 3459 4057 hi
3483 4001 3581 4075 qui

1926 4104 2194 4176 Spiritum
2216 4108 2459 4158 sanctum
2483 4106 2800 4173 acceperunt
2827 4100 2964 4153 sicut
2995 4102 3043 4152 et
3067 4112 3159 4151 nos
3174 4096 3203 4150 ?
3220 4095 3294 4149 Et
3304 4093 3474 4165 jussit
3492 4106 3577 4148 eos

1924 4193 1984 4247 in
2014 4194 2224 4248 nomine
2260 4193 2384 4248 Jesu
2417 4190 2631 4248 Christi
2658 4187 2933 4260 baptizari
2959 4187 3105 4258 (Act.
3129 4201 3188 4250 x,
3227 4183 3425 4251 13-48).
3460 4182 3579 4237 Au-

1923 4282 2144 4337 dierunt
2168 4289 2344 4337 autem
2371 4279 2620 4352 Apostoli
2648 4285 2698 4333 et
2728 4280 2933 4349 fratres
2962 4275 3057 4347 qui
3080 4280 3242 4329 erant
3275 4273 3335 4327 in
3362 4270 3572 4336 Iudaea,

1921 4373 2050 4443 quia
2107 4377 2158 4425 et
2206 4377 2381 4442 gentes
2434 4376 2743 4439 receperunt
2770 4364 2991 4421 verbum
3032 4363 3149 4417 Dei.
3206 4362 3342 4418 Cum
3394 4365 3572 4415 autem

1919 4460 2233 4515 ascendisset
2263 4459 2457 4514 Petrus
2485 4455 2892 4527 Jerosolymam.
2920 4451 3291 4522 disceptabant
3320 4449 3575 4504 adversus

1922 4550 2078 4605 illum
2109 4549 2206 4621 qui
2228 4553 2386 4604 erant
2414 4563 2482 4601 ea:
2517 4544 2940 4608 circumcisione,
2973 4541 3204 4596 dicentes
3230 4556 3246 4595 :
3277 4538 3454 4605 Quare
3483 4539 3572 4593 in-

1917 4638 2103 4695 troisti
2147 4637 2217 4692 ad
2262 4639 2409 4692 viros
2463 4632 2789 4706 praeputium
2838 4631 3105 4697 habentes,
3148 4638 3196 4685 et
3234 4626 3575 4685 manducasti

1916 4745 2035 4783 cum
2065 4726 2183 4782 illis
2203 4726 2232 4781 7
2264 4749 2289 4775 ››
2320 4724 2525 4792 Quibus
2567 4724 2718 4779 omni
2745 4722 2968 4777 ratione
2992 4720 3254 4792 exposita,
3288 4717 3572 4775 novissime

1915 4817 2215 4872 orationem
2245 4831 2397 4870 suam
2427 4814 2519 4869 hoc
2543 4828 2779 4868 sermone
2803 4811 3099 4867 conclusit:
3130 4827 3159 4860 «
3190 4809 3255 4865 Si
3286 4825 3409 4879 ergo
3432 4822 3547 4861 eam

1915 4906 2037 4961 dem
2065 4905 2309 4978 gratiam
2335 4903 2481 4959 dedit
2509 4902 2629 4959 illis
2658 4902 2813 4967 Deus,
2845 4903 2990 4957 sicut
3015 4907 3065 4956 et
3098 4898 3245 4954 nobis
3276 4898 3373 4969 qui
3397 4893 3572 4950 credi-

1913 4995 2091 5050 dimus
2135 4995 2194 5049 in
2227 4993 2520 5050 Dominum
2548 4991 2734 5047 Iesum
2760 4989 3037 5047 Christum
3064 5006 3082 5055 ;
3120 5004 3218 5058 ego
3245 4985 3366 5057 quis
3393 4997 3565 5052 eram,

1912 5085 2008 5157 qui
2036 5090 2257 5155 possemt
2285 5081 2571 5153 prohibere
2600 5080 2768 5136 Deum
2796 5081 2824 5134 7
2855 5080 2957 5134 His
2984 5076 3204 5142 auditis,
3243 5080 3527 5128 tacuerunt
3547 5090 3569 5143 ,-

1911 5181 1963 5230 et
1984 5173 2429 5245 gloriﬁcaverunt
2450 5170 2620 5225 Deum
2640 5169 2791 5224 dicen
2801 5174 2907 5223 tes:
2922 5167 3067 5237 Ergo
3088 5172 3137 5219 et
3156 5163 3411 5219 Gentibus
3425 5162 3571 5220 Deus

1908 5262 2282 5335 paenitentiam
2305 5261 2377 5315 ad
2402 5261 2564 5315 vitam
2586 5257 2734 5314 dedit
2764 5278 2787 5308 υ
2820 5254 2983 5327 (Ibid.
3004 5269 3083 5319 χι,
3112 5253 3277 5323 1-18).
3306 5251 3565 5321 Rursum,

1909 5369 2025 5409 cum
2078 5352 2250 5408 multo
2281 5358 2394 5424 post
2448 5355 2680 5419 tempore
2717 5342 2923 5401 Paulus
2976 5348 3027 5399 et
3060 5342 3345 5399 Barnabas
3391 5343 3570 5399 venis-

1973 5496 2043 5557 (a)
2076 5494 2313 5557 Joannes
2338 5492 2753 5557 Chrysostomus
2785 5488 3062 5557 depositus
3087 5487 3572 5557 primisilium)“
3601 5538 3614 5550 ,

1907 5546 2049 5613 cir‘cs
2082 5569 2251 5608 mens.
2272 5555 2375 5621 jul.
2406 5546 2521 5604 iam
2552 5567 2639 5604 an.
2669 5553 2780 5610 sos,
2811 5546 2928 5621 ip'so
2950 5552 3035 5602 die
3060 5546 3246 5621 insigni
3266 5546 3501 5604 Sabbati.
