  <div class='ocr_page' id='page_1' title='image "/cluster/home/n/w/nwhite01/storage/ocr_20150623/33/hvd.32044096580568/125.png"; bbox 0 0 4040 6174; ppageno 0'>
   <div class='ocr_carea' id='block_1_1' title="bbox 366 159 476 218">
    <p class='ocr_par' dir='ltr' id='par_1_1' title="bbox 366 159 476 218">
     <span class='ocr_line' id='line_1_1' title="bbox 366 159 476 218; baseline 0.018 -2"><span class='ocrx_word' id='word_1_1' title='bbox 366 159 476 218; x_wconf 72' lang='grc'><strong><em>285</em></strong></span> 
     </span>
    </p>
   </div>
   <div class='ocr_carea' id='block_1_2' title="bbox 336 282 1991 355">
    <p class='ocr_par' dir='ltr' id='par_1_2' title="bbox 336 282 1991 355">
     <span class='ocr_line' id='line_1_2' title="bbox 336 282 1991 355; baseline 0.001 -15"><span class='ocrx_word' id='word_1_2' title='bbox 336 291 460 340; x_wconf 82' lang='lat' dir='ltr'><strong><em>sent</em></strong></span> <span class='ocrx_word' id='word_1_3' title='bbox 488 285 864 351; x_wconf 74' lang='lat' dir='ltr'><strong><em>Antiochiam,</em></strong></span> <span class='ocrx_word' id='word_1_4' title='bbox 907 291 978 349; x_wconf 92' lang='lat' dir='ltr'><strong><em>et,</em></strong></span> <span class='ocrx_word' id='word_1_5' title='bbox 1013 287 1331 355; x_wconf 87' lang='lat' dir='ltr'><strong><em>congregata</em></strong></span> <span class='ocrx_word' id='word_1_6' title='bbox 1367 282 1635 350; x_wconf 73' lang='lat' dir='ltr'><strong><em>Ecclesia,</em></strong></span> <span class='ocrx_word' id='word_1_7' title='bbox 1676 285 1991 341; x_wconf 69' lang='lat' dir='ltr'><strong><em>retulissent</em></strong></span> 
     </span>
    </p>
   </div>
   <div class='ocr_carea' id='block_1_3' title="bbox 343 372 1991 446">
    <p class='ocr_par' dir='ltr' id='par_1_3' title="bbox 343 372 1991 446">
     <span class='ocr_line' id='line_1_3' title="bbox 343 372 1991 446; baseline 0.003 -21"><span class='ocrx_word' id='word_1_8' title='bbox 343 395 372 425; x_wconf 72' lang='grc' dir='ltr'><strong><em>α</em></strong></span> <span class='ocrx_word' id='word_1_9' title='bbox 391 382 595 446; x_wconf 87' lang='lat' dir='ltr'><strong><em>quanta</em></strong></span> <span class='ocrx_word' id='word_1_10' title='bbox 607 376 816 446; x_wconf 76' lang='lat' dir='ltr'><strong><em>fecisset</em></strong></span> <span class='ocrx_word' id='word_1_11' title='bbox 832 375 973 430; x_wconf 91' lang='lat' dir='ltr'><strong><em>Deus</em></strong></span> <span class='ocrx_word' id='word_1_12' title='bbox 996 390 1116 429; x_wconf 89' lang='lat' dir='ltr'><strong><em>cum</em></strong></span> <span class='ocrx_word' id='word_1_13' title='bbox 1141 372 1273 439; x_wconf 87' lang='lat' dir='ltr'><strong><em>illis,</em></strong></span> <span class='ocrx_word' id='word_1_14' title='bbox 1294 379 1342 427; x_wconf 87' lang='lat' dir='ltr'><strong><em>et</em></strong></span> <span class='ocrx_word' id='word_1_15' title='bbox 1367 373 1497 444; x_wconf 91' lang='lat' dir='ltr'><strong><em>quia</em></strong></span> <span class='ocrx_word' id='word_1_16' title='bbox 1526 375 1822 444; x_wconf 85' lang='lat' dir='ltr'><strong><em>aperuisset</em></strong></span> <span class='ocrx_word' id='word_1_17' title='bbox 1852 376 1991 432; x_wconf 85' lang='lat' dir='ltr'><strong><em>Deus</em></strong></span> 
     </span>
    </p>
   </div>
   <div class='ocr_carea' id='block_1_4' title="bbox 345 462 1992 533">
    <p class='ocr_par' dir='ltr' id='par_1_4' title="bbox 345 462 1992 533">
     <span class='ocr_line' id='line_1_4' title="bbox 345 462 1992 533; baseline 0 -14"><span class='ocrx_word' id='word_1_18' title='bbox 345 464 602 519; x_wconf 76' lang='lat' dir='ltr'><strong><em>Gentibus</em></strong></span> <span class='ocrx_word' id='word_1_19' title='bbox 625 465 817 518; x_wconf 92' lang='lat' dir='ltr'><strong><em>ostium</em></strong></span> <span class='ocrx_word' id='word_1_20' title='bbox 846 463 971 533; x_wconf 84' lang='lat' dir='ltr'><strong><em>ﬁdei</em></strong></span> <span class='ocrx_word' id='word_1_21' title='bbox 1000 462 1161 533; x_wconf 88' lang='lat' dir='ltr'><strong><em>(Ibid.</em></strong></span> <span class='ocrx_word' id='word_1_22' title='bbox 1193 478 1313 526; x_wconf 70' lang='lat' dir='ltr'><strong><em>xxv,</em></strong></span> <span class='ocrx_word' id='word_1_23' title='bbox 1346 466 1437 527; x_wconf 85' lang='lat'><strong><em>26)</em></strong></span> <span class='ocrx_word' id='word_1_24' title='bbox 1475 464 1751 533; x_wconf 90' lang='lat' dir='ltr'><strong><em>;quidam,</em></strong></span> <span class='ocrx_word' id='word_1_25' title='bbox 1783 464 1992 520; x_wconf 89' lang='lat' dir='ltr'><strong><em>descen-</em></strong></span> 
     </span>
    </p>
   </div>
   <div class='ocr_carea' id='block_1_5' title="bbox 342 551 1996 623">
    <p class='ocr_par' dir='ltr' id='par_1_5' title="bbox 342 551 1996 623">
     <span class='ocr_line' id='line_1_5' title="bbox 342 551 1996 623; baseline 0.002 -16"><span class='ocrx_word' id='word_1_26' title='bbox 342 553 522 609; x_wconf 84' lang='lat' dir='ltr'><strong><em>dentes</em></strong></span> <span class='ocrx_word' id='word_1_27' title='bbox 544 553 604 607; x_wconf 90' lang='lat' dir='ltr'><strong><em>de</em></strong></span> <span class='ocrx_word' id='word_1_28' title='bbox 630 552 841 615; x_wconf 84' lang='lat' dir='ltr'><strong><em>Iudaea,</em></strong></span> <span class='ocrx_word' id='word_1_29' title='bbox 875 551 1131 607; x_wconf 86' lang='lat' dir='ltr'><strong><em>docebant</em></strong></span> <span class='ocrx_word' id='word_1_30' title='bbox 1150 552 1361 623; x_wconf 80' lang='lat' dir='ltr'><strong><em>fratres</em></strong></span> <span class='ocrx_word' id='word_1_31' title='bbox 1386 559 1542 623; x_wconf 90' lang='lat' dir='ltr'><strong><em>atque</em></strong></span> <span class='ocrx_word' id='word_1_32' title='bbox 1562 553 1841 610; x_wconf 73' lang='lat' dir='ltr'><strong><em>dicebant:</em></strong></span> <span class='ocrx_word' id='word_1_33' title='bbox 1862 554 1996 610; x_wconf 83' lang='lat' dir='ltr'><strong><em>Nisi</em></strong></span> 
     </span>
    </p>
   </div>
   <div class='ocr_carea' id='block_1_6' title="bbox 341 640 1995 713">
    <p class='ocr_par' dir='ltr' id='par_1_6' title="bbox 341 640 1995 713">
     <span class='ocr_line' id='line_1_6' title="bbox 341 640 1995 713; baseline 0.001 -17"><span class='ocrx_word' id='word_1_34' title='bbox 341 640 825 696; x_wconf 86' lang='lat' dir='ltr'><strong><em>circumcidamini</em></strong></span> <span class='ocrx_word' id='word_1_35' title='bbox 851 640 1138 695; x_wconf 89' lang='lat' dir='ltr'><strong><em>secundum</em></strong></span> <span class='ocrx_word' id='word_1_36' title='bbox 1168 657 1369 695; x_wconf 89' lang='lat' dir='ltr'><strong><em>morem</em></strong></span> <span class='ocrx_word' id='word_1_37' title='bbox 1408 641 1607 713; x_wconf 90' lang='lat' dir='ltr'><strong><em>Moysi,</em></strong></span> <span class='ocrx_word' id='word_1_38' title='bbox 1637 659 1740 697; x_wconf 91' lang='lat' dir='ltr'><strong><em>non</em></strong></span> <span class='ocrx_word' id='word_1_39' title='bbox 1769 644 1995 712; x_wconf 82' lang='lat' dir='ltr'><strong><em>potestis</em></strong></span> 
     </span>
    </p>
   </div>
   <div class='ocr_carea' id='block_1_7' title="bbox 340 729 1994 801">
    <p class='ocr_par' dir='ltr' id='par_1_7' title="bbox 340 729 1994 801">
     <span class='ocr_line' id='line_1_7' title="bbox 340 729 1994 801; baseline 0.001 -15"><span class='ocrx_word' id='word_1_40' title='bbox 340 730 485 786; x_wconf 82' lang='lat' dir='ltr'><strong><em>salvi</em></strong></span> <span class='ocrx_word' id='word_1_41' title='bbox 510 729 659 799; x_wconf 85' lang='lat' dir='ltr'><strong><em>ﬁeri.</em></strong></span> <span class='ocrx_word' id='word_1_42' title='bbox 693 731 967 786; x_wconf 87' lang='lat' dir='ltr'><strong><em>Commota</em></strong></span> <span class='ocrx_word' id='word_1_43' title='bbox 998 729 1177 801; x_wconf 82' lang='lat' dir='ltr'><strong><em>igitur</em></strong></span> <span class='ocrx_word' id='word_1_44' title='bbox 1200 729 1459 785; x_wconf 89' lang='lat' dir='ltr'><strong><em>seditione</em></strong></span> <span class='ocrx_word' id='word_1_45' title='bbox 1483 748 1587 785; x_wconf 87' lang='lat' dir='ltr'><strong><em>non</em></strong></span> <span class='ocrx_word' id='word_1_46' title='bbox 1618 732 1848 786; x_wconf 90' lang='lat' dir='ltr'><strong><em>minima</em></strong></span> <span class='ocrx_word' id='word_1_47' title='bbox 1895 732 1994 787; x_wconf 87' lang='lat' dir='ltr'><strong><em>ad-</em></strong></span> 
     </span>
    </p>
   </div>
   <div class='ocr_carea' id='block_1_8' title="bbox 338 818 1994 883">
    <p class='ocr_par' dir='ltr' id='par_1_8' title="bbox 338 818 1994 883">
     <span class='ocr_line' id='line_1_8' title="bbox 338 818 1994 883; baseline 0.003 -10"><span class='ocrx_word' id='word_1_48' title='bbox 338 834 529 874; x_wconf 88' lang='lat' dir='ltr'><strong><em>versus</em></strong></span> <span class='ocrx_word' id='word_1_49' title='bbox 557 818 791 874; x_wconf 85' lang='lat' dir='ltr'><strong><em>Paulum</em></strong></span> <span class='ocrx_word' id='word_1_50' title='bbox 815 826 864 873; x_wconf 89' lang='lat' dir='ltr'><strong><em>et</em></strong></span> <span class='ocrx_word' id='word_1_51' title='bbox 895 820 1219 883; x_wconf 88' lang='lat' dir='ltr'><strong><em>Barnabam,</em></strong></span> <span class='ocrx_word' id='word_1_52' title='bbox 1250 826 1561 876; x_wconf 88' lang='lat' dir='ltr'><strong><em>statuerunt</em></strong></span> <span class='ocrx_word' id='word_1_53' title='bbox 1590 821 1866 876; x_wconf 78' lang='lat' dir='ltr'><strong><em>ascendere</em></strong></span> <span class='ocrx_word' id='word_1_54' title='bbox 1895 842 1922 871; x_wconf 79' lang='grc'>»</span> <span class='ocrx_word' id='word_1_55' title='bbox 1941 829 1994 877; x_wconf 89' lang='lat' dir='ltr'><strong><em>et</em></strong></span> 
     </span>
    </p>
   </div>
   <div class='ocr_carea' id='block_1_9' title="bbox 338 908 1995 981">
    <p class='ocr_par' dir='ltr' id='par_1_9' title="bbox 338 908 1995 981">
     <span class='ocr_line' id='line_1_9' title="bbox 338 908 1995 981; baseline 0.002 -20"><span class='ocrx_word' id='word_1_56' title='bbox 338 908 452 979; x_wconf 86' lang='lat' dir='ltr'><strong><em>ipsi</em></strong></span> <span class='ocrx_word' id='word_1_57' title='bbox 470 908 567 978; x_wconf 86' lang='lat' dir='ltr'><strong><em>qui</em></strong></span> <span class='ocrx_word' id='word_1_58' title='bbox 589 908 1010 974; x_wconf 83' lang='lat' dir='ltr'><strong><em>accusabantur,</em></strong></span> <span class='ocrx_word' id='word_1_59' title='bbox 1033 915 1085 963; x_wconf 91' lang='lat' dir='ltr'><strong><em>et</em></strong></span> <span class='ocrx_word' id='word_1_60' title='bbox 1109 908 1168 963; x_wconf 90' lang='lat' dir='ltr'><strong><em>hi</em></strong></span> <span class='ocrx_word' id='word_1_61' title='bbox 1192 910 1288 980; x_wconf 92' lang='lat' dir='ltr'><strong><em>qui</em></strong></span> <span class='ocrx_word' id='word_1_62' title='bbox 1305 908 1646 976; x_wconf 79' lang='lat' dir='ltr'><strong><em>accusabant,</em></strong></span> <span class='ocrx_word' id='word_1_63' title='bbox 1678 930 1701 961; x_wconf 80' lang='grc' dir='ltr'><strong>α</strong></span> <span class='ocrx_word' id='word_1_64' title='bbox 1733 910 1805 964; x_wconf 92' lang='lat' dir='ltr'><strong><em>ad</em></strong></span> <span class='ocrx_word' id='word_1_65' title='bbox 1825 911 1995 981; x_wconf 90' lang='lat' dir='ltr'><strong><em>Apos-</em></strong></span> 
     </span>
    </p>
   </div>
   <div class='ocr_carea' id='block_1_10' title="bbox 337 997 1991 1071">
    <p class='ocr_par' dir='ltr' id='par_1_10' title="bbox 337 997 1991 1071">
     <span class='ocr_line' id='line_1_10' title="bbox 337 997 1991 1071; baseline 0.001 -18"><span class='ocrx_word' id='word_1_66' title='bbox 337 999 472 1054; x_wconf 88' lang='lat' dir='ltr'><strong><em>tolos</em></strong></span> <span class='ocrx_word' id='word_1_67' title='bbox 496 1004 544 1052; x_wconf 88' lang='lat' dir='ltr'><strong><em>et</em></strong></span> <span class='ocrx_word' id='word_1_68' title='bbox 569 997 910 1070; x_wconf 80' lang='lat' dir='ltr'><strong><em>presbyteros</em></strong></span> <span class='ocrx_word' id='word_1_69' title='bbox 945 999 1334 1070; x_wconf 81' lang='lat' dir='ltr'><strong><em>Jerosolymam</em></strong></span> <span class='ocrx_word' id='word_1_70' title='bbox 1362 1014 1525 1071; x_wconf 83' lang='lat' dir='ltr'><strong><em>super</em></strong></span> <span class='ocrx_word' id='word_1_71' title='bbox 1553 999 1650 1055; x_wconf 87' lang='lat' dir='ltr'><strong><em>hac</em></strong></span> <span class='ocrx_word' id='word_1_72' title='bbox 1685 1002 1991 1071; x_wconf 84' lang='lat' dir='ltr'><strong><em>quaestione.</em></strong></span> 
     </span>
    </p>
   </div>
   <div class='ocr_carea' id='block_1_11' title="bbox 340 1086 1987 1161">
    <p class='ocr_par' dir='ltr' id='par_1_11' title="bbox 340 1086 1987 1161">
     <span class='ocr_line' id='line_1_11' title="bbox 340 1086 1987 1161; baseline 0.001 -19"><span class='ocrx_word' id='word_1_73' title='bbox 340 1086 575 1158; x_wconf 86' lang='lat' dir='ltr'><strong><em>Cumque</em></strong></span> <span class='ocrx_word' id='word_1_74' title='bbox 600 1087 981 1159; x_wconf 83' lang='lat' dir='ltr'><strong><em>Ierosolymam</em></strong></span> <span class='ocrx_word' id='word_1_75' title='bbox 1004 1088 1384 1157; x_wconf 73' lang='lat' dir='ltr'><strong><em>perrexissent,</em></strong></span> <span class='ocrx_word' id='word_1_76' title='bbox 1404 1095 1837 1145; x_wconf 74' lang='lat' dir='ltr'><strong><em>exsurrexerunt</em></strong></span> <span class='ocrx_word' id='word_1_77' title='bbox 1866 1090 1987 1161; x_wconf 88' lang='lat' dir='ltr'><strong><em>qui-</em></strong></span> 
     </span>
    </p>
   </div>
   <div class='ocr_carea' id='block_1_12' title="bbox 337 1176 1993 1248">
    <p class='ocr_par' dir='ltr' id='par_1_12' title="bbox 337 1176 1993 1248">
     <span class='ocr_line' id='line_1_12' title="bbox 337 1176 1993 1248; baseline 0.002 -17"><span class='ocrx_word' id='word_1_78' title='bbox 337 1176 464 1231; x_wconf 89' lang='lat' dir='ltr'><strong><em>dam</em></strong></span> <span class='ocrx_word' id='word_1_79' title='bbox 482 1176 545 1230; x_wconf 91' lang='lat' dir='ltr'><strong><em>de</em></strong></span> <span class='ocrx_word' id='word_1_80' title='bbox 572 1176 766 1230; x_wconf 81' lang='lat' dir='ltr'><strong><em>haeresi</em></strong></span> <span class='ocrx_word' id='word_1_81' title='bbox 786 1176 1207 1242; x_wconf 64' lang='lat' dir='ltr'><strong><em>Pharisaeorum,</em></strong></span> <span class='ocrx_word' id='word_1_82' title='bbox 1229 1177 1325 1248; x_wconf 89' lang='lat' dir='ltr'><strong><em>qui</em></strong></span> <span class='ocrx_word' id='word_1_83' title='bbox 1339 1177 1690 1233; x_wconf 81' lang='lat' dir='ltr'><strong><em>crediderant</em></strong></span> <span class='ocrx_word' id='word_1_84' title='bbox 1713 1178 1771 1232; x_wconf 89' lang='lat' dir='ltr'><strong><em>in</em></strong></span> <span class='ocrx_word' id='word_1_85' title='bbox 1797 1179 1993 1234; x_wconf 88' lang='lat' dir='ltr'><strong><em>Chris-</em></strong></span> 
     </span>
    </p>
   </div>
   <div class='ocr_carea' id='block_1_13' title="bbox 343 1264 1992 1339">
    <p class='ocr_par' dir='ltr' id='par_1_13' title="bbox 343 1264 1992 1339">
     <span class='ocr_line' id='line_1_13' title="bbox 343 1264 1992 1339; baseline 0.002 -20"><span class='ocrx_word' id='word_1_86' title='bbox 343 1268 477 1332; x_wconf 87' lang='lat' dir='ltr'><strong><em>tum,</em></strong></span> <span class='ocrx_word' id='word_1_87' title='bbox 528 1264 804 1320; x_wconf 85' lang='lat' dir='ltr'><strong><em>dicentes:</em></strong></span> <span class='ocrx_word' id='word_1_88' title='bbox 860 1265 1081 1337; x_wconf 84' lang='lat' dir='ltr'><strong><em>Oportet</em></strong></span> <span class='ocrx_word' id='word_1_89' title='bbox 1110 1266 1434 1321; x_wconf 86' lang='lat' dir='ltr'><strong><em>circumcidi</em></strong></span> <span class='ocrx_word' id='word_1_90' title='bbox 1468 1283 1567 1333; x_wconf 75' lang='lat' dir='ltr'><strong><em>eos,</em></strong></span> <span class='ocrx_word' id='word_1_91' title='bbox 1615 1273 1665 1321; x_wconf 91' lang='lat' dir='ltr'><strong><em>et</em></strong></span> <span class='ocrx_word' id='word_1_92' title='bbox 1699 1268 1992 1339; x_wconf 89' lang='lat' dir='ltr'><strong><em>praecipere</em></strong></span> 
     </span>
    </p>
   </div>
   <div class='ocr_carea' id='block_1_14' title="bbox 339 1354 1994 1428">
    <p class='ocr_par' dir='ltr' id='par_1_14' title="bbox 339 1354 1994 1428">
     <span class='ocr_line' id='line_1_14' title="bbox 339 1354 1994 1428; baseline 0.003 -20"><span class='ocrx_word' id='word_1_93' title='bbox 339 1354 459 1408; x_wconf 86' lang='lat' dir='ltr'><strong><em>illis</em></strong></span> <span class='ocrx_word' id='word_1_94' title='bbox 496 1361 556 1409; x_wconf 93' lang='lat' dir='ltr'><strong><em>ut</em></strong></span> <span class='ocrx_word' id='word_1_95' title='bbox 591 1362 806 1409; x_wconf 83' lang='lat' dir='ltr'><strong><em>servent</em></strong></span> <span class='ocrx_word' id='word_1_96' title='bbox 846 1357 1033 1426; x_wconf 87' lang='lat' dir='ltr'><strong><em>Legem</em></strong></span> <span class='ocrx_word' id='word_1_97' title='bbox 1062 1356 1258 1427; x_wconf 85' lang='lat' dir='ltr'><strong><em>Moysi.</em></strong></span> <span class='ocrx_word' id='word_1_98' title='bbox 1319 1356 1392 1412; x_wconf 90' lang='lat' dir='ltr'><strong><em>Et</em></strong></span> <span class='ocrx_word' id='word_1_99' title='bbox 1436 1373 1553 1411; x_wconf 91' lang='lat' dir='ltr'><strong><em>cum</em></strong></span> <span class='ocrx_word' id='word_1_100' title='bbox 1591 1374 1787 1428; x_wconf 90' lang='lat' dir='ltr'><strong><em>magna</em></strong></span> <span class='ocrx_word' id='word_1_101' title='bbox 1831 1374 1994 1428; x_wconf 86' lang='lat' dir='ltr'><strong><em>super</em></strong></span> 
     </span>
    </p>
   </div>
   <div class='ocr_carea' id='block_1_15' title="bbox 338 1443 1991 1515">
    <p class='ocr_par' dir='ltr' id='par_1_15' title="bbox 338 1443 1991 1515">
     <span class='ocr_line' id='line_1_15' title="bbox 338 1443 1991 1515; baseline 0.002 -18"><span class='ocrx_word' id='word_1_102' title='bbox 338 1443 431 1498; x_wconf 86' lang='lat' dir='ltr'><strong><em>hoc</em></strong></span> <span class='ocrx_word' id='word_1_103' title='bbox 460 1443 615 1498; x_wconf 92' lang='lat' dir='ltr'><strong><em>verbo</em></strong></span> <span class='ocrx_word' id='word_1_104' title='bbox 643 1444 890 1499; x_wconf 88' lang='lat' dir='ltr'><strong><em>oriretur</em></strong></span> <span class='ocrx_word' id='word_1_105' title='bbox 921 1445 1158 1515; x_wconf 87' lang='lat' dir='ltr'><strong><em>quaestio,</em></strong></span> <span class='ocrx_word' id='word_1_106' title='bbox 1198 1445 1394 1501; x_wconf 86' lang='lat' dir='ltr'><strong><em>Petrus</em></strong></span> <span class='ocrx_word' id='word_1_107' title='bbox 1428 1466 1451 1497; x_wconf 75' lang='grc' dir='ltr'><strong><em>ι</em></strong></span> <span class='ocrx_word' id='word_1_108' title='bbox 1487 1447 1655 1501; x_wconf 90' lang='lat' dir='ltr'><strong><em>solita</em></strong></span> <span class='ocrx_word' id='word_1_109' title='bbox 1684 1446 1941 1502; x_wconf 87' lang='lat' dir='ltr'><strong><em>libertate</em></strong></span> <span class='ocrx_word' id='word_1_110' title='bbox 1971 1464 1991 1500; x_wconf 87' lang='lat'><strong><em>:</em></strong></span> 
     </span>
    </p>
   </div>
   <div class='ocr_carea' id='block_1_16' title="bbox 340 1531 1993 1606">
    <p class='ocr_par' dir='ltr' id='par_1_16' title="bbox 340 1531 1993 1606">
     <span class='ocr_line' id='line_1_16' title="bbox 340 1531 1993 1606; baseline 0.006 -25"><span class='ocrx_word' id='word_1_111' title='bbox 340 1552 368 1582; x_wconf 87' lang='lat'><strong>«</strong></span> <span class='ocrx_word' id='word_1_112' title='bbox 416 1531 563 1598; x_wconf 84' lang='lat' dir='ltr'><strong><em>Viri,</em></strong></span> <span class='ocrx_word' id='word_1_113' title='bbox 598 1552 626 1584; x_wconf 81' lang='lat'><strong>»</strong></span> <span class='ocrx_word' id='word_1_114' title='bbox 665 1532 867 1603; x_wconf 88' lang='lat' dir='ltr'><strong><em>inquit,</em></strong></span> <span class='ocrx_word' id='word_1_115' title='bbox 898 1554 925 1582; x_wconf 85' lang='lat'><strong>«</strong></span> <span class='ocrx_word' id='word_1_116' title='bbox 957 1534 1183 1605; x_wconf 80' lang='lat' dir='ltr'><strong><em>fratres,</em></strong></span> <span class='ocrx_word' id='word_1_117' title='bbox 1214 1550 1299 1589; x_wconf 86' lang='lat' dir='ltr'><strong><em>vos</em></strong></span> <span class='ocrx_word' id='word_1_118' title='bbox 1328 1534 1478 1589; x_wconf 91' lang='lat' dir='ltr'><strong><em>scitis</em></strong></span> <span class='ocrx_word' id='word_1_119' title='bbox 1518 1535 1772 1606; x_wconf 87' lang='lat' dir='ltr'><strong><em>quoniam</em></strong></span> <span class='ocrx_word' id='word_1_120' title='bbox 1800 1535 1865 1590; x_wconf 89' lang='lat' dir='ltr'><strong><em>ab</em></strong></span> <span class='ocrx_word' id='word_1_121' title='bbox 1895 1552 1993 1591; x_wconf 88' lang='lat' dir='ltr'><strong><em>an-</em></strong></span> 
     </span>
    </p>
   </div>
   <div class='ocr_carea' id='block_1_17' title="bbox 338 1620 1992 1694">
    <p class='ocr_par' dir='ltr' id='par_1_17' title="bbox 338 1620 1992 1694">
     <span class='ocr_line' id='line_1_17' title="bbox 338 1620 1992 1694; baseline 0.002 -20"><span class='ocrx_word' id='word_1_122' title='bbox 338 1620 510 1691; x_wconf 88' lang='lat' dir='ltr'><strong><em>tiquis</em></strong></span> <span class='ocrx_word' id='word_1_123' title='bbox 533 1620 718 1676; x_wconf 86' lang='lat' dir='ltr'><strong><em>diebus</em></strong></span> <span class='ocrx_word' id='word_1_124' title='bbox 743 1622 802 1675; x_wconf 89' lang='lat' dir='ltr'><strong><em>in</em></strong></span> <span class='ocrx_word' id='word_1_125' title='bbox 842 1622 994 1677; x_wconf 90' lang='lat' dir='ltr'><strong><em>nobis</em></strong></span> <span class='ocrx_word' id='word_1_126' title='bbox 1031 1621 1188 1694; x_wconf 79' lang='lat' dir='ltr'><strong><em>elegit</em></strong></span> <span class='ocrx_word' id='word_1_127' title='bbox 1218 1624 1364 1678; x_wconf 89' lang='lat' dir='ltr'><strong><em>Deus</em></strong></span> <span class='ocrx_word' id='word_1_128' title='bbox 1392 1640 1484 1694; x_wconf 90' lang='lat' dir='ltr'><strong><em>per</em></strong></span> <span class='ocrx_word' id='word_1_129' title='bbox 1515 1641 1569 1679; x_wconf 89' lang='lat' dir='ltr'><strong><em>os</em></strong></span> <span class='ocrx_word' id='word_1_130' title='bbox 1597 1640 1769 1679; x_wconf 88' lang='lat' dir='ltr'><strong><em>meum</em></strong></span> <span class='ocrx_word' id='word_1_131' title='bbox 1795 1625 1992 1680; x_wconf 90' lang='lat' dir='ltr'><strong><em>audire</em></strong></span> 
     </span>
    </p>
   </div>
   <div class='ocr_carea' id='block_1_18' title="bbox 340 1708 1993 1784">
    <p class='ocr_par' dir='ltr' id='par_1_18' title="bbox 340 1708 1993 1784">
     <span class='ocr_line' id='line_1_18' title="bbox 340 1708 1993 1784; baseline 0.003 -20"><span class='ocrx_word' id='word_1_132' title='bbox 340 1708 529 1764; x_wconf 85' lang='lat' dir='ltr'><strong><em>Gentes</em></strong></span> <span class='ocrx_word' id='word_1_133' title='bbox 557 1711 773 1766; x_wconf 89' lang='lat' dir='ltr'><strong><em>verbum</em></strong></span> <span class='ocrx_word' id='word_1_134' title='bbox 802 1711 1091 1781; x_wconf 81' lang='lat' dir='ltr'><strong><em>Evangelii</em></strong></span> <span class='ocrx_word' id='word_1_135' title='bbox 1114 1718 1163 1766; x_wconf 92' lang='lat' dir='ltr'><strong><em>et</em></strong></span> <span class='ocrx_word' id='word_1_136' title='bbox 1193 1711 1408 1766; x_wconf 86' lang='lat' dir='ltr'><strong><em>credere</em></strong></span> <span class='ocrx_word' id='word_1_137' title='bbox 1422 1726 1444 1782; x_wconf 89' lang='lat'><strong><em>,&#39;</em></strong></span> <span class='ocrx_word' id='word_1_138' title='bbox 1465 1720 1514 1767; x_wconf 92' lang='lat' dir='ltr'><strong><em>et</em></strong></span> <span class='ocrx_word' id='word_1_139' title='bbox 1543 1712 1636 1784; x_wconf 90' lang='lat' dir='ltr'><strong><em>qui</em></strong></span> <span class='ocrx_word' id='word_1_140' title='bbox 1661 1714 1811 1769; x_wconf 89' lang='lat' dir='ltr'><strong><em>novit</em></strong></span> <span class='ocrx_word' id='word_1_141' title='bbox 1828 1714 1993 1769; x_wconf 90' lang='lat' dir='ltr'><strong><em>corda</em></strong></span> 
     </span>
    </p>
   </div>
   <div class='ocr_carea' id='block_1_19' title="bbox 337 1798 1993 1872">
    <p class='ocr_par' dir='ltr' id='par_1_19' title="bbox 337 1798 1993 1872">
     <span class='ocr_line' id='line_1_19' title="bbox 337 1798 1993 1872; baseline 0.002 -18"><span class='ocrx_word' id='word_1_142' title='bbox 337 1798 499 1869; x_wconf 88' lang='lat' dir='ltr'><strong><em>Deus,</em></strong></span> <span class='ocrx_word' id='word_1_143' title='bbox 534 1800 901 1856; x_wconf 86' lang='lat' dir='ltr'><strong><em>testimonium</em></strong></span> <span class='ocrx_word' id='word_1_144' title='bbox 924 1800 1230 1871; x_wconf 86' lang='lat' dir='ltr'><strong><em>perhibuit,</em></strong></span> <span class='ocrx_word' id='word_1_145' title='bbox 1255 1801 1389 1855; x_wconf 89' lang='lat' dir='ltr'><strong><em>dans</em></strong></span> <span class='ocrx_word' id='word_1_146' title='bbox 1412 1801 1525 1856; x_wconf 86' lang='lat' dir='ltr'><strong><em>illis</em></strong></span> <span class='ocrx_word' id='word_1_147' title='bbox 1554 1801 1821 1872; x_wconf 83' lang='lat' dir='ltr'><strong><em>Spiritum</em></strong></span> <span class='ocrx_word' id='word_1_148' title='bbox 1843 1819 1993 1858; x_wconf 89' lang='lat' dir='ltr'><strong><em>sanc-</em></strong></span> 
     </span>
    </p>
   </div>
   <div class='ocr_carea' id='block_1_20' title="bbox 337 1887 1991 1957">
    <p class='ocr_par' dir='ltr' id='par_1_20' title="bbox 337 1887 1991 1957">
     <span class='ocr_line' id='line_1_20' title="bbox 337 1887 1991 1957; baseline 0.002 -14"><span class='ocrx_word' id='word_1_149' title='bbox 337 1894 472 1952; x_wconf 90' lang='lat' dir='ltr'><strong><em>tum,</em></strong></span> <span class='ocrx_word' id='word_1_150' title='bbox 504 1887 643 1943; x_wconf 86' lang='lat' dir='ltr'><strong><em>sicut</em></strong></span> <span class='ocrx_word' id='word_1_151' title='bbox 670 1895 720 1943; x_wconf 88' lang='lat' dir='ltr'><strong><em>et</em></strong></span> <span class='ocrx_word' id='word_1_152' title='bbox 747 1887 920 1955; x_wconf 89' lang='lat' dir='ltr'><strong><em>nobis,</em></strong></span> <span class='ocrx_word' id='word_1_153' title='bbox 953 1897 1001 1944; x_wconf 90' lang='lat' dir='ltr'><strong><em>et</em></strong></span> <span class='ocrx_word' id='word_1_154' title='bbox 1031 1889 1178 1944; x_wconf 86' lang='lat' dir='ltr'><strong><em>nihil</em></strong></span> <span class='ocrx_word' id='word_1_155' title='bbox 1206 1889 1462 1946; x_wconf 88' lang='lat' dir='ltr'><strong><em>discrevit</em></strong></span> <span class='ocrx_word' id='word_1_156' title='bbox 1490 1891 1636 1945; x_wconf 90' lang='lat' dir='ltr'><strong><em>inter</em></strong></span> <span class='ocrx_word' id='word_1_157' title='bbox 1664 1908 1758 1946; x_wconf 92' lang='lat' dir='ltr'><strong><em>nos</em></strong></span> <span class='ocrx_word' id='word_1_158' title='bbox 1775 1898 1825 1946; x_wconf 92' lang='lat' dir='ltr'><strong><em>et</em></strong></span> <span class='ocrx_word' id='word_1_159' title='bbox 1844 1892 1991 1957; x_wconf 88' lang='lat' dir='ltr'><strong><em>illos,</em></strong></span> 
     </span>
    </p>
   </div>
   <div class='ocr_carea' id='block_1_21' title="bbox 335 1975 1995 2051">
    <p class='ocr_par' dir='ltr' id='par_1_21' title="bbox 335 1975 1995 2051">
     <span class='ocr_line' id='line_1_21' title="bbox 335 1975 1995 2051; baseline 0.003 -21"><span class='ocrx_word' id='word_1_160' title='bbox 335 1975 440 2048; x_wconf 89' lang='lat' dir='ltr'><strong><em>ﬁde</em></strong></span> <span class='ocrx_word' id='word_1_161' title='bbox 474 1977 777 2047; x_wconf 87' lang='lat' dir='ltr'><strong><em>puriﬁcans</em></strong></span> <span class='ocrx_word' id='word_1_162' title='bbox 814 1977 976 2033; x_wconf 87' lang='lat' dir='ltr'><strong><em>corda</em></strong></span> <span class='ocrx_word' id='word_1_163' title='bbox 1002 1978 1249 2034; x_wconf 89' lang='lat' dir='ltr'><strong><em>illorum.</em></strong></span> <span class='ocrx_word' id='word_1_164' title='bbox 1282 1980 1443 2035; x_wconf 87' lang='lat' dir='ltr'><strong><em>Nunc</em></strong></span> <span class='ocrx_word' id='word_1_165' title='bbox 1466 1986 1643 2034; x_wconf 86' lang='lat' dir='ltr'><strong><em>autem</em></strong></span> <span class='ocrx_word' id='word_1_166' title='bbox 1666 1980 1796 2051; x_wconf 88' lang='lat' dir='ltr'><strong><em>quid</em></strong></span> <span class='ocrx_word' id='word_1_167' title='bbox 1824 1987 1995 2035; x_wconf 88' lang='lat' dir='ltr'><strong><em>tenta-</em></strong></span> 
     </span>
    </p>
   </div>
   <div class='ocr_carea' id='block_1_22' title="bbox 336 2064 1993 2141">
    <p class='ocr_par' dir='ltr' id='par_1_22' title="bbox 336 2064 1993 2141">
     <span class='ocr_line' id='line_1_22' title="bbox 336 2064 1993 2141; baseline 0.002 -21"><span class='ocrx_word' id='word_1_168' title='bbox 336 2065 407 2120; x_wconf 89' lang='lat' dir='ltr'><strong><em>tis</em></strong></span> <span class='ocrx_word' id='word_1_169' title='bbox 427 2064 597 2120; x_wconf 89' lang='lat' dir='ltr'><strong><em>Deum</em></strong></span> <span class='ocrx_word' id='word_1_170' title='bbox 625 2065 895 2136; x_wconf 87' lang='lat' dir='ltr'><strong><em>imponere</em></strong></span> <span class='ocrx_word' id='word_1_171' title='bbox 908 2067 1104 2138; x_wconf 88' lang='lat' dir='ltr'><strong><em>jugum</em></strong></span> <span class='ocrx_word' id='word_1_172' title='bbox 1127 2084 1289 2138; x_wconf 88' lang='lat' dir='ltr'><strong><em>super</em></strong></span> <span class='ocrx_word' id='word_1_173' title='bbox 1303 2068 1554 2123; x_wconf 86' lang='lat' dir='ltr'><strong><em>cervicem</em></strong></span> <span class='ocrx_word' id='word_1_174' title='bbox 1577 2069 1993 2141; x_wconf 90' lang='lat' dir='ltr'><strong><em>discipulorum,</em></strong></span> 
     </span>
    </p>
   </div>
   <div class='ocr_carea' id='block_1_23' title="bbox 333 2153 1998 2229">
    <p class='ocr_par' dir='ltr' id='par_1_23' title="bbox 333 2153 1998 2229">
     <span class='ocr_line' id='line_1_23' title="bbox 333 2153 1998 2229; baseline 0.004 -22"><span class='ocrx_word' id='word_1_175' title='bbox 333 2153 471 2225; x_wconf 91' lang='lat' dir='ltr'><strong><em>quod</em></strong></span> <span class='ocrx_word' id='word_1_176' title='bbox 498 2170 661 2225; x_wconf 88' lang='lat' dir='ltr'><strong><em>neque</em></strong></span> <span class='ocrx_word' id='word_1_177' title='bbox 686 2162 871 2225; x_wconf 84' lang='lat' dir='ltr'><strong><em>patres</em></strong></span> <span class='ocrx_word' id='word_1_178' title='bbox 898 2157 1089 2221; x_wconf 85' lang='lat' dir='ltr'><strong><em>nostri,</em></strong></span> <span class='ocrx_word' id='word_1_179' title='bbox 1127 2173 1290 2229; x_wconf 89' lang='lat' dir='ltr'><strong><em>neque</em></strong></span> <span class='ocrx_word' id='word_1_180' title='bbox 1318 2174 1413 2213; x_wconf 92' lang='lat' dir='ltr'><strong><em>nos</em></strong></span> <span class='ocrx_word' id='word_1_181' title='bbox 1438 2162 1662 2228; x_wconf 87' lang='lat' dir='ltr'><strong><em>portare</em></strong></span> <span class='ocrx_word' id='word_1_182' title='bbox 1686 2158 1998 2229; x_wconf 74' lang='lat' dir='ltr'><strong><em>potuimus?</em></strong></span> 
     </span>
    </p>
   </div>
   <div class='ocr_carea' id='block_1_24' title="bbox 331 2242 1997 2315">
    <p class='ocr_par' dir='ltr' id='par_1_24' title="bbox 331 2242 1997 2315">
     <span class='ocr_line' id='line_1_24' title="bbox 331 2242 1997 2315; baseline 0.002 -14"><span class='ocrx_word' id='word_1_183' title='bbox 331 2242 442 2301; x_wconf 90' lang='lat' dir='ltr'><strong><em>Sed</em></strong></span> <span class='ocrx_word' id='word_1_184' title='bbox 484 2260 584 2314; x_wconf 89' lang='lat' dir='ltr'><strong><em>per</em></strong></span> <span class='ocrx_word' id='word_1_185' title='bbox 608 2245 844 2315; x_wconf 88' lang='lat' dir='ltr'><strong><em>gratiam</em></strong></span> <span class='ocrx_word' id='word_1_186' title='bbox 879 2246 1107 2301; x_wconf 91' lang='lat' dir='ltr'><strong><em>Domini</em></strong></span> <span class='ocrx_word' id='word_1_187' title='bbox 1132 2248 1310 2302; x_wconf 90' lang='lat' dir='ltr'><strong><em>nostri</em></strong></span> <span class='ocrx_word' id='word_1_188' title='bbox 1336 2247 1462 2302; x_wconf 88' lang='lat' dir='ltr'><strong><em>Iesu</em></strong></span> <span class='ocrx_word' id='word_1_189' title='bbox 1494 2246 1703 2303; x_wconf 86' lang='lat' dir='ltr'><strong><em>Christi</em></strong></span> <span class='ocrx_word' id='word_1_190' title='bbox 1732 2248 1997 2304; x_wconf 86' lang='lat' dir='ltr'><strong><em>credimus</em></strong></span> 
     </span>
    </p>
   </div>
   <div class='ocr_carea' id='block_1_25' title="bbox 332 2332 1997 2404">
    <p class='ocr_par' dir='ltr' id='par_1_25' title="bbox 332 2332 1997 2404">
     <span class='ocr_line' id='line_1_25' title="bbox 332 2332 1997 2404; baseline 0.004 -17"><span class='ocrx_word' id='word_1_191' title='bbox 332 2332 561 2397; x_wconf 91' lang='lat' dir='ltr'><strong><em>salvari,</em></strong></span> <span class='ocrx_word' id='word_1_192' title='bbox 581 2334 1019 2404; x_wconf 88' lang='lat' dir='ltr'><strong><em>quemadmodum</em></strong></span> <span class='ocrx_word' id='word_1_193' title='bbox 1045 2342 1097 2390; x_wconf 89' lang='lat' dir='ltr'><strong><em>et</em></strong></span> <span class='ocrx_word' id='word_1_194' title='bbox 1114 2335 1224 2389; x_wconf 88' lang='lat' dir='ltr'><strong><em>illi.</em></strong></span> <span class='ocrx_word' id='word_1_195' title='bbox 1253 2336 1449 2392; x_wconf 89' lang='lat' dir='ltr'><strong><em>Tacuit</em></strong></span> <span class='ocrx_word' id='word_1_196' title='bbox 1473 2343 1650 2392; x_wconf 90' lang='lat' dir='ltr'><strong><em>autem</em></strong></span> <span class='ocrx_word' id='word_1_197' title='bbox 1666 2339 1841 2392; x_wconf 90' lang='lat' dir='ltr'><strong><em>omnis</em></strong></span> <span class='ocrx_word' id='word_1_198' title='bbox 1859 2338 1997 2394; x_wconf 88' lang='lat' dir='ltr'><strong><em>mul-</em></strong></span> 
     </span>
    </p>
   </div>
   <div class='ocr_carea' id='block_1_26' title="bbox 334 2421 1995 2495">
    <p class='ocr_par' dir='ltr' id='par_1_26' title="bbox 334 2421 1995 2495">
     <span class='ocr_line' id='line_1_26' title="bbox 334 2421 1995 2495; baseline 0.004 -19"><span class='ocrx_word' id='word_1_199' title='bbox 334 2421 512 2477; x_wconf 90' lang='lat' dir='ltr'><strong><em>titudo</em></strong></span> <span class='ocrx_word' id='word_1_200' title='bbox 541 2439 570 2475; x_wconf 71' lang='lat' dir='ltr'><strong><em>n</em></strong></span> <span class='ocrx_word' id='word_1_201' title='bbox 601 2422 763 2493; x_wconf 82' lang='lat' dir='ltr'><strong><em>(Act.</em></strong></span> <span class='ocrx_word' id='word_1_202' title='bbox 795 2439 895 2489; x_wconf 86' lang='lat' dir='ltr'><strong><em>xv,</em></strong></span> <span class='ocrx_word' id='word_1_203' title='bbox 935 2425 1100 2491; x_wconf 68' lang='lat'><strong><em>1-12),</em></strong></span> <span class='ocrx_word' id='word_1_204' title='bbox 1127 2431 1175 2478; x_wconf 92' lang='lat' dir='ltr'><strong><em>et</em></strong></span> <span class='ocrx_word' id='word_1_205' title='bbox 1208 2426 1267 2478; x_wconf 86' lang='lat' dir='ltr'><strong><em>in</em></strong></span> <span class='ocrx_word' id='word_1_206' title='bbox 1297 2426 1613 2480; x_wconf 89' lang='lat' dir='ltr'><strong><em>sententiam</em></strong></span> <span class='ocrx_word' id='word_1_207' title='bbox 1634 2429 1750 2495; x_wconf 85' lang='lat' dir='ltr'><strong><em>ejus</em></strong></span> <span class='ocrx_word' id='word_1_208' title='bbox 1772 2427 1995 2483; x_wconf 88' lang='lat' dir='ltr'><strong><em>Iacobus</em></strong></span> 
     </span>
    </p>
   </div>
   <div class='ocr_carea' id='block_1_27' title="bbox 338 2511 1879 2584">
    <p class='ocr_par' dir='ltr' id='par_1_27' title="bbox 338 2511 1879 2584">
     <span class='ocr_line' id='line_1_27' title="bbox 338 2511 1879 2584; baseline 0.004 -20"><span class='ocrx_word' id='word_1_209' title='bbox 338 2511 629 2581; x_wconf 86' lang='lat' dir='ltr'><strong><em>apostolus,</em></strong></span> <span class='ocrx_word' id='word_1_210' title='bbox 669 2518 717 2565; x_wconf 90' lang='lat' dir='ltr'><strong><em>et</em></strong></span> <span class='ocrx_word' id='word_1_211' title='bbox 758 2528 935 2566; x_wconf 89' lang='lat' dir='ltr'><strong><em>omnes</em></strong></span> <span class='ocrx_word' id='word_1_212' title='bbox 978 2512 1143 2567; x_wconf 90' lang='lat' dir='ltr'><strong><em>simul</em></strong></span> <span class='ocrx_word' id='word_1_213' title='bbox 1178 2513 1480 2584; x_wconf 81' lang='lat' dir='ltr'><strong><em>presbyteri</em></strong></span> <span class='ocrx_word' id='word_1_214' title='bbox 1513 2514 1879 2573; x_wconf 87' lang='lat' dir='ltr'><strong><em>transierunt.</em></strong></span> 
     </span>
    </p>
   </div>
   <div class='ocr_carea' id='block_1_28' title="bbox 404 2598 1996 2671">
    <p class='ocr_par' dir='ltr' id='par_1_28' title="bbox 404 2598 1996 2671">
     <span class='ocr_line' id='line_1_28' title="bbox 404 2598 1996 2671; baseline 0.004 -19"><span class='ocrx_word' id='word_1_215' title='bbox 404 2598 456 2652; x_wconf 87' lang='lat'><strong><em>8.</em></strong></span> <span class='ocrx_word' id='word_1_216' title='bbox 506 2599 628 2653; x_wconf 81' lang='lat' dir='ltr'><strong><em>Haec</em></strong></span> <span class='ocrx_word' id='word_1_217' title='bbox 656 2616 760 2653; x_wconf 92' lang='lat' dir='ltr'><strong><em>non</em></strong></span> <span class='ocrx_word' id='word_1_218' title='bbox 786 2599 970 2655; x_wconf 88' lang='lat' dir='ltr'><strong><em>debent</em></strong></span> <span class='ocrx_word' id='word_1_219' title='bbox 1002 2602 1221 2655; x_wconf 88' lang='lat' dir='ltr'><strong><em>molesta</em></strong></span> <span class='ocrx_word' id='word_1_220' title='bbox 1248 2619 1353 2656; x_wconf 90' lang='lat' dir='ltr'><strong><em>esse</em></strong></span> <span class='ocrx_word' id='word_1_221' title='bbox 1389 2603 1599 2671; x_wconf 88' lang='lat' dir='ltr'><strong><em>lectori,</em></strong></span> <span class='ocrx_word' id='word_1_222' title='bbox 1632 2603 1722 2657; x_wconf 91' lang='lat' dir='ltr'><strong><em>sed</em></strong></span> <span class='ocrx_word' id='word_1_223' title='bbox 1748 2611 1798 2658; x_wconf 91' lang='lat' dir='ltr'><strong><em>et</em></strong></span> <span class='ocrx_word' id='word_1_224' title='bbox 1828 2604 1923 2658; x_wconf 90' lang='lat' dir='ltr'><strong><em>illi</em></strong></span> <span class='ocrx_word' id='word_1_225' title='bbox 1946 2612 1996 2661; x_wconf 91' lang='lat' dir='ltr'><strong><em>et</em></strong></span> 
     </span>
    </p>
   </div>
   <div class='ocr_carea' id='block_1_29' title="bbox 332 2682 1995 2762">
    <p class='ocr_par' dir='ltr' id='par_1_29' title="bbox 332 2682 1995 2762">
     <span class='ocr_line' id='line_1_29' title="bbox 332 2682 1995 2762; baseline 0.004 -20"><span class='ocrx_word' id='word_1_226' title='bbox 332 2687 473 2742; x_wconf 86' lang='lat' dir='ltr'><strong><em>mihi</em></strong></span> <span class='ocrx_word' id='word_1_227' title='bbox 500 2687 684 2752; x_wconf 88' lang='lat' dir='ltr'><strong><em>utilia,</em></strong></span> <span class='ocrx_word' id='word_1_228' title='bbox 712 2695 770 2742; x_wconf 92' lang='lat' dir='ltr'><strong><em>ut</em></strong></span> <span class='ocrx_word' id='word_1_229' title='bbox 802 2688 1097 2759; x_wconf 88' lang='lat' dir='ltr'><strong><em>probemus,</em></strong></span> <span class='ocrx_word' id='word_1_230' title='bbox 1131 2696 1259 2744; x_wconf 87' lang='lat' dir='ltr'><strong><em>ante</em></strong></span> <span class='ocrx_word' id='word_1_231' title='bbox 1297 2694 1597 2762; x_wconf 89' lang='lat' dir='ltr'><strong><em>apostolum</em></strong></span> <span class='ocrx_word' id='word_1_232' title='bbox 1622 2682 1861 2748; x_wconf 85' lang='lat' dir='ltr'><strong><em>Paulum</em></strong></span> <span class='ocrx_word' id='word_1_233' title='bbox 1892 2711 1995 2750; x_wconf 88' lang='lat' dir='ltr'><strong><em>non</em></strong></span> 
     </span>
    </p>
   </div>
   <div class='ocr_carea' id='block_1_30' title="bbox 330 2776 1989 2852">
    <p class='ocr_par' dir='ltr' id='par_1_30' title="bbox 330 2776 1989 2852">
     <span class='ocr_line' id='line_1_30' title="bbox 330 2776 1989 2852; baseline 0.005 -23"><span class='ocrx_word' id='word_1_234' title='bbox 330 2776 606 2847; x_wconf 90' lang='lat' dir='ltr'><strong><em>ignorasse</em></strong></span> <span class='ocrx_word' id='word_1_235' title='bbox 637 2776 879 2841; x_wconf 88' lang='lat' dir='ltr'><strong><em>Petrum,</em></strong></span> <span class='ocrx_word' id='word_1_236' title='bbox 910 2778 1018 2832; x_wconf 90' lang='lat' dir='ltr'><strong><em>imo</em></strong></span> <span class='ocrx_word' id='word_1_237' title='bbox 1059 2780 1362 2850; x_wconf 85' lang='lat' dir='ltr'><strong><em>principem</em></strong></span> <span class='ocrx_word' id='word_1_238' title='bbox 1388 2781 1548 2852; x_wconf 88' lang='lat' dir='ltr'><strong><em>hujus</em></strong></span> <span class='ocrx_word' id='word_1_239' title='bbox 1573 2782 1740 2851; x_wconf 85' lang='lat' dir='ltr'><strong><em>fuisse</em></strong></span> <span class='ocrx_word' id='word_1_240' title='bbox 1769 2782 1989 2851; x_wconf 87' lang='lat' dir='ltr'><strong><em>decreti,</em></strong></span> 
     </span>
    </p>
   </div>
   <div class='ocr_carea' id='block_1_31' title="bbox 327 2864 1995 2944">
    <p class='ocr_par' dir='ltr' id='par_1_31' title="bbox 327 2864 1995 2944">
     <span class='ocr_line' id='line_1_31' title="bbox 327 2864 1995 2944; baseline 0.004 -23"><span class='ocrx_word' id='word_1_241' title='bbox 327 2864 516 2935; x_wconf 90' lang='lat' dir='ltr'><strong><em>Legem</em></strong></span> <span class='ocrx_word' id='word_1_242' title='bbox 561 2872 673 2936; x_wconf 85' lang='lat' dir='ltr'><strong><em>post</em></strong></span> <span class='ocrx_word' id='word_1_243' title='bbox 703 2867 1057 2938; x_wconf 85' lang='lat' dir='ltr'><strong><em>Evangelium</em></strong></span> <span class='ocrx_word' id='word_1_244' title='bbox 1098 2886 1199 2923; x_wconf 91' lang='lat' dir='ltr'><strong><em>non</em></strong></span> <span class='ocrx_word' id='word_1_245' title='bbox 1230 2886 1335 2924; x_wconf 89' lang='lat' dir='ltr'><strong><em>esse</em></strong></span> <span class='ocrx_word' id='word_1_246' title='bbox 1377 2871 1715 2927; x_wconf 89' lang='lat' dir='ltr'><strong><em>servandam.</em></strong></span> <span class='ocrx_word' id='word_1_247' title='bbox 1750 2873 1995 2944; x_wconf 87' lang='lat' dir='ltr'><strong><em>Denique</em></strong></span> 
     </span>
    </p>
   </div>
   <div class='ocr_carea' id='block_1_32' title="bbox 330 2955 1991 3032">
    <p class='ocr_par' dir='ltr' id='par_1_32' title="bbox 330 2955 1991 3032">
     <span class='ocr_line' id='line_1_32' title="bbox 330 2955 1991 3032; baseline 0.005 -23"><span class='ocrx_word' id='word_1_248' title='bbox 330 2961 499 3010; x_wconf 76' lang='lat' dir='ltr'><strong><em>tantae</em></strong></span> <span class='ocrx_word' id='word_1_249' title='bbox 528 2955 732 3011; x_wconf 85' lang='lat' dir='ltr'><strong><em>Petrus</em></strong></span> <span class='ocrx_word' id='word_1_250' title='bbox 766 2958 1116 3013; x_wconf 87' lang='lat' dir='ltr'><strong><em>auctoritatis</em></strong></span> <span class='ocrx_word' id='word_1_251' title='bbox 1142 2959 1277 3029; x_wconf 89' lang='lat' dir='ltr'><strong><em>fuit,</em></strong></span> <span class='ocrx_word' id='word_1_252' title='bbox 1306 2966 1366 3015; x_wconf 90' lang='lat' dir='ltr'><strong><em>ut</em></strong></span> <span class='ocrx_word' id='word_1_253' title='bbox 1404 2959 1611 3016; x_wconf 88' lang='lat' dir='ltr'><strong><em>Paulus</em></strong></span> <span class='ocrx_word' id='word_1_254' title='bbox 1647 2962 1708 3015; x_wconf 90' lang='lat' dir='ltr'><strong><em>in</em></strong></span> <span class='ocrx_word' id='word_1_255' title='bbox 1747 2962 1991 3032; x_wconf 87' lang='lat' dir='ltr'><strong><em>Epistola</em></strong></span> 
     </span>
    </p>
   </div>
   <div class='ocr_carea' id='block_1_33' title="bbox 325 3046 1985 3123">
    <p class='ocr_par' dir='ltr' id='par_1_33' title="bbox 325 3046 1985 3123">
     <span class='ocr_line' id='line_1_33' title="bbox 325 3046 1985 3123; baseline 0.004 -24"><span class='ocrx_word' id='word_1_256' title='bbox 325 3060 424 3099; x_wconf 89' lang='lat' dir='ltr'><strong><em>sua</em></strong></span> <span class='ocrx_word' id='word_1_257' title='bbox 451 3046 766 3116; x_wconf 84' lang='lat' dir='ltr'><strong><em>scripserit:</em></strong></span> <span class='ocrx_word' id='word_1_258' title='bbox 799 3065 827 3097; x_wconf 89' lang='lat'><strong>«</strong></span> <span class='ocrx_word' id='word_1_259' title='bbox 856 3047 1064 3104; x_wconf 85' lang='lat' dir='ltr'><strong><em>Deinde</em></strong></span> <span class='ocrx_word' id='word_1_260' title='bbox 1082 3055 1198 3118; x_wconf 87' lang='lat' dir='ltr'><strong><em>post</em></strong></span> <span class='ocrx_word' id='word_1_261' title='bbox 1235 3065 1405 3104; x_wconf 89' lang='lat' dir='ltr'><strong><em>annos</em></strong></span> <span class='ocrx_word' id='word_1_262' title='bbox 1433 3056 1541 3104; x_wconf 91' lang='lat' dir='ltr'><strong><em>tres</em></strong></span> <span class='ocrx_word' id='word_1_263' title='bbox 1569 3050 1691 3104; x_wconf 88' lang='lat' dir='ltr'><strong><em>veni</em></strong></span> <span class='ocrx_word' id='word_1_264' title='bbox 1719 3050 1985 3123; x_wconf 82' lang='lat' dir='ltr'><strong><em>Ierosoly-</em></strong></span> 
     </span>
    </p>
   </div>
   <div class='ocr_carea' id='block_1_34' title="bbox 325 3134 1987 3211">
    <p class='ocr_par' dir='ltr' id='par_1_34' title="bbox 325 3134 1987 3211">
     <span class='ocr_line' id='line_1_34' title="bbox 325 3134 1987 3211; baseline 0.004 -23"><span class='ocrx_word' id='word_1_265' title='bbox 325 3150 467 3189; x_wconf 89' lang='lat' dir='ltr'><strong><em>mam</em></strong></span> <span class='ocrx_word' id='word_1_266' title='bbox 512 3134 693 3189; x_wconf 87' lang='lat' dir='ltr'><strong><em>videre</em></strong></span> <span class='ocrx_word' id='word_1_267' title='bbox 721 3137 967 3205; x_wconf 88' lang='lat' dir='ltr'><strong><em>Petrum,</em></strong></span> <span class='ocrx_word' id='word_1_268' title='bbox 1009 3143 1057 3192; x_wconf 88' lang='lat' dir='ltr'><strong><em>et</em></strong></span> <span class='ocrx_word' id='word_1_269' title='bbox 1088 3138 1268 3193; x_wconf 87' lang='lat' dir='ltr'><strong><em>mansi</em></strong></span> <span class='ocrx_word' id='word_1_270' title='bbox 1294 3138 1440 3210; x_wconf 91' lang='lat' dir='ltr'><strong><em>apud</em></strong></span> <span class='ocrx_word' id='word_1_271' title='bbox 1468 3155 1588 3194; x_wconf 91' lang='lat' dir='ltr'><strong><em>eum</em></strong></span> <span class='ocrx_word' id='word_1_272' title='bbox 1614 3139 1798 3195; x_wconf 87' lang='lat' dir='ltr'><strong><em>diebus</em></strong></span> <span class='ocrx_word' id='word_1_273' title='bbox 1826 3143 1987 3211; x_wconf 84' lang='lat' dir='ltr'><strong><em>quin-</em></strong></span> 
     </span>
    </p>
   </div>
   <div class='ocr_carea' id='block_1_35' title="bbox 326 3222 1986 3300">
    <p class='ocr_par' dir='ltr' id='par_1_35' title="bbox 326 3222 1986 3300">
     <span class='ocr_line' id='line_1_35' title="bbox 326 3222 1986 3300; baseline 0.004 -21"><span class='ocrx_word' id='word_1_274' title='bbox 326 3222 497 3279; x_wconf 83' lang='lat' dir='ltr'><strong><em>decim</em></strong></span> <span class='ocrx_word' id='word_1_275' title='bbox 542 3245 562 3273; x_wconf 75' lang='grc' dir='ltr'><strong><em>ι</em></strong></span> <span class='ocrx_word' id='word_1_276' title='bbox 609 3224 754 3295; x_wconf 87' lang='lat' dir='ltr'><strong><em>(Gal.</em></strong></span> <span class='ocrx_word' id='word_1_277' title='bbox 797 3240 834 3290; x_wconf 84' lang='grc' dir='ltr'><strong><em>ι,</em></strong></span> <span class='ocrx_word' id='word_1_278' title='bbox 898 3228 1001 3297; x_wconf 85' lang='grc'><strong>18).</strong></span> <span class='ocrx_word' id='word_1_279' title='bbox 1035 3226 1372 3299; x_wconf 85' lang='lat' dir='ltr'><strong><em>Rursumque</em></strong></span> <span class='ocrx_word' id='word_1_280' title='bbox 1402 3229 1463 3282; x_wconf 89' lang='lat' dir='ltr'><strong><em>in</em></strong></span> <span class='ocrx_word' id='word_1_281' title='bbox 1505 3228 1936 3300; x_wconf 85' lang='lat' dir='ltr'><strong><em>consequentibus</em></strong></span> <span class='ocrx_word' id='word_1_282' title='bbox 1965 3250 1986 3286; x_wconf 89' lang='lat'><strong><em>:</em></strong></span> 
     </span>
    </p>
   </div>
   <div class='ocr_carea' id='block_1_36' title="bbox 329 3312 1985 3389">
    <p class='ocr_par' dir='ltr' id='par_1_36' title="bbox 329 3312 1985 3389">
     <span class='ocr_line' id='line_1_36' title="bbox 329 3312 1985 3389; baseline 0.005 -25"><span class='ocrx_word' id='word_1_283' title='bbox 329 3331 359 3364; x_wconf 81' lang='grc' dir='ltr'><strong>α</strong></span> <span class='ocrx_word' id='word_1_284' title='bbox 377 3312 503 3368; x_wconf 91' lang='lat' dir='ltr'><strong><em>Post</em></strong></span> <span class='ocrx_word' id='word_1_285' title='bbox 528 3329 697 3367; x_wconf 88' lang='lat' dir='ltr'><strong><em>annos</em></strong></span> <span class='ocrx_word' id='word_1_286' title='bbox 711 3315 1121 3384; x_wconf 88' lang='lat' dir='ltr'><strong><em>quatuordecim</em></strong></span> <span class='ocrx_word' id='word_1_287' title='bbox 1148 3316 1361 3371; x_wconf 81' lang='lat' dir='ltr'><strong><em>ascendi</em></strong></span> <span class='ocrx_word' id='word_1_288' title='bbox 1384 3316 1583 3372; x_wconf 86' lang='lat' dir='ltr'><strong><em>iterum</em></strong></span> <span class='ocrx_word' id='word_1_289' title='bbox 1600 3317 1985 3389; x_wconf 85' lang='lat' dir='ltr'><strong><em>Ierosolymam</em></strong></span> 
     </span>
    </p>
   </div>
   <div class='ocr_carea' id='block_1_37' title="bbox 325 3401 1983 3473">
    <p class='ocr_par' dir='ltr' id='par_1_37' title="bbox 325 3401 1983 3473">
     <span class='ocr_line' id='line_1_37' title="bbox 325 3401 1983 3473; baseline 0.004 -17"><span class='ocrx_word' id='word_1_290' title='bbox 325 3418 449 3456; x_wconf 89' lang='lat' dir='ltr'><strong><em>cum</em></strong></span> <span class='ocrx_word' id='word_1_291' title='bbox 476 3401 757 3467; x_wconf 88' lang='lat' dir='ltr'><strong><em>Barnaba,</em></strong></span> <span class='ocrx_word' id='word_1_292' title='bbox 787 3409 1058 3473; x_wconf 89' lang='lat' dir='ltr'><strong><em>assumpto</em></strong></span> <span class='ocrx_word' id='word_1_293' title='bbox 1084 3412 1132 3458; x_wconf 89' lang='lat' dir='ltr'><strong><em>et</em></strong></span> <span class='ocrx_word' id='word_1_294' title='bbox 1168 3405 1308 3459; x_wconf 89' lang='lat' dir='ltr'><strong><em>Tito.</em></strong></span> <span class='ocrx_word' id='word_1_295' title='bbox 1343 3406 1575 3461; x_wconf 84' lang='lat' dir='ltr'><strong><em>Ascendi</em></strong></span> <span class='ocrx_word' id='word_1_296' title='bbox 1598 3414 1777 3461; x_wconf 87' lang='lat' dir='ltr'><strong><em>autem</em></strong></span> <span class='ocrx_word' id='word_1_297' title='bbox 1802 3423 1983 3462; x_wconf 84' lang='lat' dir='ltr'><strong><em>secun-</em></strong></span> 
     </span>
    </p>
   </div>
   <div class='ocr_carea' id='block_1_38' title="bbox 323 3490 1979 3566">
    <p class='ocr_par' dir='ltr' id='par_1_38' title="bbox 323 3490 1979 3566">
     <span class='ocr_line' id='line_1_38' title="bbox 323 3490 1979 3566; baseline 0.004 -22"><span class='ocrx_word' id='word_1_298' title='bbox 323 3490 450 3547; x_wconf 90' lang='lat' dir='ltr'><strong><em>dum</em></strong></span> <span class='ocrx_word' id='word_1_299' title='bbox 480 3490 872 3557; x_wconf 89' lang='lat' dir='ltr'><strong><em>revelationem,</em></strong></span> <span class='ocrx_word' id='word_1_300' title='bbox 897 3499 947 3547; x_wconf 93' lang='lat' dir='ltr'><strong><em>et</em></strong></span> <span class='ocrx_word' id='word_1_301' title='bbox 966 3495 1184 3563; x_wconf 60' lang='lat' dir='ltr'><strong><em>exposui</em></strong></span> <span class='ocrx_word' id='word_1_302' title='bbox 1206 3494 1281 3547; x_wconf 88' lang='lat' dir='ltr'><strong><em>eis</em></strong></span> <span class='ocrx_word' id='word_1_303' title='bbox 1306 3494 1660 3565; x_wconf 84' lang='lat' dir='ltr'><strong><em>Evangelium</em></strong></span> <span class='ocrx_word' id='word_1_304' title='bbox 1690 3496 1827 3566; x_wconf 93' lang='lat' dir='ltr'><strong><em>quod</em></strong></span> <span class='ocrx_word' id='word_1_305' title='bbox 1842 3514 1979 3566; x_wconf 89' lang='lat' dir='ltr'><strong><em>prae-</em></strong></span> 
     </span>
    </p>
   </div>
   <div class='ocr_carea' id='block_1_39' title="bbox 324 3578 1979 3640">
    <p class='ocr_par' dir='ltr' id='par_1_39' title="bbox 324 3578 1979 3640">
     <span class='ocr_line' id='line_1_39' title="bbox 324 3578 1979 3640; baseline 0.004 -7"><span class='ocrx_word' id='word_1_306' title='bbox 324 3578 441 3634; x_wconf 89' lang='lat' dir='ltr'><strong><em>dico</em></strong></span> <span class='ocrx_word' id='word_1_307' title='bbox 480 3579 630 3634; x_wconf 88' lang='lat' dir='ltr'><strong><em>inter</em></strong></span> <span class='ocrx_word' id='word_1_308' title='bbox 660 3579 849 3635; x_wconf 87' lang='lat' dir='ltr'><strong><em>Gentes</em></strong></span> <span class='ocrx_word' id='word_1_309' title='bbox 876 3596 900 3637; x_wconf 84' lang='lat'><strong><em>.&#39;</em></strong></span> <span class='ocrx_word' id='word_1_310' title='bbox 923 3602 952 3633; x_wconf 89' lang='lat'>»</span> <span class='ocrx_word' id='word_1_311' title='bbox 992 3583 1265 3637; x_wconf 89' lang='lat' dir='ltr'><strong><em>ostendens</em></strong></span> <span class='ocrx_word' id='word_1_312' title='bbox 1289 3599 1343 3638; x_wconf 91' lang='lat' dir='ltr'><strong><em>se</em></strong></span> <span class='ocrx_word' id='word_1_313' title='bbox 1375 3600 1482 3639; x_wconf 92' lang='lat' dir='ltr'><strong><em>non</em></strong></span> <span class='ocrx_word' id='word_1_314' title='bbox 1512 3584 1755 3639; x_wconf 88' lang='lat' dir='ltr'><strong><em>habuisse</em></strong></span> <span class='ocrx_word' id='word_1_315' title='bbox 1779 3585 1979 3640; x_wconf 85' lang='lat' dir='ltr'><strong><em>securi-</em></strong></span> 
     </span>
    </p>
   </div>
   <div class='ocr_carea' id='block_1_40' title="bbox 327 3668 1980 3745">
    <p class='ocr_par' dir='ltr' id='par_1_40' title="bbox 327 3668 1980 3745">
     <span class='ocr_line' id='line_1_40' title="bbox 327 3668 1980 3745; baseline 0.004 -23"><span class='ocrx_word' id='word_1_316' title='bbox 327 3674 489 3723; x_wconf 88' lang='lat' dir='ltr'><strong><em>tatem</em></strong></span> <span class='ocrx_word' id='word_1_317' title='bbox 512 3668 804 3740; x_wconf 86' lang='lat' dir='ltr'><strong><em>Evangelii</em></strong></span> <span class='ocrx_word' id='word_1_318' title='bbox 819 3670 1179 3741; x_wconf 82' lang='lat' dir='ltr'><strong><em>praedicandi,</em></strong></span> <span class='ocrx_word' id='word_1_319' title='bbox 1213 3672 1323 3727; x_wconf 90' lang='lat' dir='ltr'><strong><em>nisi</em></strong></span> <span class='ocrx_word' id='word_1_320' title='bbox 1362 3673 1531 3738; x_wconf 89' lang='lat' dir='ltr'><strong><em>Petri,</em></strong></span> <span class='ocrx_word' id='word_1_321' title='bbox 1572 3680 1621 3729; x_wconf 90' lang='lat' dir='ltr'><strong><em>et</em></strong></span> <span class='ocrx_word' id='word_1_322' title='bbox 1658 3673 1751 3745; x_wconf 89' lang='lat' dir='ltr'><strong><em>qui</em></strong></span> <span class='ocrx_word' id='word_1_323' title='bbox 1778 3691 1895 3729; x_wconf 92' lang='lat' dir='ltr'><strong><em>cum</em></strong></span> <span class='ocrx_word' id='word_1_324' title='bbox 1923 3691 1980 3729; x_wconf 90' lang='lat' dir='ltr'><strong><em>eo</em></strong></span> 
     </span>
    </p>
   </div>
   <div class='ocr_carea' id='block_1_41' title="bbox 324 3757 1973 3835">
    <p class='ocr_par' dir='ltr' id='par_1_41' title="bbox 324 3757 1973 3835">
     <span class='ocr_line' id='line_1_41' title="bbox 324 3757 1973 3835; baseline 0.004 -23"><span class='ocrx_word' id='word_1_325' title='bbox 324 3760 503 3820; x_wconf 92' lang='lat' dir='ltr'><strong><em>erant,</em></strong></span> <span class='ocrx_word' id='word_1_326' title='bbox 524 3757 718 3828; x_wconf 87' lang='lat' dir='ltr'><strong><em>fuisset</em></strong></span> <span class='ocrx_word' id='word_1_327' title='bbox 737 3760 1002 3814; x_wconf 88' lang='lat' dir='ltr'><strong><em>sententia</em></strong></span> <span class='ocrx_word' id='word_1_328' title='bbox 1025 3760 1351 3817; x_wconf 91' lang='lat' dir='ltr'><strong><em>roboratum.</em></strong></span> <span class='ocrx_word' id='word_1_329' title='bbox 1377 3762 1687 3835; x_wconf 89' lang='lat' dir='ltr'><strong><em>Statimque</em></strong></span> <span class='ocrx_word' id='word_1_330' title='bbox 1700 3764 1973 3835; x_wconf 84' lang='lat' dir='ltr'><strong><em>sequitur:</em></strong></span> 
     </span>
    </p>
   </div>
   <div class='ocr_carea' id='block_1_42' title="bbox 328 3846 1980 3923">
    <p class='ocr_par' dir='ltr' id='par_1_42' title="bbox 328 3846 1980 3923">
     <span class='ocr_line' id='line_1_42' title="bbox 328 3846 1980 3923; baseline 0.005 -24"><span class='ocrx_word' id='word_1_331' title='bbox 328 3863 361 3897; x_wconf 77' lang='grc' dir='ltr'>α</span> <span class='ocrx_word' id='word_1_332' title='bbox 392 3846 708 3917; x_wconf 88' lang='lat' dir='ltr'><strong><em>Separatim</em></strong></span> <span class='ocrx_word' id='word_1_333' title='bbox 731 3855 907 3904; x_wconf 87' lang='lat' dir='ltr'><strong><em>autem</em></strong></span> <span class='ocrx_word' id='word_1_334' title='bbox 928 3849 1013 3903; x_wconf 86' lang='lat' dir='ltr'><strong><em>his</em></strong></span> <span class='ocrx_word' id='word_1_335' title='bbox 1036 3850 1134 3921; x_wconf 91' lang='lat' dir='ltr'><strong><em>qui</em></strong></span> <span class='ocrx_word' id='word_1_336' title='bbox 1152 3850 1476 3906; x_wconf 88' lang='lat' dir='ltr'><strong><em>videbantur</em></strong></span> <span class='ocrx_word' id='word_1_337' title='bbox 1512 3851 1727 3923; x_wconf 89' lang='lat' dir='ltr'><strong><em>aliquid</em></strong></span> <span class='ocrx_word' id='word_1_338' title='bbox 1758 3869 1881 3918; x_wconf 88' lang='lat' dir='ltr'><strong><em>esse,</em></strong></span> <span class='ocrx_word' id='word_1_339' title='bbox 1916 3868 1980 3908; x_wconf 89' lang='lat' dir='ltr'><strong><em>ne</em></strong></span> 
     </span>
    </p>
   </div>
   <div class='ocr_carea' id='block_1_43' title="bbox 322 3936 1980 4007">
    <p class='ocr_par' dir='ltr' id='par_1_43' title="bbox 322 3936 1980 4007">
     <span class='ocr_line' id='line_1_43' title="bbox 322 3936 1980 4007; baseline 0.004 -16"><span class='ocrx_word' id='word_1_340' title='bbox 322 3936 471 4007; x_wconf 91' lang='lat' dir='ltr'><strong><em>forte</em></strong></span> <span class='ocrx_word' id='word_1_341' title='bbox 516 3936 574 3991; x_wconf 89' lang='lat' dir='ltr'><strong><em>in</em></strong></span> <span class='ocrx_word' id='word_1_342' title='bbox 616 3954 841 3993; x_wconf 87' lang='lat' dir='ltr'><strong><em>vacuum</em></strong></span> <span class='ocrx_word' id='word_1_343' title='bbox 871 3955 1148 3994; x_wconf 89' lang='lat' dir='ltr'><strong><em>currerem</em></strong></span> <span class='ocrx_word' id='word_1_344' title='bbox 1177 3947 1271 3996; x_wconf 90' lang='lat' dir='ltr'><strong><em>aut</em></strong></span> <span class='ocrx_word' id='word_1_345' title='bbox 1302 3941 1688 3999; x_wconf 84' lang='lat' dir='ltr'><strong><em>cucurrissem.</em></strong></span> <span class='ocrx_word' id='word_1_346' title='bbox 1744 3964 1773 3995; x_wconf 82' lang='lat'><strong><em>»</em></strong></span> <span class='ocrx_word' id='word_1_347' title='bbox 1802 3941 1980 4007; x_wconf 82' lang='lat' dir='ltr'><strong><em>Quare</em></strong></span> 
     </span>
    </p>
   </div>
   <div class='ocr_carea' id='block_1_44' title="bbox 321 4025 1981 4102">
    <p class='ocr_par' dir='ltr' id='par_1_44' title="bbox 321 4025 1981 4102">
     <span class='ocr_line' id='line_1_44' title="bbox 321 4025 1981 4102; baseline 0.005 -23"><span class='ocrx_word' id='word_1_348' title='bbox 321 4025 638 4097; x_wconf 87' lang='lat' dir='ltr'><strong><em>separatim,</em></strong></span> <span class='ocrx_word' id='word_1_349' title='bbox 669 4032 857 4082; x_wconf 86' lang='lat' dir='ltr'><strong><em>etnon</em></strong></span> <span class='ocrx_word' id='word_1_350' title='bbox 900 4028 959 4082; x_wconf 89' lang='lat' dir='ltr'><strong><em>in</em></strong></span> <span class='ocrx_word' id='word_1_351' title='bbox 996 4028 1208 4099; x_wconf 88' lang='lat' dir='ltr'><strong><em>publico</em></strong></span> <span class='ocrx_word' id='word_1_352' title='bbox 1239 4030 1267 4084; x_wconf 66' lang='lat'><strong><em>7</em></strong></span> <span class='ocrx_word' id='word_1_353' title='bbox 1312 4030 1395 4086; x_wconf 89' lang='lat' dir='ltr'><strong><em>Ne</em></strong></span> <span class='ocrx_word' id='word_1_354' title='bbox 1440 4032 1581 4101; x_wconf 89' lang='lat' dir='ltr'><strong><em>forte</em></strong></span> <span class='ocrx_word' id='word_1_355' title='bbox 1617 4031 1863 4102; x_wconf 85' lang='lat' dir='ltr'><strong><em>ﬁdelibus</em></strong></span> <span class='ocrx_word' id='word_1_356' title='bbox 1914 4050 1981 4088; x_wconf 77' lang='lat' dir='ltr'><strong><em>ea:</em></strong></span> 
     </span>
    </p>
   </div>
   <div class='ocr_carea' id='block_1_45' title="bbox 321 4114 1981 4188">
    <p class='ocr_par' dir='ltr' id='par_1_45' title="bbox 321 4114 1981 4188">
     <span class='ocr_line' id='line_1_45' title="bbox 321 4114 1981 4188; baseline 0.005 -21"><span class='ocrx_word' id='word_1_357' title='bbox 321 4128 545 4168; x_wconf 86' lang='lat' dir='ltr'><strong><em>numero</em></strong></span> <span class='ocrx_word' id='word_1_358' title='bbox 598 4114 930 4183; x_wconf 82' lang='lat' dir='ltr'><strong><em>Iudaeorum,</em></strong></span> <span class='ocrx_word' id='word_1_359' title='bbox 970 4117 1068 4186; x_wconf 88' lang='lat' dir='ltr'><strong><em>qui</em></strong></span> <span class='ocrx_word' id='word_1_360' title='bbox 1095 4117 1279 4188; x_wconf 88' lang='lat' dir='ltr'><strong><em>Legem</em></strong></span> <span class='ocrx_word' id='word_1_361' title='bbox 1314 4118 1584 4188; x_wconf 89' lang='lat' dir='ltr'><strong><em>putabant</em></strong></span> <span class='ocrx_word' id='word_1_362' title='bbox 1612 4136 1715 4173; x_wconf 88' lang='lat' dir='ltr'><strong><em>esse</em></strong></span> <span class='ocrx_word' id='word_1_363' title='bbox 1757 4136 1981 4176; x_wconf 86' lang='lat' dir='ltr'><strong><em>servan-</em></strong></span> 
     </span>
    </p>
   </div>
   <div class='ocr_carea' id='block_1_46' title="bbox 323 4199 1984 4280">
    <p class='ocr_par' dir='ltr' id='par_1_46' title="bbox 323 4199 1984 4280">
     <span class='ocr_line' id='line_1_46' title="bbox 323 4199 1984 4280; baseline 0.006 -26"><span class='ocrx_word' id='word_1_364' title='bbox 323 4199 466 4269; x_wconf 90' lang='lat' dir='ltr'><strong><em>dam,</em></strong></span> <span class='ocrx_word' id='word_1_365' title='bbox 528 4208 579 4255; x_wconf 90' lang='lat' dir='ltr'><strong><em>et</em></strong></span> <span class='ocrx_word' id='word_1_366' title='bbox 635 4202 713 4257; x_wconf 91' lang='lat' dir='ltr'><strong><em>sic</em></strong></span> <span class='ocrx_word' id='word_1_367' title='bbox 759 4202 1077 4259; x_wconf 85' lang='lat' dir='ltr'><strong><em>credendum</em></strong></span> <span class='ocrx_word' id='word_1_368' title='bbox 1117 4205 1178 4259; x_wconf 91' lang='lat' dir='ltr'><strong><em>in</em></strong></span> <span class='ocrx_word' id='word_1_369' title='bbox 1231 4205 1459 4260; x_wconf 84' lang='lat' dir='ltr'><strong><em>Domino</em></strong></span> <span class='ocrx_word' id='word_1_370' title='bbox 1507 4207 1812 4274; x_wconf 89' lang='lat' dir='ltr'><strong><em>Salvatore,</em></strong></span> <span class='ocrx_word' id='word_1_371' title='bbox 1851 4210 1984 4280; x_wconf 90' lang='lat' dir='ltr'><strong><em>ﬁdei</em></strong></span> 
     </span>
    </p>
   </div>
   <div class='ocr_carea' id='block_1_47' title="bbox 322 4289 1983 4367">
    <p class='ocr_par' dir='ltr' id='par_1_47' title="bbox 322 4289 1983 4367">
     <span class='ocr_line' id='line_1_47' title="bbox 322 4289 1983 4367; baseline 0.007 -24"><span class='ocrx_word' id='word_1_372' title='bbox 322 4289 635 4346; x_wconf 87' lang='lat' dir='ltr'><strong><em>scandalum</em></strong></span> <span class='ocrx_word' id='word_1_373' title='bbox 665 4299 996 4348; x_wconf 88' lang='lat' dir='ltr'><strong><em>nasceretur.</em></strong></span> <span class='ocrx_word' id='word_1_374' title='bbox 1030 4293 1178 4366; x_wconf 87' lang='lat' dir='ltr'><strong><em>Ergo</em></strong></span> <span class='ocrx_word' id='word_1_375' title='bbox 1204 4302 1251 4350; x_wconf 92' lang='lat' dir='ltr'><strong><em>et</em></strong></span> <span class='ocrx_word' id='word_1_376' title='bbox 1282 4312 1338 4350; x_wconf 92' lang='lat' dir='ltr'><strong><em>eo</em></strong></span> <span class='ocrx_word' id='word_1_377' title='bbox 1368 4302 1597 4367; x_wconf 90' lang='lat' dir='ltr'><strong><em>tempore</em></strong></span> <span class='ocrx_word' id='word_1_378' title='bbox 1636 4312 1757 4352; x_wconf 88' lang='lat' dir='ltr'><strong><em>cum</em></strong></span> <span class='ocrx_word' id='word_1_379' title='bbox 1788 4299 1983 4355; x_wconf 91' lang='lat' dir='ltr'><strong><em>Petrus</em></strong></span> 
     </span>
    </p>
   </div>
   <div class='ocr_carea' id='block_1_48' title="bbox 322 4380 1983 4455">
    <p class='ocr_par' dir='ltr' id='par_1_48' title="bbox 322 4380 1983 4455">
     <span class='ocr_line' id='line_1_48' title="bbox 322 4380 1983 4455; baseline 0.007 -22"><span class='ocrx_word' id='word_1_380' title='bbox 322 4380 546 4435; x_wconf 86' lang='lat' dir='ltr'><strong><em>venisset</em></strong></span> <span class='ocrx_word' id='word_1_381' title='bbox 586 4380 928 4437; x_wconf 78' lang='lat' dir='ltr'><strong><em>Antiochiam</em></strong></span> <span class='ocrx_word' id='word_1_382' title='bbox 978 4382 1124 4454; x_wconf 90' lang='lat' dir='ltr'><strong><em>(licet</em></strong></span> <span class='ocrx_word' id='word_1_383' title='bbox 1152 4384 1243 4439; x_wconf 89' lang='lat' dir='ltr'><strong><em>hoc</em></strong></span> <span class='ocrx_word' id='word_1_384' title='bbox 1272 4384 1654 4455; x_wconf 80' lang='lat' dir='ltr'><strong><em>Apostolorum</em></strong></span> <span class='ocrx_word' id='word_1_385' title='bbox 1699 4388 1839 4443; x_wconf 86' lang='lat' dir='ltr'><strong><em>Acta</em></strong></span> <span class='ocrx_word' id='word_1_386' title='bbox 1876 4405 1983 4444; x_wconf 89' lang='lat' dir='ltr'><strong><em>non</em></strong></span> 
     </span>
    </p>
   </div>
   <div class='ocr_carea' id='block_1_49' title="bbox 319 4467 1981 4547">
    <p class='ocr_par' dir='ltr' id='par_1_49' title="bbox 319 4467 1981 4547">
     <span class='ocr_line' id='line_1_49' title="bbox 319 4467 1981 4547; baseline 0.005 -24"><span class='ocrx_word' id='word_1_387' title='bbox 319 4467 581 4534; x_wconf 89' lang='lat' dir='ltr'><strong><em>scribant,</em></strong></span> <span class='ocrx_word' id='word_1_388' title='bbox 606 4469 698 4524; x_wconf 78' lang='lat' dir='ltr'><strong><em>sed</em></strong></span> <span class='ocrx_word' id='word_1_389' title='bbox 714 4469 1034 4541; x_wconf 81' lang='lat' dir='ltr'><strong><em>afﬁrmanti</em></strong></span> <span class='ocrx_word' id='word_1_390' title='bbox 1051 4472 1224 4528; x_wconf 90' lang='lat' dir='ltr'><strong><em>Paulo</em></strong></span> <span class='ocrx_word' id='word_1_391' title='bbox 1233 4473 1552 4529; x_wconf 88' lang='lat' dir='ltr'><strong><em>credendum</em></strong></span> <span class='ocrx_word' id='word_1_392' title='bbox 1571 4475 1693 4546; x_wconf 91' lang='lat' dir='ltr'><strong><em>sit),</em></strong></span> <span class='ocrx_word' id='word_1_393' title='bbox 1708 4476 1768 4530; x_wconf 91' lang='lat' dir='ltr'><strong><em>in</em></strong></span> <span class='ocrx_word' id='word_1_394' title='bbox 1788 4477 1981 4547; x_wconf 90' lang='lat' dir='ltr'><strong><em>faciem</em></strong></span> 
     </span>
    </p>
   </div>
   <div class='ocr_carea' id='block_1_50' title="bbox 321 4556 1982 4636">
    <p class='ocr_par' dir='ltr' id='par_1_50' title="bbox 321 4556 1982 4636">
     <span class='ocr_line' id='line_1_50' title="bbox 321 4556 1982 4636; baseline 0.007 -25"><span class='ocrx_word' id='word_1_395' title='bbox 321 4556 415 4611; x_wconf 86' lang='lat' dir='ltr'><strong><em>illi</em></strong></span> <span class='ocrx_word' id='word_1_396' title='bbox 438 4558 642 4614; x_wconf 89' lang='lat' dir='ltr'><strong><em>Paulus</em></strong></span> <span class='ocrx_word' id='word_1_397' title='bbox 690 4561 954 4615; x_wconf 89' lang='lat' dir='ltr'><strong><em>restitisse</em></strong></span> <span class='ocrx_word' id='word_1_398' title='bbox 1011 4578 1063 4615; x_wconf 91' lang='lat' dir='ltr'><strong><em>se</em></strong></span> <span class='ocrx_word' id='word_1_399' title='bbox 1109 4561 1324 4629; x_wconf 84' lang='lat' dir='ltr'><strong><em>scribit,</em></strong></span> <span class='ocrx_word' id='word_1_400' title='bbox 1377 4565 1508 4635; x_wconf 89' lang='lat' dir='ltr'><strong><em>quia</em></strong></span> <span class='ocrx_word' id='word_1_401' title='bbox 1546 4566 1982 4636; x_wconf 88' lang='lat' dir='ltr'><strong><em>reprehensibilis</em></strong></span> 
     </span>
    </p>
   </div>
   <div class='ocr_carea' id='block_1_51' title="bbox 323 4647 1981 4724">
    <p class='ocr_par' dir='ltr' id='par_1_51' title="bbox 323 4647 1981 4724">
     <span class='ocr_line' id='line_1_51' title="bbox 323 4647 1981 4724; baseline 0.007 -24"><span class='ocrx_word' id='word_1_402' title='bbox 323 4653 465 4701; x_wconf 88' lang='lat' dir='ltr'><strong><em>erat.</em></strong></span> <span class='ocrx_word' id='word_1_403' title='bbox 484 4647 653 4703; x_wconf 89' lang='lat' dir='ltr'><strong><em>Prius</em></strong></span> <span class='ocrx_word' id='word_1_404' title='bbox 682 4649 826 4704; x_wconf 87' lang='lat' dir='ltr'><strong><em>enim</em></strong></span> <span class='ocrx_word' id='word_1_405' title='bbox 854 4666 1012 4721; x_wconf 90' lang='lat' dir='ltr'><strong><em>quam</em></strong></span> <span class='ocrx_word' id='word_1_406' title='bbox 1038 4652 1285 4707; x_wconf 88' lang='lat' dir='ltr'><strong><em>venirent</em></strong></span> <span class='ocrx_word' id='word_1_407' title='bbox 1312 4653 1539 4724; x_wconf 91' lang='lat' dir='ltr'><strong><em>quidam</em></strong></span> <span class='ocrx_word' id='word_1_408' title='bbox 1562 4671 1596 4709; x_wconf 92' lang='lat' dir='ltr'><strong><em>a</em></strong></span> <span class='ocrx_word' id='word_1_409' title='bbox 1624 4654 1834 4721; x_wconf 91' lang='lat' dir='ltr'><strong><em>Iacobo,</em></strong></span> <span class='ocrx_word' id='word_1_410' title='bbox 1864 4673 1981 4711; x_wconf 91' lang='lat' dir='ltr'><strong><em>cum</em></strong></span> 
     </span>
    </p>
   </div>
   <div class='ocr_carea' id='block_1_52' title="bbox 326 4733 1980 4810">
    <p class='ocr_par' dir='ltr' id='par_1_52' title="bbox 326 4733 1980 4810">
     <span class='ocr_line' id='line_1_52' title="bbox 326 4733 1980 4810; baseline 0.007 -21"><span class='ocrx_word' id='word_1_411' title='bbox 326 4733 581 4790; x_wconf 86' lang='lat' dir='ltr'><strong><em>Gentibus</em></strong></span> <span class='ocrx_word' id='word_1_412' title='bbox 608 4736 789 4792; x_wconf 88' lang='lat' dir='ltr'><strong><em>edebat</em></strong></span> <span class='ocrx_word' id='word_1_413' title='bbox 804 4761 825 4803; x_wconf 87' lang='lat'><em>;</em></span> <span class='ocrx_word' id='word_1_414' title='bbox 856 4755 975 4794; x_wconf 91' lang='lat' dir='ltr'><strong><em>cum</em></strong></span> <span class='ocrx_word' id='word_1_415' title='bbox 1018 4748 1197 4796; x_wconf 89' lang='lat' dir='ltr'><strong><em>autem</em></strong></span> <span class='ocrx_word' id='word_1_416' title='bbox 1225 4742 1513 4806; x_wconf 89' lang='lat' dir='ltr'><strong><em>venissent,</em></strong></span> <span class='ocrx_word' id='word_1_417' title='bbox 1540 4743 1885 4800; x_wconf 86' lang='lat' dir='ltr'><strong><em>subtrahebat</em></strong></span> <span class='ocrx_word' id='word_1_418' title='bbox 1908 4762 1980 4810; x_wconf 89' lang='lat' dir='ltr'><strong><em>se,</em></strong></span> 
     </span>
    </p>
   </div>
   <div class='ocr_carea' id='block_1_53' title="bbox 323 4823 1972 4900">
    <p class='ocr_par' dir='ltr' id='par_1_53' title="bbox 323 4823 1972 4900">
     <span class='ocr_line' id='line_1_53' title="bbox 323 4823 1972 4900; baseline 0.007 -22"><span class='ocrx_word' id='word_1_419' title='bbox 323 4829 371 4879; x_wconf 90' lang='lat' dir='ltr'><strong><em>et</em></strong></span> <span class='ocrx_word' id='word_1_420' title='bbox 398 4823 727 4896; x_wconf 88' lang='lat' dir='ltr'><strong><em>segregabat,</em></strong></span> <span class='ocrx_word' id='word_1_421' title='bbox 762 4828 949 4882; x_wconf 81' lang='lat' dir='ltr'><strong><em>limem</em></strong></span> <span class='ocrx_word' id='word_1_422' title='bbox 996 4845 1079 4883; x_wconf 92' lang='lat' dir='ltr'><strong><em>eos</em></strong></span> <span class='ocrx_word' id='word_1_423' title='bbox 1117 4831 1215 4900; x_wconf 92' lang='lat' dir='ltr'><strong><em>qui</em></strong></span> <span class='ocrx_word' id='word_1_424' title='bbox 1242 4846 1311 4884; x_wconf 74' lang='lat' dir='ltr'><strong><em>ea:</em></strong></span> <span class='ocrx_word' id='word_1_425' title='bbox 1347 4831 1753 4888; x_wconf 86' lang='lat' dir='ltr'><strong><em>circumcisione</em></strong></span> <span class='ocrx_word' id='word_1_426' title='bbox 1789 4841 1972 4890; x_wconf 90' lang='lat' dir='ltr'><strong><em>erant.</em></strong></span> 
     </span>
    </p>
   </div>
   <div class='ocr_carea' id='block_1_54' title="bbox 322 4914 1985 4987">
    <p class='ocr_par' dir='ltr' id='par_1_54' title="bbox 322 4914 1985 4987">
     <span class='ocr_line' id='line_1_54' title="bbox 322 4914 1985 4987; baseline 0.005 -18"><span class='ocrx_word' id='word_1_427' title='bbox 322 4914 388 4970; x_wconf 88' lang='lat' dir='ltr'><strong><em>Et</em></strong></span> <span class='ocrx_word' id='word_1_428' title='bbox 417 4924 792 4971; x_wconf 89' lang='lat' dir='ltr'><strong><em>consenserunt</em></strong></span> <span class='ocrx_word' id='word_1_429' title='bbox 823 4932 940 4971; x_wconf 89' lang='lat' dir='ltr'><strong><em>cum</em></strong></span> <span class='ocrx_word' id='word_1_430' title='bbox 972 4917 1069 4972; x_wconf 87' lang='lat' dir='ltr'><strong><em>illo</em></strong></span> <span class='ocrx_word' id='word_1_431' title='bbox 1096 4920 1277 4974; x_wconf 68' lang='lat' dir='ltr'><strong><em>cieteri</em></strong></span> <span class='ocrx_word' id='word_1_432' title='bbox 1308 4920 1509 4987; x_wconf 83' lang='lat' dir='ltr'><strong><em>Iudaei,</em></strong></span> <span class='ocrx_word' id='word_1_433' title='bbox 1544 4923 1621 4978; x_wconf 86' lang='lat' dir='ltr'><strong><em>ita</em></strong></span> <span class='ocrx_word' id='word_1_434' title='bbox 1649 4930 1708 4978; x_wconf 90' lang='lat' dir='ltr'><strong><em>ut</em></strong></span> <span class='ocrx_word' id='word_1_435' title='bbox 1752 4930 1801 4977; x_wconf 83' lang='lat' dir='ltr'><strong><em>et</em></strong></span> <span class='ocrx_word' id='word_1_436' title='bbox 1841 4923 1985 4978; x_wconf 91' lang='lat' dir='ltr'><strong><em>Bar-</em></strong></span> 
     </span>
    </p>
   </div>
   <div class='ocr_carea' id='block_1_55' title="bbox 327 5003 1984 5068">
    <p class='ocr_par' dir='ltr' id='par_1_55' title="bbox 327 5003 1984 5068">
     <span class='ocr_line' id='line_1_55' title="bbox 327 5003 1984 5068; baseline 0.005 -9"><span class='ocrx_word' id='word_1_437' title='bbox 327 5003 489 5059; x_wconf 87' lang='lat' dir='ltr'><strong><em>nabas</em></strong></span> <span class='ocrx_word' id='word_1_438' title='bbox 513 5004 881 5061; x_wconf 86' lang='lat' dir='ltr'><strong><em>adduceretur</em></strong></span> <span class='ocrx_word' id='word_1_439' title='bbox 907 5006 975 5061; x_wconf 92' lang='lat' dir='ltr'><strong><em>ab</em></strong></span> <span class='ocrx_word' id='word_1_440' title='bbox 1002 5007 1089 5062; x_wconf 87' lang='lat' dir='ltr'><strong><em>his</em></strong></span> <span class='ocrx_word' id='word_1_441' title='bbox 1118 5009 1175 5063; x_wconf 91' lang='lat' dir='ltr'><strong><em>in</em></strong></span> <span class='ocrx_word' id='word_1_442' title='bbox 1199 5009 1352 5064; x_wconf 86' lang='lat' dir='ltr'><strong><em>illam</em></strong></span> <span class='ocrx_word' id='word_1_443' title='bbox 1376 5010 1794 5067; x_wconf 86' lang='lat' dir='ltr'><strong><em>simulationem.</em></strong></span> <span class='ocrx_word' id='word_1_444' title='bbox 1825 5031 1852 5063; x_wconf 90' lang='grc'><strong>‹‹</strong></span> <span class='ocrx_word' id='word_1_445' title='bbox 1874 5012 1984 5068; x_wconf 88' lang='lat' dir='ltr'><strong><em>Sed</em></strong></span> 
     </span>
    </p>
   </div>
   <div class='ocr_carea' id='block_1_56' title="bbox 323 5093 1983 5173">
    <p class='ocr_par' dir='ltr' id='par_1_56' title="bbox 323 5093 1983 5173">
     <span class='ocr_line' id='line_1_56' title="bbox 323 5093 1983 5173; baseline 0.005 -25"><span class='ocrx_word' id='word_1_446' title='bbox 323 5108 446 5149; x_wconf 86' lang='lat' dir='ltr'><strong><em>cum</em></strong></span> <span class='ocrx_word' id='word_1_447' title='bbox 476 5093 743 5159; x_wconf 89' lang='lat' dir='ltr'><strong><em>vidissem,</em></strong></span> <span class='ocrx_word' id='word_1_448' title='bbox 781 5116 808 5146; x_wconf 88' lang='lat'>»</span> <span class='ocrx_word' id='word_1_449' title='bbox 840 5096 1040 5168; x_wconf 86' lang='lat' dir='ltr'><strong><em>inquit,</em></strong></span> <span class='ocrx_word' id='word_1_450' title='bbox 1068 5119 1097 5148; x_wconf 86' lang='lat'>«</span> <span class='ocrx_word' id='word_1_451' title='bbox 1126 5099 1265 5169; x_wconf 87' lang='lat' dir='ltr'><strong><em>quod</em></strong></span> <span class='ocrx_word' id='word_1_452' title='bbox 1292 5115 1398 5154; x_wconf 83' lang='lat' dir='ltr'><strong><em>non</em></strong></span> <span class='ocrx_word' id='word_1_453' title='bbox 1424 5106 1565 5155; x_wconf 91' lang='lat' dir='ltr'><strong><em>recte</em></strong></span> <span class='ocrx_word' id='word_1_454' title='bbox 1594 5100 1983 5173; x_wconf 89' lang='lat' dir='ltr'><strong><em>ingrediuntur</em></strong></span> 
     </span>
    </p>
   </div>
   <div class='ocr_carea' id='block_1_57' title="bbox 324 5181 1982 5257">
    <p class='ocr_par' dir='ltr' id='par_1_57' title="bbox 324 5181 1982 5257">
     <span class='ocr_line' id='line_1_57' title="bbox 324 5181 1982 5257; baseline 0.005 -22"><span class='ocrx_word' id='word_1_455' title='bbox 324 5181 395 5235; x_wconf 88' lang='lat' dir='ltr'><strong><em>ad</em></strong></span> <span class='ocrx_word' id='word_1_456' title='bbox 424 5183 707 5239; x_wconf 90' lang='lat' dir='ltr'><strong><em>veritatem</em></strong></span> <span class='ocrx_word' id='word_1_457' title='bbox 736 5186 1044 5257; x_wconf 87' lang='lat' dir='ltr'><strong><em>Evangelii,</em></strong></span> <span class='ocrx_word' id='word_1_458' title='bbox 1076 5188 1203 5242; x_wconf 71' lang='lat' dir='ltr'><strong><em>dixi</em></strong></span> <span class='ocrx_word' id='word_1_459' title='bbox 1225 5188 1387 5244; x_wconf 88' lang='lat' dir='ltr'><strong><em>Petro</em></strong></span> <span class='ocrx_word' id='word_1_460' title='bbox 1409 5205 1590 5244; x_wconf 89' lang='lat' dir='ltr'><strong><em>coram</em></strong></span> <span class='ocrx_word' id='word_1_461' title='bbox 1613 5190 1855 5245; x_wconf 90' lang='lat' dir='ltr'><strong><em>omnibus</em></strong></span> <span class='ocrx_word' id='word_1_462' title='bbox 1880 5213 1899 5243; x_wconf 91' lang='lat'><strong><em>.-</em></strong></span> <span class='ocrx_word' id='word_1_463' title='bbox 1921 5190 1982 5245; x_wconf 90' lang='lat' dir='ltr'><strong><em>Si</em></strong></span> 
     </span>
    </p>
   </div>
   <div class='ocr_carea' id='block_1_58' title="bbox 325 5274 1981 5348">
    <p class='ocr_par' dir='ltr' id='par_1_58' title="bbox 325 5274 1981 5348">
     <span class='ocr_line' id='line_1_58' title="bbox 325 5274 1981 5348; baseline 0.007 -25"><span class='ocrx_word' id='word_1_464' title='bbox 325 5275 403 5332; x_wconf 91' lang='lat' dir='ltr'><strong><em>tu,</em></strong></span> <span class='ocrx_word' id='word_1_465' title='bbox 456 5286 575 5327; x_wconf 89' lang='lat' dir='ltr'><strong><em>cum</em></strong></span> <span class='ocrx_word' id='word_1_466' title='bbox 603 5274 680 5328; x_wconf 89' lang='lat' dir='ltr'><strong><em>sis</em></strong></span> <span class='ocrx_word' id='word_1_467' title='bbox 708 5274 945 5341; x_wconf 88' lang='lat' dir='ltr'><strong><em>Iudaeus,</em></strong></span> <span class='ocrx_word' id='word_1_468' title='bbox 996 5276 1275 5347; x_wconf 82' lang='lat' dir='ltr'><strong><em>gentiliter</em></strong></span> <span class='ocrx_word' id='word_1_469' title='bbox 1320 5285 1370 5333; x_wconf 92' lang='lat' dir='ltr'><strong><em>et</em></strong></span> <span class='ocrx_word' id='word_1_470' title='bbox 1410 5295 1513 5333; x_wconf 90' lang='lat' dir='ltr'><strong><em>non</em></strong></span> <span class='ocrx_word' id='word_1_471' title='bbox 1540 5278 1761 5348; x_wconf 84' lang='lat' dir='ltr'><strong><em>judaice</em></strong></span> <span class='ocrx_word' id='word_1_472' title='bbox 1800 5278 1981 5344; x_wconf 83' lang='lat' dir='ltr'><strong><em>viris;</em></strong></span> 
     </span>
    </p>
   </div>
   <div class='ocr_carea' id='block_1_59' title="bbox 322 5360 1978 5439">
    <p class='ocr_par' dir='ltr' id='par_1_59' title="bbox 322 5360 1978 5439">
     <span class='ocr_line' id='line_1_59' title="bbox 322 5360 1978 5439; baseline 0.006 -26"><span class='ocrx_word' id='word_1_473' title='bbox 322 5360 574 5429; x_wconf 88' lang='lat' dir='ltr'><strong><em>quomodo</em></strong></span> <span class='ocrx_word' id='word_1_474' title='bbox 597 5362 737 5431; x_wconf 89' lang='lat' dir='ltr'><strong><em>cogis</em></strong></span> <span class='ocrx_word' id='word_1_475' title='bbox 775 5364 965 5420; x_wconf 89' lang='lat' dir='ltr'><strong><em>Gentes</em></strong></span> <span class='ocrx_word' id='word_1_476' title='bbox 984 5365 1279 5437; x_wconf 82' lang='lat' dir='ltr'><strong><em>judaizare</em></strong></span> <span class='ocrx_word' id='word_1_477' title='bbox 1302 5367 1330 5417; x_wconf 73' lang='lat'><strong><em>?</em></strong></span> <span class='ocrx_word' id='word_1_478' title='bbox 1368 5388 1396 5419; x_wconf 86' lang='lat'><strong>»</strong></span> <span class='ocrx_word' id='word_1_479' title='bbox 1428 5366 1572 5435; x_wconf 91' lang='lat' dir='ltr'><strong><em>(Gal.</em></strong></span> <span class='ocrx_word' id='word_1_480' title='bbox 1603 5383 1660 5433; x_wconf 87' lang='grc' dir='ltr'><strong><em>ιι,</em></strong></span> <span class='ocrx_word' id='word_1_481' title='bbox 1698 5370 1748 5434; x_wconf 91' lang='grc'><strong>1,</strong></span> <span class='ocrx_word' id='word_1_482' title='bbox 1780 5373 1832 5435; x_wconf 82' lang='lat'><strong><em>2,</em></strong></span> <span class='ocrx_word' id='word_1_483' title='bbox 1874 5370 1978 5439; x_wconf 79' lang='grc'><strong>14.)</strong></span> 
     </span>
    </p>
   </div>
   <div class='ocr_carea' id='block_1_60' title="bbox 323 5451 1979 5528">
    <p class='ocr_par' dir='ltr' id='par_1_60' title="bbox 323 5451 1979 5528">
     <span class='ocr_line' id='line_1_60' title="bbox 323 5451 1979 5528; baseline 0.005 -25"><span class='ocrx_word' id='word_1_484' title='bbox 323 5451 373 5503; x_wconf 89' lang='lat' dir='ltr'><strong><em>et</em></strong></span> <span class='ocrx_word' id='word_1_485' title='bbox 402 5453 611 5503; x_wconf 80' lang='lat' dir='ltr'><strong><em>caetera.</em></strong></span> <span class='ocrx_word' id='word_1_486' title='bbox 645 5451 810 5506; x_wconf 81' lang='lat' dir='ltr'><strong><em>Nulli</em></strong></span> <span class='ocrx_word' id='word_1_487' title='bbox 830 5470 954 5525; x_wconf 90' lang='lat' dir='ltr'><strong><em>ergo</em></strong></span> <span class='ocrx_word' id='word_1_488' title='bbox 982 5454 1202 5511; x_wconf 91' lang='lat' dir='ltr'><strong><em>dubium</em></strong></span> <span class='ocrx_word' id='word_1_489' title='bbox 1230 5462 1305 5511; x_wconf 92' lang='lat' dir='ltr'><strong><em>est</em></strong></span> <span class='ocrx_word' id='word_1_490' title='bbox 1333 5456 1469 5528; x_wconf 87' lang='lat' dir='ltr'><strong><em>quod</em></strong></span> <span class='ocrx_word' id='word_1_491' title='bbox 1499 5456 1687 5511; x_wconf 90' lang='lat' dir='ltr'><strong><em>Petrus</em></strong></span> <span class='ocrx_word' id='word_1_492' title='bbox 1712 5458 1979 5526; x_wconf 86' lang='lat' dir='ltr'><strong><em>apostolus</em></strong></span> 
     </span>
    </p>
   </div>
   <div class='ocr_carea' id='block_1_61' title="bbox 322 5537 1977 5627">
    <p class='ocr_par' dir='ltr' id='par_1_61' title="bbox 322 5537 1977 5627">
     <span class='ocr_line' id='line_1_61' title="bbox 322 5537 1977 5627; baseline 0.006 -34"><span class='ocrx_word' id='word_1_493' title='bbox 322 5537 603 5594; x_wconf 71' lang='lat' dir='ltr'><strong><em>sententiae</em></strong></span> <span class='ocrx_word' id='word_1_494' title='bbox 641 5539 823 5611; x_wconf 83' lang='lat' dir='ltr'><strong><em>hujus,</em></strong></span> <span class='ocrx_word' id='word_1_495' title='bbox 876 5546 1031 5621; x_wconf 87' lang='lat' dir='ltr'><strong><em>cujus</em></strong></span> <span class='ocrx_word' id='word_1_496' title='bbox 1071 5562 1211 5601; x_wconf 90' lang='lat' dir='ltr'><strong><em>nunc</em></strong></span> <span class='ocrx_word' id='word_1_497' title='bbox 1256 5546 1653 5620; x_wconf 65' lang='lat' dir='ltr'><strong><em>praevaricator</em></strong></span> <span class='ocrx_word' id='word_1_498' title='bbox 1696 5547 1977 5627; x_wconf 78' lang='lat' dir='ltr'><strong><em>arguitur,</em></strong></span> 
     </span>
    </p>
   </div>
   <div class='ocr_carea' id='block_1_62' title="bbox 1564 158 2497 236">
    <p class='ocr_par' dir='ltr' id='par_1_62' title="bbox 1564 158 2497 236">
     <span class='ocr_line' id='line_1_62' title="bbox 1564 158 2497 236; baseline -0.001 -20"><span class='ocrx_word' id='word_1_499' title='bbox 1564 223 1577 236; x_wconf 42' lang='grc' dir='ltr'><strong><em>ο</em></strong></span> <span class='ocrx_word' id='word_1_500' title='bbox 1640 159 1701 217; x_wconf 92' lang='lat' dir='ltr'><strong><em>S.</em></strong></span> <span class='ocrx_word' id='word_1_501' title='bbox 1744 159 2135 219; x_wconf 70' lang='lat' dir='ltr'><strong><em>AUGUSTlNI</em></strong></span> <span class='ocrx_word' id='word_1_502' title='bbox 2178 158 2497 217; x_wconf 85' lang='lat' dir='ltr'><strong><em>EPISCOPI</em></strong></span> 
     </span>
    </p>
   </div>
   <div class='ocr_carea' id='block_1_63' title="bbox 3648 160 3765 219">
    <p class='ocr_par' dir='ltr' id='par_1_63' title="bbox 3648 160 3765 219">
     <span class='ocr_line' id='line_1_63' title="bbox 3648 160 3765 219; baseline 0.017 -2"><span class='ocrx_word' id='word_1_503' title='bbox 3648 160 3765 219; x_wconf 74' lang='lat'><strong><em>256</em></strong></span> 
     </span>
    </p>
   </div>
   <div class='ocr_carea' id='block_1_64' title="bbox 2097 283 3762 357">
    <p class='ocr_par' dir='ltr' id='par_1_64' title="bbox 2097 283 3762 357">
     <span class='ocr_line' id='line_1_64' title="bbox 2097 283 3762 357; baseline -0.001 -17"><span class='ocrx_word' id='word_1_504' title='bbox 2097 285 2316 356; x_wconf 88' lang='lat' dir='ltr'><strong><em>primus</em></strong></span> <span class='ocrx_word' id='word_1_505' title='bbox 2339 288 2528 340; x_wconf 88' lang='lat' dir='ltr'><strong><em>auctor</em></strong></span> <span class='ocrx_word' id='word_1_506' title='bbox 2551 283 2840 340; x_wconf 70' lang='lat' dir='ltr'><strong><em>exstiterit.</em></strong></span> <span class='ocrx_word' id='word_1_507' title='bbox 2862 284 3038 342; x_wconf 85' lang='lat' dir='ltr'><strong><em>Causa</em></strong></span> <span class='ocrx_word' id='word_1_508' title='bbox 3061 290 3239 341; x_wconf 87' lang='lat' dir='ltr'><strong><em>autem</em></strong></span> <span class='ocrx_word' id='word_1_509' title='bbox 3264 283 3762 357; x_wconf 71' lang='lat' dir='ltr'><strong><em>praevaricationis,</em></strong></span> 
     </span>
    </p>
   </div>
   <div class='ocr_carea' id='block_1_65' title="bbox 2100 373 3767 447">
    <p class='ocr_par' dir='ltr' id='par_1_65' title="bbox 2100 373 3767 447">
     <span class='ocr_line' id='line_1_65' title="bbox 2100 373 3767 447; baseline -0.001 -19"><span class='ocrx_word' id='word_1_510' title='bbox 2100 377 2265 429; x_wconf 83' lang='lat' dir='ltr'><strong><em>timor</em></strong></span> <span class='ocrx_word' id='word_1_511' title='bbox 2307 382 2381 429; x_wconf 90' lang='lat' dir='ltr'><strong><em>est</em></strong></span> <span class='ocrx_word' id='word_1_512' title='bbox 2421 373 2752 429; x_wconf 88' lang='lat' dir='ltr'><strong><em>Iudaeorum.</em></strong></span> <span class='ocrx_word' id='word_1_513' title='bbox 2793 374 2941 430; x_wconf 90' lang='lat' dir='ltr'><strong><em>Dicit</em></strong></span> <span class='ocrx_word' id='word_1_514' title='bbox 2970 375 3110 430; x_wconf 90' lang='lat' dir='ltr'><strong><em>enim</em></strong></span> <span class='ocrx_word' id='word_1_515' title='bbox 3155 375 3450 447; x_wconf 85' lang='lat' dir='ltr'><strong><em>Scriptura</em></strong></span> <span class='ocrx_word' id='word_1_516' title='bbox 3481 374 3619 446; x_wconf 91' lang='lat' dir='ltr'><strong><em>quod</em></strong></span> <span class='ocrx_word' id='word_1_517' title='bbox 3640 376 3767 445; x_wconf 86' lang='lat' dir='ltr'><strong><em>pri-</em></strong></span> 
     </span>
    </p>
   </div>
   <div class='ocr_carea' id='block_1_66' title="bbox 2100 463 3763 534">
    <p class='ocr_par' dir='ltr' id='par_1_66' title="bbox 2100 463 3763 534">
     <span class='ocr_line' id='line_1_66' title="bbox 2100 463 3763 534; baseline -0.001 -16"><span class='ocrx_word' id='word_1_518' title='bbox 2100 480 2246 518; x_wconf 92' lang='lat' dir='ltr'><strong><em>mum</em></strong></span> <span class='ocrx_word' id='word_1_519' title='bbox 2265 463 2447 519; x_wconf 88' lang='lat' dir='ltr'><strong><em>edebat</em></strong></span> <span class='ocrx_word' id='word_1_520' title='bbox 2468 479 2585 517; x_wconf 89' lang='lat' dir='ltr'><strong><em>cum</em></strong></span> <span class='ocrx_word' id='word_1_521' title='bbox 2606 463 2860 520; x_wconf 87' lang='lat' dir='ltr'><strong><em>Gentibus</em></strong></span> <span class='ocrx_word' id='word_1_522' title='bbox 2879 482 2895 530; x_wconf 88' lang='lat'><strong><em>;</em></strong></span> <span class='ocrx_word' id='word_1_523' title='bbox 2917 482 3035 521; x_wconf 91' lang='lat' dir='ltr'><strong><em>cum</em></strong></span> <span class='ocrx_word' id='word_1_524' title='bbox 3060 472 3237 520; x_wconf 90' lang='lat' dir='ltr'><strong><em>autem</em></strong></span> <span class='ocrx_word' id='word_1_525' title='bbox 3254 464 3515 519; x_wconf 86' lang='lat' dir='ltr'><strong><em>venissent</em></strong></span> <span class='ocrx_word' id='word_1_526' title='bbox 3537 463 3763 534; x_wconf 89' lang='lat' dir='ltr'><strong><em>quidam</em></strong></span> 
     </span>
    </p>
   </div>
   <div class='ocr_carea' id='block_1_67' title="bbox 2100 551 3769 631">
    <p class='ocr_par' dir='ltr' id='par_1_67' title="bbox 2100 551 3769 631">
     <span class='ocr_line' id='line_1_67' title="bbox 2100 551 3769 631; baseline -0.001 -24"><span class='ocrx_word' id='word_1_527' title='bbox 2100 568 2136 607; x_wconf 91' lang='lat' dir='ltr'><strong><em>a</em></strong></span> <span class='ocrx_word' id='word_1_528' title='bbox 2157 551 2370 622; x_wconf 88' lang='lat' dir='ltr'><strong><em>Iacobo,</em></strong></span> <span class='ocrx_word' id='word_1_529' title='bbox 2395 551 2739 631; x_wconf 60' lang='lat' dir='ltr'><strong><em>subtrahebat</em></strong></span> <span class='ocrx_word' id='word_1_530' title='bbox 2757 571 2809 608; x_wconf 89' lang='lat' dir='ltr'><strong><em>se</em></strong></span> <span class='ocrx_word' id='word_1_531' title='bbox 2830 561 2883 609; x_wconf 93' lang='lat' dir='ltr'><strong><em>et</em></strong></span> <span class='ocrx_word' id='word_1_532' title='bbox 2907 553 3236 625; x_wconf 91' lang='lat' dir='ltr'><strong><em>segregabat,</em></strong></span> <span class='ocrx_word' id='word_1_533' title='bbox 3268 554 3460 609; x_wconf 89' lang='lat' dir='ltr'><strong><em>timens</em></strong></span> <span class='ocrx_word' id='word_1_534' title='bbox 3479 569 3561 607; x_wconf 92' lang='lat' dir='ltr'><strong><em>eos</em></strong></span> <span class='ocrx_word' id='word_1_535' title='bbox 3581 553 3683 623; x_wconf 90' lang='lat' dir='ltr'><strong><em>qui</em></strong></span> <span class='ocrx_word' id='word_1_536' title='bbox 3699 568 3769 606; x_wconf 80' lang='lat' dir='ltr'><strong><em>ea:</em></strong></span> 
     </span>
    </p>
   </div>
   <div class='ocr_carea' id='block_1_68' title="bbox 2101 641 3767 713">
    <p class='ocr_par' dir='ltr' id='par_1_68' title="bbox 2101 641 3767 713">
     <span class='ocr_line' id='line_1_68' title="bbox 2101 641 3767 713; baseline -0.002 -17"><span class='ocrx_word' id='word_1_537' title='bbox 2101 641 2509 697; x_wconf 84' lang='lat' dir='ltr'><strong><em>circumcisione</em></strong></span> <span class='ocrx_word' id='word_1_538' title='bbox 2524 648 2697 696; x_wconf 90' lang='lat' dir='ltr'><strong><em>erant.</em></strong></span> <span class='ocrx_word' id='word_1_539' title='bbox 2724 642 2959 697; x_wconf 90' lang='lat' dir='ltr'><strong><em>Timebat</em></strong></span> <span class='ocrx_word' id='word_1_540' title='bbox 2975 650 3149 698; x_wconf 90' lang='lat' dir='ltr'><strong><em>autem</em></strong></span> <span class='ocrx_word' id='word_1_541' title='bbox 3171 642 3382 697; x_wconf 86' lang='lat' dir='ltr'><strong><em>Iudaeos</em></strong></span> <span class='ocrx_word' id='word_1_542' title='bbox 3401 658 3625 713; x_wconf 91' lang='lat' dir='ltr'><strong><em>quorum</em></strong></span> <span class='ocrx_word' id='word_1_543' title='bbox 3643 646 3767 694; x_wconf 85' lang='lat' dir='ltr'><strong><em>erat</em></strong></span> 
     </span>
    </p>
   </div>
   <div class='ocr_carea' id='block_1_69' title="bbox 2102 729 3772 802">
    <p class='ocr_par' dir='ltr' id='par_1_69' title="bbox 2102 729 3772 802">
     <span class='ocr_line' id='line_1_69' title="bbox 2102 729 3772 802; baseline -0.001 -17"><span class='ocrx_word' id='word_1_544' title='bbox 2102 730 2387 802; x_wconf 87' lang='lat' dir='ltr'><strong><em>apostolus,</em></strong></span> <span class='ocrx_word' id='word_1_545' title='bbox 2420 747 2485 785; x_wconf 89' lang='lat' dir='ltr'><strong><em>ne</em></strong></span> <span class='ocrx_word' id='word_1_546' title='bbox 2512 747 2608 801; x_wconf 90' lang='lat' dir='ltr'><strong><em>per</em></strong></span> <span class='ocrx_word' id='word_1_547' title='bbox 2640 731 2959 786; x_wconf 87' lang='lat' dir='ltr'><strong><em>occasionem</em></strong></span> <span class='ocrx_word' id='word_1_548' title='bbox 2999 731 3293 787; x_wconf 88' lang='lat' dir='ltr'><strong><em>Gentilium</em></strong></span> <span class='ocrx_word' id='word_1_549' title='bbox 3330 748 3364 786; x_wconf 92' lang='lat' dir='ltr'><strong><em>a</em></strong></span> <span class='ocrx_word' id='word_1_550' title='bbox 3401 730 3503 802; x_wconf 87' lang='lat' dir='ltr'><strong><em>ﬁde</em></strong></span> <span class='ocrx_word' id='word_1_551' title='bbox 3548 729 3772 785; x_wconf 85' lang='lat' dir='ltr'><strong><em>Christi</em></strong></span> 
     </span>
    </p>
   </div>
   <div class='ocr_carea' id='block_1_70' title="bbox 2102 818 3766 892">
    <p class='ocr_par' dir='ltr' id='par_1_70' title="bbox 2102 818 3766 892">
     <span class='ocr_line' id='line_1_70' title="bbox 2102 818 3766 892; baseline -0.001 -18"><span class='ocrx_word' id='word_1_552' title='bbox 2102 819 2422 884; x_wconf 87' lang='lat' dir='ltr'><strong><em>recederent,</em></strong></span> <span class='ocrx_word' id='word_1_553' title='bbox 2454 826 2502 875; x_wconf 90' lang='lat' dir='ltr'><strong><em>et</em></strong></span> <span class='ocrx_word' id='word_1_554' title='bbox 2540 819 2790 874; x_wconf 90' lang='lat' dir='ltr'><strong><em>imitator</em></strong></span> <span class='ocrx_word' id='word_1_555' title='bbox 2825 821 3062 892; x_wconf 86' lang='lat' dir='ltr'><strong><em>pastoris</em></strong></span> <span class='ocrx_word' id='word_1_556' title='bbox 3092 820 3237 890; x_wconf 89' lang='lat' dir='ltr'><strong><em>boni,</em></strong></span> <span class='ocrx_word' id='word_1_557' title='bbox 3273 818 3521 891; x_wconf 88' lang='lat' dir='ltr'><strong><em>perderet</em></strong></span> <span class='ocrx_word' id='word_1_558' title='bbox 3550 835 3766 890; x_wconf 85' lang='lat' dir='ltr'><strong><em>gregem</em></strong></span> 
     </span>
    </p>
   </div>
   <div class='ocr_carea' id='block_1_71' title="bbox 2102 908 2517 964">
    <p class='ocr_par' dir='ltr' id='par_1_71' title="bbox 2102 908 2517 964">
     <span class='ocr_line' id='line_1_71' title="bbox 2102 908 2517 964; baseline 0.002 -1"><span class='ocrx_word' id='word_1_559' title='bbox 2102 908 2209 963; x_wconf 90' lang='lat' dir='ltr'><strong><em>sibi</em></strong></span> <span class='ocrx_word' id='word_1_560' title='bbox 2232 908 2517 964; x_wconf 88' lang='lat' dir='ltr'><strong><em>creditum.</em></strong></span> 
     </span>
    </p>
   </div>
   <div class='ocr_carea' id='block_1_72' title="bbox 2114 996 3766 1075">
    <p class='ocr_par' dir='ltr' id='par_1_72' title="bbox 2114 996 3766 1075">
     <span class='ocr_line' id='line_1_72' title="bbox 2114 996 3766 1075; baseline -0.002 -22"><span class='ocrx_word' id='word_1_561' title='bbox 2114 1068 2115 1075; x_wconf 12' lang='grc' dir='ltr'>γ</span> <span class='ocrx_word' id='word_1_562' title='bbox 2174 1002 2225 1053; x_wconf 87' lang='lat'><strong><em>9.</em></strong></span> <span class='ocrx_word' id='word_1_563' title='bbox 2268 998 2416 1054; x_wconf 90' lang='lat' dir='ltr'><strong><em>Sicut</em></strong></span> <span class='ocrx_word' id='word_1_564' title='bbox 2447 1015 2571 1070; x_wconf 89' lang='lat' dir='ltr'><strong><em>ergo</em></strong></span> <span class='ocrx_word' id='word_1_565' title='bbox 2601 997 2947 1063; x_wconf 88' lang='lat' dir='ltr'><strong><em>ostendimus,</em></strong></span> <span class='ocrx_word' id='word_1_566' title='bbox 2984 998 3208 1054; x_wconf 90' lang='lat' dir='ltr'><strong><em>Petrum</em></strong></span> <span class='ocrx_word' id='word_1_567' title='bbox 3239 996 3362 1053; x_wconf 89' lang='lat' dir='ltr'><strong><em>bene</em></strong></span> <span class='ocrx_word' id='word_1_568' title='bbox 3390 996 3606 1070; x_wconf 89' lang='lat' dir='ltr'><strong><em>quidem</em></strong></span> <span class='ocrx_word' id='word_1_569' title='bbox 3636 1013 3766 1050; x_wconf 81' lang='lat' dir='ltr'><strong><em>sen-</em></strong></span> 
     </span>
    </p>
   </div>
   <div class='ocr_carea' id='block_1_73' title="bbox 2101 1086 3763 1158">
    <p class='ocr_par' dir='ltr' id='par_1_73' title="bbox 2101 1086 3763 1158">
     <span class='ocr_line' id='line_1_73' title="bbox 2101 1086 3763 1158; baseline -0.001 -17"><span class='ocrx_word' id='word_1_570' title='bbox 2101 1087 2230 1142; x_wconf 91' lang='lat' dir='ltr'><strong><em>sisse</em></strong></span> <span class='ocrx_word' id='word_1_571' title='bbox 2252 1087 2314 1142; x_wconf 85' lang='lat' dir='ltr'><strong><em>de</em></strong></span> <span class='ocrx_word' id='word_1_572' title='bbox 2342 1087 2633 1143; x_wconf 90' lang='lat' dir='ltr'><strong><em>abolitione</em></strong></span> <span class='ocrx_word' id='word_1_573' title='bbox 2656 1087 2813 1158; x_wconf 90' lang='lat' dir='ltr'><strong><em>Legis</em></strong></span> <span class='ocrx_word' id='word_1_574' title='bbox 2837 1088 3106 1157; x_wconf 78' lang='lat' dir='ltr'><strong><em>Mosaicae,</em></strong></span> <span class='ocrx_word' id='word_1_575' title='bbox 3143 1088 3232 1142; x_wconf 88' lang='lat' dir='ltr'><strong><em>sed</em></strong></span> <span class='ocrx_word' id='word_1_576' title='bbox 3258 1088 3336 1143; x_wconf 90' lang='lat' dir='ltr'><strong><em>ad</em></strong></span> <span class='ocrx_word' id='word_1_577' title='bbox 3363 1086 3763 1141; x_wconf 86' lang='lat' dir='ltr'><strong><em>simulationem</em></strong></span> 
     </span>
    </p>
   </div>
   <div class='ocr_carea' id='block_1_74' title="bbox 2101 1175 3766 1247">
    <p class='ocr_par' dir='ltr' id='par_1_74' title="bbox 2101 1175 3766 1247">
     <span class='ocr_line' id='line_1_74' title="bbox 2101 1175 3766 1247; baseline -0.002 -15"><span class='ocrx_word' id='word_1_578' title='bbox 2101 1175 2443 1232; x_wconf 53' lang='lat' dir='ltr'><strong><em>observanda</em></strong></span> <span class='ocrx_word' id='word_1_579' title='bbox 2466 1178 2483 1213; x_wconf 82' lang='grc'>¹</span> <span class='ocrx_word' id='word_1_580' title='bbox 2511 1178 2624 1247; x_wconf 79' lang='lat' dir='ltr'><strong><em>ejus</em></strong></span> <span class='ocrx_word' id='word_1_581' title='bbox 2649 1178 2840 1231; x_wconf 90' lang='lat' dir='ltr'><strong><em>timore</em></strong></span> <span class='ocrx_word' id='word_1_582' title='bbox 2869 1178 3225 1247; x_wconf 88' lang='lat' dir='ltr'><strong><em>compulsum;</em></strong></span> <span class='ocrx_word' id='word_1_583' title='bbox 3256 1176 3529 1230; x_wconf 88' lang='lat' dir='ltr'><strong><em>videamus</em></strong></span> <span class='ocrx_word' id='word_1_584' title='bbox 3555 1191 3630 1229; x_wconf 91' lang='lat' dir='ltr'><strong><em>an</em></strong></span> <span class='ocrx_word' id='word_1_585' title='bbox 3652 1175 3766 1246; x_wconf 90' lang='lat' dir='ltr'><strong><em>ipse</em></strong></span> 
     </span>
    </p>
   </div>
   <div class='ocr_carea' id='block_1_75' title="bbox 2100 1264 3765 1337">
    <p class='ocr_par' dir='ltr' id='par_1_75' title="bbox 2100 1264 3765 1337">
     <span class='ocr_line' id='line_1_75' title="bbox 2100 1264 3765 1337; baseline -0.001 -18"><span class='ocrx_word' id='word_1_586' title='bbox 2100 1264 2307 1321; x_wconf 91' lang='lat' dir='ltr'><strong><em>Paulus</em></strong></span> <span class='ocrx_word' id='word_1_587' title='bbox 2332 1265 2424 1337; x_wconf 88' lang='lat' dir='ltr'><strong><em>qui</em></strong></span> <span class='ocrx_word' id='word_1_588' title='bbox 2460 1267 2638 1324; x_wconf 87' lang='lat' dir='ltr'><strong><em>alium</em></strong></span> <span class='ocrx_word' id='word_1_589' title='bbox 2665 1266 2872 1336; x_wconf 90' lang='lat' dir='ltr'><strong><em>arguit,</em></strong></span> <span class='ocrx_word' id='word_1_590' title='bbox 2901 1265 3008 1320; x_wconf 89' lang='lat' dir='ltr'><strong><em>tale</em></strong></span> <span class='ocrx_word' id='word_1_591' title='bbox 3026 1265 3158 1337; x_wconf 89' lang='lat' dir='ltr'><strong><em>quid</em></strong></span> <span class='ocrx_word' id='word_1_592' title='bbox 3176 1264 3388 1337; x_wconf 82' lang='lat' dir='ltr'><strong><em>fecerit.</em></strong></span> <span class='ocrx_word' id='word_1_593' title='bbox 3416 1264 3668 1335; x_wconf 88' lang='lat' dir='ltr'><strong><em>Legimus</em></strong></span> <span class='ocrx_word' id='word_1_594' title='bbox 3698 1264 3765 1318; x_wconf 90' lang='lat' dir='ltr'><strong><em>in</em></strong></span> 
     </span>
    </p>
   </div>
   <div class='ocr_carea' id='block_1_76' title="bbox 2100 1352 3762 1425">
    <p class='ocr_par' dir='ltr' id='par_1_76' title="bbox 2100 1352 3762 1425">
     <span class='ocr_line' id='line_1_76' title="bbox 2100 1352 3762 1425; baseline -0.001 -16"><span class='ocrx_word' id='word_1_595' title='bbox 2100 1352 2276 1409; x_wconf 88' lang='lat' dir='ltr'><strong><em>eodem</em></strong></span> <span class='ocrx_word' id='word_1_596' title='bbox 2302 1354 2439 1410; x_wconf 84' lang='lat' dir='ltr'><strong><em>libro</em></strong></span> <span class='ocrx_word' id='word_1_597' title='bbox 2452 1370 2476 1412; x_wconf 77' lang='lat'><strong><em>.&#39;</em></strong></span> <span class='ocrx_word' id='word_1_598' title='bbox 2499 1378 2524 1405; x_wconf 78' lang='grc' dir='ltr'><strong>ι(</strong></span> <span class='ocrx_word' id='word_1_599' title='bbox 2558 1354 2974 1410; x_wconf 88' lang='lat' dir='ltr'><strong><em>Perambulabat</em></strong></span> <span class='ocrx_word' id='word_1_600' title='bbox 2999 1362 3175 1410; x_wconf 90' lang='lat' dir='ltr'><strong><em>autem</em></strong></span> <span class='ocrx_word' id='word_1_601' title='bbox 3206 1354 3413 1409; x_wconf 89' lang='lat' dir='ltr'><strong><em>Paulus</em></strong></span> <span class='ocrx_word' id='word_1_602' title='bbox 3437 1353 3675 1425; x_wconf 79' lang='lat' dir='ltr'><strong><em>Syriam,</em></strong></span> <span class='ocrx_word' id='word_1_603' title='bbox 3708 1359 3762 1408; x_wconf 89' lang='lat' dir='ltr'><strong><em>et</em></strong></span> 
     </span>
    </p>
   </div>
   <div class='ocr_carea' id='block_1_77' title="bbox 2104 1442 3756 1515">
    <p class='ocr_par' dir='ltr' id='par_1_77' title="bbox 2104 1442 3756 1515">
     <span class='ocr_line' id='line_1_77' title="bbox 2104 1442 3756 1515; baseline -0.002 -15"><span class='ocrx_word' id='word_1_604' title='bbox 2104 1443 2380 1508; x_wconf 89' lang='lat' dir='ltr'><strong><em>Ciliciam,</em></strong></span> <span class='ocrx_word' id='word_1_605' title='bbox 2400 1444 2723 1515; x_wconf 88' lang='lat' dir='ltr'><strong><em>conﬁrmans</em></strong></span> <span class='ocrx_word' id='word_1_606' title='bbox 2744 1444 3012 1499; x_wconf 87' lang='lat' dir='ltr'><strong><em>Ecclesias</em></strong></span> <span class='ocrx_word' id='word_1_607' title='bbox 3032 1462 3053 1498; x_wconf 84' lang='lat'><em>:</em></span> <span class='ocrx_word' id='word_1_608' title='bbox 3072 1445 3420 1515; x_wconf 89' lang='lat' dir='ltr'><strong><em>pervenitque</em></strong></span> <span class='ocrx_word' id='word_1_609' title='bbox 3440 1442 3499 1497; x_wconf 90' lang='lat' dir='ltr'><strong><em>in</em></strong></span> <span class='ocrx_word' id='word_1_610' title='bbox 3520 1442 3756 1508; x_wconf 88' lang='lat' dir='ltr'><strong><em>Derben,</em></strong></span> 
     </span>
    </p>
   </div>
   <div class='ocr_carea' id='block_1_78' title="bbox 2100 1531 3761 1605">
    <p class='ocr_par' dir='ltr' id='par_1_78' title="bbox 2100 1531 3761 1605">
     <span class='ocr_line' id='line_1_78' title="bbox 2100 1531 3761 1605; baseline 0.001 -19"><span class='ocrx_word' id='word_1_611' title='bbox 2100 1538 2150 1587; x_wconf 91' lang='lat' dir='ltr'><strong><em>et</em></strong></span> <span class='ocrx_word' id='word_1_612' title='bbox 2170 1532 2410 1588; x_wconf 89' lang='lat' dir='ltr'><strong><em>Listram</em></strong></span> <span class='ocrx_word' id='word_1_613' title='bbox 2432 1548 2457 1599; x_wconf 83' lang='lat'><strong><em>,&#39;</em></strong></span> <span class='ocrx_word' id='word_1_614' title='bbox 2479 1539 2528 1587; x_wconf 89' lang='lat' dir='ltr'><strong><em>et</em></strong></span> <span class='ocrx_word' id='word_1_615' title='bbox 2553 1549 2660 1589; x_wconf 90' lang='lat' dir='ltr'><strong><em>ecce</em></strong></span> <span class='ocrx_word' id='word_1_616' title='bbox 2688 1532 2987 1605; x_wconf 85' lang='lat' dir='ltr'><strong><em>discipulus</em></strong></span> <span class='ocrx_word' id='word_1_617' title='bbox 3014 1532 3241 1605; x_wconf 89' lang='lat' dir='ltr'><strong><em>quidam</em></strong></span> <span class='ocrx_word' id='word_1_618' title='bbox 3269 1539 3390 1587; x_wconf 88' lang='lat' dir='ltr'><strong><em>erat</em></strong></span> <span class='ocrx_word' id='word_1_619' title='bbox 3415 1531 3513 1600; x_wconf 92' lang='lat' dir='ltr'><strong><em>ibi,</em></strong></span> <span class='ocrx_word' id='word_1_620' title='bbox 3542 1532 3761 1587; x_wconf 85' lang='lat' dir='ltr'><strong><em>nomine</em></strong></span> 
     </span>
    </p>
   </div>
   <div class='ocr_carea' id='block_1_79' title="bbox 2104 1621 3761 1693">
    <p class='ocr_par' dir='ltr' id='par_1_79' title="bbox 2104 1621 3761 1693">
     <span class='ocr_line' id='line_1_79' title="bbox 2104 1621 3761 1693; baseline -0.002 -16"><span class='ocrx_word' id='word_1_621' title='bbox 2104 1621 2423 1687; x_wconf 87' lang='lat' dir='ltr'><strong><em>Timotheus,</em></strong></span> <span class='ocrx_word' id='word_1_622' title='bbox 2455 1621 2604 1693; x_wconf 87' lang='lat' dir='ltr'><strong><em>ﬁlius</em></strong></span> <span class='ocrx_word' id='word_1_623' title='bbox 2641 1622 2893 1677; x_wconf 88' lang='lat' dir='ltr'><strong><em>mulieris</em></strong></span> <span class='ocrx_word' id='word_1_624' title='bbox 2931 1622 3106 1677; x_wconf 76' lang='lat' dir='ltr'><strong><em>viduae</em></strong></span> <span class='ocrx_word' id='word_1_625' title='bbox 3141 1621 3336 1692; x_wconf 89' lang='lat' dir='ltr'><strong><em>ﬁdelis,</em></strong></span> <span class='ocrx_word' id='word_1_626' title='bbox 3386 1628 3541 1692; x_wconf 85' lang='lat' dir='ltr'><strong><em>patre</em></strong></span> <span class='ocrx_word' id='word_1_627' title='bbox 3577 1626 3761 1675; x_wconf 87' lang='lat' dir='ltr'><strong><em>autem</em></strong></span> 
     </span>
    </p>
   </div>
   <div class='ocr_carea' id='block_1_80' title="bbox 2099 1708 3760 1782">
    <p class='ocr_par' dir='ltr' id='par_1_80' title="bbox 2099 1708 3760 1782">
     <span class='ocr_line' id='line_1_80' title="bbox 2099 1708 3760 1782; baseline -0.002 -17"><span class='ocrx_word' id='word_1_628' title='bbox 2099 1710 2315 1782; x_wconf 88' lang='lat' dir='ltr'><strong><em>gentili.</em></strong></span> <span class='ocrx_word' id='word_1_629' title='bbox 2357 1709 2497 1767; x_wconf 85' lang='lat' dir='ltr'><strong><em>Huic</em></strong></span> <span class='ocrx_word' id='word_1_630' title='bbox 2527 1711 2889 1766; x_wconf 90' lang='lat' dir='ltr'><strong><em>testimonium</em></strong></span> <span class='ocrx_word' id='word_1_631' title='bbox 2914 1710 3203 1766; x_wconf 88' lang='lat' dir='ltr'><strong><em>reddebant</em></strong></span> <span class='ocrx_word' id='word_1_632' title='bbox 3234 1710 3326 1781; x_wconf 91' lang='lat' dir='ltr'><strong><em>qai</em></strong></span> <span class='ocrx_word' id='word_1_633' title='bbox 3355 1708 3558 1764; x_wconf 84' lang='lat' dir='ltr'><strong><em>Listris</em></strong></span> <span class='ocrx_word' id='word_1_634' title='bbox 3595 1716 3760 1763; x_wconf 88' lang='lat' dir='ltr'><strong><em>erant</em></strong></span> 
     </span>
    </p>
   </div>
   <div class='ocr_carea' id='block_1_81' title="bbox 2101 1798 3764 1872">
    <p class='ocr_par' dir='ltr' id='par_1_81' title="bbox 2101 1798 3764 1872">
     <span class='ocr_line' id='line_1_81' title="bbox 2101 1798 3764 1872; baseline -0.001 -18"><span class='ocrx_word' id='word_1_635' title='bbox 2101 1806 2151 1854; x_wconf 91' lang='lat' dir='ltr'><strong><em>et</em></strong></span> <span class='ocrx_word' id='word_1_636' title='bbox 2180 1799 2359 1854; x_wconf 89' lang='lat' dir='ltr'><strong><em>Iconio</em></strong></span> <span class='ocrx_word' id='word_1_637' title='bbox 2384 1800 2608 1872; x_wconf 77' lang='lat' dir='ltr'><strong><em>fratres.</em></strong></span> <span class='ocrx_word' id='word_1_638' title='bbox 2641 1800 2798 1855; x_wconf 86' lang='lat' dir='ltr'><strong><em>Hunc</em></strong></span> <span class='ocrx_word' id='word_1_639' title='bbox 2828 1800 2996 1855; x_wconf 90' lang='lat' dir='ltr'><strong><em>voluit</em></strong></span> <span class='ocrx_word' id='word_1_640' title='bbox 3019 1799 3224 1855; x_wconf 88' lang='lat' dir='ltr'><strong><em>Paulus</em></strong></span> <span class='ocrx_word' id='word_1_641' title='bbox 3249 1816 3420 1854; x_wconf 89' lang='lat' dir='ltr'><strong><em>secum</em></strong></span> <span class='ocrx_word' id='word_1_642' title='bbox 3442 1798 3718 1869; x_wconf 81' lang='lat' dir='ltr'><strong><em>proﬁcisci</em></strong></span> <span class='ocrx_word' id='word_1_643' title='bbox 3737 1814 3764 1864; x_wconf 84' lang='lat'><strong><em>,&#39;</em></strong></span> 
     </span>
    </p>
   </div>
   <div class='ocr_carea' id='block_1_82' title="bbox 2101 1887 3761 1959">
    <p class='ocr_par' dir='ltr' id='par_1_82' title="bbox 2101 1887 3761 1959">
     <span class='ocr_line' id='line_1_82' title="bbox 2101 1887 3761 1959; baseline -0.002 -16"><span class='ocrx_word' id='word_1_644' title='bbox 2101 1895 2151 1943; x_wconf 91' lang='lat' dir='ltr'><strong><em>et</em></strong></span> <span class='ocrx_word' id='word_1_645' title='bbox 2178 1904 2453 1943; x_wconf 86' lang='lat' dir='ltr'><strong><em>assumens</em></strong></span> <span class='ocrx_word' id='word_1_646' title='bbox 2480 1888 2820 1943; x_wconf 85' lang='lat' dir='ltr'><strong><em>circumcidit</em></strong></span> <span class='ocrx_word' id='word_1_647' title='bbox 2850 1905 2966 1943; x_wconf 90' lang='lat' dir='ltr'><strong><em>eum</em></strong></span> <span class='ocrx_word' id='word_1_648' title='bbox 2992 1896 3214 1959; x_wconf 90' lang='lat' dir='ltr'><strong><em>propter</em></strong></span> <span class='ocrx_word' id='word_1_649' title='bbox 3242 1887 3451 1943; x_wconf 72' lang='lat' dir='ltr'><strong><em>Iudteos</em></strong></span> <span class='ocrx_word' id='word_1_650' title='bbox 3473 1887 3568 1958; x_wconf 90' lang='lat' dir='ltr'><strong><em>qui</em></strong></span> <span class='ocrx_word' id='word_1_651' title='bbox 3597 1892 3761 1941; x_wconf 88' lang='lat' dir='ltr'><strong><em>erant</em></strong></span> 
     </span>
    </p>
   </div>
   <div class='ocr_carea' id='block_1_83' title="bbox 2103 1976 3765 2048">
    <p class='ocr_par' dir='ltr' id='par_1_83' title="bbox 2103 1976 3765 2048">
     <span class='ocr_line' id='line_1_83' title="bbox 2103 1976 3765 2048; baseline -0.001 -17"><span class='ocrx_word' id='word_1_652' title='bbox 2103 1977 2163 2031; x_wconf 90' lang='lat' dir='ltr'><strong><em>in</em></strong></span> <span class='ocrx_word' id='word_1_653' title='bbox 2189 1977 2304 2031; x_wconf 90' lang='lat' dir='ltr'><strong><em>illis</em></strong></span> <span class='ocrx_word' id='word_1_654' title='bbox 2334 1977 2461 2032; x_wconf 90' lang='lat' dir='ltr'><strong><em>locis</em></strong></span> <span class='ocrx_word' id='word_1_655' title='bbox 2483 1995 2499 2031; x_wconf 90' lang='lat'><strong><em>:</em></strong></span> <span class='ocrx_word' id='word_1_656' title='bbox 2529 1977 2763 2032; x_wconf 89' lang='lat' dir='ltr'><strong><em>sciebant</em></strong></span> <span class='ocrx_word' id='word_1_657' title='bbox 2789 1978 2931 2032; x_wconf 90' lang='lat' dir='ltr'><strong><em>enim</em></strong></span> <span class='ocrx_word' id='word_1_658' title='bbox 2950 1994 3129 2032; x_wconf 91' lang='lat' dir='ltr'><strong><em>omnes</em></strong></span> <span class='ocrx_word' id='word_1_659' title='bbox 3149 1976 3286 2048; x_wconf 91' lang='lat' dir='ltr'><strong><em>quod</em></strong></span> <span class='ocrx_word' id='word_1_660' title='bbox 3306 1984 3463 2047; x_wconf 90' lang='lat' dir='ltr'><strong><em>pater</em></strong></span> <span class='ocrx_word' id='word_1_661' title='bbox 3487 1977 3607 2047; x_wconf 85' lang='lat' dir='ltr'><strong><em>ejus</em></strong></span> <span class='ocrx_word' id='word_1_662' title='bbox 3630 1993 3765 2047; x_wconf 83' lang='lat' dir='ltr'><strong><em>gen-</em></strong></span> 
     </span>
    </p>
   </div>
   <div class='ocr_carea' id='block_1_84' title="bbox 2104 2064 3765 2139">
    <p class='ocr_par' dir='ltr' id='par_1_84' title="bbox 2104 2064 3765 2139">
     <span class='ocr_line' id='line_1_84' title="bbox 2104 2064 3765 2139; baseline 0 -19"><span class='ocrx_word' id='word_1_663' title='bbox 2104 2066 2221 2121; x_wconf 90' lang='lat' dir='ltr'><strong><em>tilis</em></strong></span> <span class='ocrx_word' id='word_1_664' title='bbox 2246 2073 2372 2120; x_wconf 89' lang='lat' dir='ltr'><strong><em>esset</em></strong></span> <span class='ocrx_word' id='word_1_665' title='bbox 2404 2087 2430 2118; x_wconf 87' lang='lat'><strong>»</strong></span> <span class='ocrx_word' id='word_1_666' title='bbox 2462 2066 2607 2139; x_wconf 78' lang='lat' dir='ltr'><strong><em>(Act.</em></strong></span> <span class='ocrx_word' id='word_1_667' title='bbox 2641 2083 2739 2132; x_wconf 85' lang='lat' dir='ltr'><strong><em>xv,</em></strong></span> <span class='ocrx_word' id='word_1_668' title='bbox 2771 2067 2860 2133; x_wconf 82' lang='grc'><strong><em>41,</em></strong></span> <span class='ocrx_word' id='word_1_669' title='bbox 2891 2074 2939 2120; x_wconf 89' lang='lat' dir='ltr'><strong><em>et</em></strong></span> <span class='ocrx_word' id='word_1_670' title='bbox 2969 2082 3086 2133; x_wconf 73' lang='lat' dir='ltr'><strong><em>xva,</em></strong></span> <span class='ocrx_word' id='word_1_671' title='bbox 3121 2067 3251 2134; x_wconf 86' lang='grc'><strong>1-3).</strong></span> <span class='ocrx_word' id='word_1_672' title='bbox 3283 2065 3326 2121; x_wconf 90' lang='lat'><em>0</em></span> <span class='ocrx_word' id='word_1_673' title='bbox 3355 2064 3499 2119; x_wconf 88' lang='lat' dir='ltr'><strong><em>beate</em></strong></span> <span class='ocrx_word' id='word_1_674' title='bbox 3528 2064 3765 2135; x_wconf 91' lang='lat' dir='ltr'><strong><em>apostole</em></strong></span> 
     </span>
    </p>
   </div>
   <div class='ocr_carea' id='block_1_85' title="bbox 2103 2154 3767 2226">
    <p class='ocr_par' dir='ltr' id='par_1_85' title="bbox 2103 2154 3767 2226">
     <span class='ocr_line' id='line_1_85' title="bbox 2103 2154 3767 2226; baseline -0.002 -15"><span class='ocrx_word' id='word_1_675' title='bbox 2103 2155 2293 2219; x_wconf 88' lang='lat' dir='ltr'><strong><em>Paule,</em></strong></span> <span class='ocrx_word' id='word_1_676' title='bbox 2331 2155 2507 2226; x_wconf 89' lang='lat' dir='ltr'><strong><em>quiin</em></strong></span> <span class='ocrx_word' id='word_1_677' title='bbox 2546 2155 2708 2211; x_wconf 87' lang='lat' dir='ltr'><strong><em>Petro</em></strong></span> <span class='ocrx_word' id='word_1_678' title='bbox 2736 2155 3155 2226; x_wconf 85' lang='lat' dir='ltr'><strong><em>reprehenderes</em></strong></span> <span class='ocrx_word' id='word_1_679' title='bbox 3199 2154 3612 2217; x_wconf 88' lang='lat' dir='ltr'><strong><em>simulationem,</em></strong></span> <span class='ocrx_word' id='word_1_680' title='bbox 3654 2170 3767 2225; x_wconf 88' lang='lat' dir='ltr'><strong><em>qua</em></strong></span> 
     </span>
    </p>
   </div>
   <div class='ocr_carea' id='block_1_86' title="bbox 2103 2243 3768 2315">
    <p class='ocr_par' dir='ltr' id='par_1_86' title="bbox 2103 2243 3768 2315">
     <span class='ocr_line' id='line_1_86' title="bbox 2103 2243 3768 2315; baseline -0.001 -16"><span class='ocrx_word' id='word_1_681' title='bbox 2103 2244 2379 2300; x_wconf 74' lang='lat' dir='ltr'><strong><em>subtraxit</em></strong></span> <span class='ocrx_word' id='word_1_682' title='bbox 2397 2261 2449 2299; x_wconf 90' lang='lat' dir='ltr'><strong><em>se</em></strong></span> <span class='ocrx_word' id='word_1_683' title='bbox 2473 2262 2505 2299; x_wconf 91' lang='lat' dir='ltr'><strong><em>a</em></strong></span> <span class='ocrx_word' id='word_1_684' title='bbox 2538 2244 2844 2300; x_wconf 88' lang='lat' dir='ltr'><strong><em>Gentilibus</em></strong></span> <span class='ocrx_word' id='word_1_685' title='bbox 2870 2252 3093 2315; x_wconf 86' lang='lat' dir='ltr'><strong><em>propter</em></strong></span> <span class='ocrx_word' id='word_1_686' title='bbox 3118 2250 3314 2299; x_wconf 92' lang='lat' dir='ltr'><strong><em>metum</em></strong></span> <span class='ocrx_word' id='word_1_687' title='bbox 3340 2243 3649 2299; x_wconf 78' lang='lat' dir='ltr'><strong><em>Iudaeorum</em></strong></span> <span class='ocrx_word' id='word_1_688' title='bbox 3664 2243 3768 2315; x_wconf 91' lang='lat' dir='ltr'><strong><em>qui</em></strong></span> 
     </span>
    </p>
   </div>
   <div class='ocr_carea' id='block_1_87' title="bbox 2105 2332 3768 2403">
    <p class='ocr_par' dir='ltr' id='par_1_87' title="bbox 2105 2332 3768 2403">
     <span class='ocr_line' id='line_1_87' title="bbox 2105 2332 3768 2403; baseline -0.001 -14"><span class='ocrx_word' id='word_1_689' title='bbox 2105 2352 2138 2389; x_wconf 91' lang='lat' dir='ltr'><strong><em>a</em></strong></span> <span class='ocrx_word' id='word_1_690' title='bbox 2172 2334 2365 2389; x_wconf 86' lang='lat' dir='ltr'><strong><em>Iacobo</em></strong></span> <span class='ocrx_word' id='word_1_691' title='bbox 2406 2341 2699 2399; x_wconf 88' lang='lat' dir='ltr'><strong><em>venerant;</em></strong></span> <span class='ocrx_word' id='word_1_692' title='bbox 2748 2351 2848 2389; x_wconf 89' lang='lat' dir='ltr'><strong><em>cur</em></strong></span> <span class='ocrx_word' id='word_1_693' title='bbox 2907 2333 3257 2396; x_wconf 86' lang='lat' dir='ltr'><strong><em>Timotheum,</em></strong></span> <span class='ocrx_word' id='word_1_694' title='bbox 3311 2332 3487 2403; x_wconf 88' lang='lat' dir='ltr'><strong><em>ﬁlium</em></strong></span> <span class='ocrx_word' id='word_1_695' title='bbox 3529 2332 3768 2387; x_wconf 87' lang='lat' dir='ltr'><strong><em>hominis</em></strong></span> 
     </span>
    </p>
   </div>
   <div class='ocr_carea' id='block_1_88' title="bbox 2104 2421 3766 2495">
    <p class='ocr_par' dir='ltr' id='par_1_88' title="bbox 2104 2421 3766 2495">
     <span class='ocr_line' id='line_1_88' title="bbox 2104 2421 3766 2495; baseline -0.002 -17"><span class='ocrx_word' id='word_1_696' title='bbox 2104 2423 2344 2495; x_wconf 86' lang='lat' dir='ltr'><strong><em>gentilis,</em></strong></span> <span class='ocrx_word' id='word_1_697' title='bbox 2378 2424 2562 2495; x_wconf 88' lang='lat' dir='ltr'><strong><em>utique</em></strong></span> <span class='ocrx_word' id='word_1_698' title='bbox 2590 2430 2638 2477; x_wconf 89' lang='lat' dir='ltr'><strong><em>et</em></strong></span> <span class='ocrx_word' id='word_1_699' title='bbox 2670 2425 2845 2492; x_wconf 80' lang='lat' dir='ltr'><strong><em>ipsum</em></strong></span> <span class='ocrx_word' id='word_1_700' title='bbox 2872 2422 3123 2494; x_wconf 88' lang='lat' dir='ltr'><strong><em>gentilem</em></strong></span> <span class='ocrx_word' id='word_1_701' title='bbox 3154 2422 3339 2494; x_wconf 89' lang='lat' dir='ltr'><strong><em>(neque</em></strong></span> <span class='ocrx_word' id='word_1_702' title='bbox 3368 2423 3512 2476; x_wconf 90' lang='lat' dir='ltr'><strong><em>enim</em></strong></span> <span class='ocrx_word' id='word_1_703' title='bbox 3540 2421 3766 2476; x_wconf 84' lang='lat' dir='ltr'><strong><em>Iudaeus</em></strong></span> 
     </span>
    </p>
   </div>
   <div class='ocr_carea' id='block_1_89' title="bbox 2104 2511 3766 2585">
    <p class='ocr_par' dir='ltr' id='par_1_89' title="bbox 2104 2511 3766 2585">
     <span class='ocr_line' id='line_1_89' title="bbox 2104 2511 3766 2585; baseline -0.001 -19"><span class='ocrx_word' id='word_1_704' title='bbox 2104 2519 2243 2578; x_wconf 88' lang='lat' dir='ltr'><strong><em>erat,</em></strong></span> <span class='ocrx_word' id='word_1_705' title='bbox 2282 2513 2375 2585; x_wconf 89' lang='lat' dir='ltr'><strong><em>qui</em></strong></span> <span class='ocrx_word' id='word_1_706' title='bbox 2412 2529 2515 2568; x_wconf 92' lang='lat' dir='ltr'><strong><em>non</em></strong></span> <span class='ocrx_word' id='word_1_707' title='bbox 2550 2512 2733 2583; x_wconf 78' lang='lat' dir='ltr'><strong><em>fuerat</em></strong></span> <span class='ocrx_word' id='word_1_708' title='bbox 2771 2512 3161 2581; x_wconf 89' lang='lat' dir='ltr'><strong><em>circumcisus),</em></strong></span> <span class='ocrx_word' id='word_1_709' title='bbox 3209 2518 3400 2567; x_wconf 90' lang='lat' dir='ltr'><strong><em>contra</em></strong></span> <span class='ocrx_word' id='word_1_710' title='bbox 3443 2511 3766 2565; x_wconf 88' lang='lat' dir='ltr'><strong><em>sententiam</em></strong></span> 
     </span>
    </p>
   </div>
   <div class='ocr_carea' id='block_1_90' title="bbox 2107 2601 3769 2673">
    <p class='ocr_par' dir='ltr' id='par_1_90' title="bbox 2107 2601 3769 2673">
     <span class='ocr_line' id='line_1_90' title="bbox 2107 2601 3769 2673; baseline -0.002 -16"><span class='ocrx_word' id='word_1_711' title='bbox 2107 2610 2254 2659; x_wconf 90' lang='lat' dir='ltr'><strong><em>tuam</em></strong></span> <span class='ocrx_word' id='word_1_712' title='bbox 2272 2603 2656 2657; x_wconf 87' lang='lat' dir='ltr'><strong><em>circumcidere</em></strong></span> <span class='ocrx_word' id='word_1_713' title='bbox 2676 2602 2875 2673; x_wconf 87' lang='lat' dir='ltr'><strong><em>cogeris</em></strong></span> <span class='ocrx_word' id='word_1_714' title='bbox 2893 2603 2921 2655; x_wconf 76' lang='lat'><strong><em>?</em></strong></span> <span class='ocrx_word' id='word_1_715' title='bbox 2942 2601 3297 2673; x_wconf 88' lang='lat' dir='ltr'><strong><em>Respondebis</em></strong></span> <span class='ocrx_word' id='word_1_716' title='bbox 3318 2601 3458 2655; x_wconf 89' lang='lat' dir='ltr'><strong><em>mihi</em></strong></span> <span class='ocrx_word' id='word_1_717' title='bbox 3487 2616 3501 2654; x_wconf 92' lang='lat'><strong>:</strong></span> <span class='ocrx_word' id='word_1_718' title='bbox 3531 2601 3769 2671; x_wconf 88' lang='lat' dir='ltr'><strong><em>Propter</em></strong></span> 
     </span>
    </p>
   </div>
   <div class='ocr_carea' id='block_1_91' title="bbox 2101 2690 3767 2765">
    <p class='ocr_par' dir='ltr' id='par_1_91' title="bbox 2101 2690 3767 2765">
     <span class='ocr_line' id='line_1_91' title="bbox 2101 2690 3767 2765; baseline -0.002 -16"><span class='ocrx_word' id='word_1_719' title='bbox 2101 2693 2315 2749; x_wconf 81' lang='lat' dir='ltr'><strong><em>Iudaeos</em></strong></span> <span class='ocrx_word' id='word_1_720' title='bbox 2342 2694 2611 2765; x_wconf 88' lang='lat' dir='ltr'><strong><em>quierant</em></strong></span> <span class='ocrx_word' id='word_1_721' title='bbox 2642 2692 2703 2745; x_wconf 90' lang='lat' dir='ltr'><strong><em>in</em></strong></span> <span class='ocrx_word' id='word_1_722' title='bbox 2728 2691 2847 2746; x_wconf 88' lang='lat' dir='ltr'><strong><em>illis</em></strong></span> <span class='ocrx_word' id='word_1_723' title='bbox 2874 2691 3020 2746; x_wconf 90' lang='lat' dir='ltr'><strong><em>locis.</em></strong></span> <span class='ocrx_word' id='word_1_724' title='bbox 3054 2691 3165 2757; x_wconf 84' lang='lat' dir='ltr'><strong><em>Qui</em></strong></span> <span class='ocrx_word' id='word_1_725' title='bbox 3193 2691 3368 2762; x_wconf 89' lang='lat' dir='ltr'><strong><em>igitur</em></strong></span> <span class='ocrx_word' id='word_1_726' title='bbox 3399 2690 3504 2745; x_wconf 89' lang='lat' dir='ltr'><strong><em>tibi</em></strong></span> <span class='ocrx_word' id='word_1_727' title='bbox 3534 2690 3767 2759; x_wconf 85' lang='lat' dir='ltr'><strong><em>ignoscis</em></strong></span> 
     </span>
    </p>
   </div>
   <div class='ocr_carea' id='block_1_92' title="bbox 2104 2779 3767 2852">
    <p class='ocr_par' dir='ltr' id='par_1_92' title="bbox 2104 2779 3767 2852">
     <span class='ocr_line' id='line_1_92' title="bbox 2104 2779 3767 2852; baseline -0.001 -16"><span class='ocrx_word' id='word_1_728' title='bbox 2104 2783 2165 2837; x_wconf 86' lang='lat' dir='ltr'><strong><em>in</em></strong></span> <span class='ocrx_word' id='word_1_729' title='bbox 2187 2782 2592 2838; x_wconf 82' lang='lat' dir='ltr'><strong><em>circumcisione</em></strong></span> <span class='ocrx_word' id='word_1_730' title='bbox 2612 2780 2873 2852; x_wconf 86' lang='lat' dir='ltr'><strong><em>discipuli</em></strong></span> <span class='ocrx_word' id='word_1_731' title='bbox 2894 2781 3154 2836; x_wconf 87' lang='lat' dir='ltr'><strong><em>venientis</em></strong></span> <span class='ocrx_word' id='word_1_732' title='bbox 3168 2798 3236 2835; x_wconf 72' lang='lat' dir='ltr'><strong><em>ex</em></strong></span> <span class='ocrx_word' id='word_1_733' title='bbox 3258 2779 3531 2843; x_wconf 86' lang='lat' dir='ltr'><strong><em>Gentibus,</em></strong></span> <span class='ocrx_word' id='word_1_734' title='bbox 3558 2780 3767 2851; x_wconf 85' lang='lat' dir='ltr'><strong><em>ignosce</em></strong></span> 
     </span>
    </p>
   </div>
   <div class='ocr_carea' id='block_1_93' title="bbox 2100 2868 3767 2942">
    <p class='ocr_par' dir='ltr' id='par_1_93' title="bbox 2100 2868 3767 2942">
     <span class='ocr_line' id='line_1_93' title="bbox 2100 2868 3767 2942; baseline -0.001 -16"><span class='ocrx_word' id='word_1_735' title='bbox 2100 2880 2150 2927; x_wconf 93' lang='lat' dir='ltr'><strong><em>et</em></strong></span> <span class='ocrx_word' id='word_1_736' title='bbox 2204 2872 2387 2936; x_wconf 90' lang='lat' dir='ltr'><strong><em>Petro,</em></strong></span> <span class='ocrx_word' id='word_1_737' title='bbox 2434 2871 2748 2942; x_wconf 84' lang='lat' dir='ltr'><strong><em>praecessori</em></strong></span> <span class='ocrx_word' id='word_1_738' title='bbox 2786 2878 2892 2937; x_wconf 90' lang='lat' dir='ltr'><strong><em>tuo,</em></strong></span> <span class='ocrx_word' id='word_1_739' title='bbox 2945 2868 3081 2940; x_wconf 88' lang='lat' dir='ltr'><strong><em>quod</em></strong></span> <span class='ocrx_word' id='word_1_740' title='bbox 3132 2869 3324 2940; x_wconf 90' lang='lat' dir='ltr'><strong><em>aliqua</em></strong></span> <span class='ocrx_word' id='word_1_741' title='bbox 3376 2868 3567 2939; x_wconf 77' lang='lat' dir='ltr'><strong><em>fecerit</em></strong></span> <span class='ocrx_word' id='word_1_742' title='bbox 3618 2875 3767 2924; x_wconf 88' lang='lat' dir='ltr'><strong><em>metu</em></strong></span> 
     </span>
    </p>
   </div>
   <div class='ocr_carea' id='block_1_94' title="bbox 2099 2957 3764 3031">
    <p class='ocr_par' dir='ltr' id='par_1_94' title="bbox 2099 2957 3764 3031">
     <span class='ocr_line' id='line_1_94' title="bbox 2099 2957 3764 3031; baseline -0.002 -16"><span class='ocrx_word' id='word_1_743' title='bbox 2099 2960 2340 3031; x_wconf 85' lang='lat' dir='ltr'><strong><em>ﬁdelium</em></strong></span> <span class='ocrx_word' id='word_1_744' title='bbox 2369 2958 2704 3015; x_wconf 66' lang='lat' dir='ltr'><strong><em>Iudaeorum.</em></strong></span> <span class='ocrx_word' id='word_1_745' title='bbox 2752 2958 2985 3014; x_wconf 86' lang='lat' dir='ltr'><strong><em>Rursum</em></strong></span> <span class='ocrx_word' id='word_1_746' title='bbox 3021 2958 3283 3029; x_wconf 88' lang='lat' dir='ltr'><strong><em>scriptum</em></strong></span> <span class='ocrx_word' id='word_1_747' title='bbox 3318 2964 3397 3013; x_wconf 90' lang='lat' dir='ltr'><strong><em>est</em></strong></span> <span class='ocrx_word' id='word_1_748' title='bbox 3430 2974 3445 3011; x_wconf 94' lang='lat'><em>:</em></span> <span class='ocrx_word' id='word_1_749' title='bbox 3485 2978 3505 3006; x_wconf 76' lang='grc' dir='ltr'>ι</span> <span class='ocrx_word' id='word_1_750' title='bbox 3551 2957 3764 3012; x_wconf 88' lang='lat' dir='ltr'><strong><em>Paulus</em></strong></span> 
     </span>
    </p>
   </div>
   <div class='ocr_carea' id='block_1_95' title="bbox 2098 3046 3765 3114">
    <p class='ocr_par' dir='ltr' id='par_1_95' title="bbox 2098 3046 3765 3114">
     <span class='ocr_line' id='line_1_95' title="bbox 2098 3046 3765 3114; baseline -0.002 -10"><span class='ocrx_word' id='word_1_751' title='bbox 2098 3067 2223 3105; x_wconf 88' lang='lat' dir='ltr'><strong><em>vero</em></strong></span> <span class='ocrx_word' id='word_1_752' title='bbox 2268 3066 2387 3105; x_wconf 90' lang='lat' dir='ltr'><strong><em>cum</em></strong></span> <span class='ocrx_word' id='word_1_753' title='bbox 2433 3048 2607 3103; x_wconf 88' lang='lat' dir='ltr'><strong><em>adhuc</em></strong></span> <span class='ocrx_word' id='word_1_754' title='bbox 2653 3048 2996 3103; x_wconf 89' lang='lat' dir='ltr'><strong><em>sustinuisset</em></strong></span> <span class='ocrx_word' id='word_1_755' title='bbox 3044 3046 3158 3101; x_wconf 89' lang='lat' dir='ltr'><strong><em>dies</em></strong></span> <span class='ocrx_word' id='word_1_756' title='bbox 3199 3046 3416 3111; x_wconf 90' lang='lat' dir='ltr'><strong><em>multos,</em></strong></span> <span class='ocrx_word' id='word_1_757' title='bbox 3467 3046 3765 3114; x_wconf 89' lang='lat' dir='ltr'><strong><em>fratribus</em></strong></span> 
     </span>
    </p>
   </div>
   <div class='ocr_carea' id='block_1_96' title="bbox 2097 3134 3762 3208">
    <p class='ocr_par' dir='ltr' id='par_1_96' title="bbox 2097 3134 3762 3208">
     <span class='ocr_line' id='line_1_96' title="bbox 2097 3134 3762 3208; baseline -0.003 -15"><span class='ocrx_word' id='word_1_758' title='bbox 2097 3138 2418 3204; x_wconf 89' lang='lat' dir='ltr'><strong><em>valedicens,</em></strong></span> <span class='ocrx_word' id='word_1_759' title='bbox 2450 3137 2727 3208; x_wconf 86' lang='lat' dir='ltr'><strong><em>navigavit</em></strong></span> <span class='ocrx_word' id='word_1_760' title='bbox 2766 3136 3002 3207; x_wconf 89' lang='lat' dir='ltr'><strong><em>Syriam,</em></strong></span> <span class='ocrx_word' id='word_1_761' title='bbox 3052 3143 3099 3190; x_wconf 90' lang='lat' dir='ltr'><strong><em>et</em></strong></span> <span class='ocrx_word' id='word_1_762' title='bbox 3141 3151 3267 3190; x_wconf 88' lang='lat' dir='ltr'><strong><em>cum</em></strong></span> <span class='ocrx_word' id='word_1_763' title='bbox 3307 3151 3366 3190; x_wconf 90' lang='lat' dir='ltr'><strong><em>eo</em></strong></span> <span class='ocrx_word' id='word_1_764' title='bbox 3408 3134 3670 3189; x_wconf 89' lang='lat' dir='ltr'><strong><em>Priscilla</em></strong></span> <span class='ocrx_word' id='word_1_765' title='bbox 3706 3140 3762 3188; x_wconf 91' lang='lat' dir='ltr'><strong><em>et</em></strong></span> 
     </span>
    </p>
   </div>
   <div class='ocr_carea' id='block_1_97' title="bbox 2096 3224 3759 3300">
    <p class='ocr_par' dir='ltr' id='par_1_97' title="bbox 2096 3224 3759 3300">
     <span class='ocr_line' id='line_1_97' title="bbox 2096 3224 3759 3300; baseline -0.004 -17"><span class='ocrx_word' id='word_1_766' title='bbox 2096 3227 2298 3300; x_wconf 82' lang='lat' dir='ltr'><strong><em>Aquila</em></strong></span> <span class='ocrx_word' id='word_1_767' title='bbox 2329 3246 2348 3283; x_wconf 87' lang='lat'><strong><em>:</em></strong></span> <span class='ocrx_word' id='word_1_768' title='bbox 2379 3234 2427 3282; x_wconf 88' lang='lat' dir='ltr'><strong><em>et</em></strong></span> <span class='ocrx_word' id='word_1_769' title='bbox 2468 3225 2700 3281; x_wconf 88' lang='lat' dir='ltr'><strong><em>totondit</em></strong></span> <span class='ocrx_word' id='word_1_770' title='bbox 2735 3225 2845 3280; x_wconf 90' lang='lat' dir='ltr'><strong><em>sibi</em></strong></span> <span class='ocrx_word' id='word_1_771' title='bbox 2882 3226 2942 3279; x_wconf 91' lang='lat' dir='ltr'><strong><em>in</em></strong></span> <span class='ocrx_word' id='word_1_772' title='bbox 2995 3224 3281 3281; x_wconf 88' lang='lat' dir='ltr'><strong><em>Cenchreis</em></strong></span> <span class='ocrx_word' id='word_1_773' title='bbox 3322 3229 3531 3295; x_wconf 79' lang='lat' dir='ltr'><strong><em>caput;</em></strong></span> <span class='ocrx_word' id='word_1_774' title='bbox 3574 3229 3759 3278; x_wconf 85' lang='lat' dir='ltr'><strong><em>votum</em></strong></span> 
     </span>
    </p>
   </div>
   <div class='ocr_carea' id='block_1_98' title="bbox 2094 3312 3757 3387">
    <p class='ocr_par' dir='ltr' id='par_1_98' title="bbox 2094 3312 3757 3387">
     <span class='ocr_line' id='line_1_98' title="bbox 2094 3312 3757 3387; baseline -0.002 -16"><span class='ocrx_word' id='word_1_775' title='bbox 2094 3318 2240 3371; x_wconf 90' lang='lat' dir='ltr'><strong><em>enim</em></strong></span> <span class='ocrx_word' id='word_1_776' title='bbox 2270 3315 2531 3372; x_wconf 90' lang='lat' dir='ltr'><strong><em>habuerat</em></strong></span> <span class='ocrx_word' id='word_1_777' title='bbox 2561 3335 2591 3367; x_wconf 85' lang='lat'><strong>»</strong></span> <span class='ocrx_word' id='word_1_778' title='bbox 2627 3314 2803 3387; x_wconf 86' lang='lat' dir='ltr'><strong><em>(Ibid.</em></strong></span> <span class='ocrx_word' id='word_1_779' title='bbox 2837 3330 3000 3378; x_wconf 80' lang='lat' dir='ltr'><strong><em>xvm,</em></strong></span> <span class='ocrx_word' id='word_1_780' title='bbox 3039 3316 3147 3381; x_wconf 91' lang='grc'><strong>18).</strong></span> <span class='ocrx_word' id='word_1_781' title='bbox 3183 3314 3332 3380; x_wconf 84' lang='lat' dir='ltr'><strong><em>Esto,</em></strong></span> <span class='ocrx_word' id='word_1_782' title='bbox 3357 3319 3422 3367; x_wconf 89' lang='lat' dir='ltr'><strong><em>ut</em></strong></span> <span class='ocrx_word' id='word_1_783' title='bbox 3452 3312 3529 3367; x_wconf 89' lang='lat' dir='ltr'><strong><em>ibi</em></strong></span> <span class='ocrx_word' id='word_1_784' title='bbox 3560 3313 3757 3367; x_wconf 87' lang='lat' dir='ltr'><strong><em>timore</em></strong></span> 
     </span>
    </p>
   </div>
   <div class='ocr_carea' id='block_1_99' title="bbox 2093 3401 3754 3476">
    <p class='ocr_par' dir='ltr' id='par_1_99' title="bbox 2093 3401 3754 3476">
     <span class='ocr_line' id='line_1_99' title="bbox 2093 3401 3754 3476; baseline -0.003 -15"><span class='ocrx_word' id='word_1_785' title='bbox 2093 3406 2409 3462; x_wconf 81' lang='lat' dir='ltr'><strong><em>Iudaeorum</em></strong></span> <span class='ocrx_word' id='word_1_786' title='bbox 2429 3404 2727 3476; x_wconf 85' lang='lat' dir='ltr'><strong><em>compulsus</em></strong></span> <span class='ocrx_word' id='word_1_787' title='bbox 2754 3405 2825 3461; x_wconf 91' lang='lat' dir='ltr'><strong><em>sit</em></strong></span> <span class='ocrx_word' id='word_1_788' title='bbox 2850 3405 3025 3476; x_wconf 87' lang='lat' dir='ltr'><strong><em>facere</em></strong></span> <span class='ocrx_word' id='word_1_789' title='bbox 3048 3402 3187 3475; x_wconf 87' lang='lat' dir='ltr'><strong><em>quod</em></strong></span> <span class='ocrx_word' id='word_1_790' title='bbox 3218 3401 3455 3472; x_wconf 81' lang='lat' dir='ltr'><strong><em>nolebat,-</em></strong></span> <span class='ocrx_word' id='word_1_791' title='bbox 3483 3418 3649 3473; x_wconf 90' lang='lat' dir='ltr'><strong><em>quare</em></strong></span> <span class='ocrx_word' id='word_1_792' title='bbox 3670 3418 3754 3456; x_wconf 83' lang='lat' dir='ltr'><strong><em>co-</em></strong></span> 
     </span>
    </p>
   </div>
   <div class='ocr_carea' id='block_1_100' title="bbox 2087 3491 3749 3565">
    <p class='ocr_par' dir='ltr' id='par_1_100' title="bbox 2087 3491 3749 3565">
     <span class='ocr_line' id='line_1_100' title="bbox 2087 3491 3749 3565; baseline -0.003 -15"><span class='ocrx_word' id='word_1_793' title='bbox 2087 3513 2228 3551; x_wconf 90' lang='lat' dir='ltr'><strong><em>mam</em></strong></span> <span class='ocrx_word' id='word_1_794' title='bbox 2248 3496 2484 3551; x_wconf 88' lang='lat' dir='ltr'><strong><em>nutrivit</em></strong></span> <span class='ocrx_word' id='word_1_795' title='bbox 2504 3512 2569 3549; x_wconf 75' lang='lat' dir='ltr'><strong><em>ex</em></strong></span> <span class='ocrx_word' id='word_1_796' title='bbox 2590 3500 2725 3559; x_wconf 90' lang='lat' dir='ltr'><strong><em>voto,</em></strong></span> <span class='ocrx_word' id='word_1_797' title='bbox 2747 3500 2796 3548; x_wconf 92' lang='lat' dir='ltr'><strong><em>et</em></strong></span> <span class='ocrx_word' id='word_1_798' title='bbox 2805 3500 2985 3565; x_wconf 88' lang='lat' dir='ltr'><strong><em>postea</em></strong></span> <span class='ocrx_word' id='word_1_799' title='bbox 3005 3509 3119 3548; x_wconf 91' lang='lat' dir='ltr'><strong><em>eam</em></strong></span> <span class='ocrx_word' id='word_1_800' title='bbox 3134 3492 3190 3547; x_wconf 89' lang='lat' dir='ltr'><strong><em>in</em></strong></span> <span class='ocrx_word' id='word_1_801' title='bbox 3214 3491 3496 3547; x_wconf 85' lang='lat' dir='ltr'><strong><em>Cenchreis</em></strong></span> <span class='ocrx_word' id='word_1_802' title='bbox 3515 3491 3749 3547; x_wconf 88' lang='lat' dir='ltr'><strong><em>totondit</em></strong></span> 
     </span>
    </p>
   </div>
   <div class='ocr_carea' id='block_1_101' title="bbox 2085 3581 3749 3657">
    <p class='ocr_par' dir='ltr' id='par_1_101' title="bbox 2085 3581 3749 3657">
     <span class='ocr_line' id='line_1_101' title="bbox 2085 3581 3749 3657; baseline -0.002 -17"><span class='ocrx_word' id='word_1_803' title='bbox 2085 3602 2152 3640; x_wconf 78' lang='lat' dir='ltr'><strong><em>ea:</em></strong></span> <span class='ocrx_word' id='word_1_804' title='bbox 2181 3586 2338 3655; x_wconf 86' lang='lat' dir='ltr'><strong><em>Lege,</em></strong></span> <span class='ocrx_word' id='word_1_805' title='bbox 2366 3584 2507 3657; x_wconf 88' lang='lat' dir='ltr'><strong><em>quod</em></strong></span> <span class='ocrx_word' id='word_1_806' title='bbox 2530 3584 2791 3640; x_wconf 80' lang='lat' dir='ltr'><strong><em>Nazaraei</em></strong></span> <span class='ocrx_word' id='word_1_807' title='bbox 2818 3583 2911 3654; x_wconf 86' lang='lat' dir='ltr'><strong><em>qui</em></strong></span> <span class='ocrx_word' id='word_1_808' title='bbox 2935 3599 2985 3637; x_wconf 91' lang='lat' dir='ltr'><strong><em>se</em></strong></span> <span class='ocrx_word' id='word_1_809' title='bbox 3015 3581 3124 3637; x_wconf 90' lang='lat' dir='ltr'><strong><em>Deo</em></strong></span> <span class='ocrx_word' id='word_1_810' title='bbox 3152 3582 3590 3653; x_wconf 79' lang='lat' dir='ltr'><strong><em>voverint,ju.1:ta</em></strong></span> <span class='ocrx_word' id='word_1_811' title='bbox 3604 3599 3749 3653; x_wconf 85' lang='lat' dir='ltr'><strong><em>prae-</em></strong></span> 
     </span>
    </p>
   </div>
   <div class='ocr_carea' id='block_1_102' title="bbox 2085 3671 3670 3745">
    <p class='ocr_par' dir='ltr' id='par_1_102' title="bbox 2085 3671 3670 3745">
     <span class='ocr_line' id='line_1_102' title="bbox 2085 3671 3670 3745; baseline -0.003 -15"><span class='ocrx_word' id='word_1_812' title='bbox 2085 3680 2290 3745; x_wconf 87' lang='lat' dir='ltr'><strong><em>ceptum</em></strong></span> <span class='ocrx_word' id='word_1_813' title='bbox 2329 3675 2504 3745; x_wconf 85' lang='lat' dir='ltr'><strong><em>Moysi</em></strong></span> <span class='ocrx_word' id='word_1_814' title='bbox 2527 3674 2704 3745; x_wconf 90' lang='lat' dir='ltr'><strong><em>facere</em></strong></span> <span class='ocrx_word' id='word_1_815' title='bbox 2732 3680 3118 3728; x_wconf 86' lang='lat' dir='ltr'><strong><em>consueverunt</em></strong></span> <span class='ocrx_word' id='word_1_816' title='bbox 3141 3672 3170 3725; x_wconf 77' lang='lat'><strong><em>?</em></strong></span> <span class='ocrx_word' id='word_1_817' title='bbox 3208 3671 3398 3738; x_wconf 90' lang='lat' dir='ltr'><strong><em>(Num.</em></strong></span> <span class='ocrx_word' id='word_1_818' title='bbox 3434 3687 3511 3736; x_wconf 70' lang='grc' dir='ltr'><strong><em>γι,</em></strong></span> <span class='ocrx_word' id='word_1_819' title='bbox 3558 3672 3670 3743; x_wconf 83' lang='grc'><strong>18.)</strong></span> 
     </span>
    </p>
   </div>
   <div class='ocr_carea' id='block_1_103' title="bbox 2158 3761 3743 3832">
    <p class='ocr_par' dir='ltr' id='par_1_103' title="bbox 2158 3761 3743 3832">
     <span class='ocr_line' id='line_1_103' title="bbox 2158 3761 3743 3832; baseline 0.001 -16"><span class='ocrx_word' id='word_1_820' title='bbox 2158 3764 2246 3817; x_wconf 88' lang='grc'><strong>10.</strong></span> <span class='ocrx_word' id='word_1_821' title='bbox 2297 3763 2494 3819; x_wconf 86' lang='lat' dir='ltr'><strong><em>Verum</em></strong></span> <span class='ocrx_word' id='word_1_822' title='bbox 2543 3763 2648 3817; x_wconf 83' lang='lat' dir='ltr'><strong><em>haec</em></strong></span> <span class='ocrx_word' id='word_1_823' title='bbox 2691 3761 2762 3817; x_wconf 90' lang='lat' dir='ltr'><strong><em>ad</em></strong></span> <span class='ocrx_word' id='word_1_824' title='bbox 2814 3762 3269 3831; x_wconf 86' lang='lat' dir='ltr'><strong><em>comparationem</em></strong></span> <span class='ocrx_word' id='word_1_825' title='bbox 3323 3761 3441 3832; x_wconf 90' lang='lat' dir='ltr'><strong><em>ejus</em></strong></span> <span class='ocrx_word' id='word_1_826' title='bbox 3487 3761 3575 3815; x_wconf 89' lang='lat' dir='ltr'><strong><em>rei</em></strong></span> <span class='ocrx_word' id='word_1_827' title='bbox 3621 3778 3743 3832; x_wconf 68' lang='lat' dir='ltr'><strong><em>quae</em></strong></span> 
     </span>
    </p>
   </div>
   <div class='ocr_carea' id='block_1_104' title="bbox 2086 3849 3747 3924">
    <p class='ocr_par' dir='ltr' id='par_1_104' title="bbox 2086 3849 3747 3924">
     <span class='ocr_line' id='line_1_104' title="bbox 2086 3849 3747 3924; baseline -0.001 -16"><span class='ocrx_word' id='word_1_828' title='bbox 2086 3852 2349 3924; x_wconf 89' lang='lat' dir='ltr'><strong><em>sequitur,</em></strong></span> <span class='ocrx_word' id='word_1_829' title='bbox 2404 3869 2579 3923; x_wconf 90' lang='lat' dir='ltr'><strong><em>parva</em></strong></span> <span class='ocrx_word' id='word_1_830' title='bbox 2622 3858 2768 3906; x_wconf 90' lang='lat' dir='ltr'><strong><em>sunt.</em></strong></span> <span class='ocrx_word' id='word_1_831' title='bbox 2811 3851 3000 3923; x_wconf 87' lang='lat' dir='ltr'><strong><em>Refert</em></strong></span> <span class='ocrx_word' id='word_1_832' title='bbox 3045 3850 3236 3915; x_wconf 88' lang='lat' dir='ltr'><strong><em>Lucas,</em></strong></span> <span class='ocrx_word' id='word_1_833' title='bbox 3278 3866 3446 3905; x_wconf 64' lang='lat' dir='ltr'><strong><em>sacrae</em></strong></span> <span class='ocrx_word' id='word_1_834' title='bbox 3498 3849 3747 3906; x_wconf 69' lang='lat' dir='ltr'><strong><em>historiae</em></strong></span> 
     </span>
    </p>
   </div>
   <div class='ocr_carea' id='block_1_105' title="bbox 2085 3939 3752 4013">
    <p class='ocr_par' dir='ltr' id='par_1_105' title="bbox 2085 3939 3752 4013">
     <span class='ocr_line' id='line_1_105' title="bbox 2085 3939 3752 4013; baseline -0.002 -17"><span class='ocrx_word' id='word_1_835' title='bbox 2085 3942 2370 4013; x_wconf 88' lang='lat' dir='ltr'><strong><em>scriptor:</em></strong></span> <span class='ocrx_word' id='word_1_836' title='bbox 2419 3961 2443 3993; x_wconf 77' lang='grc' dir='ltr'>ι</span> <span class='ocrx_word' id='word_1_837' title='bbox 2503 3940 2635 3996; x_wconf 88' lang='lat' dir='ltr'><strong><em>Cum</em></strong></span> <span class='ocrx_word' id='word_1_838' title='bbox 2688 3940 3004 3995; x_wconf 88' lang='lat' dir='ltr'><strong><em>venissemus</em></strong></span> <span class='ocrx_word' id='word_1_839' title='bbox 3055 3939 3459 4011; x_wconf 84' lang='lat' dir='ltr'><strong><em>Jerosolymam,</em></strong></span> <span class='ocrx_word' id='word_1_840' title='bbox 3516 3939 3752 3995; x_wconf 86' lang='lat' dir='ltr'><strong><em>libenter</em></strong></span> 
     </span>
    </p>
   </div>
   <div class='ocr_carea' id='block_1_106' title="bbox 2086 4027 3751 4102">
    <p class='ocr_par' dir='ltr' id='par_1_106' title="bbox 2086 4027 3751 4102">
     <span class='ocr_line' id='line_1_106' title="bbox 2086 4027 3751 4102; baseline -0.001 -17"><span class='ocrx_word' id='word_1_841' title='bbox 2086 4037 2431 4101; x_wconf 89' lang='lat' dir='ltr'><strong><em>susceperunt</em></strong></span> <span class='ocrx_word' id='word_1_842' title='bbox 2470 4046 2564 4084; x_wconf 89' lang='lat' dir='ltr'><strong><em>nos</em></strong></span> <span class='ocrx_word' id='word_1_843' title='bbox 2599 4030 2810 4102; x_wconf 89' lang='lat' dir='ltr'><strong><em>fratres</em></strong></span> <span class='ocrx_word' id='word_1_844' title='bbox 2842 4044 2858 4094; x_wconf 93' lang='lat'><strong><em>;</em></strong></span> <span class='ocrx_word' id='word_1_845' title='bbox 2893 4049 2916 4079; x_wconf 72' lang='grc' dir='ltr'>ι</span> <span class='ocrx_word' id='word_1_846' title='bbox 2964 4034 3012 4083; x_wconf 90' lang='lat' dir='ltr'><strong><em>et</em></strong></span> <span class='ocrx_word' id='word_1_847' title='bbox 3050 4028 3294 4099; x_wconf 87' lang='lat' dir='ltr'><strong><em>sequenti</em></strong></span> <span class='ocrx_word' id='word_1_848' title='bbox 3320 4028 3407 4082; x_wconf 91' lang='lat' dir='ltr'><strong><em>die</em></strong></span> <span class='ocrx_word' id='word_1_849' title='bbox 3436 4027 3662 4083; x_wconf 80' lang='lat' dir='ltr'><strong><em>Iacobus</em></strong></span> <span class='ocrx_word' id='word_1_850' title='bbox 3700 4036 3751 4085; x_wconf 91' lang='lat' dir='ltr'><strong><em>et</em></strong></span> 
     </span>
    </p>
   </div>
   <div class='ocr_carea' id='block_1_107' title="bbox 2087 4117 3752 4190">
    <p class='ocr_par' dir='ltr' id='par_1_107' title="bbox 2087 4117 3752 4190">
     <span class='ocr_line' id='line_1_107' title="bbox 2087 4117 3752 4190; baseline -0.002 -14"><span class='ocrx_word' id='word_1_851' title='bbox 2087 4137 2262 4176; x_wconf 88' lang='lat' dir='ltr'><strong><em>omnes</em></strong></span> <span class='ocrx_word' id='word_1_852' title='bbox 2298 4121 2534 4175; x_wconf 86' lang='lat' dir='ltr'><strong><em>seniores</em></strong></span> <span class='ocrx_word' id='word_1_853' title='bbox 2574 4119 2671 4190; x_wconf 90' lang='lat' dir='ltr'><strong><em>qui</em></strong></span> <span class='ocrx_word' id='word_1_854' title='bbox 2711 4135 2828 4173; x_wconf 89' lang='lat' dir='ltr'><strong><em>cum</em></strong></span> <span class='ocrx_word' id='word_1_855' title='bbox 2877 4134 2933 4173; x_wconf 89' lang='lat' dir='ltr'><strong><em>eo</em></strong></span> <span class='ocrx_word' id='word_1_856' title='bbox 2978 4122 3158 4187; x_wconf 90' lang='lat' dir='ltr'><strong><em>erant,</em></strong></span> <span class='ocrx_word' id='word_1_857' title='bbox 3198 4137 3226 4169; x_wconf 85' lang='lat'>«</span> <span class='ocrx_word' id='word_1_858' title='bbox 3252 4117 3549 4189; x_wconf 82' lang='lat' dir='ltr'><strong><em>Evangelia</em></strong></span> <span class='ocrx_word' id='word_1_859' title='bbox 3588 4117 3752 4173; x_wconf 88' lang='lat' dir='ltr'><strong><em>illius</em></strong></span> 
     </span>
    </p>
   </div>
   <div class='ocr_carea' id='block_1_108' title="bbox 2087 4206 3752 4281">
    <p class='ocr_par' dir='ltr' id='par_1_108' title="bbox 2087 4206 3752 4281">
     <span class='ocr_line' id='line_1_108' title="bbox 2087 4206 3752 4281; baseline -0.001 -16"><span class='ocrx_word' id='word_1_860' title='bbox 2087 4209 2442 4281; x_wconf 87' lang='lat' dir='ltr'><strong><em>comprobato,</em></strong></span> <span class='ocrx_word' id='word_1_861' title='bbox 2462 4208 2721 4263; x_wconf 71' lang='lat' dir='ltr'><strong><em>dixerunt</em></strong></span> <span class='ocrx_word' id='word_1_862' title='bbox 2750 4209 2821 4273; x_wconf 91' lang='lat' dir='ltr'><strong><em>ei,</em></strong></span> <span class='ocrx_word' id='word_1_863' title='bbox 2854 4206 3027 4269; x_wconf 85' lang='lat' dir='ltr'><strong><em>Vides,</em></strong></span> <span class='ocrx_word' id='word_1_864' title='bbox 3050 4206 3253 4276; x_wconf 83' lang='lat' dir='ltr'><strong><em>frater,</em></strong></span> <span class='ocrx_word' id='word_1_865' title='bbox 3274 4213 3399 4278; x_wconf 91' lang='lat' dir='ltr'><strong><em>quot</em></strong></span> <span class='ocrx_word' id='word_1_866' title='bbox 3422 4206 3603 4261; x_wconf 89' lang='lat' dir='ltr'><strong><em>millia</em></strong></span> <span class='ocrx_word' id='word_1_867' title='bbox 3620 4215 3752 4263; x_wconf 83' lang='lat' dir='ltr'><strong><em>sunt</em></strong></span> 
     </span>
    </p>
   </div>
   <div class='ocr_carea' id='block_1_109' title="bbox 2090 4296 3755 4369">
    <p class='ocr_par' dir='ltr' id='par_1_109' title="bbox 2090 4296 3755 4369">
     <span class='ocr_line' id='line_1_109' title="bbox 2090 4296 3755 4369; baseline -0.002 -14"><span class='ocrx_word' id='word_1_868' title='bbox 2090 4300 2150 4355; x_wconf 91' lang='lat' dir='ltr'><strong><em>in</em></strong></span> <span class='ocrx_word' id='word_1_869' title='bbox 2175 4298 2383 4361; x_wconf 80' lang='lat' dir='ltr'><strong><em>Iudaea,</em></strong></span> <span class='ocrx_word' id='word_1_870' title='bbox 2423 4298 2518 4369; x_wconf 93' lang='lat' dir='ltr'><strong><em>qui</em></strong></span> <span class='ocrx_word' id='word_1_871' title='bbox 2559 4296 2904 4352; x_wconf 86' lang='lat' dir='ltr'><strong><em>crediderunt</em></strong></span> <span class='ocrx_word' id='word_1_872' title='bbox 2958 4296 3018 4350; x_wconf 88' lang='lat' dir='ltr'><strong><em>in</em></strong></span> <span class='ocrx_word' id='word_1_873' title='bbox 3073 4296 3373 4361; x_wconf 87' lang='lat' dir='ltr'><strong><em>Christum,</em></strong></span> <span class='ocrx_word' id='word_1_874' title='bbox 3406 4303 3456 4350; x_wconf 91' lang='lat' dir='ltr'><strong><em>et</em></strong></span> <span class='ocrx_word' id='word_1_875' title='bbox 3485 4296 3544 4350; x_wconf 92' lang='lat' dir='ltr'><strong><em>hi</em></strong></span> <span class='ocrx_word' id='word_1_876' title='bbox 3572 4313 3755 4351; x_wconf 89' lang='lat' dir='ltr'><strong><em>omnes</em></strong></span> 
     </span>
    </p>
   </div>
   <div class='ocr_carea' id='block_1_110' title="bbox 2088 4384 3755 4457">
    <p class='ocr_par' dir='ltr' id='par_1_110' title="bbox 2088 4384 3755 4457">
     <span class='ocr_line' id='line_1_110' title="bbox 2088 4384 3755 4457; baseline -0.002 -13"><span class='ocrx_word' id='word_1_877' title='bbox 2088 4388 2423 4444; x_wconf 85' lang='lat' dir='ltr'><strong><em>aemulatores</em></strong></span> <span class='ocrx_word' id='word_1_878' title='bbox 2457 4393 2582 4441; x_wconf 90' lang='lat' dir='ltr'><strong><em>sunt</em></strong></span> <span class='ocrx_word' id='word_1_879' title='bbox 2611 4386 2790 4456; x_wconf 88' lang='lat' dir='ltr'><strong><em>Legis.</em></strong></span> <span class='ocrx_word' id='word_1_880' title='bbox 2845 4384 3159 4440; x_wconf 80' lang='lat' dir='ltr'><strong><em>Audierunt</em></strong></span> <span class='ocrx_word' id='word_1_881' title='bbox 3190 4390 3375 4441; x_wconf 90' lang='lat' dir='ltr'><strong><em>autem</em></strong></span> <span class='ocrx_word' id='word_1_882' title='bbox 3414 4384 3476 4439; x_wconf 82' lang='lat' dir='ltr'><strong><em>de</em></strong></span> <span class='ocrx_word' id='word_1_883' title='bbox 3515 4391 3564 4439; x_wconf 91' lang='lat' dir='ltr'><strong><em>te</em></strong></span> <span class='ocrx_word' id='word_1_884' title='bbox 3615 4385 3755 4457; x_wconf 91' lang='lat' dir='ltr'><strong><em>quod</em></strong></span> 
     </span>
    </p>
   </div>
   <div class='ocr_carea' id='block_1_111' title="bbox 2088 4473 3754 4546">
    <p class='ocr_par' dir='ltr' id='par_1_111' title="bbox 2088 4473 3754 4546">
     <span class='ocr_line' id='line_1_111' title="bbox 2088 4473 3754 4546; baseline -0.002 -14"><span class='ocrx_word' id='word_1_885' title='bbox 2088 4477 2455 4534; x_wconf 81' lang='lat' dir='ltr'><strong><em>discessin</em></strong></span> <span class='ocrx_word' id='word_1_886' title='bbox 2491 4475 2674 4533; x_wconf 85' lang='lat' dir='ltr'><strong><em>doceas</em></strong></span> <span class='ocrx_word' id='word_1_887' title='bbox 2702 4491 2738 4529; x_wconf 90' lang='lat' dir='ltr'><strong><em>a</em></strong></span> <span class='ocrx_word' id='word_1_888' title='bbox 2760 4474 2935 4546; x_wconf 87' lang='lat' dir='ltr'><strong><em>Moyse</em></strong></span> <span class='ocrx_word' id='word_1_889' title='bbox 2963 4490 3145 4529; x_wconf 89' lang='lat' dir='ltr'><strong><em>eorum</em></strong></span> <span class='ocrx_word' id='word_1_890' title='bbox 3172 4476 3266 4545; x_wconf 89' lang='lat' dir='ltr'><strong><em>qui</em></strong></span> <span class='ocrx_word' id='word_1_891' title='bbox 3283 4490 3383 4545; x_wconf 89' lang='lat' dir='ltr'><strong><em>per</em></strong></span> <span class='ocrx_word' id='word_1_892' title='bbox 3412 4473 3601 4529; x_wconf 87' lang='lat' dir='ltr'><strong><em>Gentes</em></strong></span> <span class='ocrx_word' id='word_1_893' title='bbox 3623 4481 3754 4529; x_wconf 87' lang='lat' dir='ltr'><strong><em>sunt</em></strong></span> 
     </span>
    </p>
   </div>
   <div class='ocr_carea' id='block_1_112' title="bbox 2087 4562 3758 4635">
    <p class='ocr_par' dir='ltr' id='par_1_112' title="bbox 2087 4562 3758 4635">
     <span class='ocr_line' id='line_1_112' title="bbox 2087 4562 3758 4635; baseline -0.002 -14"><span class='ocrx_word' id='word_1_894' title='bbox 2087 4565 2421 4626; x_wconf 85' lang='lat' dir='ltr'><strong><em>Iudaeorum.</em></strong></span> <span class='ocrx_word' id='word_1_895' title='bbox 2463 4564 2647 4618; x_wconf 85' lang='lat' dir='ltr'><strong><em>dicens</em></strong></span> <span class='ocrx_word' id='word_1_896' title='bbox 2692 4580 2799 4619; x_wconf 85' lang='lat' dir='ltr'><strong><em>non</em></strong></span> <span class='ocrx_word' id='word_1_897' title='bbox 2850 4562 3032 4618; x_wconf 88' lang='lat' dir='ltr'><strong><em>debere</em></strong></span> <span class='ocrx_word' id='word_1_898' title='bbox 3070 4579 3155 4617; x_wconf 92' lang='lat' dir='ltr'><strong><em>eos</em></strong></span> <span class='ocrx_word' id='word_1_899' title='bbox 3193 4563 3571 4618; x_wconf 87' lang='lat' dir='ltr'><strong><em>circumcidere</em></strong></span> <span class='ocrx_word' id='word_1_900' title='bbox 3608 4563 3758 4635; x_wconf 85' lang='lat' dir='ltr'><strong><em>ﬁlios</em></strong></span> 
     </span>
    </p>
   </div>
   <div class='ocr_carea' id='block_1_113' title="bbox 2086 4651 3747 4726">
    <p class='ocr_par' dir='ltr' id='par_1_113' title="bbox 2086 4651 3747 4726">
     <span class='ocr_line' id='line_1_113' title="bbox 2086 4651 3747 4726; baseline -0.002 -14"><span class='ocrx_word' id='word_1_901' title='bbox 2086 4672 2225 4719; x_wconf 92' lang='lat' dir='ltr'><strong><em>suos,</em></strong></span> <span class='ocrx_word' id='word_1_902' title='bbox 2246 4672 2407 4726; x_wconf 89' lang='lat' dir='ltr'><strong><em>neque</em></strong></span> <span class='ocrx_word' id='word_1_903' title='bbox 2427 4653 2712 4709; x_wconf 89' lang='lat' dir='ltr'><strong><em>secundum</em></strong></span> <span class='ocrx_word' id='word_1_904' title='bbox 2735 4652 3168 4707; x_wconf 87' lang='lat' dir='ltr'><strong><em>consuetudinem</em></strong></span> <span class='ocrx_word' id='word_1_905' title='bbox 3200 4651 3435 4723; x_wconf 89' lang='lat' dir='ltr'><strong><em>ingredi.</em></strong></span> <span class='ocrx_word' id='word_1_906' title='bbox 3454 4651 3598 4717; x_wconf 84' lang='lat' dir='ltr'><strong><em>Quid</em></strong></span> <span class='ocrx_word' id='word_1_907' title='bbox 3619 4668 3747 4723; x_wconf 87' lang='lat' dir='ltr'><strong><em>ergo</em></strong></span> 
     </span>
    </p>
   </div>
   <div class='ocr_carea' id='block_1_114' title="bbox 2089 4741 3757 4816">
    <p class='ocr_par' dir='ltr' id='par_1_114' title="bbox 2089 4741 3757 4816">
     <span class='ocr_line' id='line_1_114' title="bbox 2089 4741 3757 4816; baseline -0.004 -13"><span class='ocrx_word' id='word_1_908' title='bbox 2089 4753 2167 4803; x_wconf 89' lang='lat' dir='ltr'><strong><em>est</em></strong></span> <span class='ocrx_word' id='word_1_909' title='bbox 2196 4746 2223 4800; x_wconf 63' lang='grc' dir='ltr'><em>φ</em></span> <span class='ocrx_word' id='word_1_910' title='bbox 2256 4745 2448 4816; x_wconf 89' lang='lat' dir='ltr'><strong><em>Utique</em></strong></span> <span class='ocrx_word' id='word_1_911' title='bbox 2502 4750 2705 4815; x_wconf 91' lang='lat' dir='ltr'><strong><em>oportet</em></strong></span> <span class='ocrx_word' id='word_1_912' title='bbox 2743 4742 3024 4797; x_wconf 88' lang='lat' dir='ltr'><strong><em>convenire</em></strong></span> <span class='ocrx_word' id='word_1_913' title='bbox 3074 4741 3524 4806; x_wconf 85' lang='lat' dir='ltr'><strong><em>multitudinem;</em></strong></span> <span class='ocrx_word' id='word_1_914' title='bbox 3563 4742 3757 4798; x_wconf 87' lang='lat' dir='ltr'><strong><em>audie-</em></strong></span> 
     </span>
    </p>
   </div>
   <div class='ocr_carea' id='block_1_115' title="bbox 2089 4830 3757 4904">
    <p class='ocr_par' dir='ltr' id='par_1_115' title="bbox 2089 4830 3757 4904">
     <span class='ocr_line' id='line_1_115' title="bbox 2089 4830 3757 4904; baseline -0.002 -15"><span class='ocrx_word' id='word_1_915' title='bbox 2089 4841 2221 4891; x_wconf 90' lang='lat' dir='ltr'><strong><em>runt</em></strong></span> <span class='ocrx_word' id='word_1_916' title='bbox 2254 4835 2403 4889; x_wconf 88' lang='lat' dir='ltr'><strong><em>enim</em></strong></span> <span class='ocrx_word' id='word_1_917' title='bbox 2433 4840 2481 4888; x_wconf 89' lang='lat' dir='ltr'><strong><em>te</em></strong></span> <span class='ocrx_word' id='word_1_918' title='bbox 2505 4833 2893 4904; x_wconf 86' lang='lat' dir='ltr'><strong><em>supervenisse.</em></strong></span> <span class='ocrx_word' id='word_1_919' title='bbox 2919 4831 3031 4887; x_wconf 88' lang='lat' dir='ltr'><strong><em>Hoc</em></strong></span> <span class='ocrx_word' id='word_1_920' title='bbox 3054 4848 3177 4902; x_wconf 90' lang='lat' dir='ltr'><strong><em>ergo</em></strong></span> <span class='ocrx_word' id='word_1_921' title='bbox 3203 4830 3292 4902; x_wconf 91' lang='lat' dir='ltr'><strong><em>fac</em></strong></span> <span class='ocrx_word' id='word_1_922' title='bbox 3325 4831 3463 4902; x_wconf 90' lang='lat' dir='ltr'><strong><em>quod</em></strong></span> <span class='ocrx_word' id='word_1_923' title='bbox 3490 4830 3590 4884; x_wconf 89' lang='lat' dir='ltr'><strong><em>tibi</em></strong></span> <span class='ocrx_word' id='word_1_924' title='bbox 3618 4830 3757 4886; x_wconf 88' lang='lat' dir='ltr'><strong><em>dici-</em></strong></span> 
     </span>
    </p>
   </div>
   <div class='ocr_carea' id='block_1_116' title="bbox 2089 4919 3758 4993">
    <p class='ocr_par' dir='ltr' id='par_1_116' title="bbox 2089 4919 3758 4993">
     <span class='ocr_line' id='line_1_116' title="bbox 2089 4919 3758 4993; baseline -0.003 -14"><span class='ocrx_word' id='word_1_925' title='bbox 2089 4941 2223 4979; x_wconf 92' lang='lat' dir='ltr'><strong><em>mus.</em></strong></span> <span class='ocrx_word' id='word_1_926' title='bbox 2248 4923 2382 4978; x_wconf 90' lang='lat' dir='ltr'><strong><em>Sunt</em></strong></span> <span class='ocrx_word' id='word_1_927' title='bbox 2416 4923 2562 4978; x_wconf 89' lang='lat' dir='ltr'><strong><em>nobis</em></strong></span> <span class='ocrx_word' id='word_1_928' title='bbox 2592 4923 2706 4976; x_wconf 90' lang='lat' dir='ltr'><strong><em>viri</em></strong></span> <span class='ocrx_word' id='word_1_929' title='bbox 2733 4928 2969 4993; x_wconf 89' lang='lat' dir='ltr'><strong><em>quatuor</em></strong></span> <span class='ocrx_word' id='word_1_930' title='bbox 2998 4928 3177 4976; x_wconf 89' lang='lat' dir='ltr'><strong><em>votum</em></strong></span> <span class='ocrx_word' id='word_1_931' title='bbox 3203 4919 3449 4975; x_wconf 88' lang='lat' dir='ltr'><strong><em>habentes</em></strong></span> <span class='ocrx_word' id='word_1_932' title='bbox 3479 4936 3643 4991; x_wconf 88' lang='lat' dir='ltr'><strong><em>super</em></strong></span> <span class='ocrx_word' id='word_1_933' title='bbox 3662 4937 3758 4984; x_wconf 83' lang='lat' dir='ltr'><strong><em>se;</em></strong></span> 
     </span>
    </p>
   </div>
   <div class='ocr_carea' id='block_1_117' title="bbox 2089 5008 3756 5084">
    <p class='ocr_par' dir='ltr' id='par_1_117' title="bbox 2089 5008 3756 5084">
     <span class='ocr_line' id='line_1_117' title="bbox 2089 5008 3756 5084; baseline -0.003 -16"><span class='ocrx_word' id='word_1_934' title='bbox 2089 5014 2171 5068; x_wconf 89' lang='lat' dir='ltr'><strong><em>his</em></strong></span> <span class='ocrx_word' id='word_1_935' title='bbox 2199 5012 2511 5084; x_wconf 86' lang='lat' dir='ltr'><strong><em>assumptis,</em></strong></span> <span class='ocrx_word' id='word_1_936' title='bbox 2542 5011 2823 5082; x_wconf 88' lang='lat' dir='ltr'><strong><em>sanctiﬁca</em></strong></span> <span class='ocrx_word' id='word_1_937' title='bbox 2844 5018 2893 5065; x_wconf 92' lang='lat' dir='ltr'><strong><em>te</em></strong></span> <span class='ocrx_word' id='word_1_938' title='bbox 2920 5027 3038 5065; x_wconf 90' lang='lat' dir='ltr'><strong><em>cum</em></strong></span> <span class='ocrx_word' id='word_1_939' title='bbox 3067 5010 3217 5081; x_wconf 89' lang='lat' dir='ltr'><strong><em>ipsis,</em></strong></span> <span class='ocrx_word' id='word_1_940' title='bbox 3253 5017 3300 5064; x_wconf 93' lang='lat' dir='ltr'><strong><em>et</em></strong></span> <span class='ocrx_word' id='word_1_941' title='bbox 3330 5009 3571 5079; x_wconf 82' lang='lat' dir='ltr'><strong><em>impende</em></strong></span> <span class='ocrx_word' id='word_1_942' title='bbox 3592 5008 3650 5063; x_wconf 88' lang='lat' dir='ltr'><strong><em>in</em></strong></span> <span class='ocrx_word' id='word_1_943' title='bbox 3673 5025 3756 5063; x_wconf 91' lang='lat' dir='ltr'><strong><em>eos</em></strong></span> 
     </span>
    </p>
   </div>
   <div class='ocr_carea' id='block_1_118' title="bbox 2088 5098 3757 5172">
    <p class='ocr_par' dir='ltr' id='par_1_118' title="bbox 2088 5098 3757 5172">
     <span class='ocr_line' id='line_1_118' title="bbox 2088 5098 3757 5172; baseline -0.003 -15"><span class='ocrx_word' id='word_1_944' title='bbox 2088 5110 2149 5159; x_wconf 93' lang='lat' dir='ltr'><strong><em>ut</em></strong></span> <span class='ocrx_word' id='word_1_945' title='bbox 2179 5102 2376 5157; x_wconf 89' lang='lat' dir='ltr'><strong><em>radant</em></strong></span> <span class='ocrx_word' id='word_1_946' title='bbox 2406 5101 2623 5172; x_wconf 88' lang='lat' dir='ltr'><strong><em>capita;</em></strong></span> <span class='ocrx_word' id='word_1_947' title='bbox 2644 5108 2691 5155; x_wconf 90' lang='lat' dir='ltr'><strong><em>et</em></strong></span> <span class='ocrx_word' id='word_1_948' title='bbox 2712 5102 2877 5155; x_wconf 85' lang='lat' dir='ltr'><strong><em>scient</em></strong></span> <span class='ocrx_word' id='word_1_949' title='bbox 2906 5116 3081 5155; x_wconf 90' lang='lat' dir='ltr'><strong><em>omnes</em></strong></span> <span class='ocrx_word' id='word_1_950' title='bbox 3105 5100 3239 5170; x_wconf 88' lang='lat' dir='ltr'><strong><em>quia</em></strong></span> <span class='ocrx_word' id='word_1_951' title='bbox 3258 5115 3375 5170; x_wconf 62' lang='lat' dir='ltr'><strong><em>que</em></strong></span> <span class='ocrx_word' id='word_1_952' title='bbox 3401 5098 3463 5152; x_wconf 88' lang='lat' dir='ltr'><strong><em>de</em></strong></span> <span class='ocrx_word' id='word_1_953' title='bbox 3488 5106 3539 5153; x_wconf 92' lang='lat' dir='ltr'><strong><em>te</em></strong></span> <span class='ocrx_word' id='word_1_954' title='bbox 3566 5098 3757 5153; x_wconf 85' lang='lat' dir='ltr'><strong><em>audie-</em></strong></span> 
     </span>
    </p>
   </div>
   <div class='ocr_carea' id='block_1_119' title="bbox 2089 5187 3754 5262">
    <p class='ocr_par' dir='ltr' id='par_1_119' title="bbox 2089 5187 3754 5262">
     <span class='ocr_line' id='line_1_119' title="bbox 2089 5187 3754 5262; baseline -0.004 -15"><span class='ocrx_word' id='word_1_955' title='bbox 2089 5199 2218 5247; x_wconf 91' lang='lat' dir='ltr'><strong><em>runt</em></strong></span> <span class='ocrx_word' id='word_1_956' title='bbox 2247 5191 2391 5262; x_wconf 85' lang='lat' dir='ltr'><strong><em>falsa</em></strong></span> <span class='ocrx_word' id='word_1_957' title='bbox 2416 5196 2562 5257; x_wconf 89' lang='lat' dir='ltr'><strong><em>sunt,</em></strong></span> <span class='ocrx_word' id='word_1_958' title='bbox 2597 5190 2688 5246; x_wconf 90' lang='lat' dir='ltr'><strong><em>sed</em></strong></span> <span class='ocrx_word' id='word_1_959' title='bbox 2711 5188 2953 5245; x_wconf 90' lang='lat' dir='ltr'><strong><em>ambulas</em></strong></span> <span class='ocrx_word' id='word_1_960' title='bbox 2980 5195 3033 5244; x_wconf 89' lang='lat' dir='ltr'><strong><em>et</em></strong></span> <span class='ocrx_word' id='word_1_961' title='bbox 3077 5189 3187 5259; x_wconf 87' lang='lat' dir='ltr'><strong><em>ipse</em></strong></span> <span class='ocrx_word' id='word_1_962' title='bbox 3217 5188 3515 5243; x_wconf 83' lang='lat' dir='ltr'><strong><em>custodiens</em></strong></span> <span class='ocrx_word' id='word_1_963' title='bbox 3545 5187 3754 5257; x_wconf 88' lang='lat' dir='ltr'><strong><em>Legem.</em></strong></span> 
     </span>
    </p>
   </div>
   <div class='ocr_carea' id='block_1_120' title="bbox 2097 5276 3753 5351">
    <p class='ocr_par' dir='ltr' id='par_1_120' title="bbox 2097 5276 3753 5351">
     <span class='ocr_line' id='line_1_120' title="bbox 2097 5276 3753 5351; baseline -0.004 -15"><span class='ocrx_word' id='word_1_964' title='bbox 2097 5281 2247 5336; x_wconf 87' lang='lat' dir='ltr'><strong><em>Tunc</em></strong></span> <span class='ocrx_word' id='word_1_965' title='bbox 2276 5280 2501 5341; x_wconf 87' lang='lat' dir='ltr'><strong><em>Paulus,</em></strong></span> <span class='ocrx_word' id='word_1_966' title='bbox 2534 5279 2820 5351; x_wconf 87' lang='lat' dir='ltr'><strong><em>assumptis</em></strong></span> <span class='ocrx_word' id='word_1_967' title='bbox 2849 5279 3007 5341; x_wconf 87' lang='lat' dir='ltr'><strong><em>viris,</em></strong></span> <span class='ocrx_word' id='word_1_968' title='bbox 3038 5285 3255 5349; x_wconf 90' lang='lat' dir='ltr'><strong><em>postera</em></strong></span> <span class='ocrx_word' id='word_1_969' title='bbox 3295 5276 3380 5331; x_wconf 88' lang='lat' dir='ltr'><strong><em>die</em></strong></span> <span class='ocrx_word' id='word_1_970' title='bbox 3404 5276 3753 5348; x_wconf 85' lang='lat' dir='ltr'><strong><em>puriﬁcatus,</em></strong></span> 
     </span>
    </p>
   </div>
   <div class='ocr_carea' id='block_1_121' title="bbox 2086 5365 3751 5440">
    <p class='ocr_par' dir='ltr' id='par_1_121' title="bbox 2086 5365 3751 5440">
     <span class='ocr_line' id='line_1_121' title="bbox 2086 5365 3751 5440; baseline -0.002 -17"><span class='ocrx_word' id='word_1_971' title='bbox 2086 5385 2202 5424; x_wconf 91' lang='lat' dir='ltr'><strong><em>cum</em></strong></span> <span class='ocrx_word' id='word_1_972' title='bbox 2231 5368 2345 5424; x_wconf 82' lang='lat' dir='ltr'><strong><em>illis</em></strong></span> <span class='ocrx_word' id='word_1_973' title='bbox 2374 5369 2607 5423; x_wconf 85' lang='lat' dir='ltr'><strong><em>intravit</em></strong></span> <span class='ocrx_word' id='word_1_974' title='bbox 2640 5371 2699 5423; x_wconf 89' lang='lat' dir='ltr'><strong><em>in</em></strong></span> <span class='ocrx_word' id='word_1_975' title='bbox 2720 5367 2995 5440; x_wconf 87' lang='lat' dir='ltr'><strong><em>templum,</em></strong></span> <span class='ocrx_word' id='word_1_976' title='bbox 3024 5367 3365 5422; x_wconf 88' lang='lat' dir='ltr'><strong><em>annuntians</em></strong></span> <span class='ocrx_word' id='word_1_977' title='bbox 3394 5365 3751 5436; x_wconf 72' lang='lat' dir='ltr'><strong><em>expletionem</em></strong></span> 
     </span>
    </p>
   </div>
   <div class='ocr_carea' id='block_1_122' title="bbox 2148 5488 3757 5556">
    <p class='ocr_par' dir='ltr' id='par_1_122' title="bbox 2148 5488 3757 5556">
     <span class='ocr_line' id='line_1_122' title="bbox 2148 5488 3757 5556; baseline -0.003 -14"><span class='ocrx_word' id='word_1_978' title='bbox 2148 5495 2164 5524; x_wconf 74' lang='grc'><strong>⁸</strong></span> <span class='ocrx_word' id='word_1_979' title='bbox 2190 5493 2247 5542; x_wconf 88' lang='lat' dir='ltr'><strong><em>In</em></strong></span> <span class='ocrx_word' id='word_1_980' title='bbox 2276 5506 2385 5556; x_wconf 86' lang='lat' dir='ltr'><strong><em>uno</em></strong></span> <span class='ocrx_word' id='word_1_981' title='bbox 2411 5493 2633 5556; x_wconf 14' lang='lat' dir='ltr'><strong><em>erVatic.</em></strong></span> <span class='ocrx_word' id='word_1_982' title='bbox 2670 5492 2827 5549; x_wconf 76' lang='lat' dir='ltr'><strong><em>Mss.,</em></strong></span> <span class='ocrx_word' id='word_1_983' title='bbox 2864 5490 3227 5552; x_wconf 79' lang='lat' dir='ltr'><strong><em>observantiae,</em></strong></span> <span class='ocrx_word' id='word_1_984' title='bbox 3268 5490 3326 5539; x_wconf 85' lang='lat' dir='ltr'><strong><em>In</em></strong></span> <span class='ocrx_word' id='word_1_985' title='bbox 3360 5488 3573 5543; x_wconf 84' lang='lat' dir='ltr'><strong><em>Cisterc.</em></strong></span> <span class='ocrx_word' id='word_1_986' title='bbox 3613 5488 3757 5556; x_wconf 76' lang='lat' dir='ltr'><strong><em>Mss.,</em></strong></span> 
     </span>
    </p>
   </div>
   <div class='ocr_carea' id='block_1_123' title="bbox 2089 5555 2499 5609">
    <p class='ocr_par' dir='ltr' id='par_1_123' title="bbox 2089 5555 2499 5609">
     <span class='ocr_line' id='line_1_123' title="bbox 2089 5555 2499 5609; baseline 0.002 -2"><span class='ocrx_word' id='word_1_987' title='bbox 2089 5555 2475 5609; x_wconf 79' lang='lat' dir='ltr'><strong><em>observationis</em></strong></span> <span class='ocrx_word' id='word_1_988' title='bbox 2486 5592 2499 5607; x_wconf 93' lang='lat'><strong><em>.</em></strong></span> 
     </span>
    </p>
   </div>
  </div>
