4040 6174
258 117 363 183 25⁸1

253 251 473 306 dierum
502 246 929 322 puriﬁcationis,
959 241 1121 301 donec
1144 244 1440 315 offerretur
1468 259 1567 314 pro
1603 256 1916 313 unoquoque

257 328 451 395 eorum
485 338 685 395 oblatio
724 359 752 389 »
783 337 931 408 (Act.
970 352 1090 401 ιιι,
1123 334 1321 405 17-26).
1357 333 1399 388 0
1438 332 1625 401 Paule,
1669 336 1717 385 et
1744 331 1803 384 in
1831 330 1923 384 hoc

254 437 306 483 te
325 446 525 484 rursus
548 428 855 497 interrogo;
882 443 980 481 cur
1003 432 1161 496 caput
1184 426 1415 487 raseris,
1440 439 1539 477 cur
1571 419 1921 491 nudipedalia

260 519 570 574 exercueris
626 517 688 573 de
749 515 1059 573 cerimoniis
1112 513 1446 577 Juda’orum,
1509 527 1608 567 cur
1663 508 1922 564 obtuleris

256 609 555 677 sacriﬁcia,
607 615 655 662 et
707 606 993 663 secundum
1046 606 1228 674 Legem
1272 602 1464 659 hostia
1493 617 1589 671 pro
1628 606 1677 653 te
1704 599 1924 669 fuerint

262 698 561 752 immolata
581 695 611 751 ‘l
657 696 848 767 Utique
894 692 1231 765 respondebis
1251 711 1271 747 :
1302 692 1382 747 Ne
1410 689 1923 745 scandalizarentur

254 788 355 858 qui
383 802 454 842 ex
488 785 691 841 Judais
722 782 1091 841 crediderant.
1122 781 1407 836 Simulasti
1431 797 1550 851 ergo
1578 778 1831 833 Judaeum
1862 784 1923 832 ut

252 875 473 931 Juda'os
503 875 647 930 lucri
672 876 880 944 faceres
908 889 932 937 ,'
956 879 1006 926 et
1037 872 1172 926 hanc
1198 871 1373 942 ipsam
1402 868 1807 924 simulationem
1827 866 1923 921 Ja-

254 954 419 1020 cobus
443 973 490 1019 et
512 965 689 1019 caeteri
715 972 764 1019 te
783 963 1004 1018 docuere
1027 960 1366 1032 presbyteri:
1394 958 1482 1014 sed
1501 964 1675 1012 tamen
1702 955 1923 1011 evadere

256 1071 365 1109 non
385 1055 633 1125 potuisti.
659 1053 796 1110 Orta
828 1052 970 1107 enim
998 1051 1259 1105 seditione
1288 1065 1405 1105 cum
1436 1046 1749 1103 occidendus
1765 1060 1921 1109 esses,

256 1151 455 1215 raptus
493 1160 545 1198 es
596 1161 631 1198 a
683 1142 925 1206 tribuno,
960 1147 1010 1196 et
1041 1139 1107 1193 ab
1135 1156 1191 1194 eo
1247 1139 1437 1193 missus
1468 1137 1787 1199 Caesaream,
1829 1133 1925 1189 sub

252 1232 498 1288 custodia
537 1232 779 1287 militum
816 1229 1088 1301 diligenti,
1132 1246 1194 1282 ne
1225 1236 1274 1283 te
1301 1227 1481 1282 Judaei
1506 1226 1661 1297 quasi
1699 1223 1923 1279 simula-

258 1329 429 1377 torem
482 1339 545 1377 ac
574 1322 967 1377 destructorem
1007 1318 1160 1389 Legis
1214 1317 1553 1380 occiderent;
1595 1322 1751 1386 atque
1800 1312 1923 1367 inde

262 1411 489 1468 Romam
535 1410 877 1483 perveniens,
911 1409 970 1463 in
1001 1407 1231 1477 hospitio
1268 1405 1406 1477 quod
1437 1405 1540 1459 tibi
1565 1404 1920 1467 conduxeras,

264 1500 545 1557 Christum
574 1506 626 1554 et
647 1499 852 1554 luditis
880 1505 930 1552 et
956 1496 1215 1551 Gentibus
1246 1494 1563 1568 pradicasti
1582 1510 1605 1551 .'
1636 1501 1690 1549 et
1718 1499 1923 1549 senten-

263 1590 348 1645 tia
379 1594 475 1645 tua
511 1589 751 1645 Neronis
772 1586 954 1659 gladio
977 1586 1295 1657 conﬁrmata
1323 1591 1395 1640 est
1432 1585 1577 1650 \Act.
1625 1599 1786 1649 xxm,
1830 1585 1919 1648 23,

260 1685 312 1735 et
351 1695 557 1743 nvm,
599 1681 682 1746 14,
711 1678 821 1748 30).

344 1768 427 1823 ii.
470 1766 783 1823 Didicimus
818 1764 955 1836 quod
993 1768 1219 1835 propter
1258 1768 1453 1817 metum
1490 1761 1827 1827 Judxorum,
1874 1767 1924 1816 et

262 1857 463 1912 Petrus
484 1862 533 1911 et
564 1853 771 1911 Paulus
794 1852 1079 1925 (equaliter
1106 1851 1373 1923 ﬁnxerint
1402 1867 1453 1905 se
1484 1850 1634 1921 Legis
1656 1858 1925 1921 pracepta

261 1963 501 2002 servare.
519 1945 634 2010 Qua
650 1944 822 2015 igitur
832 1946 1031 2013 fronte,
1053 1958 1156 2012 qua
1176 1940 1409 1995 audacia
1435 1938 1640 1994 Paulus
1663 1940 1717 1993 in
1749 1943 1922 1994 altero

263 2034 621 2107 reprehendat
648 2032 786 2106 quod
815 2033 926 2104 ipse
951 2030 1259 2087 commisit?
1283 2030 1412 2101 Ego,
1443 2031 1548 2083 imo
1566 2029 1678 2084 alii
1695 2037 1819 2084 ante
1844 2045 1922 2084 me

261 2130 626 2195 exposuerunt
662 2139 874 2177 causam
914 2137 1075 2193 quam
1109 2125 1459 2190 putaverant,
1490 2136 1593 2173 non
1627 2118 1923 2189 ofﬁciosum

262 2214 603 2269 mendacium
640 2210 994 2284 defendentes,
1030 2210 1167 2264 sicut
1210 2216 1269 2264 tu
1305 2208 1520 2274 scribis,
1555 2208 1643 2262 sed
1687 2208 1924 2263 docentes

261 2304 534 2359 honestam
578 2300 1026 2371 dispensationem
1056 2320 1077 2369 ;
1107 2304 1163 2353 ut
1196 2305 1243 2353 et
1284 2298 1663 2370 Apostolorum
1688 2298 1920 2369 pruden-

262 2394 403 2448 tiam
424 2391 873 2453 demonstrarent,
901 2394 950 2443 et
981 2387 1395 2459 blasphemantis
1427 2387 1727 2458 Porphyrii
1750 2388 1923 2459 impu-

262 2481 505 2536 dentiam
532 2486 853 2543 coercerent,
870 2478 964 2549 qui
984 2477 1203 2532 Petrum
1226 2484 1274 2531 et
1300 2475 1533 2531 Paulum
1560 2476 1769 2547 puerili
1785 2476 1923 2531 dicit

262 2572 413 2626 inter
443 2587 501 2625 se
525 2585 785 2641 pugnasse
808 2568 1100 2623 certamine
1122 2584 1140 2630 ;
1173 2568 1281 2621 imo
1311 2567 1571 2621 exarsisse
1598 2565 1828 2620 Paulum
1864 2566 1922 2620 in

264 2659 533 2715 invidiam
564 2660 831 2713 virtutum
856 2655 1096 2718 Petri.et
1121 2672 1179 2709 ea
1208 2654 1484 2726 scripsisse
1497 2655 1780 2724 jactanter
1803 2671 1921 2726 qua

259 2749 346 2805 vel
372 2766 482 2823 non
508 2746 715 2819 fecerit,
749 2745 829 2800 vel
866 2746 913 2799 si
939 2744 1147 2815 fecerit,
1176 2744 1481 2815 procaciter
1521 2744 1731 2815 fecerit,
1764 2743 1823 2798 id
1862 2744 1923 2798 in

259 2839 373 2893 alio
401 2834 810 2907 'reprehendens
852 2833 988 2905 quod
1027 2834 1136 2904 ipse
1173 2833 1516 2888 commiserit.
1560 2832 1923 2903 Interpretati

258 2933 388 2982 sunt
427 2925 524 2979 illi
551 2931 614 2980 ut
642 2930 938 2994 potuerunt
962 2939 981 2986 ;
1008 2930 1066 2978 tu
1095 2923 1345 2993 quomodo
1381 2921 1541 2977 istum
1574 2921 1741 2976 locum
1786 2921 1921 2976 edis-

258 3032 404 3071 seres
428 3015 458 3068 5’
507 3013 700 3084 Utique
739 3011 964 3066 meliora
1001 3010 1268 3077 dicturus,
1296 3011 1391 3082 qui
1428 3018 1658 3066 veterum
1707 3017 1923 3066 senten-

260 3107 402 3161 tiam
435 3102 758 3175 reprobasti.

337 3193 572 3249 CAPUT
612 3191 696 3245 ιν.
729 3220 799 3230 -
828 3190 913 3244 12.
940 3188 1149 3244 Scribis
1180 3188 1258 3243 ad
1286 3206 1363 3244 me
1386 3188 1444 3243 in
1474 3187 1699 3259 epistola
1724 3195 1817 3244 tua
1841 3189 1919 3262 (a)

268 3306 288 3333 ι
338 3283 522 3354 Neque
552 3282 694 3335 enim
724 3298 755 3334 a
787 3296 865 3335 me
894 3279 1153 3334 docendus
1191 3296 1262 3343 es,
1294 3278 1546 3350 quomodo
1578 3277 1922 3349 intelligatur

260 3372 403 3445 quod
418 3370 555 3425 idem
566 3370 850 3441 Apostolus
863 3369 1235 3434 dicit,Factus
1250 3368 1617 3423 sumludais
1634 3372 1921 3440 tamquam

264 3458 1267 3525 Judaus,utJudaoslucrifacerem
1290 3457 1330 3529 (l
1356 3458 1476 3513 Cor.
1505 3474 1582 3521 ιχ,
1611 3458 1721 3524 20),
1751 3464 1804 3511 et
1828 3474 1928 3513 cte-

266 3557 387 3605 tera
416 3565 535 3620 qua
582 3547 663 3602 ibi
704 3547 965 3602 dicuntur
993 3546 1347 3617 compassione
1376 3546 1785 3612 misericordia,
1818 3564 1929 3602 non

263 3638 615 3693 simulatione
644 3636 881 3707 fallacia
908 3638 949 3690 ¹.
973 3635 1070 3690 Fit
1092 3636 1232 3690 enim
1257 3643 1510 3707 tanquam
1541 3653 1695 3707 ager,
1711 3637 1807 3707 qui
1830 3637 1930 3690 mi-

263 3730 471 3782 nistrat
502 3732 729 3797 azgroto;
755 3742 856 3779 non
880 3740 998 3779 cum
1027 3741 1077 3778 se
1104 3724 1276 3793 febres
1310 3722 1499 3779 habere
1528 3725 1817 3789 mentitur,
1839 3724 1929 3779 sed

261 3834 385 3872 cum
415 3817 599 3871 animo
623 3814 948 3870 condolentis
974 3814 1170 3885 cogitat
1211 3813 1655 3885 quemadmodum
1685 3813 1790 3868 sibi
1816 3831 1925 3868 ser-

263 3907 384 3961 ciri
413 3905 568 3961 vellet
579 3905 661 3971 ,si
681 3906 793 3975 ipse
824 3908 1133 3974 aegrotaret.
1160 3902 1293 3957 Nam
1324 3904 1512 3974 utique
1536 3903 1754 3958 Judaus
1774 3910 1925 3961 erat:

266 3996 626 4052 Christianus
653 4000 829 4049 autem
872 3994 1068 4064 factus,
1098 4009 1201 4046 non
1243 3993 1557 4048 Iudaeorum
1586 4000 1927 4048 sacramenta

264 4087 588 4157 reliquerat,
625 4099 743 4155 qua
776 4082 1148 4138 convenienter
1193 4082 1289 4137 ille
1317 4083 1568 4154 populus,
1599 4089 1648 4137 et
1692 4082 1927 4153 legitimo

261 4182 501 4246 tempore
532 4190 632 4245 quo
661 4172 955 4245 oportebat,
987 4178 1261 4242 acceperat
1294 4189 1311 4225 :
1354 4170 1567 4242 ideoque
1595 4171 1821 4243 suscepit
1865 4188 1926 4226 ea

260 4262 588 4320 celebranda
615 4278 733 4317 cum
747 4263 863 4332 jam
898 4259 1111 4316 Christi
1140 4266 1267 4315 esset
1296 4261 1587 4332 apostolus,
1623 4268 1679 4317 ut
1718 4260 1925 4316 doceret

258 4371 372 4408 non
402 4370 511 4407 esse
537 4352 839 4423 perniciosa
865 4350 949 4405 his
968 4350 1063 4422 qui
1082 4367 1141 4404 ea
1168 4349 1377 4415 vellent,
1394 4352 1531 4405 sicut
1553 4367 1586 4403 a
1610 4350 1927 4420 parentibus

259 4461 362 4516 per
382 4443 569 4513 Legem
591 4448 920 4512 acceperant,
942 4439 1227 4503 custodire,
1242 4439 1405 4494 etiam
1425 4455 1543 4493 cum
1558 4440 1615 4493 in
1646 4438 1921 4495 Christum

258 4532 622 4588 credidissent
646 4553 667 4599 ,-
692 4547 798 4584 non
830 4536 1003 4584 tamen
1036 4528 1092 4582 in
1129 4528 1203 4581 eis
1228 4528 1341 4598 jam
1370 4530 1754 4583 constituerent
1784 4546 1923 4599 spem

255 4622 481 4685 salutis,
518 4621 770 4692 quoniam
805 4636 908 4691 per
946 4619 1232 4674 Dominum
1261 4618 1439 4673 Jesum
1466 4616 1612 4673 salus
1646 4618 1762 4689 ipsa
1807 4634 1925 4690 qua

260 4711 389 4767 illis
434 4710 785 4765 sacramentis
833 4708 1262 4780 signiﬁcabatur,
1313 4707 1621 4762 advenerat.
1665 4728 1692 4756 »
1742 4708 1927 4763 Totius

257 4800 528 4855 sermonis
552 4800 650 4863 tui,
672 4816 821 4870 quem
842 4798 1205 4869 disputatione
1235 4796 1543 4867 longissima
1570 4797 1923 4868 protraxisti,

262 4889 355 4944 hic
383 4904 571 4943 sensus
600 4895 675 4943 est
726 4894 784 4942 ut
815 4887 1008 4942 Petrus
1038 4904 1142 4941 non
1173 4886 1446 4941 erraverit
1479 4885 1539 4939 in
1580 4903 1636 4940 eo
1676 4886 1811 4957 quod
1841 4886 1927 4940 his

262 4980 359 5050 qui
386 4996 461 5033 ex
510 4976 715 5032 Iudicis
742 4975 1116 5041 crediderant,
1148 4975 1421 5046 putaverit
1455 4975 1636 5047 Legem
1683 4992 1786 5029 esse
1815 4992 1925 5029 ser-

266 5066 499 5120 vandam
530 5081 548 5130 ;
576 5063 665 5118 sed
696 5064 753 5117 in
783 5080 840 5118 eo
867 5081 900 5117 a
929 5062 1064 5118 recti
1096 5062 1238 5117 linea
1267 5061 1522 5128 deviarit,
1558 5062 1700 5134 quod
1733 5062 1924 5118 Gentes

264 5154 503 5227 coegerit
527 5152 837 5226 judaizare.
872 5150 1115 5223 Coegerit
1153 5158 1330 5206 autem
1362 5168 1467 5205 non
1497 5151 1731 5207 docentis
1762 5152 1925 5223 impe-

263 5246 378 5309 rio,
404 5243 495 5299 sed
521 5243 941 5299 conversationis
966 5241 1220 5313 exemplo.
1242 5240 1316 5296 Et
1344 5240 1550 5297 Paulus
1579 5258 1680 5296 non
1705 5258 1801 5297 con
1812 5247 1922 5297 tra-

332 5408 348 5435 ¹
385 5405 511 5454 Mss.
554 5406 675 5455 octo
724 5418 736 5452 :
785 5403 1150 5466 Compassions
1191 5401 1532 5465 misericordi,
1568 5416 1674 5454 non
1715 5402 1926 5455 simula-

264 5469 409 5519 tione
436 5467 642 5528 fallaci.

334 5537 405 5594 (a)
444 5532 608 5596 Epist.
636 5530 718 5588 60,
746 5542 803 5579 n.
835 5530 885 5579 ι.

1485 94 2003 172 Epts'romauu
2041 98 2330 175 cussrs
2372 115 2441 175 ιι.

3564 130 3673 189 258

2025 241 2117 297 r’ia
2144 244 2218 298 sit
2244 243 2448 300 locutus
2479 245 2565 301 his
2588 263 2705 318 qua
2736 248 2845 319 ipse
2874 258 3104 321 gesserat
3125 272 3144 323 ς
3168 252 3260 308 sed
3283 271 3451 326 quare
3482 255 3681 313 Petrus

2028 348 2109 386 eos
2137 334 2233 403 qui
2259 349 2331 389 ex
2358 334 2613 391 Gentibus
2637 346 2812 404 erant,
2832 340 3127 410 judaizare
3152 346 3521 415 compelleret.

2106 421 2188 476 13.
2228 424 2349 477 Hac
2393 442 2517 496 ergo
2547 442 2755 481 summa
2788 436 2863 483 est
2901 432 3228 500 quaestionis,
3262 433 3368 488 imo
3404 436 3684 491 sententia

2028 517 2156 578 tua,
2190 519 2248 566 ut
2277 520 2391 583 post
2432 515 2782 586 Evangelium
2814 518 3045 584 Christi,
3090 520 3215 575 bene
3252 521 3467 592 faciant
3504 523 3688 579 Judai

2026 600 2316 669 credentes,
2347 603 2398 656 si
2421 603 2575 674 Legis
2613 607 2871 661 mandata
2908 609 3253 679 custodiant;
3285 611 3375 666 hoc
3416 618 3491 667 est
3516 614 3565 666 si
3601 631 3687 669 sa-

2027 690 2233 759 criﬁcia
2274 691 2504 760 offerant
2542 711 2660 765 qua
2689 694 2881 750 obtulit
2914 696 3136 767 Paulus,
3170 699 3219 754 si
3241 698 3381 770 ﬁlios
3403 702 3686 757 circumci-

2026 778 2184 843 dant,
2214 780 2262 834 si
2289 780 2564 837 sabbatum
2610 792 2840 850 servent,
2870 794 2927 840 ut
2974 786 3180 842 Paulus
3211 791 3271 843 in
3318 791 3605 857 Timotheo,
3634 798 3683 847 et

2029 884 2206 923 omnes
2230 868 2568 926 observavere
2581 874 2785 927 Judai.
2802 873 2864 928 Si
2893 874 2988 929 hoc
3010 893 3194 931 verum
3218 886 3313 942 est,
3342 879 3399 933 in
3432 880 3685 935 Cerinthi

2028 964 2077 1012 et
2106 956 2337 1013 Ebionis
2362 959 2605 1016 haeresim
2635 962 2959 1029 delabimur,
2989 965 3088 1035 qui
3125 966 3392 1021 credentes
3423 969 3482 1021 in
3525 969 3685 1024 Chri—

2027 1053 2189 1111 stum,
2201 1055 2431 1118 propter
2448 1049 2718 1105 hocsolum
2740 1069 2773 1106 a
2788 1051 3038 1122 patribus
3060 1055 3516 1111 anathematizati
3532 1064 3681 1123 sunt,

2029 1137 2166 1207 quod
2190 1137 2681 1208 Legiscerimonias
2712 1142 2939 1197 Christi
2950 1144 3251 1214 Evangelio
3268 1147 3620 1212 miscuerunt,
3636 1154 3686 1202 et

2028 1226 2103 1279 sic
2134 1242 2269 1280 nova
2298 1228 2527 1296 confessi
2546 1236 2695 1297 sunt,
2729 1237 2787 1285 ut
2823 1238 3004 1285 vetera
3041 1249 3144 1287 non
3178 1236 3505 1289 omitterent.
3542 1235 3687 1301 Quid

2027 1314 2204 1370 dicam
2234 1316 2295 1370 de
2328 1316 2621 1383 Ebionitis,
2648 1320 2742 1390 qui
2777 1319 3116 1376 Christianos
3145 1340 3248 1377 esse
3285 1340 3337 1377 se
3376 1324 3688 1381 simulant?

2037 1403 2207 1475 Usque
2247 1405 2405 1460 hodie
2428 1424 2527 1477 per
2555 1414 2692 1462 totas
2714 1409 2955 1464 Orientis
2973 1427 3264 1482 synagogas
3299 1414 3449 1468 inter
3466 1413 3686 1469 Iudaeos

2028 1492 2243 1548 haresis
2264 1501 2362 1560 est,
2385 1512 2502 1565 qua
2528 1496 3074 1565 diciturMineorum,
3101 1509 3197 1555 eta
3222 1502 3519 1557 Pharisais
3544 1519 3686 1559 nunc

2031 1598 2193 1652 usque
2217 1582 2528 1649 damnatur,
2571 1603 2699 1656 quos
2725 1586 2880 1657 vulgo
2904 1588 3195 1643 Nazara'os
3219 1597 3553 1661 nuncupant,
3585 1590 3682 1664 qui

2027 1671 2252 1726 credunt
2272 1673 2329 1726 in
2344 1672 2622 1729 Christum
2640 1675 2847 1730 Filium
2860 1676 2982 1743 Dei,
2992 1684 3175 1733 natum
3188 1678 3252 1734 de
3264 1680 3475 1749 virgine
3486 1680 3687 1746 Maria;

2027 1764 2077 1813 et
2112 1776 2227 1813 eum
2253 1760 2440 1815 dicunt
2461 1778 2583 1826 esse,
2614 1763 2719 1833 qui
2743 1763 2840 1818 sub
2860 1767 3060 1819 Pontio
3089 1765 3276 1821 Pilato
3295 1784 3481 1838 passus
3509 1774 3605 1836 est,
3634 1774 3686 1823 et

2029 1850 2357 1915 resurrexit,
2388 1851 2447 1905 in
2466 1868 2618 1921 quem
2646 1860 2695 1907 et
2720 1870 2815 1907 nos
2838 1853 3145 1910 credimus:
3168 1856 3257 1910 sed
3274 1856 3400 1911 dum
3426 1856 3610 1911 volunt
3634 1862 3687 1911 et

2025 1936 2210 1992 Judai
2227 1956 2331 1993 esse
2347 1946 2395 1994 et
2424 1940 2758 2007 Christiani,
2778 1958 2871 1997 nec
2886 1943 3069 1997 Judan'
3087 1950 3213 1999 sunt
3235 1962 3331 2000 nec
3344 1945 3681 2001 Christiani.

2030 2026 2141 2081 Oro
2165 2043 2291 2097 ergo
2316 2035 2365 2083 te
2392 2037 2472 2092 ut,
2498 2030 2592 2101 qui
2619 2039 2800 2085 nostro
2829 2032 3141 2087 vulnusculo
3161 2035 3471 2089 medendum
3496 2042 3681 2106 putas,

2028 2116 2166 2187 quod
2188 2133 2288 2171 acu
2314 2118 2580 2187 foratum,
2610 2120 2717 2174 imo
2741 2128 3018 2191 punctum,
3046 2130 3105 2177 ut
3131 2122 3362 2188 dicitur,
3379 2123 3539 2194 hujus
3568 2141 3682 2178 sen-

2028 2207 2212 2260 tentia
2238 2207 2499 2262 medearis
2525 2208 2758 2271 vulneri,
2788 2209 2924 2280 quod
2955 2212 3161 2275 lancea,
3190 2216 3260 2277 et,
3293 2219 3351 2267 ut
3379 2212 3458 2267 ita
3477 2212 3681 2280 dicam,

2022 2294 2345 2364 phalarica
2363 2297 2442 2367 (a)
2466 2298 2608 2352 mole
2624 2315 2934 2369 percussum
2949 2308 3048 2354 est.
3074 2300 3256 2371 Neque
3281 2301 3426 2356 enim
3436 2301 3681 2371 ejusdem

2027 2389 2105 2437 est
2116 2384 2365 2439 criminis
2379 2386 2437 2439 in
2451 2385 2834 2456 explanatione
2852 2388 3279 2459 Scripturarum
3304 2390 3547 2445 diversas
3568 2406 3683 2445 ma-

2018 2471 2207 2542 jorum
2260 2475 2552 2530 sententias
2587 2492 2807 2546 ponere,
2852 2484 2900 2531 et
2942 2478 3190 2533 haeresim
3217 2478 3681 2535 sceleratissimam

2028 2578 2251 2617 rursum
2268 2563 2327 2618 in
2347 2563 2659 2620 Ecclesium
2677 2565 3038 2622 introducere.
3072 2566 3169 2621 Sin
3198 2574 3377 2623 autem
3396 2569 3502 2624 hac
3531 2568 3685 2624 nobis

2028 2650 2290 2707 incumbit
2312 2656 2610 2720 necessitas,
2631 2662 2691 2709 ut
2716 2654 2929 2709 Iudaeos
2945 2672 3061 2712 cum
3087 2655 3344 2728 legitimis
3370 2660 3487 2713 suis
3510 2658 3683 2713 susci-

2026 2740 2260 2811 piamus,
2289 2748 2337 2796 et
2368 2741 2548 2797 licebit
2574 2745 2653 2799 eis
2671 2743 2949 2799 observare
2972 2746 3032 2799 in
3052 2746 3289 2801 ecclesiis
3311 2746 3525 2802 Christi
3541 2747 3681 2818 quod

2027 2839 2385 2886 exercuerunt
2400 2833 2456 2886 in
2467 2849 2527 2901 sy
2534 2833 2749 2903 nagogis
2760 2842 2984 2901 satana,
2999 2834 3174 2890 dicam
3186 2836 3329 2906 quod
3339 2837 3510 2892 sentio
3525 2857 3545 2893 :
3577 2854 3685 2893 non

2026 2918 2119 2975 illi
2150 2920 2461 2976 Christiani
2482 2923 2632 2993 ﬁent,
2665 2923 2753 2977 sed
2782 2940 2876 2977 nos
2911 2923 3126 2979 Judxos
3153 2926 3370 2994 facient.

2101 3010 2191 3064 14.
2239 3010 2371 3076 Quis
2400 3011 2541 3065 enim
2568 3012 2661 3066 hoc
2691 3011 3134 3067 Christianorum
3162 3014 3434 3083 patienter
3461 3015 3676 3081 audiat,

2026 3097 2164 3168 quod
2181 3098 2238 3152 in
2264 3105 2358 3153 tua
2379 3100 2602 3170 epistola
2620 3102 2967 3155 continetur:
2990 3119 3018 3151 «
3044 3101 3263 3155 Judaus
3287 3110 3405 3158 erat
3427 3102 3633 3158 Paulus
3664 3124 3689 3174 ,-

2029 3186 2381 3243 Christianus
2411 3196 2588 3243 autem
2616 3190 2812 3260 factus,
2856 3207 2959 3244 non
2997 3189 3308 3246 Judaorum
3338 3200 3677 3247 sacramenta

2028 3277 2350 3348 reliquerat,
2399 3295 2513 3349 qua
2540 3280 2908 3333 convenienter
2940 3279 3032 3334 ille
3057 3266 3306 3351 populus,
3352 3288 3400 3337 et
3442 3282 3681 3353 legitimo

2031 3370 2258 3436 tempore
2295 3382 2396 3437 quo
2422 3366 2715 3436 oportebat,
2746 3375 3020 3437 acceperat
3051 3385 3069 3423 :
3102 3368 3317 3441 ideoque
3340 3371 3573 3442 suscepit
3602 3388 3684 3426 ce-

2035 3453 2298 3510 lebranda
2320 3473 2382 3510 ea
2409 3473 2528 3511 cum
2546 3457 2666 3527 jam
2694 3456 2903 3513 Christi
2929 3466 3054 3513 esset
3080 3460 3371 3529 apostolus,
3392 3466 3454 3515 ut
3474 3460 3683 3517 doceret

2033 3562 2139 3599 non
2152 3562 2256 3600 esse
2279 3547 2581 3613 perniciosa
2596 3546 2679 3601 his
2706 3547 2801 3618 qui
2826 3564 2885 3601 ea
2914 3547 3123 3617 vellent,
3148 3551 3333 3604 sicula
3355 3550 3681 3620 parentibus

2028 3651 2128 3706 per
2153 3635 2348 3706 Legem
2368 3642 2695 3706 acceperant,
2729 3636 3016 3691 custodire.
3042 3657 3069 3687 »
3100 3637 3337 3693 Rursum
3371 3638 3587 3695 obsecro
3612 3646 3681 3703 te,

2034 3731 2092 3778 ut
2136 3740 2261 3793 pace
2285 3730 2382 3779 tua
2417 3740 2590 3779 meum
2623 3724 2856 3779 dolorem
2887 3725 3100 3781 audias.
3132 3726 3444 3782 Iudaeorum
3473 3727 3681 3783 Paulus

2031 3813 2355 3867 cerimonias
2381 3812 2709 3879 observabat,
2743 3829 2861 3868 cum
2880 3813 3000 3882 jam
3032 3814 3239 3869 Christi
3268 3832 3371 3870 esse
3391 3816 3679 3887 apostolus,

2031 3909 2081 3957 ct
2114 3902 2253 3957 dicis
2286 3926 2306 3952 ι
2350 3919 2435 3956 eas
2464 3919 2571 3956 non
2600 3918 2704 3957 esse
2729 3903 3058 3972 perniciosas
3095 3904 3179 3957 his
3205 3903 3302 3974 qui
3341 3921 3427 3958 eas
3464 3903 3680 3971 vellent,

2029 3990 2173 4046 sicut
2198 4009 2231 4045 a
2259 3990 2575 4061 parentibus
2604 3998 2936 4062 acceperant,
2964 3991 3259 4049 custodire.
3302 4013 3330 4044 »
3364 3994 3479 4065 Ego
3504 4011 3529 4048 e
3561 4010 3683 4049 con-

2034 4081 2219 4136 trario
2232 4082 2444 4153 loquar,
2463 4088 2511 4135 et
2529 4080 2860 4136 reclamante
2881 4081 3103 4145 mundo,
3120 4080 3291 4136 libera
3315 4099 3684 4154 vocepronun-

2031 4171 2178 4236 tiem,
2210 4170 2527 4225 cerimonias
2556 4169 2865 4225 Iudaeorum
2890 4177 2938 4225 et
2954 4172 3288 4241 perniciosas
3316 4189 3440 4233 esse,
3464 4178 3513 4226 et
3543 4189 3685 4227 more

2032 4260 2223 4329 tiferas
2250 4259 2589 4315 Christianis
2612 4266 2695 4325 ;et
2723 4260 3042 4330 quicumque
3068 4276 3157 4315 eas
3171 4260 3550 4327 observaverit,
3573 4261 3686 4317 sive

2030 4366 2097 4404 ex
2119 4348 2355 4415 Judais,
2377 4348 2485 4403 sive
2510 4366 2577 4403 ex
2605 4348 2880 4414 Gentibus,
2905 4366 3021 4404 eum
3048 4350 3103 4403 in
3129 4348 3454 4405 barathrum
3480 4349 3697 4404 diaboli:

2030 4438 2357 4493 devolutum.
2384 4457 2412 4489 (ι
2440 4437 2600 4492 Finis
2624 4437 2767 4492 enim
2806 4438 2966 4508 Legis
2996 4438 3273 4503 Christus,
3305 4439 3377 4492 ad
3395 4438 3680 4507 justitiam

2029 4529 2177 4583 omni
2198 4528 2456 4592 credenti,
2486 4527 2678 4582 Judxo
2701 4526 2907 4581 scilicet
2925 4534 2971 4582 et
3001 4527 3214 4583 Gentili
3244 4550 3272 4577 »ι
3296 4528 3469 4599 (Rom.
3504 4545 3558 4595 ι,
3591 4531 3646 4601 4)
3664 4550 3685 4598 ;

2030 4632 2192 4687 neque
2239 4615 2384 4670 enim
2416 4615 2564 4670 omni
2600 4614 2839 4670 credenti
2877 4616 2984 4670 erit
3022 4616 3151 4686 ﬁnis
3185 4615 3259 4670 ad
3287 4617 3595 4686 justitiam,
3635 4616 3688 4671 si

2029 4705 2256 4761 Iudaeus
2284 4705 2579 4775 excipitur.
2608 4705 2682 4759 Et
2710 4708 2770 4758 in
2801 4704 3098 4775 Evangelio
3131 4706 3355 4777 legimus
3385 4725 3405 4761 :
3442 4726 3469 4757 ι
3496 4707 3611 4761 Lex
3635 4713 3687 4762 et

2030 4795 2313 4866 Propheta
2352 4810 2512 4865 usque
2541 4794 2611 4848 ad
2639 4793 2897 4849 Joannem
2942 4794 3240 4865 Baptistam
3274 4817 3299 4847 ι
3344 4796 3567 4867 (Matth.
3600 4811 3682 4861 χι,

2037 4887 2120 4949 13,
2152 4891 2203 4939 et
2236 4884 2363 4939 Luc.
2390 4882 2639 4954 xv1,16).
2676 4903 2703 4935 ‹‹
2726 4883 2798 4938 Et
2832 4883 2891 4937 in
2918 4883 3030 4939 alio
3057 4885 3163 4940 loco
3192 4902 3208 4939 :
3235 4888 3526 4956 Propterea
3559 4901 3687 4954 ergo

2030 4975 2201 5044 magis
2215 4972 2521 5044 quarebant
2542 4990 2659 5028 eum
2674 4972 2857 5027 Judaei
2881 4971 3205 5045 interﬁcere,
3224 4974 3359 5045 quia
3380 4991 3486 5028 non
3513 4972 3684 5027 solum

2028 5062 2258 5119 solvebat
2295 5062 2594 5128 sabbatum,
2644 5062 2731 5117 sed
2781 5069 2830 5117 et
2876 5064 3087 5118 Patrem
3126 5080 3281 5118 suum
3317 5062 3522 5116 dicebat
3572 5077 3676 5116 esse

2032 5152 2219 5217 Deum,
2252 5153 2505 5222 aqualem
2531 5168 2583 5206 se
2609 5151 2812 5223 faciens
2841 5152 2954 5208 Deo
2985 5172 3012 5203 »
3047 5152 3226 5222 (Joan.
3257 5167 3308 5218 ν,
3348 5149 3454 5221 18).
3481 5150 3553 5204 Et
3580 5150 3691 5205 ite-1

2030 5259 2154 5297 rum
2192 5263 2210 5295 :
2245 5262 2269 5293 α
2302 5242 2380 5296 De
2403 5240 2746 5312 plenitudine
2783 5242 2896 5311 ejus
2934 5256 3025 5295 nos
3053 5256 3228 5294 omnes
3266 5240 3589 5311 accepimus,
3621 5245 3687 5296 et

2093 5401 2463 5467 (“Pholus-ica.
2495 5414 2665 5467 genus
2712 5400 2801 5449 teli
2845 5404 2941 5467 est.
2974 5400 3062 5467 ξι),
3098 5399 3317 5467 modum
3352 5400 3519 5451 hasta
3550 5414 3680 5467 prai-

2028 5462 2217 5529 gratidi
2242 5466 2381 5515 ferro
2408 5462 2692 5529 munitum,
2716 5462 2860 5529 quod
2880 5462 3149 5529 tortilibus
3165 5465 3462 5529 nervismut
3482 5462 3679 5517 michi-

2030 5526 2103 5581 ᾖα
2135 5528 2371 5593 quadam
2402 5527 2591 5577 bellica
2616 5539 2813 5589 magno
2843 5526 3045 5590 impetu
3077 5526 3406 5584 mittebatur.
