  <div class='ocr_page' id='page_1' title='image "/cluster/home/n/w/nwhite01/storage/ocr_20150623/33/hvd.32044096580568/127.png"; bbox 0 0 4040 6174; ppageno 0'>
   <div class='ocr_carea' id='block_1_1' title="bbox 338 118 449 177">
    <p class='ocr_par' dir='ltr' id='par_1_1' title="bbox 338 118 449 177">
     <span class='ocr_line' id='line_1_1' title="bbox 338 118 449 177; baseline 0.027 -3"><span class='ocrx_word' id='word_1_1' title='bbox 338 118 449 177; x_wconf 76' lang='lat'><strong><em>259</em></strong></span> 
     </span>
    </p>
   </div>
   <div class='ocr_carea' id='block_1_2' title="bbox 337 226 1994 318">
    <p class='ocr_par' dir='ltr' id='par_1_2' title="bbox 337 226 1994 318">
     <span class='ocr_line' id='line_1_2' title="bbox 337 226 1994 318; baseline -0.016 -14"><span class='ocrx_word' id='word_1_2' title='bbox 337 247 579 318; x_wconf 86' lang='lat' dir='ltr'><strong><em>gratiam</em></strong></span> <span class='ocrx_word' id='word_1_3' title='bbox 604 260 707 316; x_wconf 83' lang='lat' dir='ltr'><strong><em>pro</em></strong></span> <span class='ocrx_word' id='word_1_4' title='bbox 741 240 945 316; x_wconf 89' lang='lat' dir='ltr'><strong><em>gratia,</em></strong></span> <span class='ocrx_word' id='word_1_5' title='bbox 986 238 1120 310; x_wconf 90' lang='lat' dir='ltr'><strong><em>quia</em></strong></span> <span class='ocrx_word' id='word_1_6' title='bbox 1158 233 1271 291; x_wconf 76' lang='lat' dir='ltr'><strong><em>Lee:</em></strong></span> <span class='ocrx_word' id='word_1_7' title='bbox 1304 246 1402 304; x_wconf 84' lang='lat' dir='ltr'><strong><em>per</em></strong></span> <span class='ocrx_word' id='word_1_8' title='bbox 1438 227 1652 301; x_wconf 77' lang='lat' dir='ltr'><strong><em>Moysen</em></strong></span> <span class='ocrx_word' id='word_1_9' title='bbox 1690 226 1819 318; x_wconf 87' lang='lat' dir='ltr'><strong><em>data</em></strong></span> <span class='ocrx_word' id='word_1_10' title='bbox 1866 229 1939 318; x_wconf 84' lang='lat' dir='ltr'><strong><em>est</em></strong></span> <span class='ocrx_word' id='word_1_11' title='bbox 1970 241 1994 293; x_wconf 77' lang='lat'><strong><em>,-</em></strong></span> 
     </span>
    </p>
   </div>
   <div class='ocr_carea' id='block_1_3' title="bbox 342 316 1988 398">
    <p class='ocr_par' dir='ltr' id='par_1_3' title="bbox 342 316 1988 398">
     <span class='ocr_line' id='line_1_3' title="bbox 342 316 1988 398; baseline -0.017 -4"><span class='ocrx_word' id='word_1_12' title='bbox 342 316 535 398; x_wconf 76' lang='lat' dir='ltr'><strong><em>Cratia</em></strong></span> <span class='ocrx_word' id='word_1_13' title='bbox 554 342 731 391; x_wconf 92' lang='lat' dir='ltr'><strong><em>autem</em></strong></span> <span class='ocrx_word' id='word_1_14' title='bbox 753 340 802 388; x_wconf 90' lang='lat' dir='ltr'><strong><em>et</em></strong></span> <span class='ocrx_word' id='word_1_15' title='bbox 832 330 1033 386; x_wconf 73' lang='lat' dir='ltr'><strong><em>veritas</em></strong></span> <span class='ocrx_word' id='word_1_16' title='bbox 1057 342 1156 398; x_wconf 90' lang='lat' dir='ltr'><strong><em>per</em></strong></span> <span class='ocrx_word' id='word_1_17' title='bbox 1168 325 1353 380; x_wconf 98' lang='lat' dir='ltr'><strong><em>Iesum</em></strong></span> <span class='ocrx_word' id='word_1_18' title='bbox 1382 320 1664 377; x_wconf 84' lang='lat' dir='ltr'><strong><em>Christum</em></strong></span> <span class='ocrx_word' id='word_1_19' title='bbox 1687 317 1834 388; x_wconf 91' lang='lat' dir='ltr'><strong><em>facta</em></strong></span> <span class='ocrx_word' id='word_1_20' title='bbox 1860 316 1937 368; x_wconf 90' lang='lat' dir='ltr'><strong><em>est</em></strong></span> <span class='ocrx_word' id='word_1_21' title='bbox 1968 334 1988 362; x_wconf 78' lang='grc' dir='ltr'><strong><em>ι</em></strong></span> 
     </span>
    </p>
   </div>
   <div class='ocr_carea' id='block_1_4' title="bbox 342 405 1992 496">
    <p class='ocr_par' dir='ltr' id='par_1_4' title="bbox 342 405 1992 496">
     <span class='ocr_line' id='line_1_4' title="bbox 342 405 1992 496; baseline -0.016 -15"><span class='ocrx_word' id='word_1_22' title='bbox 342 425 509 496; x_wconf 87' lang='lat' dir='ltr'><strong><em>(Ibid.</em></strong></span> <span class='ocrx_word' id='word_1_23' title='bbox 546 440 588 490; x_wconf 87' lang='grc' dir='ltr'><strong><em>ι,</em></strong></span> <span class='ocrx_word' id='word_1_24' title='bbox 618 428 698 487; x_wconf 79' lang='grc'><strong><em>16,</em></strong></span> <span class='ocrx_word' id='word_1_25' title='bbox 740 423 843 492; x_wconf 81' lang='grc'><strong>17).</strong></span> <span class='ocrx_word' id='word_1_26' title='bbox 873 420 983 473; x_wconf 85' lang='lat' dir='ltr'><strong><em>Pro</em></strong></span> <span class='ocrx_word' id='word_1_27' title='bbox 1012 415 1165 487; x_wconf 88' lang='lat' dir='ltr'><strong><em>Legis</em></strong></span> <span class='ocrx_word' id='word_1_28' title='bbox 1184 412 1370 486; x_wconf 90' lang='lat' dir='ltr'><strong><em>gratia</em></strong></span> <span class='ocrx_word' id='word_1_29' title='bbox 1398 427 1515 482; x_wconf 74' lang='lat' dir='ltr'><strong><em>quae</em></strong></span> <span class='ocrx_word' id='word_1_30' title='bbox 1543 405 1844 479; x_wconf 66' lang='lat' dir='ltr'><strong><em>praeteriit,</em></strong></span> <span class='ocrx_word' id='word_1_31' title='bbox 1870 418 1992 496; x_wconf 81' lang='lat' dir='ltr'><strong><em>gra-</em></strong></span> 
     </span>
    </p>
   </div>
   <div class='ocr_carea' id='block_1_5' title="bbox 344 491 1996 582">
    <p class='ocr_par' dir='ltr' id='par_1_5' title="bbox 344 491 1996 582">
     <span class='ocr_line' id='line_1_5' title="bbox 344 491 1996 582; baseline -0.015 -13"><span class='ocrx_word' id='word_1_32' title='bbox 344 491 475 569; x_wconf 81' lang='lat' dir='ltr'><strong><em>tiam</em></strong></span> <span class='ocrx_word' id='word_1_33' title='bbox 504 510 790 582; x_wconf 75' lang='lat' dir='ltr'><strong><em>Evangelii</em></strong></span> <span class='ocrx_word' id='word_1_34' title='bbox 813 506 1110 577; x_wconf 87' lang='lat' dir='ltr'><strong><em>accepimus</em></strong></span> <span class='ocrx_word' id='word_1_35' title='bbox 1139 505 1535 575; x_wconf 75' lang='lat' dir='ltr'><strong><em>permanentem</em></strong></span> <span class='ocrx_word' id='word_1_36' title='bbox 1560 518 1580 567; x_wconf 86' lang='lat'><strong><em>;</em></strong></span> <span class='ocrx_word' id='word_1_37' title='bbox 1603 503 1652 551; x_wconf 91' lang='lat' dir='ltr'><strong><em>et</em></strong></span> <span class='ocrx_word' id='word_1_38' title='bbox 1664 512 1764 567; x_wconf 91' lang='lat' dir='ltr'><strong><em>pro</em></strong></span> <span class='ocrx_word' id='word_1_39' title='bbox 1788 491 1996 549; x_wconf 88' lang='lat' dir='ltr'><strong><em>umbris</em></strong></span> 
     </span>
    </p>
   </div>
   <div class='ocr_carea' id='block_1_6' title="bbox 340 583 1995 671">
    <p class='ocr_par' dir='ltr' id='par_1_6' title="bbox 340 583 1995 671">
     <span class='ocr_line' id='line_1_6' title="bbox 340 583 1995 671; baseline -0.013 -15"><span class='ocrx_word' id='word_1_40' title='bbox 340 610 391 656; x_wconf 90' lang='lat' dir='ltr'><strong><em>et</em></strong></span> <span class='ocrx_word' id='word_1_41' title='bbox 430 599 759 671; x_wconf 73' lang='lat' dir='ltr'><strong><em>imaginibus</em></strong></span> <span class='ocrx_word' id='word_1_42' title='bbox 800 596 996 652; x_wconf 89' lang='lat' dir='ltr'><strong><em>veteris</em></strong></span> <span class='ocrx_word' id='word_1_43' title='bbox 1026 591 1408 655; x_wconf 85' lang='lat' dir='ltr'><strong><em>Instrumenti,</em></strong></span> <span class='ocrx_word' id='word_1_44' title='bbox 1444 589 1646 643; x_wconf 86' lang='lat' dir='ltr'><strong><em>veritas</em></strong></span> <span class='ocrx_word' id='word_1_45' title='bbox 1672 602 1769 656; x_wconf 87' lang='lat' dir='ltr'><strong><em>per</em></strong></span> <span class='ocrx_word' id='word_1_46' title='bbox 1814 583 1995 637; x_wconf 89' lang='lat' dir='ltr'><strong><em>Iesum</em></strong></span> 
     </span>
    </p>
   </div>
   <div class='ocr_carea' id='block_1_7' title="bbox 343 671 1994 757">
    <p class='ocr_par' dir='ltr' id='par_1_7' title="bbox 343 671 1994 757">
     <span class='ocr_line' id='line_1_7' title="bbox 343 671 1994 757; baseline -0.015 -10"><span class='ocrx_word' id='word_1_47' title='bbox 343 689 615 747; x_wconf 73' lang='lat' dir='ltr'><strong><em>Christum</em></strong></span> <span class='ocrx_word' id='word_1_48' title='bbox 646 691 793 757; x_wconf 83' lang='lat' dir='ltr'><strong><em>facta</em></strong></span> <span class='ocrx_word' id='word_1_49' title='bbox 810 693 906 741; x_wconf 88' lang='lat' dir='ltr'><strong><em>est.</em></strong></span> <span class='ocrx_word' id='word_1_50' title='bbox 922 683 1187 740; x_wconf 89' lang='lat' dir='ltr'><strong><em>Ieremias</em></strong></span> <span class='ocrx_word' id='word_1_51' title='bbox 1205 696 1403 753; x_wconf 89' lang='lat' dir='ltr'><strong><em>quoque</em></strong></span> <span class='ocrx_word' id='word_1_52' title='bbox 1428 695 1494 733; x_wconf 76' lang='lat' dir='ltr'><strong><em>ea:</em></strong></span> <span class='ocrx_word' id='word_1_53' title='bbox 1518 690 1745 748; x_wconf 75' lang='lat' dir='ltr'><strong><em>persona</em></strong></span> <span class='ocrx_word' id='word_1_54' title='bbox 1769 671 1872 727; x_wconf 88' lang='lat' dir='ltr'><strong><em>Dei</em></strong></span> <span class='ocrx_word' id='word_1_55' title='bbox 1899 686 1994 724; x_wconf 89' lang='lat' dir='ltr'><strong><em>va-</em></strong></span> 
     </span>
    </p>
   </div>
   <div class='ocr_carea' id='block_1_8' title="bbox 343 765 1997 835">
    <p class='ocr_par' dir='ltr' id='par_1_8' title="bbox 343 765 1997 835">
     <span class='ocr_line' id='line_1_8' title="bbox 343 765 1997 835; baseline -0.011 -2"><span class='ocrx_word' id='word_1_56' title='bbox 343 777 613 834; x_wconf 85' lang='lat' dir='ltr'><strong><em>ticinatur</em></strong></span> <span class='ocrx_word' id='word_1_57' title='bbox 643 795 660 833; x_wconf 89' lang='lat'><strong><em>:</em></strong></span> <span class='ocrx_word' id='word_1_58' title='bbox 690 799 716 827; x_wconf 78' lang='lat'><strong>«</strong></span> <span class='ocrx_word' id='word_1_59' title='bbox 740 776 877 832; x_wconf 88' lang='lat' dir='ltr'><strong><em>Ecce</em></strong></span> <span class='ocrx_word' id='word_1_60' title='bbox 897 774 1014 829; x_wconf 88' lang='lat' dir='ltr'><strong><em>dies</em></strong></span> <span class='ocrx_word' id='word_1_61' title='bbox 1040 774 1285 835; x_wconf 86' lang='lat' dir='ltr'><strong><em>veniunt,</em></strong></span> <span class='ocrx_word' id='word_1_62' title='bbox 1317 768 1451 823; x_wconf 77' lang='lat' dir='ltr'><strong><em>dicit</em></strong></span> <span class='ocrx_word' id='word_1_63' title='bbox 1485 765 1768 828; x_wconf 86' lang='lat' dir='ltr'><strong><em>Dominus,</em></strong></span> <span class='ocrx_word' id='word_1_64' title='bbox 1790 768 1840 816; x_wconf 90' lang='lat' dir='ltr'><strong><em>et</em></strong></span> <span class='ocrx_word' id='word_1_65' title='bbox 1872 776 1997 815; x_wconf 88' lang='lat' dir='ltr'><strong><em>con-</em></strong></span> 
     </span>
    </p>
   </div>
   <div class='ocr_carea' id='block_1_9' title="bbox 334 855 1995 923">
    <p class='ocr_par' dir='ltr' id='par_1_9' title="bbox 334 855 1995 923">
     <span class='ocr_line' id='line_1_9' title="bbox 334 855 1995 923; baseline -0.012 0"><span class='ocrx_word' id='word_1_66' title='bbox 334 866 607 923; x_wconf 90' lang='lat' dir='ltr'><strong><em>summabo</em></strong></span> <span class='ocrx_word' id='word_1_67' title='bbox 652 866 839 921; x_wconf 82' lang='lat' dir='ltr'><strong><em>domui</em></strong></span> <span class='ocrx_word' id='word_1_68' title='bbox 882 862 1055 919; x_wconf 88' lang='lat' dir='ltr'><strong><em>Israel</em></strong></span> <span class='ocrx_word' id='word_1_69' title='bbox 1104 868 1152 917; x_wconf 91' lang='lat' dir='ltr'><strong><em>et</em></strong></span> <span class='ocrx_word' id='word_1_70' title='bbox 1206 860 1392 915; x_wconf 83' lang='lat' dir='ltr'><strong><em>domui</em></strong></span> <span class='ocrx_word' id='word_1_71' title='bbox 1435 855 1582 913; x_wconf 87' lang='lat' dir='ltr'><strong><em>Iuda</em></strong></span> <span class='ocrx_word' id='word_1_72' title='bbox 1622 856 1995 910; x_wconf 83' lang='lat' dir='ltr'><strong><em>testamentum</em></strong></span> 
     </span>
    </p>
   </div>
   <div class='ocr_carea' id='block_1_10' title="bbox 342 940 1997 1022">
    <p class='ocr_par' dir='ltr' id='par_1_10' title="bbox 342 940 1997 1022">
     <span class='ocr_line' id='line_1_10' title="bbox 342 940 1997 1022; baseline -0.011 -10"><span class='ocrx_word' id='word_1_73' title='bbox 342 972 541 1012; x_wconf 89' lang='lat' dir='ltr'><strong><em>novum</em></strong></span> <span class='ocrx_word' id='word_1_74' title='bbox 572 972 719 1022; x_wconf 80' lang='lat' dir='ltr'><strong><em>;non</em></strong></span> <span class='ocrx_word' id='word_1_75' title='bbox 742 954 1029 1009; x_wconf 87' lang='lat' dir='ltr'><strong><em>secundum</em></strong></span> <span class='ocrx_word' id='word_1_76' title='bbox 1053 956 1425 1007; x_wconf 85' lang='lat' dir='ltr'><strong><em>testamentum</em></strong></span> <span class='ocrx_word' id='word_1_77' title='bbox 1454 944 1591 1017; x_wconf 87' lang='lat' dir='ltr'><strong><em>quod</em></strong></span> <span class='ocrx_word' id='word_1_78' title='bbox 1634 940 1876 1013; x_wconf 83' lang='lat' dir='ltr'><strong><em>disposui</em></strong></span> <span class='ocrx_word' id='word_1_79' title='bbox 1898 956 1997 1010; x_wconf 85' lang='lat' dir='ltr'><strong><em>pa-</em></strong></span> 
     </span>
    </p>
   </div>
   <div class='ocr_carea' id='block_1_11' title="bbox 342 1035 1991 1113">
    <p class='ocr_par' dir='ltr' id='par_1_11' title="bbox 342 1035 1991 1113">
     <span class='ocr_line' id='line_1_11' title="bbox 342 1035 1991 1113; baseline -0.012 -13"><span class='ocrx_word' id='word_1_80' title='bbox 342 1046 522 1101; x_wconf 87' lang='lat' dir='ltr'><strong><em>tribus</em></strong></span> <span class='ocrx_word' id='word_1_81' title='bbox 544 1062 753 1112; x_wconf 86' lang='lat' dir='ltr'><strong><em>eorum,</em></strong></span> <span class='ocrx_word' id='word_1_82' title='bbox 771 1043 831 1097; x_wconf 88' lang='lat' dir='ltr'><strong><em>in</em></strong></span> <span class='ocrx_word' id='word_1_83' title='bbox 851 1043 938 1097; x_wconf 91' lang='lat' dir='ltr'><strong><em>die</em></strong></span> <span class='ocrx_word' id='word_1_84' title='bbox 954 1041 1173 1113; x_wconf 84' lang='lat' dir='ltr'><strong><em>quando</em></strong></span> <span class='ocrx_word' id='word_1_85' title='bbox 1195 1035 1527 1109; x_wconf 83' lang='lat' dir='ltr'><strong><em>apprehendi</em></strong></span> <span class='ocrx_word' id='word_1_86' title='bbox 1540 1048 1762 1089; x_wconf 89' lang='lat' dir='ltr'><strong><em>manum</em></strong></span> <span class='ocrx_word' id='word_1_87' title='bbox 1785 1044 1991 1085; x_wconf 89' lang='lat' dir='ltr'><strong><em>eorum.</em></strong></span> 
     </span>
    </p>
   </div>
   <div class='ocr_carea' id='block_1_12' title="bbox 340 1119 1991 1200">
    <p class='ocr_par' dir='ltr' id='par_1_12' title="bbox 340 1119 1991 1200">
     <span class='ocr_line' id='line_1_12' title="bbox 340 1119 1991 1200; baseline -0.012 -8"><span class='ocrx_word' id='word_1_88' title='bbox 340 1143 401 1192; x_wconf 87' lang='lat' dir='ltr'><strong><em>ut</em></strong></span> <span class='ocrx_word' id='word_1_89' title='bbox 432 1136 712 1190; x_wconf 84' lang='lat' dir='ltr'><strong><em>educerem</em></strong></span> <span class='ocrx_word' id='word_1_90' title='bbox 741 1150 822 1189; x_wconf 89' lang='lat' dir='ltr'><strong><em>eos</em></strong></span> <span class='ocrx_word' id='word_1_91' title='bbox 841 1132 903 1187; x_wconf 89' lang='lat' dir='ltr'><strong><em>de</em></strong></span> <span class='ocrx_word' id='word_1_92' title='bbox 929 1140 1081 1187; x_wconf 86' lang='lat' dir='ltr'><strong><em>terra</em></strong></span> <span class='ocrx_word' id='word_1_93' title='bbox 1110 1127 1338 1200; x_wconf 56' lang='lat' dir='ltr'><strong><em>ﬂgypti</em></strong></span> <span class='ocrx_word' id='word_1_94' title='bbox 1359 1148 1380 1175; x_wconf 70' lang='grc' dir='ltr'><strong><em>ι</em></strong></span> <span class='ocrx_word' id='word_1_95' title='bbox 1404 1125 1538 1197; x_wconf 88' lang='lat' dir='ltr'><strong><em>(Ier.</em></strong></span> <span class='ocrx_word' id='word_1_96' title='bbox 1564 1138 1721 1187; x_wconf 72' lang='lat' dir='ltr'><strong><em>xui,</em></strong></span> <span class='ocrx_word' id='word_1_97' title='bbox 1755 1122 1845 1185; x_wconf 83' lang='grc'><strong><em>31,</em></strong></span> <span class='ocrx_word' id='word_1_98' title='bbox 1878 1119 1991 1188; x_wconf 88' lang='lat'><strong><em>32).</em></strong></span> 
     </span>
    </p>
   </div>
   <div class='ocr_carea' id='block_1_13' title="bbox 344 1209 1998 1294">
    <p class='ocr_par' dir='ltr' id='par_1_13' title="bbox 344 1209 1998 1294">
     <span class='ocr_line' id='line_1_13' title="bbox 344 1209 1998 1294; baseline -0.011 -13"><span class='ocrx_word' id='word_1_99' title='bbox 344 1224 575 1281; x_wconf 84' lang='lat' dir='ltr'><strong><em>Observa</em></strong></span> <span class='ocrx_word' id='word_1_100' title='bbox 599 1223 729 1294; x_wconf 87' lang='lat' dir='ltr'><strong><em>quid</em></strong></span> <span class='ocrx_word' id='word_1_101' title='bbox 757 1222 924 1285; x_wconf 88' lang='lat' dir='ltr'><strong><em>dicat,</em></strong></span> <span class='ocrx_word' id='word_1_102' title='bbox 943 1219 1088 1292; x_wconf 91' lang='lat' dir='ltr'><strong><em>quod</em></strong></span> <span class='ocrx_word' id='word_1_103' title='bbox 1116 1235 1221 1273; x_wconf 89' lang='lat' dir='ltr'><strong><em>non</em></strong></span> <span class='ocrx_word' id='word_1_104' title='bbox 1250 1215 1440 1288; x_wconf 87' lang='lat' dir='ltr'><strong><em>populo</em></strong></span> <span class='ocrx_word' id='word_1_105' title='bbox 1472 1212 1796 1276; x_wconf 81' lang='lat' dir='ltr'><strong><em>Gentilium,</em></strong></span> <span class='ocrx_word' id='word_1_106' title='bbox 1827 1209 1878 1265; x_wconf 90' lang='lat' dir='ltr'><strong><em>ei</em></strong></span> <span class='ocrx_word' id='word_1_107' title='bbox 1902 1209 1998 1280; x_wconf 88' lang='lat' dir='ltr'><strong><em>qui</em></strong></span> 
     </span>
    </p>
   </div>
   <div class='ocr_carea' id='block_1_14' title="bbox 338 1297 1997 1382">
    <p class='ocr_par' dir='ltr' id='par_1_14' title="bbox 338 1297 1997 1382">
     <span class='ocr_line' id='line_1_14' title="bbox 338 1297 1997 1382; baseline -0.01 -14"><span class='ocrx_word' id='word_1_108' title='bbox 338 1321 465 1369; x_wconf 87' lang='lat' dir='ltr'><strong><em>ante</em></strong></span> <span class='ocrx_word' id='word_1_109' title='bbox 495 1329 604 1368; x_wconf 88' lang='lat' dir='ltr'><strong><em>non</em></strong></span> <span class='ocrx_word' id='word_1_110' title='bbox 632 1317 903 1382; x_wconf 83' lang='lat' dir='ltr'><strong><em>receperat</em></strong></span> <span class='ocrx_word' id='word_1_111' title='bbox 932 1312 949 1346; x_wconf 83' lang='grc'>¹</span> <span class='ocrx_word' id='word_1_112' title='bbox 988 1309 1403 1371; x_wconf 87' lang='lat' dir='ltr'><strong><em>Testamentum,</em></strong></span> <span class='ocrx_word' id='word_1_113' title='bbox 1440 1303 1530 1358; x_wconf 89' lang='lat' dir='ltr'><strong><em>sed</em></strong></span> <span class='ocrx_word' id='word_1_114' title='bbox 1567 1300 1763 1374; x_wconf 89' lang='lat' dir='ltr'><strong><em>populo</em></strong></span> <span class='ocrx_word' id='word_1_115' title='bbox 1788 1297 1997 1353; x_wconf 63' lang='lat' dir='ltr'><strong><em>Iudaeo-</em></strong></span> 
     </span>
    </p>
   </div>
   <div class='ocr_carea' id='block_1_15' title="bbox 342 1392 1994 1474">
    <p class='ocr_par' dir='ltr' id='par_1_15' title="bbox 342 1392 1994 1474">
     <span class='ocr_line' id='line_1_15' title="bbox 342 1392 1994 1474; baseline -0.01 -17"><span class='ocrx_word' id='word_1_116' title='bbox 342 1419 487 1472; x_wconf 87' lang='lat' dir='ltr'><strong><em>rum,</em></strong></span> <span class='ocrx_word' id='word_1_117' title='bbox 519 1402 614 1474; x_wconf 86' lang='lat' dir='ltr'><strong><em>qui</em></strong></span> <span class='ocrx_word' id='word_1_118' title='bbox 635 1403 820 1473; x_wconf 85' lang='lat' dir='ltr'><strong><em>Legem</em></strong></span> <span class='ocrx_word' id='word_1_119' title='bbox 848 1398 1069 1454; x_wconf 84' lang='lat' dir='ltr'><strong><em>dederat</em></strong></span> <span class='ocrx_word' id='word_1_120' title='bbox 1094 1413 1191 1468; x_wconf 90' lang='lat' dir='ltr'><strong><em>per</em></strong></span> <span class='ocrx_word' id='word_1_121' title='bbox 1217 1396 1453 1466; x_wconf 77' lang='lat' dir='ltr'><strong><em>Moysen,</em></strong></span> <span class='ocrx_word' id='word_1_122' title='bbox 1478 1392 1868 1448; x_wconf 80' lang='lat' dir='ltr'><strong><em>Testamentum</em></strong></span> <span class='ocrx_word' id='word_1_123' title='bbox 1893 1403 1994 1442; x_wconf 86' lang='lat' dir='ltr'><strong><em>no-</em></strong></span> 
     </span>
    </p>
   </div>
   <div class='ocr_carea' id='block_1_16' title="bbox 339 1477 1997 1561">
    <p class='ocr_par' dir='ltr' id='par_1_16' title="bbox 339 1477 1997 1561">
     <span class='ocr_line' id='line_1_16' title="bbox 339 1477 1997 1561; baseline -0.011 -14"><span class='ocrx_word' id='word_1_124' title='bbox 339 1508 461 1547; x_wconf 90' lang='lat' dir='ltr'><strong><em>vum</em></strong></span> <span class='ocrx_word' id='word_1_125' title='bbox 492 1490 786 1561; x_wconf 78' lang='lat' dir='ltr'><strong><em>Evangelii</em></strong></span> <span class='ocrx_word' id='word_1_126' title='bbox 814 1488 1160 1560; x_wconf 88' lang='lat' dir='ltr'><strong><em>repromittat</em></strong></span> <span class='ocrx_word' id='word_1_127' title='bbox 1200 1502 1216 1551; x_wconf 90' lang='lat'><strong><em>;</em></strong></span> <span class='ocrx_word' id='word_1_128' title='bbox 1259 1492 1317 1539; x_wconf 89' lang='lat' dir='ltr'><strong><em>ut</em></strong></span> <span class='ocrx_word' id='word_1_129' title='bbox 1350 1496 1684 1554; x_wconf 84' lang='lat' dir='ltr'><strong><em>nequaquam</em></strong></span> <span class='ocrx_word' id='word_1_130' title='bbox 1716 1479 1902 1533; x_wconf 89' lang='lat' dir='ltr'><strong><em>vivant</em></strong></span> <span class='ocrx_word' id='word_1_131' title='bbox 1937 1477 1997 1529; x_wconf 89' lang='lat' dir='ltr'><strong><em>in</em></strong></span> 
     </span>
    </p>
   </div>
   <div class='ocr_carea' id='block_1_17' title="bbox 342 1568 1994 1646">
    <p class='ocr_par' dir='ltr' id='par_1_17' title="bbox 342 1568 1994 1646">
     <span class='ocr_line' id='line_1_17' title="bbox 342 1568 1994 1646; baseline -0.01 -10"><span class='ocrx_word' id='word_1_132' title='bbox 342 1578 838 1646; x_wconf 70' lang='lat' dir='ltr'><strong><em>vetustatelitterae,</em></strong></span> <span class='ocrx_word' id='word_1_133' title='bbox 859 1577 949 1632; x_wconf 88' lang='lat' dir='ltr'><strong><em>sed</em></strong></span> <span class='ocrx_word' id='word_1_134' title='bbox 968 1576 1030 1631; x_wconf 90' lang='lat' dir='ltr'><strong><em>in</em></strong></span> <span class='ocrx_word' id='word_1_135' title='bbox 1050 1575 1284 1629; x_wconf 83' lang='lat' dir='ltr'><strong><em>novitate</em></strong></span> <span class='ocrx_word' id='word_1_136' title='bbox 1303 1568 1776 1643; x_wconf 86' lang='lat' dir='ltr'><strong><em>spiritus.Paulus</em></strong></span> <span class='ocrx_word' id='word_1_137' title='bbox 1797 1570 1994 1630; x_wconf 90' lang='lat' dir='ltr'><strong><em>autem,</em></strong></span> 
     </span>
    </p>
   </div>
   <div class='ocr_carea' id='block_1_18' title="bbox 342 1654 2000 1740">
    <p class='ocr_par' dir='ltr' id='par_1_18' title="bbox 342 1654 2000 1740">
     <span class='ocr_line' id='line_1_18' title="bbox 342 1654 2000 1740; baseline -0.014 -9"><span class='ocrx_word' id='word_1_138' title='bbox 342 1686 508 1740; x_wconf 71' lang='lat' dir='ltr'><strong><em>super</em></strong></span> <span class='ocrx_word' id='word_1_139' title='bbox 550 1670 706 1739; x_wconf 83' lang='lat' dir='ltr'><strong><em>cujus</em></strong></span> <span class='ocrx_word' id='word_1_140' title='bbox 742 1667 958 1722; x_wconf 86' lang='lat' dir='ltr'><strong><em>nomine</em></strong></span> <span class='ocrx_word' id='word_1_141' title='bbox 993 1680 1138 1719; x_wconf 88' lang='lat' dir='ltr'><strong><em>nunc</em></strong></span> <span class='ocrx_word' id='word_1_142' title='bbox 1164 1664 1392 1735; x_wconf 70' lang='lat' dir='ltr'><strong><em>queestio</em></strong></span> <span class='ocrx_word' id='word_1_143' title='bbox 1422 1659 1740 1725; x_wconf 89' lang='lat' dir='ltr'><strong><em>ventilatur,</em></strong></span> <span class='ocrx_word' id='word_1_144' title='bbox 1779 1654 2000 1711; x_wconf 87' lang='lat' dir='ltr'><strong><em>crebras</em></strong></span> 
     </span>
    </p>
   </div>
   <div class='ocr_carea' id='block_1_19' title="bbox 343 1743 1997 1828">
    <p class='ocr_par' dir='ltr' id='par_1_19' title="bbox 343 1743 1997 1828">
     <span class='ocr_line' id='line_1_19' title="bbox 343 1743 1997 1828; baseline -0.01 -14"><span class='ocrx_word' id='word_1_145' title='bbox 343 1757 714 1828; x_wconf 79' lang='lat' dir='ltr'><strong><em>hujuscemodi</em></strong></span> <span class='ocrx_word' id='word_1_146' title='bbox 723 1756 879 1827; x_wconf 90' lang='lat' dir='ltr'><strong><em>ponit</em></strong></span> <span class='ocrx_word' id='word_1_147' title='bbox 894 1753 1186 1809; x_wconf 82' lang='lat' dir='ltr'><strong><em>sententias</em></strong></span> <span class='ocrx_word' id='word_1_148' title='bbox 1209 1773 1228 1820; x_wconf 85' lang='lat'><strong><em>,-</em></strong></span> <span class='ocrx_word' id='word_1_149' title='bbox 1244 1769 1269 1806; x_wconf 91' lang='lat' dir='ltr'><strong><em>e</em></strong></span> <span class='ocrx_word' id='word_1_150' title='bbox 1283 1746 1782 1821; x_wconf 87' lang='lat' dir='ltr'><strong><em>quibus,brevitatis</em></strong></span> <span class='ocrx_word' id='word_1_151' title='bbox 1797 1743 1997 1807; x_wconf 90' lang='lat' dir='ltr'><strong><em>studio,</em></strong></span> 
     </span>
    </p>
   </div>
   <div class='ocr_carea' id='block_1_20' title="bbox 337 1833 1999 1919">
    <p class='ocr_par' dir='ltr' id='par_1_20' title="bbox 337 1833 1999 1919">
     <span class='ocr_line' id='line_1_20' title="bbox 337 1833 1999 1919; baseline -0.011 -15"><span class='ocrx_word' id='word_1_152' title='bbox 337 1863 521 1919; x_wconf 88' lang='lat' dir='ltr'><strong><em>pauca</em></strong></span> <span class='ocrx_word' id='word_1_153' title='bbox 542 1846 865 1901; x_wconf 87' lang='lat' dir='ltr'><strong><em>subnectam.</em></strong></span> <span class='ocrx_word' id='word_1_154' title='bbox 886 1864 913 1896; x_wconf 74' lang='grc' dir='ltr'><strong>α</strong></span> <span class='ocrx_word' id='word_1_155' title='bbox 940 1844 1071 1898; x_wconf 88' lang='lat' dir='ltr'><strong><em>Ecce</em></strong></span> <span class='ocrx_word' id='word_1_156' title='bbox 1094 1857 1189 1911; x_wconf 85' lang='lat' dir='ltr'><strong><em>ego</em></strong></span> <span class='ocrx_word' id='word_1_157' title='bbox 1206 1839 1409 1895; x_wconf 83' lang='lat' dir='ltr'><strong><em>Paulus</em></strong></span> <span class='ocrx_word' id='word_1_158' title='bbox 1429 1838 1551 1893; x_wconf 86' lang='lat' dir='ltr'><strong><em>dico</em></strong></span> <span class='ocrx_word' id='word_1_159' title='bbox 1566 1836 1713 1893; x_wconf 81' lang='lat' dir='ltr'><strong><em>vobis</em></strong></span> <span class='ocrx_word' id='word_1_160' title='bbox 1742 1833 1999 1906; x_wconf 88' lang='lat' dir='ltr'><strong><em>quoniam</em></strong></span> 
     </span>
    </p>
   </div>
   <div class='ocr_carea' id='block_1_21' title="bbox 342 1922 1998 1999">
    <p class='ocr_par' dir='ltr' id='par_1_21' title="bbox 342 1922 1998 1999">
     <span class='ocr_line' id='line_1_21' title="bbox 342 1922 1998 1999; baseline -0.009 -7"><span class='ocrx_word' id='word_1_161' title='bbox 342 1938 394 1992; x_wconf 88' lang='lat' dir='ltr'><strong><em>si</em></strong></span> <span class='ocrx_word' id='word_1_162' title='bbox 443 1934 937 1999; x_wconf 88' lang='lat' dir='ltr'><strong><em>circumcidamini,</em></strong></span> <span class='ocrx_word' id='word_1_163' title='bbox 980 1932 1231 1988; x_wconf 86' lang='lat' dir='ltr'><strong><em>Christus</em></strong></span> <span class='ocrx_word' id='word_1_164' title='bbox 1259 1928 1406 1983; x_wconf 84' lang='lat' dir='ltr'><strong><em>vobis</em></strong></span> <span class='ocrx_word' id='word_1_165' title='bbox 1434 1926 1580 1982; x_wconf 88' lang='lat' dir='ltr'><strong><em>nihil</em></strong></span> <span class='ocrx_word' id='word_1_166' title='bbox 1617 1924 1893 1997; x_wconf 76' lang='lat' dir='ltr'><strong><em>prodest»</em></strong></span> <span class='ocrx_word' id='word_1_167' title='bbox 1926 1922 1998 1977; x_wconf 88' lang='lat' dir='ltr'><strong><em>Et</em></strong></span> 
     </span>
    </p>
   </div>
   <div class='ocr_carea' id='block_1_22' title="bbox 345 2012 1998 2089">
    <p class='ocr_par' dir='ltr' id='par_1_22' title="bbox 345 2012 1998 2089">
     <span class='ocr_line' id='line_1_22' title="bbox 345 2012 1998 2089; baseline -0.009 -8"><span class='ocrx_word' id='word_1_168' title='bbox 345 2029 543 2083; x_wconf 85' lang='lat' dir='ltr'><strong><em>iterum</em></strong></span> <span class='ocrx_word' id='word_1_169' title='bbox 570 2044 588 2081; x_wconf 86' lang='lat'><em>:</em></span> <span class='ocrx_word' id='word_1_170' title='bbox 613 2044 642 2077; x_wconf 75' lang='grc' dir='ltr'><strong>α</strong></span> <span class='ocrx_word' id='word_1_171' title='bbox 657 2023 929 2079; x_wconf 88' lang='lat' dir='ltr'><strong><em>Evacuati</em></strong></span> <span class='ocrx_word' id='word_1_172' title='bbox 938 2021 1065 2077; x_wconf 87' lang='lat' dir='ltr'><strong><em>estis</em></strong></span> <span class='ocrx_word' id='word_1_173' title='bbox 1088 2038 1122 2075; x_wconf 92' lang='lat' dir='ltr'><strong><em>a</em></strong></span> <span class='ocrx_word' id='word_1_174' title='bbox 1146 2019 1393 2083; x_wconf 79' lang='lat' dir='ltr'><strong><em>Christo,</em></strong></span> <span class='ocrx_word' id='word_1_175' title='bbox 1410 2016 1505 2089; x_wconf 88' lang='lat' dir='ltr'><strong><em>qui</em></strong></span> <span class='ocrx_word' id='word_1_176' title='bbox 1534 2016 1595 2070; x_wconf 90' lang='lat' dir='ltr'><strong><em>in</em></strong></span> <span class='ocrx_word' id='word_1_177' title='bbox 1618 2015 1749 2086; x_wconf 87' lang='lat' dir='ltr'><strong><em>Lege</em></strong></span> <span class='ocrx_word' id='word_1_178' title='bbox 1768 2012 1998 2084; x_wconf 86' lang='lat' dir='ltr'><strong><em>justica-</em></strong></span> 
     </span>
    </p>
   </div>
   <div class='ocr_carea' id='block_1_23' title="bbox 344 2101 2001 2186">
    <p class='ocr_par' dir='ltr' id='par_1_23' title="bbox 344 2101 2001 2186">
     <span class='ocr_line' id='line_1_23' title="bbox 344 2101 2001 2186; baseline -0.008 -16"><span class='ocrx_word' id='word_1_179' title='bbox 344 2116 486 2170; x_wconf 88' lang='lat' dir='ltr'><strong><em>mini</em></strong></span> <span class='ocrx_word' id='word_1_180' title='bbox 512 2137 534 2185; x_wconf 89' lang='lat'><strong><em>;</em></strong></span> <span class='ocrx_word' id='word_1_181' title='bbox 560 2131 594 2169; x_wconf 92' lang='lat' dir='ltr'><strong><em>a</em></strong></span> <span class='ocrx_word' id='word_1_182' title='bbox 611 2116 796 2186; x_wconf 89' lang='lat' dir='ltr'><strong><em>gratia</em></strong></span> <span class='ocrx_word' id='word_1_183' title='bbox 810 2111 1101 2167; x_wconf 58' lang='lat' dir='ltr'><strong><em>cecidistis.</em></strong></span> <span class='ocrx_word' id='word_1_184' title='bbox 1125 2132 1151 2159; x_wconf 74' lang='grc' dir='ltr'><strong>υ</strong></span> <span class='ocrx_word' id='word_1_185' title='bbox 1170 2110 1243 2165; x_wconf 86' lang='lat' dir='ltr'><strong><em>Et</em></strong></span> <span class='ocrx_word' id='word_1_186' title='bbox 1267 2106 1429 2177; x_wconf 79' lang='lat' dir='ltr'><strong><em>infra</em></strong></span> <span class='ocrx_word' id='word_1_187' title='bbox 1453 2125 1508 2163; x_wconf 85' lang='lat'><strong><em>:«</em></strong></span> <span class='ocrx_word' id='word_1_188' title='bbox 1528 2103 1819 2176; x_wconf 43' lang='lat' dir='ltr'><strong><em>SiIspiritu</em></strong></span> <span class='ocrx_word' id='word_1_189' title='bbox 1844 2101 2001 2158; x_wconf 86' lang='lat' dir='ltr'><strong><em>duci-</em></strong></span> 
     </span>
    </p>
   </div>
   <div class='ocr_carea' id='block_1_24' title="bbox 343 2190 2003 2277">
    <p class='ocr_par' dir='ltr' id='par_1_24' title="bbox 343 2190 2003 2277">
     <span class='ocr_line' id='line_1_24' title="bbox 343 2190 2003 2277; baseline -0.01 -16"><span class='ocrx_word' id='word_1_190' title='bbox 343 2206 499 2267; x_wconf 84' lang='lat' dir='ltr'><strong><em>mini,</em></strong></span> <span class='ocrx_word' id='word_1_191' title='bbox 528 2206 648 2277; x_wconf 89' lang='lat' dir='ltr'><strong><em>jam</em></strong></span> <span class='ocrx_word' id='word_1_192' title='bbox 678 2220 783 2258; x_wconf 90' lang='lat' dir='ltr'><strong><em>non</em></strong></span> <span class='ocrx_word' id='word_1_193' title='bbox 811 2205 937 2257; x_wconf 84' lang='lat' dir='ltr'><strong><em>estis</em></strong></span> <span class='ocrx_word' id='word_1_194' title='bbox 964 2201 1059 2256; x_wconf 90' lang='lat' dir='ltr'><strong><em>sub</em></strong></span> <span class='ocrx_word' id='word_1_195' title='bbox 1093 2200 1224 2270; x_wconf 86' lang='lat' dir='ltr'><strong><em>Lege</em></strong></span> <span class='ocrx_word' id='word_1_196' title='bbox 1256 2218 1282 2248; x_wconf 80' lang='lat'><strong>»</strong></span> <span class='ocrx_word' id='word_1_197' title='bbox 1318 2195 1458 2268; x_wconf 91' lang='lat' dir='ltr'><strong><em>(Gal.</em></strong></span> <span class='ocrx_word' id='word_1_198' title='bbox 1494 2209 1550 2259; x_wconf 69' lang='grc' dir='ltr'><strong>γ,</strong></span> <span class='ocrx_word' id='word_1_199' title='bbox 1577 2200 1630 2261; x_wconf 87' lang='lat'><strong><em>2,</em></strong></span> <span class='ocrx_word' id='word_1_200' title='bbox 1681 2197 1736 2262; x_wconf 71' lang='grc'><strong><em>4,</em></strong></span> <span class='ocrx_word' id='word_1_201' title='bbox 1773 2192 1879 2264; x_wconf 86' lang='grc'><strong>18).</strong></span> <span class='ocrx_word' id='word_1_202' title='bbox 1912 2190 2003 2246; x_wconf 74' lang='lat' dir='ltr'><strong><em>Ex</em></strong></span> 
     </span>
    </p>
   </div>
   <div class='ocr_carea' id='block_1_25' title="bbox 343 2282 2001 2367">
    <p class='ocr_par' dir='ltr' id='par_1_25' title="bbox 343 2282 2001 2367">
     <span class='ocr_line' id='line_1_25' title="bbox 343 2282 2001 2367; baseline -0.01 -16"><span class='ocrx_word' id='word_1_203' title='bbox 343 2311 445 2367; x_wconf 86' lang='lat' dir='ltr'><strong><em>quo</em></strong></span> <span class='ocrx_word' id='word_1_204' title='bbox 482 2300 732 2366; x_wconf 88' lang='lat' dir='ltr'><strong><em>apparet,</em></strong></span> <span class='ocrx_word' id='word_1_205' title='bbox 764 2291 860 2363; x_wconf 89' lang='lat' dir='ltr'><strong><em>qui</em></strong></span> <span class='ocrx_word' id='word_1_206' title='bbox 901 2290 996 2346; x_wconf 87' lang='lat' dir='ltr'><strong><em>sub</em></strong></span> <span class='ocrx_word' id='word_1_207' title='bbox 1035 2291 1172 2359; x_wconf 88' lang='lat' dir='ltr'><strong><em>Lege</em></strong></span> <span class='ocrx_word' id='word_1_208' title='bbox 1219 2292 1324 2350; x_wconf 90' lang='lat' dir='ltr'><strong><em>est,</em></strong></span> <span class='ocrx_word' id='word_1_209' title='bbox 1366 2302 1474 2342; x_wconf 92' lang='lat' dir='ltr'><strong><em>non</em></strong></span> <span class='ocrx_word' id='word_1_210' title='bbox 1511 2282 1898 2355; x_wconf 87' lang='lat' dir='ltr'><strong><em>dispensative,</em></strong></span> <span class='ocrx_word' id='word_1_211' title='bbox 1941 2287 2001 2336; x_wconf 90' lang='lat' dir='ltr'><strong><em>ut</em></strong></span> 
     </span>
    </p>
   </div>
   <div class='ocr_carea' id='block_1_26' title="bbox 344 2372 2001 2451">
    <p class='ocr_par' dir='ltr' id='par_1_26' title="bbox 344 2372 2001 2451">
     <span class='ocr_line' id='line_1_26' title="bbox 344 2372 2001 2451; baseline -0.01 -11"><span class='ocrx_word' id='word_1_212' title='bbox 344 2385 525 2440; x_wconf 88' lang='lat' dir='ltr'><strong><em>nostri</em></strong></span> <span class='ocrx_word' id='word_1_213' title='bbox 552 2383 762 2438; x_wconf 89' lang='lat' dir='ltr'><strong><em>voluere</em></strong></span> <span class='ocrx_word' id='word_1_214' title='bbox 803 2381 1050 2451; x_wconf 87' lang='lat' dir='ltr'><strong><em>majores,</em></strong></span> <span class='ocrx_word' id='word_1_215' title='bbox 1083 2377 1170 2432; x_wconf 90' lang='lat' dir='ltr'><strong><em>sed</em></strong></span> <span class='ocrx_word' id='word_1_216' title='bbox 1199 2392 1339 2439; x_wconf 86' lang='lat' dir='ltr'><strong><em>vere,</em></strong></span> <span class='ocrx_word' id='word_1_217' title='bbox 1383 2382 1443 2430; x_wconf 91' lang='lat' dir='ltr'><strong><em>ut</em></strong></span> <span class='ocrx_word' id='word_1_218' title='bbox 1478 2381 1537 2429; x_wconf 89' lang='lat' dir='ltr'><strong><em>tu</em></strong></span> <span class='ocrx_word' id='word_1_219' title='bbox 1567 2372 1848 2443; x_wconf 86' lang='lat' dir='ltr'><strong><em>intelligis,</em></strong></span> <span class='ocrx_word' id='word_1_220' title='bbox 1877 2387 2001 2425; x_wconf 86' lang='lat' dir='ltr'><strong><em>eum</em></strong></span> 
     </span>
    </p>
   </div>
   <div class='ocr_carea' id='block_1_27' title="bbox 344 2464 2001 2544">
    <p class='ocr_par' dir='ltr' id='par_1_27' title="bbox 344 2464 2001 2544">
     <span class='ocr_line' id='line_1_27' title="bbox 344 2464 2001 2544; baseline -0.008 -16"><span class='ocrx_word' id='word_1_221' title='bbox 344 2472 617 2544; x_wconf 89' lang='lat' dir='ltr'><strong><em>Spiritum</em></strong></span> <span class='ocrx_word' id='word_1_222' title='bbox 643 2472 904 2527; x_wconf 88' lang='lat' dir='ltr'><strong><em>Sanctum</em></strong></span> <span class='ocrx_word' id='word_1_223' title='bbox 926 2485 1031 2522; x_wconf 89' lang='lat' dir='ltr'><strong><em>non</em></strong></span> <span class='ocrx_word' id='word_1_224' title='bbox 1055 2466 1264 2521; x_wconf 85' lang='lat' dir='ltr'><strong><em>habere.</em></strong></span> <span class='ocrx_word' id='word_1_225' title='bbox 1296 2464 1497 2529; x_wconf 88' lang='lat' dir='ltr'><strong><em>Qualia</em></strong></span> <span class='ocrx_word' id='word_1_226' title='bbox 1518 2465 1631 2518; x_wconf 90' lang='lat' dir='ltr'><strong><em>sint</em></strong></span> <span class='ocrx_word' id='word_1_227' title='bbox 1652 2469 1829 2517; x_wconf 87' lang='lat' dir='ltr'><strong><em>autem</em></strong></span> <span class='ocrx_word' id='word_1_228' title='bbox 1855 2476 2001 2530; x_wconf 79' lang='lat' dir='ltr'><strong><em>prce-</em></strong></span> 
     </span>
    </p>
   </div>
   <div class='ocr_carea' id='block_1_28' title="bbox 340 2550 1998 2632">
    <p class='ocr_par' dir='ltr' id='par_1_28' title="bbox 340 2550 1998 2632">
     <span class='ocr_line' id='line_1_28' title="bbox 340 2550 1998 2632; baseline -0.009 -15"><span class='ocrx_word' id='word_1_229' title='bbox 340 2569 494 2632; x_wconf 85' lang='lat' dir='ltr'><strong><em>cepta</em></strong></span> <span class='ocrx_word' id='word_1_230' title='bbox 533 2560 748 2631; x_wconf 83' lang='lat' dir='ltr'><strong><em>legatio,</em></strong></span> <span class='ocrx_word' id='word_1_231' title='bbox 812 2558 919 2613; x_wconf 92' lang='lat' dir='ltr'><strong><em>Deo</em></strong></span> <span class='ocrx_word' id='word_1_232' title='bbox 956 2557 1170 2611; x_wconf 87' lang='lat' dir='ltr'><strong><em>docente</em></strong></span> <span class='ocrx_word' id='word_1_233' title='bbox 1207 2554 1494 2608; x_wconf 87' lang='lat' dir='ltr'><strong><em>discamus.</em></strong></span> <span class='ocrx_word' id='word_1_234' title='bbox 1549 2572 1578 2604; x_wconf 71' lang='grc' dir='ltr'><strong>α</strong></span> <span class='ocrx_word' id='word_1_235' title='bbox 1613 2554 1734 2622; x_wconf 86' lang='lat' dir='ltr'><strong><em>Ego,</em></strong></span> <span class='ocrx_word' id='word_1_236' title='bbox 1797 2550 1998 2621; x_wconf 90' lang='lat' dir='ltr'><strong><em>inquit,</em></strong></span> 
     </span>
    </p>
   </div>
   <div class='ocr_carea' id='block_1_29' title="bbox 344 2638 2003 2720">
    <p class='ocr_par' dir='ltr' id='par_1_29' title="bbox 344 2638 2003 2720">
     <span class='ocr_line' id='line_1_29' title="bbox 344 2638 2003 2720; baseline -0.007 -13"><span class='ocrx_word' id='word_1_237' title='bbox 344 2651 469 2707; x_wconf 87' lang='lat' dir='ltr'><strong><em>dedi</em></strong></span> <span class='ocrx_word' id='word_1_238' title='bbox 498 2650 570 2705; x_wconf 88' lang='lat' dir='ltr'><strong><em>eis</em></strong></span> <span class='ocrx_word' id='word_1_239' title='bbox 589 2654 861 2720; x_wconf 71' lang='lat' dir='ltr'><strong><em>pracepta</em></strong></span> <span class='ocrx_word' id='word_1_240' title='bbox 897 2663 1003 2701; x_wconf 91' lang='lat' dir='ltr'><strong><em>non</em></strong></span> <span class='ocrx_word' id='word_1_241' title='bbox 1033 2644 1185 2709; x_wconf 89' lang='lat' dir='ltr'><strong><em>bona,</em></strong></span> <span class='ocrx_word' id='word_1_242' title='bbox 1218 2650 1266 2699; x_wconf 94' lang='lat' dir='ltr'><strong><em>et</em></strong></span> <span class='ocrx_word' id='word_1_243' title='bbox 1278 2641 1693 2714; x_wconf 88' lang='lat' dir='ltr'><strong><em>justiﬁcationes</em></strong></span> <span class='ocrx_word' id='word_1_244' title='bbox 1721 2642 1782 2695; x_wconf 90' lang='lat' dir='ltr'><strong><em>in</em></strong></span> <span class='ocrx_word' id='word_1_245' title='bbox 1810 2638 2003 2710; x_wconf 88' lang='lat' dir='ltr'><strong><em>quibus</em></strong></span> 
     </span>
    </p>
   </div>
   <div class='ocr_carea' id='block_1_30' title="bbox 345 2730 1999 2806">
    <p class='ocr_par' dir='ltr' id='par_1_30' title="bbox 345 2730 1999 2806">
     <span class='ocr_line' id='line_1_30' title="bbox 345 2730 1999 2806; baseline -0.008 -10"><span class='ocrx_word' id='word_1_246' title='bbox 345 2756 454 2796; x_wconf 89' lang='lat' dir='ltr'><strong><em>non</em></strong></span> <span class='ocrx_word' id='word_1_247' title='bbox 473 2740 664 2794; x_wconf 87' lang='lat' dir='ltr'><strong><em>vivant</em></strong></span> <span class='ocrx_word' id='word_1_248' title='bbox 695 2739 755 2791; x_wconf 90' lang='lat' dir='ltr'><strong><em>in</em></strong></span> <span class='ocrx_word' id='word_1_249' title='bbox 771 2739 848 2791; x_wconf 87' lang='lat' dir='ltr'><strong><em>eis</em></strong></span> <span class='ocrx_word' id='word_1_250' title='bbox 880 2756 910 2789; x_wconf 82' lang='grc'><strong>»</strong></span> <span class='ocrx_word' id='word_1_251' title='bbox 934 2734 1151 2806; x_wconf 79' lang='lat' dir='ltr'><strong><em>(Ezech.</em></strong></span> <span class='ocrx_word' id='word_1_252' title='bbox 1180 2749 1274 2796; x_wconf 75' lang='lat' dir='ltr'><strong><em>xx,</em></strong></span> <span class='ocrx_word' id='word_1_253' title='bbox 1307 2731 1420 2803; x_wconf 73' lang='grc'><strong>25).</strong></span> <span class='ocrx_word' id='word_1_254' title='bbox 1462 2730 1584 2785; x_wconf 66' lang='lat' dir='ltr'><strong><em>Ha&#39;c</em></strong></span> <span class='ocrx_word' id='word_1_255' title='bbox 1614 2730 1865 2793; x_wconf 89' lang='lat' dir='ltr'><strong><em>dicimus,</em></strong></span> <span class='ocrx_word' id='word_1_256' title='bbox 1894 2746 1999 2784; x_wconf 88' lang='lat' dir='ltr'><strong><em>non</em></strong></span> 
     </span>
    </p>
   </div>
   <div class='ocr_carea' id='block_1_31' title="bbox 345 2818 2002 2902">
    <p class='ocr_par' dir='ltr' id='par_1_31' title="bbox 345 2818 2002 2902">
     <span class='ocr_line' id='line_1_31' title="bbox 345 2818 2002 2902; baseline -0.006 -18"><span class='ocrx_word' id='word_1_257' title='bbox 345 2828 485 2902; x_wconf 89' lang='lat' dir='ltr'><strong><em>quod</em></strong></span> <span class='ocrx_word' id='word_1_258' title='bbox 512 2828 701 2899; x_wconf 87' lang='lat' dir='ltr'><strong><em>Legem</em></strong></span> <span class='ocrx_word' id='word_1_259' title='bbox 722 2826 890 2898; x_wconf 62' lang='lat' dir='ltr'><strong><em>juxta</em></strong></span> <span class='ocrx_word' id='word_1_260' title='bbox 919 2823 1279 2879; x_wconf 74' lang='lat' dir='ltr'><strong><em>Manichaeum</em></strong></span> <span class='ocrx_word' id='word_1_261' title='bbox 1322 2824 1373 2876; x_wconf 90' lang='lat' dir='ltr'><strong><em>et</em></strong></span> <span class='ocrx_word' id='word_1_262' title='bbox 1401 2819 1734 2877; x_wconf 80' lang='lat' dir='ltr'><strong><em>Marcionem</em></strong></span> <span class='ocrx_word' id='word_1_263' title='bbox 1756 2818 2002 2874; x_wconf 89' lang='lat' dir='ltr'><strong><em>destrua-</em></strong></span> 
     </span>
    </p>
   </div>
   <div class='ocr_carea' id='block_1_32' title="bbox 347 2908 2000 2988">
    <p class='ocr_par' dir='ltr' id='par_1_32' title="bbox 347 2908 2000 2988">
     <span class='ocr_line' id='line_1_32' title="bbox 347 2908 2000 2988; baseline -0.007 -14"><span class='ocrx_word' id='word_1_264' title='bbox 347 2934 484 2984; x_wconf 90' lang='lat' dir='ltr'><strong><em>mus,</em></strong></span> <span class='ocrx_word' id='word_1_265' title='bbox 510 2934 669 2988; x_wconf 90' lang='lat' dir='ltr'><strong><em>quam</em></strong></span> <span class='ocrx_word' id='word_1_266' title='bbox 694 2922 741 2971; x_wconf 92' lang='lat' dir='ltr'><strong><em>et</em></strong></span> <span class='ocrx_word' id='word_1_267' title='bbox 778 2920 1019 2969; x_wconf 88' lang='lat' dir='ltr'><strong><em>sanctam</em></strong></span> <span class='ocrx_word' id='word_1_268' title='bbox 1055 2919 1103 2967; x_wconf 90' lang='lat' dir='ltr'><strong><em>et</em></strong></span> <span class='ocrx_word' id='word_1_269' title='bbox 1128 2910 1483 2982; x_wconf 88' lang='lat' dir='ltr'><strong><em>spiritualem</em></strong></span> <span class='ocrx_word' id='word_1_270' title='bbox 1508 2909 1664 2978; x_wconf 72' lang='lat' dir='ltr'><strong><em>iuxta</em></strong></span> <span class='ocrx_word' id='word_1_271' title='bbox 1683 2908 2000 2980; x_wconf 84' lang='lat' dir='ltr'><strong><em>Apostolum</em></strong></span> 
     </span>
    </p>
   </div>
   <div class='ocr_carea' id='block_1_33' title="bbox 349 2999 2001 3075">
    <p class='ocr_par' dir='ltr' id='par_1_33' title="bbox 349 2999 2001 3075">
     <span class='ocr_line' id='line_1_33' title="bbox 349 2999 2001 3075; baseline -0.007 -12"><span class='ocrx_word' id='word_1_272' title='bbox 349 3007 593 3063; x_wconf 86' lang='lat' dir='ltr'><strong><em>novimus</em></strong></span> <span class='ocrx_word' id='word_1_273' title='bbox 634 3022 651 3073; x_wconf 90' lang='lat'><strong><em>;</em></strong></span> <span class='ocrx_word' id='word_1_274' title='bbox 684 3005 774 3059; x_wconf 91' lang='lat' dir='ltr'><strong><em>sed</em></strong></span> <span class='ocrx_word' id='word_1_275' title='bbox 800 3004 932 3075; x_wconf 87' lang='lat' dir='ltr'><strong><em>quia</em></strong></span> <span class='ocrx_word' id='word_1_276' title='bbox 960 3008 1234 3073; x_wconf 87' lang='lat' dir='ltr'><strong><em>postquam</em></strong></span> <span class='ocrx_word' id='word_1_277' title='bbox 1265 2999 1397 3070; x_wconf 87' lang='lat' dir='ltr'><strong><em>ﬁdes</em></strong></span> <span class='ocrx_word' id='word_1_278' title='bbox 1426 3000 1571 3053; x_wconf 88' lang='lat' dir='ltr'><strong><em>venit</em></strong></span> <span class='ocrx_word' id='word_1_279' title='bbox 1609 3005 1659 3054; x_wconf 91' lang='lat' dir='ltr'><strong><em>et</em></strong></span> <span class='ocrx_word' id='word_1_280' title='bbox 1702 3004 2001 3069; x_wconf 84' lang='lat' dir='ltr'><strong><em>temporum</em></strong></span> 
     </span>
    </p>
   </div>
   <div class='ocr_carea' id='block_1_34' title="bbox 346 3086 1998 3169">
    <p class='ocr_par' dir='ltr' id='par_1_34' title="bbox 346 3086 1998 3169">
     <span class='ocr_line' id='line_1_34' title="bbox 346 3086 1998 3169; baseline -0.006 -18"><span class='ocrx_word' id='word_1_281' title='bbox 346 3096 643 3169; x_wconf 78' lang='lat' dir='ltr'><strong><em>plenitudo,</em></strong></span> <span class='ocrx_word' id='word_1_282' title='bbox 660 3094 808 3148; x_wconf 90' lang='lat' dir='ltr'><strong><em>misit</em></strong></span> <span class='ocrx_word' id='word_1_283' title='bbox 831 3093 974 3148; x_wconf 86' lang='lat' dir='ltr'><strong><em>Deus</em></strong></span> <span class='ocrx_word' id='word_1_284' title='bbox 995 3091 1193 3152; x_wconf 84' lang='lat' dir='ltr'><strong><em>Filium</em></strong></span> <span class='ocrx_word' id='word_1_285' title='bbox 1212 3105 1367 3144; x_wconf 83' lang='lat' dir='ltr'><strong><em>suum</em></strong></span> <span class='ocrx_word' id='word_1_286' title='bbox 1385 3088 1593 3157; x_wconf 82' lang='lat' dir='ltr'><strong><em>factum</em></strong></span> <span class='ocrx_word' id='word_1_287' title='bbox 1616 3088 1637 3122; x_wconf 80' lang='grc'>³</span> <span class='ocrx_word' id='word_1_288' title='bbox 1663 3104 1731 3142; x_wconf 79' lang='lat' dir='ltr'><strong><em>ea:</em></strong></span> <span class='ocrx_word' id='word_1_289' title='bbox 1749 3086 1998 3152; x_wconf 88' lang='lat' dir='ltr'><strong><em>muliere,</em></strong></span> 
     </span>
    </p>
   </div>
   <div class='ocr_carea' id='block_1_35' title="bbox 348 3176 1995 3258">
    <p class='ocr_par' dir='ltr' id='par_1_35' title="bbox 348 3176 1995 3258">
     <span class='ocr_line' id='line_1_35' title="bbox 348 3176 1995 3258; baseline -0.007 -16"><span class='ocrx_word' id='word_1_290' title='bbox 348 3186 554 3258; x_wconf 85' lang='lat' dir='ltr'><strong><em>factum</em></strong></span> <span class='ocrx_word' id='word_1_291' title='bbox 581 3183 677 3239; x_wconf 89' lang='lat' dir='ltr'><strong><em>sub</em></strong></span> <span class='ocrx_word' id='word_1_292' title='bbox 711 3183 863 3253; x_wconf 92' lang='lat' dir='ltr'><strong><em>Lege,</em></strong></span> <span class='ocrx_word' id='word_1_293' title='bbox 890 3188 949 3237; x_wconf 93' lang='lat' dir='ltr'><strong><em>ut</em></strong></span> <span class='ocrx_word' id='word_1_294' title='bbox 974 3196 1057 3235; x_wconf 90' lang='lat' dir='ltr'><strong><em>eos</em></strong></span> <span class='ocrx_word' id='word_1_295' title='bbox 1085 3180 1184 3251; x_wconf 91' lang='lat' dir='ltr'><strong><em>qui</em></strong></span> <span class='ocrx_word' id='word_1_296' title='bbox 1209 3178 1304 3234; x_wconf 90' lang='lat' dir='ltr'><strong><em>sub</em></strong></span> <span class='ocrx_word' id='word_1_297' title='bbox 1341 3178 1475 3249; x_wconf 89' lang='lat' dir='ltr'><strong><em>Lege</em></strong></span> <span class='ocrx_word' id='word_1_298' title='bbox 1503 3180 1660 3231; x_wconf 91' lang='lat' dir='ltr'><strong><em>erant</em></strong></span> <span class='ocrx_word' id='word_1_299' title='bbox 1689 3176 1995 3240; x_wconf 86' lang='lat' dir='ltr'><strong><em>redimeret.</em></strong></span> 
     </span>
    </p>
   </div>
   <div class='ocr_carea' id='block_1_36' title="bbox 344 3265 2001 3345">
    <p class='ocr_par' dir='ltr' id='par_1_36' title="bbox 344 3265 2001 3345">
     <span class='ocr_line' id='line_1_36' title="bbox 344 3265 2001 3345; baseline -0.007 -15"><span class='ocrx_word' id='word_1_300' title='bbox 344 3282 405 3330; x_wconf 88' lang='lat' dir='ltr'><strong><em>ut</em></strong></span> <span class='ocrx_word' id='word_1_301' title='bbox 428 3274 765 3345; x_wconf 77' lang='lat' dir='ltr'><strong><em>adoptionem</em></strong></span> <span class='ocrx_word' id='word_1_302' title='bbox 790 3271 1031 3342; x_wconf 86' lang='lat' dir='ltr'><strong><em>ﬁliorum</em></strong></span> <span class='ocrx_word' id='word_1_303' title='bbox 1060 3268 1423 3339; x_wconf 80' lang='lat' dir='ltr'><strong><em>reciperemus</em></strong></span> <span class='ocrx_word' id='word_1_304' title='bbox 1447 3266 1573 3335; x_wconf 88' lang='lat' dir='ltr'><strong><em>(Gal</em></strong></span> <span class='ocrx_word' id='word_1_305' title='bbox 1596 3281 1668 3330; x_wconf 81' lang='grc' dir='ltr'><strong><em>ιν,</em></strong></span> <span class='ocrx_word' id='word_1_306' title='bbox 1699 3265 1753 3336; x_wconf 79' lang='grc'><strong><em>4)</em></strong></span> <span class='ocrx_word' id='word_1_307' title='bbox 1785 3282 1803 3330; x_wconf 91' lang='grc'><em>;</em></span> <span class='ocrx_word' id='word_1_308' title='bbox 1828 3271 1878 3319; x_wconf 91' lang='lat' dir='ltr'><strong><em>et</em></strong></span> <span class='ocrx_word' id='word_1_309' title='bbox 1903 3281 2001 3319; x_wconf 83' lang='lat' dir='ltr'><strong><em>ne-</em></strong></span> 
     </span>
    </p>
   </div>
   <div class='ocr_carea' id='block_1_37' title="bbox 343 3354 2001 3436">
    <p class='ocr_par' dir='ltr' id='par_1_37' title="bbox 343 3354 2001 3436">
     <span class='ocr_line' id='line_1_37' title="bbox 343 3354 2001 3436; baseline -0.007 -16"><span class='ocrx_word' id='word_1_310' title='bbox 343 3380 615 3436; x_wconf 82' lang='lat' dir='ltr'><strong><em>quaquam</em></strong></span> <span class='ocrx_word' id='word_1_311' title='bbox 650 3361 745 3417; x_wconf 84' lang='lat' dir='ltr'><strong><em>sub</em></strong></span> <span class='ocrx_word' id='word_1_312' title='bbox 773 3360 1071 3431; x_wconf 71' lang='lat' dir='ltr'><strong><em>paedagogo,</em></strong></span> <span class='ocrx_word' id='word_1_313' title='bbox 1100 3358 1190 3413; x_wconf 90' lang='lat' dir='ltr'><strong><em>sed</em></strong></span> <span class='ocrx_word' id='word_1_314' title='bbox 1221 3356 1316 3412; x_wconf 89' lang='lat' dir='ltr'><strong><em>sub</em></strong></span> <span class='ocrx_word' id='word_1_315' title='bbox 1345 3356 1537 3413; x_wconf 88' lang='lat' dir='ltr'><strong><em>adulto</em></strong></span> <span class='ocrx_word' id='word_1_316' title='bbox 1565 3362 1613 3411; x_wconf 90' lang='lat' dir='ltr'><strong><em>et</em></strong></span> <span class='ocrx_word' id='word_1_317' title='bbox 1642 3354 1872 3410; x_wconf 91' lang='lat' dir='ltr'><strong><em>Domino</em></strong></span> <span class='ocrx_word' id='word_1_318' title='bbox 1900 3355 2001 3409; x_wconf 82' lang='lat' dir='ltr'><strong><em>luv-</em></strong></span> 
     </span>
    </p>
   </div>
   <div class='ocr_carea' id='block_1_38' title="bbox 345 3453 754 3510">
    <p class='ocr_par' dir='ltr' id='par_1_38' title="bbox 345 3453 754 3510">
     <span class='ocr_line' id='line_1_38' title="bbox 345 3453 754 3510; baseline -0.015 0"><span class='ocrx_word' id='word_1_319' title='bbox 345 3454 473 3510; x_wconf 82' lang='lat' dir='ltr'><strong><em>rede</em></strong></span> <span class='ocrx_word' id='word_1_320' title='bbox 494 3453 754 3507; x_wconf 85' lang='lat' dir='ltr'><strong><em>vivamus.</em></strong></span> 
     </span>
    </p>
   </div>
   <div class='ocr_carea' id='block_1_39' title="bbox 426 3532 2001 3611">
    <p class='ocr_par' dir='ltr' id='par_1_39' title="bbox 426 3532 2001 3611">
     <span class='ocr_line' id='line_1_39' title="bbox 426 3532 2001 3611; baseline -0.005 -15"><span class='ocrx_word' id='word_1_321' title='bbox 426 3546 509 3599; x_wconf 74' lang='lat'><strong><em>15.</em></strong></span> <span class='ocrx_word' id='word_1_322' title='bbox 548 3539 801 3611; x_wconf 85' lang='lat' dir='ltr'><strong><em>Sequitur</em></strong></span> <span class='ocrx_word' id='word_1_323' title='bbox 839 3537 898 3592; x_wconf 89' lang='lat' dir='ltr'><strong><em>in</em></strong></span> <span class='ocrx_word' id='word_1_324' title='bbox 940 3534 1163 3607; x_wconf 86' lang='lat' dir='ltr'><strong><em>epistola</em></strong></span> <span class='ocrx_word' id='word_1_325' title='bbox 1203 3540 1301 3589; x_wconf 90' lang='lat' dir='ltr'><strong><em>tua</em></strong></span> <span class='ocrx_word' id='word_1_326' title='bbox 1343 3549 1360 3589; x_wconf 89' lang='lat'><strong><em>:</em></strong></span> <span class='ocrx_word' id='word_1_327' title='bbox 1402 3553 1432 3585; x_wconf 75' lang='grc' dir='ltr'><strong><em>(ί</em></strong></span> <span class='ocrx_word' id='word_1_328' title='bbox 1462 3533 1586 3589; x_wconf 86' lang='lat' dir='ltr'><strong><em>Non</em></strong></span> <span class='ocrx_word' id='word_1_329' title='bbox 1626 3532 1740 3588; x_wconf 87' lang='lat' dir='ltr'><strong><em>ideo</em></strong></span> <span class='ocrx_word' id='word_1_330' title='bbox 1776 3532 2001 3588; x_wconf 88' lang='lat' dir='ltr'><strong><em>Petrum</em></strong></span> 
     </span>
    </p>
   </div>
   <div class='ocr_carea' id='block_1_40' title="bbox 348 3621 2001 3700">
    <p class='ocr_par' dir='ltr' id='par_1_40' title="bbox 348 3621 2001 3700">
     <span class='ocr_line' id='line_1_40' title="bbox 348 3621 2001 3700; baseline -0.006 -14"><span class='ocrx_word' id='word_1_331' title='bbox 348 3629 670 3695; x_wconf 83' lang='lat' dir='ltr'><strong><em>emendavit,</em></strong></span> <span class='ocrx_word' id='word_1_332' title='bbox 683 3626 820 3700; x_wconf 88' lang='lat' dir='ltr'><strong><em>quod</em></strong></span> <span class='ocrx_word' id='word_1_333' title='bbox 830 3633 1089 3697; x_wconf 87' lang='lat' dir='ltr'><strong><em>paternas</em></strong></span> <span class='ocrx_word' id='word_1_334' title='bbox 1100 3622 1429 3678; x_wconf 90' lang='lat' dir='ltr'><strong><em>traditiones</em></strong></span> <span class='ocrx_word' id='word_1_335' title='bbox 1439 3623 1778 3685; x_wconf 85' lang='lat' dir='ltr'><strong><em>observaret;</em></strong></span> <span class='ocrx_word' id='word_1_336' title='bbox 1790 3621 1933 3694; x_wconf 91' lang='lat' dir='ltr'><strong><em>quod</em></strong></span> <span class='ocrx_word' id='word_1_337' title='bbox 1950 3621 2001 3676; x_wconf 90' lang='lat' dir='ltr'><strong><em>si</em></strong></span> 
     </span>
    </p>
   </div>
   <div class='ocr_carea' id='block_1_41' title="bbox 345 3712 1997 3791">
    <p class='ocr_par' dir='ltr' id='par_1_41' title="bbox 345 3712 1997 3791">
     <span class='ocr_line' id='line_1_41' title="bbox 345 3712 1997 3791; baseline -0.008 -16"><span class='ocrx_word' id='word_1_338' title='bbox 345 3719 523 3791; x_wconf 89' lang='lat' dir='ltr'><strong><em>facere</em></strong></span> <span class='ocrx_word' id='word_1_339' title='bbox 551 3718 725 3780; x_wconf 87' lang='lat' dir='ltr'><strong><em>vellet,</em></strong></span> <span class='ocrx_word' id='word_1_340' title='bbox 754 3733 844 3772; x_wconf 86' lang='lat' dir='ltr'><strong><em>nec</em></strong></span> <span class='ocrx_word' id='word_1_341' title='bbox 883 3714 1234 3779; x_wconf 80' lang='lat' dir='ltr'><strong><em>mendaciter,</em></strong></span> <span class='ocrx_word' id='word_1_342' title='bbox 1264 3728 1357 3768; x_wconf 91' lang='lat' dir='ltr'><strong><em>nec</em></strong></span> <span class='ocrx_word' id='word_1_343' title='bbox 1390 3714 1688 3784; x_wconf 85' lang='lat' dir='ltr'><strong><em>incongrue</em></strong></span> <span class='ocrx_word' id='word_1_344' title='bbox 1711 3712 1937 3784; x_wconf 87' lang='lat' dir='ltr'><strong><em>faceret.</em></strong></span> <span class='ocrx_word' id='word_1_345' title='bbox 1968 3732 1997 3762; x_wconf 81' lang='lat'>»</span> 
     </span>
    </p>
   </div>
   <div class='ocr_carea' id='block_1_42' title="bbox 346 3801 2002 3879">
    <p class='ocr_par' dir='ltr' id='par_1_42' title="bbox 346 3801 2002 3879">
     <span class='ocr_line' id='line_1_42' title="bbox 346 3801 2002 3879; baseline -0.005 -14"><span class='ocrx_word' id='word_1_346' title='bbox 346 3808 555 3865; x_wconf 89' lang='lat' dir='ltr'><strong><em>Iterum</em></strong></span> <span class='ocrx_word' id='word_1_347' title='bbox 574 3809 692 3864; x_wconf 89' lang='lat' dir='ltr'><strong><em>dico</em></strong></span> <span class='ocrx_word' id='word_1_348' title='bbox 711 3805 954 3879; x_wconf 87' lang='lat' dir='ltr'><strong><em>:quando</em></strong></span> <span class='ocrx_word' id='word_1_349' title='bbox 976 3805 1255 3874; x_wconf 86' lang='lat' dir='ltr'><strong><em>episcopus</em></strong></span> <span class='ocrx_word' id='word_1_350' title='bbox 1282 3820 1357 3866; x_wconf 84' lang='lat' dir='ltr'><strong><em>es,</em></strong></span> <span class='ocrx_word' id='word_1_351' title='bbox 1387 3802 1758 3858; x_wconf 82' lang='lat' dir='ltr'><strong><em>Ecclesiarum</em></strong></span> <span class='ocrx_word' id='word_1_352' title='bbox 1790 3801 2002 3858; x_wconf 88' lang='lat' dir='ltr'><strong><em>Christi</em></strong></span> 
     </span>
    </p>
   </div>
   <div class='ocr_carea' id='block_1_43' title="bbox 347 3892 2002 3971">
    <p class='ocr_par' dir='ltr' id='par_1_43' title="bbox 347 3892 2002 3971">
     <span class='ocr_line' id='line_1_43' title="bbox 347 3892 2002 3971; baseline -0.007 -15"><span class='ocrx_word' id='word_1_353' title='bbox 347 3900 621 3971; x_wconf 85' lang='lat' dir='ltr'><strong><em>magister,</em></strong></span> <span class='ocrx_word' id='word_1_354' title='bbox 643 3906 702 3953; x_wconf 90' lang='lat' dir='ltr'><strong><em>ut</em></strong></span> <span class='ocrx_word' id='word_1_355' title='bbox 717 3896 903 3969; x_wconf 89' lang='lat' dir='ltr'><strong><em>probes</em></strong></span> <span class='ocrx_word' id='word_1_356' title='bbox 924 3911 1105 3950; x_wconf 88' lang='lat' dir='ltr'><strong><em>verum</em></strong></span> <span class='ocrx_word' id='word_1_357' title='bbox 1130 3910 1233 3948; x_wconf 86' lang='lat' dir='ltr'><strong><em>esse</em></strong></span> <span class='ocrx_word' id='word_1_358' title='bbox 1253 3893 1395 3964; x_wconf 91' lang='lat' dir='ltr'><strong><em>quod</em></strong></span> <span class='ocrx_word' id='word_1_359' title='bbox 1413 3893 1633 3958; x_wconf 88' lang='lat' dir='ltr'><strong><em>asseris,</em></strong></span> <span class='ocrx_word' id='word_1_360' title='bbox 1663 3893 1868 3964; x_wconf 89' lang='lat' dir='ltr'><strong><em>suscipe</em></strong></span> <span class='ocrx_word' id='word_1_361' title='bbox 1891 3892 2002 3946; x_wconf 84' lang='lat' dir='ltr'><strong><em>ali-</em></strong></span> 
     </span>
    </p>
   </div>
   <div class='ocr_carea' id='block_1_44' title="bbox 348 3981 2001 4061">
    <p class='ocr_par' dir='ltr' id='par_1_44' title="bbox 348 3981 2001 4061">
     <span class='ocr_line' id='line_1_44' title="bbox 348 3981 2001 4061; baseline -0.008 -14"><span class='ocrx_word' id='word_1_362' title='bbox 348 4006 500 4061; x_wconf 81' lang='lat' dir='ltr'><strong><em>quem</em></strong></span> <span class='ocrx_word' id='word_1_363' title='bbox 519 3988 851 4053; x_wconf 70' lang='lat' dir='ltr'><strong><em>Iudmorum,</em></strong></span> <span class='ocrx_word' id='word_1_364' title='bbox 882 3985 977 4057; x_wconf 90' lang='lat' dir='ltr'><strong><em>qui</em></strong></span> <span class='ocrx_word' id='word_1_365' title='bbox 994 3988 1171 4055; x_wconf 83' lang='lat' dir='ltr'><strong><em>factus</em></strong></span> <span class='ocrx_word' id='word_1_366' title='bbox 1203 3982 1575 4045; x_wconf 87' lang='lat' dir='ltr'><strong><em>Christianus,</em></strong></span> <span class='ocrx_word' id='word_1_367' title='bbox 1598 3988 1786 4036; x_wconf 90' lang='lat' dir='ltr'><strong><em>natum</em></strong></span> <span class='ocrx_word' id='word_1_368' title='bbox 1808 3981 1917 4036; x_wconf 90' lang='lat' dir='ltr'><strong><em>sibi</em></strong></span> <span class='ocrx_word' id='word_1_369' title='bbox 1939 3982 2001 4053; x_wconf 88' lang='lat' dir='ltr'><strong><em>ﬁ-</em></strong></span> 
     </span>
    </p>
   </div>
   <div class='ocr_carea' id='block_1_45' title="bbox 351 4070 2000 4144">
    <p class='ocr_par' dir='ltr' id='par_1_45' title="bbox 351 4070 2000 4144">
     <span class='ocr_line' id='line_1_45' title="bbox 351 4070 2000 4144; baseline -0.004 -11"><span class='ocrx_word' id='word_1_370' title='bbox 351 4079 487 4134; x_wconf 90' lang='lat' dir='ltr'><strong><em>lium</em></strong></span> <span class='ocrx_word' id='word_1_371' title='bbox 510 4076 884 4141; x_wconf 84' lang='lat' dir='ltr'><strong><em>circumcidat,</em></strong></span> <span class='ocrx_word' id='word_1_372' title='bbox 915 4074 1012 4144; x_wconf 91' lang='lat' dir='ltr'><strong><em>qui</em></strong></span> <span class='ocrx_word' id='word_1_373' title='bbox 1036 4072 1273 4126; x_wconf 88' lang='lat' dir='ltr'><strong><em>observet</em></strong></span> <span class='ocrx_word' id='word_1_374' title='bbox 1290 4070 1588 4135; x_wconf 86' lang='lat' dir='ltr'><strong><em>sabbatum,</em></strong></span> <span class='ocrx_word' id='word_1_375' title='bbox 1614 4070 1710 4141; x_wconf 90' lang='lat' dir='ltr'><strong><em>qui</em></strong></span> <span class='ocrx_word' id='word_1_376' title='bbox 1732 4070 2000 4126; x_wconf 86' lang='lat' dir='ltr'><strong><em>abstineat</em></strong></span> 
     </span>
    </p>
   </div>
   <div class='ocr_carea' id='block_1_46' title="bbox 349 4159 2002 4237">
    <p class='ocr_par' dir='ltr' id='par_1_46' title="bbox 349 4159 2002 4237">
     <span class='ocr_line' id='line_1_46' title="bbox 349 4159 2002 4237; baseline -0.005 -15"><span class='ocrx_word' id='word_1_377' title='bbox 349 4184 381 4222; x_wconf 92' lang='lat' dir='ltr'><strong><em>a</em></strong></span> <span class='ocrx_word' id='word_1_378' title='bbox 413 4166 547 4221; x_wconf 90' lang='lat' dir='ltr'><strong><em>cibis</em></strong></span> <span class='ocrx_word' id='word_1_379' title='bbox 575 4181 704 4237; x_wconf 88' lang='lat' dir='ltr'><strong><em>quos</em></strong></span> <span class='ocrx_word' id='word_1_380' title='bbox 735 4165 881 4219; x_wconf 88' lang='lat' dir='ltr'><strong><em>Deus</em></strong></span> <span class='ocrx_word' id='word_1_381' title='bbox 916 4160 1119 4216; x_wconf 86' lang='lat' dir='ltr'><strong><em>creavit</em></strong></span> <span class='ocrx_word' id='word_1_382' title='bbox 1151 4159 1223 4213; x_wconf 88' lang='lat' dir='ltr'><strong><em>ad</em></strong></span> <span class='ocrx_word' id='word_1_383' title='bbox 1258 4159 1515 4214; x_wconf 83' lang='lat' dir='ltr'><strong><em>utendum</em></strong></span> <span class='ocrx_word' id='word_1_384' title='bbox 1542 4175 1662 4213; x_wconf 91' lang='lat' dir='ltr'><strong><em>cum</em></strong></span> <span class='ocrx_word' id='word_1_385' title='bbox 1689 4160 2002 4230; x_wconf 89' lang='lat' dir='ltr'><strong><em>gratiarum</em></strong></span> 
     </span>
    </p>
   </div>
   <div class='ocr_carea' id='block_1_47' title="bbox 348 4246 2003 4326">
    <p class='ocr_par' dir='ltr' id='par_1_47' title="bbox 348 4246 2003 4326">
     <span class='ocr_line' id='line_1_47' title="bbox 348 4246 2003 4326; baseline -0.005 -15"><span class='ocrx_word' id='word_1_386' title='bbox 348 4255 577 4322; x_wconf 77' lang='lat' dir='ltr'><strong><em>uetiam,</em></strong></span> <span class='ocrx_word' id='word_1_387' title='bbox 609 4254 706 4326; x_wconf 89' lang='lat' dir='ltr'><strong><em>qui</em></strong></span> <span class='ocrx_word' id='word_1_388' title='bbox 727 4258 922 4324; x_wconf 90' lang='lat' dir='ltr'><strong><em>quarto</em></strong></span> <span class='ocrx_word' id='word_1_389' title='bbox 944 4247 1457 4316; x_wconf 81' lang='lat' dir='ltr'><strong><em>decimodiemensis</em></strong></span> <span class='ocrx_word' id='word_1_390' title='bbox 1484 4246 1653 4318; x_wconf 88' lang='lat' dir='ltr'><strong><em>primi</em></strong></span> <span class='ocrx_word' id='word_1_391' title='bbox 1676 4265 1871 4319; x_wconf 91' lang='lat' dir='ltr'><strong><em>agnum</em></strong></span> <span class='ocrx_word' id='word_1_392' title='bbox 1892 4265 2003 4303; x_wconf 87' lang='lat' dir='ltr'><strong><em>ma-</em></strong></span> 
     </span>
    </p>
   </div>
   <div class='ocr_carea' id='block_1_48' title="bbox 350 4336 2005 4414">
    <p class='ocr_par' dir='ltr' id='par_1_48' title="bbox 350 4336 2005 4414">
     <span class='ocr_line' id='line_1_48' title="bbox 350 4336 2005 4414; baseline -0.005 -13"><span class='ocrx_word' id='word_1_393' title='bbox 350 4351 456 4401; x_wconf 87' lang='lat' dir='ltr'><strong><em>ctet</em></strong></span> <span class='ocrx_word' id='word_1_394' title='bbox 482 4344 554 4399; x_wconf 90' lang='lat' dir='ltr'><strong><em>ad</em></strong></span> <span class='ocrx_word' id='word_1_395' title='bbox 590 4357 903 4414; x_wconf 84' lang='lat' dir='ltr'><strong><em>vesperam;</em></strong></span> <span class='ocrx_word' id='word_1_396' title='bbox 931 4346 1121 4394; x_wconf 89' lang='lat' dir='ltr'><strong><em>etcum</em></strong></span> <span class='ocrx_word' id='word_1_397' title='bbox 1164 4337 1257 4393; x_wconf 90' lang='lat' dir='ltr'><strong><em>hoc</em></strong></span> <span class='ocrx_word' id='word_1_398' title='bbox 1282 4336 1499 4409; x_wconf 80' lang='lat' dir='ltr'><strong><em>feceris,</em></strong></span> <span class='ocrx_word' id='word_1_399' title='bbox 1542 4338 1646 4391; x_wconf 88' lang='lat' dir='ltr'><strong><em>imo</em></strong></span> <span class='ocrx_word' id='word_1_400' title='bbox 1678 4353 1780 4392; x_wconf 89' lang='lat' dir='ltr'><strong><em>non</em></strong></span> <span class='ocrx_word' id='word_1_401' title='bbox 1806 4336 2005 4407; x_wconf 86' lang='lat' dir='ltr'><strong><em>feceris</em></strong></span> 
     </span>
    </p>
   </div>
   <div class='ocr_carea' id='block_1_49' title="bbox 351 4425 2005 4505">
    <p class='ocr_par' dir='ltr' id='par_1_49' title="bbox 351 4425 2005 4505">
     <span class='ocr_line' id='line_1_49' title="bbox 351 4425 2005 4505; baseline -0.005 -13"><span class='ocrx_word' id='word_1_402' title='bbox 351 4436 482 4505; x_wconf 88' lang='lat' dir='ltr'><strong><em>(scio</em></strong></span> <span class='ocrx_word' id='word_1_403' title='bbox 513 4434 653 4490; x_wconf 86' lang='lat' dir='ltr'><strong><em>enim</em></strong></span> <span class='ocrx_word' id='word_1_404' title='bbox 683 4440 733 4488; x_wconf 90' lang='lat' dir='ltr'><strong><em>te</em></strong></span> <span class='ocrx_word' id='word_1_405' title='bbox 770 4430 1157 4493; x_wconf 89' lang='lat' dir='ltr'><strong><em>christianum,</em></strong></span> <span class='ocrx_word' id='word_1_406' title='bbox 1193 4433 1243 4483; x_wconf 90' lang='lat' dir='ltr'><strong><em>et</em></strong></span> <span class='ocrx_word' id='word_1_407' title='bbox 1270 4443 1387 4482; x_wconf 88' lang='lat' dir='ltr'><strong><em>rem</em></strong></span> <span class='ocrx_word' id='word_1_408' title='bbox 1413 4425 1735 4497; x_wconf 89' lang='lat' dir='ltr'><strong><em>sacrilegum</em></strong></span> <span class='ocrx_word' id='word_1_409' title='bbox 1762 4443 1868 4481; x_wconf 87' lang='lat' dir='ltr'><strong><em>non</em></strong></span> <span class='ocrx_word' id='word_1_410' title='bbox 1893 4443 2005 4483; x_wconf 91' lang='lat' dir='ltr'><strong><em>esse</em></strong></span> 
     </span>
    </p>
   </div>
   <div class='ocr_carea' id='block_1_50' title="bbox 350 4514 2005 4597">
    <p class='ocr_par' dir='ltr' id='par_1_50' title="bbox 350 4514 2005 4597">
     <span class='ocr_line' id='line_1_50' title="bbox 350 4514 2005 4597; baseline -0.005 -17"><span class='ocrx_word' id='word_1_411' title='bbox 350 4524 671 4597; x_wconf 85' lang='lat' dir='ltr'><strong><em>facturum),</em></strong></span> <span class='ocrx_word' id='word_1_412' title='bbox 702 4522 834 4577; x_wconf 88' lang='lat' dir='ltr'><strong><em>velis</em></strong></span> <span class='ocrx_word' id='word_1_413' title='bbox 862 4519 1025 4583; x_wconf 89' lang='lat' dir='ltr'><strong><em>nolis,</em></strong></span> <span class='ocrx_word' id='word_1_414' title='bbox 1053 4526 1200 4574; x_wconf 87' lang='lat' dir='ltr'><strong><em>tuam</em></strong></span> <span class='ocrx_word' id='word_1_415' title='bbox 1228 4516 1552 4571; x_wconf 88' lang='lat' dir='ltr'><strong><em>sententiam</em></strong></span> <span class='ocrx_word' id='word_1_416' title='bbox 1576 4514 1883 4587; x_wconf 88' lang='lat' dir='ltr'><strong><em>reprobabis</em></strong></span> <span class='ocrx_word' id='word_1_417' title='bbox 1905 4538 1925 4580; x_wconf 85' lang='lat'><strong><em>,-</em></strong></span> <span class='ocrx_word' id='word_1_418' title='bbox 1956 4522 2005 4571; x_wconf 90' lang='lat' dir='ltr'><strong><em>et</em></strong></span> 
     </span>
    </p>
   </div>
   <div class='ocr_carea' id='block_1_51' title="bbox 354 4605 2006 4683">
    <p class='ocr_par' dir='ltr' id='par_1_51' title="bbox 354 4605 2006 4683">
     <span class='ocr_line' id='line_1_51' title="bbox 354 4605 2006 4683; baseline -0.005 -13"><span class='ocrx_word' id='word_1_419' title='bbox 354 4621 482 4670; x_wconf 90' lang='lat' dir='ltr'><strong><em>tunc</em></strong></span> <span class='ocrx_word' id='word_1_420' title='bbox 526 4613 656 4668; x_wconf 83' lang='lat' dir='ltr'><strong><em>scies</em></strong></span> <span class='ocrx_word' id='word_1_421' title='bbox 687 4627 841 4683; x_wconf 89' lang='lat' dir='ltr'><strong><em>opere</em></strong></span> <span class='ocrx_word' id='word_1_422' title='bbox 869 4606 1161 4681; x_wconf 88' lang='lat' dir='ltr'><strong><em>difﬁcilius</em></strong></span> <span class='ocrx_word' id='word_1_423' title='bbox 1207 4622 1310 4662; x_wconf 89' lang='lat' dir='ltr'><strong><em>esse</em></strong></span> <span class='ocrx_word' id='word_1_424' title='bbox 1347 4605 1666 4675; x_wconf 75' lang='lat' dir='ltr'><strong><em>conﬁrmare</em></strong></span> <span class='ocrx_word' id='word_1_425' title='bbox 1702 4621 1801 4661; x_wconf 91' lang='lat' dir='ltr'><strong><em>sua</em></strong></span> <span class='ocrx_word' id='word_1_426' title='bbox 1846 4623 2006 4678; x_wconf 89' lang='lat' dir='ltr'><strong><em>quam</em></strong></span> 
     </span>
    </p>
   </div>
   <div class='ocr_carea' id='block_1_52' title="bbox 354 4692 2001 4771">
    <p class='ocr_par' dir='ltr' id='par_1_52' title="bbox 354 4692 2001 4771">
     <span class='ocr_line' id='line_1_52' title="bbox 354 4692 2001 4771; baseline -0.006 -13"><span class='ocrx_word' id='word_1_427' title='bbox 354 4702 537 4759; x_wconf 87' lang='lat' dir='ltr'><strong><em>aliena</em></strong></span> <span class='ocrx_word' id='word_1_428' title='bbox 556 4698 970 4771; x_wconf 85' lang='lat' dir='ltr'><strong><em>reprehendere.</em></strong></span> <span class='ocrx_word' id='word_1_429' title='bbox 985 4700 1067 4753; x_wconf 82' lang='lat' dir='ltr'><strong><em>Ac</em></strong></span> <span class='ocrx_word' id='word_1_430' title='bbox 1085 4712 1150 4750; x_wconf 82' lang='lat' dir='ltr'><strong><em>ne</em></strong></span> <span class='ocrx_word' id='word_1_431' title='bbox 1160 4694 1395 4766; x_wconf 88' lang='lat' dir='ltr'><strong><em>forsitan</em></strong></span> <span class='ocrx_word' id='word_1_432' title='bbox 1411 4692 1512 4749; x_wconf 89' lang='lat' dir='ltr'><strong><em>tibi</em></strong></span> <span class='ocrx_word' id='word_1_433' title='bbox 1527 4710 1634 4749; x_wconf 92' lang='lat' dir='ltr'><strong><em>non</em></strong></span> <span class='ocrx_word' id='word_1_434' title='bbox 1651 4693 2001 4760; x_wconf 89' lang='lat' dir='ltr'><strong><em>crederemus,</em></strong></span> 
     </span>
    </p>
   </div>
   <div class='ocr_carea' id='block_1_53' title="bbox 359 4783 2007 4859">
    <p class='ocr_par' dir='ltr' id='par_1_53' title="bbox 359 4783 2007 4859">
     <span class='ocr_line' id='line_1_53' title="bbox 359 4783 2007 4859; baseline -0.006 -11"><span class='ocrx_word' id='word_1_435' title='bbox 359 4796 463 4848; x_wconf 90' lang='lat' dir='ltr'><strong><em>imo</em></strong></span> <span class='ocrx_word' id='word_1_436' title='bbox 493 4806 597 4845; x_wconf 88' lang='lat' dir='ltr'><strong><em>non</em></strong></span> <span class='ocrx_word' id='word_1_437' title='bbox 626 4788 1044 4859; x_wconf 89' lang='lat' dir='ltr'><strong><em>intelligeremus</em></strong></span> <span class='ocrx_word' id='word_1_438' title='bbox 1061 4784 1191 4856; x_wconf 89' lang='lat' dir='ltr'><strong><em>quid</em></strong></span> <span class='ocrx_word' id='word_1_439' title='bbox 1212 4783 1418 4839; x_wconf 88' lang='lat' dir='ltr'><strong><em>diceres</em></strong></span> <span class='ocrx_word' id='word_1_440' title='bbox 1437 4783 1768 4854; x_wconf 89' lang='lat' dir='ltr'><strong><em>(frequenter</em></strong></span> <span class='ocrx_word' id='word_1_441' title='bbox 1782 4784 1927 4839; x_wconf 90' lang='lat' dir='ltr'><strong><em>enim</em></strong></span> <span class='ocrx_word' id='word_1_442' title='bbox 1950 4783 2007 4838; x_wconf 85' lang='lat' dir='ltr'><strong><em>in</em></strong></span> 
     </span>
    </p>
   </div>
   <div class='ocr_carea' id='block_1_54' title="bbox 358 4871 2010 4952">
    <p class='ocr_par' dir='ltr' id='par_1_54' title="bbox 358 4871 2010 4952">
     <span class='ocr_line' id='line_1_54' title="bbox 358 4871 2010 4952; baseline -0.006 -14"><span class='ocrx_word' id='word_1_443' title='bbox 358 4884 573 4952; x_wconf 80' lang='lat' dir='ltr'><strong><em>longum</em></strong></span> <span class='ocrx_word' id='word_1_444' title='bbox 610 4894 783 4933; x_wconf 90' lang='lat' dir='ltr'><strong><em>sermo</em></strong></span> <span class='ocrx_word' id='word_1_445' title='bbox 805 4879 1118 4949; x_wconf 89' lang='lat' dir='ltr'><strong><em>protractus</em></strong></span> <span class='ocrx_word' id='word_1_446' title='bbox 1154 4878 1305 4928; x_wconf 89' lang='lat' dir='ltr'><strong><em>caret</em></strong></span> <span class='ocrx_word' id='word_1_447' title='bbox 1336 4871 1713 4943; x_wconf 86' lang='lat' dir='ltr'><strong><em>intelligentia</em></strong></span> <span class='ocrx_word' id='word_1_448' title='bbox 1740 4889 1758 4939; x_wconf 87' lang='lat'><strong><em>;</em></strong></span> <span class='ocrx_word' id='word_1_449' title='bbox 1792 4880 1843 4928; x_wconf 87' lang='lat' dir='ltr'><strong><em>et</em></strong></span> <span class='ocrx_word' id='word_1_450' title='bbox 1874 4872 2010 4929; x_wconf 91' lang='lat' dir='ltr'><strong><em>dum</em></strong></span> 
     </span>
    </p>
   </div>
   <div class='ocr_carea' id='block_1_55' title="bbox 358 4960 2014 5036">
    <p class='ocr_par' dir='ltr' id='par_1_55' title="bbox 358 4960 2014 5036">
     <span class='ocr_line' id='line_1_55' title="bbox 358 4960 2014 5036; baseline -0.006 -8"><span class='ocrx_word' id='word_1_451' title='bbox 358 4989 467 5027; x_wconf 78' lang='lat' dir='ltr'><strong><em>non</em></strong></span> <span class='ocrx_word' id='word_1_452' title='bbox 489 4970 748 5033; x_wconf 89' lang='lat' dir='ltr'><strong><em>sentitur,</em></strong></span> <span class='ocrx_word' id='word_1_453' title='bbox 768 4966 835 5022; x_wconf 90' lang='lat' dir='ltr'><strong><em>ab</em></strong></span> <span class='ocrx_word' id='word_1_454' title='bbox 850 4964 1121 5036; x_wconf 88' lang='lat' dir='ltr'><strong><em>imperitis</em></strong></span> <span class='ocrx_word' id='word_1_455' title='bbox 1144 4960 1794 5034; x_wconf 73' lang='lat' dir='ltr'><strong><em>minusreprehenditur),</em></strong></span> <span class='ocrx_word' id='word_1_456' title='bbox 1830 4962 2014 5018; x_wconf 83' lang='lat' dir='ltr'><strong><em>incul-</em></strong></span> 
     </span>
    </p>
   </div>
   <div class='ocr_carea' id='block_1_56' title="bbox 357 5050 2010 5131">
    <p class='ocr_par' dir='ltr' id='par_1_56' title="bbox 357 5050 2010 5131">
     <span class='ocr_line' id='line_1_56' title="bbox 357 5050 2010 5131; baseline -0.008 -13"><span class='ocrx_word' id='word_1_457' title='bbox 357 5078 445 5117; x_wconf 91' lang='lat' dir='ltr'><strong><em>cas</em></strong></span> <span class='ocrx_word' id='word_1_458' title='bbox 490 5068 538 5116; x_wconf 89' lang='lat' dir='ltr'><strong><em>et</em></strong></span> <span class='ocrx_word' id='word_1_459' title='bbox 564 5058 794 5131; x_wconf 89' lang='lat' dir='ltr'><strong><em>replicas</em></strong></span> <span class='ocrx_word' id='word_1_460' title='bbox 821 5075 843 5111; x_wconf 84' lang='lat'><strong><em>:</em></strong></span> <span class='ocrx_word' id='word_1_461' title='bbox 868 5077 895 5107; x_wconf 87' lang='lat'><strong>«</strong></span> <span class='ocrx_word' id='word_1_462' title='bbox 925 5053 1037 5109; x_wconf 90' lang='lat' dir='ltr'><strong><em>Hoc</em></strong></span> <span class='ocrx_word' id='word_1_463' title='bbox 1075 5068 1201 5123; x_wconf 90' lang='lat' dir='ltr'><strong><em>ergo</em></strong></span> <span class='ocrx_word' id='word_1_464' title='bbox 1219 5050 1533 5106; x_wconf 77' lang='lat' dir='ltr'><strong><em>Iudaeorum</em></strong></span> <span class='ocrx_word' id='word_1_465' title='bbox 1565 5050 1772 5106; x_wconf 90' lang='lat' dir='ltr'><strong><em>Paulus</em></strong></span> <span class='ocrx_word' id='word_1_466' title='bbox 1795 5050 2010 5106; x_wconf 56' lang='lat' dir='ltr'><strong><em>dimise.</em></strong></span> 
     </span>
    </p>
   </div>
   <div class='ocr_carea' id='block_1_57' title="bbox 357 5138 2017 5221">
    <p class='ocr_par' dir='ltr' id='par_1_57' title="bbox 357 5138 2017 5221">
     <span class='ocr_line' id='line_1_57' title="bbox 357 5138 2017 5221; baseline -0.01 -14"><span class='ocrx_word' id='word_1_467' title='bbox 357 5157 469 5217; x_wconf 86' lang='lat' dir='ltr'><strong><em>rat,</em></strong></span> <span class='ocrx_word' id='word_1_468' title='bbox 510 5148 647 5221; x_wconf 89' lang='lat' dir='ltr'><strong><em>quod</em></strong></span> <span class='ocrx_word' id='word_1_469' title='bbox 683 5146 885 5203; x_wconf 89' lang='lat' dir='ltr'><strong><em>malum</em></strong></span> <span class='ocrx_word' id='word_1_470' title='bbox 932 5142 1221 5219; x_wconf 77' lang='lat' dir='ltr'><strong><em>habebant.</em></strong></span> <span class='ocrx_word' id='word_1_471' title='bbox 1264 5138 1413 5206; x_wconf 83' lang='lat' dir='ltr'><strong><em>Quod</em></strong></span> <span class='ocrx_word' id='word_1_472' title='bbox 1450 5145 1524 5193; x_wconf 90' lang='lat' dir='ltr'><strong><em>est</em></strong></span> <span class='ocrx_word' id='word_1_473' title='bbox 1562 5138 1763 5194; x_wconf 90' lang='lat' dir='ltr'><strong><em>malum</em></strong></span> <span class='ocrx_word' id='word_1_474' title='bbox 1802 5140 2017 5197; x_wconf 68' lang='lat' dir='ltr'><strong><em>Iudico-</em></strong></span> 
     </span>
    </p>
   </div>
   <div class='ocr_carea' id='block_1_58' title="bbox 358 5227 2014 5309">
    <p class='ocr_par' dir='ltr' id='par_1_58' title="bbox 358 5227 2014 5309">
     <span class='ocr_line' id='line_1_58' title="bbox 358 5227 2014 5309; baseline -0.007 -13"><span class='ocrx_word' id='word_1_475' title='bbox 358 5238 646 5309; x_wconf 80' lang='lat' dir='ltr'><strong><em>rum,quod</em></strong></span> <span class='ocrx_word' id='word_1_476' title='bbox 658 5236 872 5293; x_wconf 88' lang='lat' dir='ltr'><strong><em>Paulus</em></strong></span> <span class='ocrx_word' id='word_1_477' title='bbox 882 5232 1166 5289; x_wconf 85' lang='lat' dir='ltr'><strong><em>dimiserat</em></strong></span> <span class='ocrx_word' id='word_1_478' title='bbox 1181 5229 1410 5301; x_wconf 80' lang='lat' dir='ltr'><strong><em>?Utique</em></strong></span> <span class='ocrx_word' id='word_1_479' title='bbox 1423 5227 1563 5283; x_wconf 90' lang='lat' dir='ltr'><strong><em>illud</em></strong></span> <span class='ocrx_word' id='word_1_480' title='bbox 1575 5228 1713 5299; x_wconf 89' lang='lat' dir='ltr'><strong><em>quod</em></strong></span> <span class='ocrx_word' id='word_1_481' title='bbox 1731 5230 2014 5300; x_wconf 88' lang='lat' dir='ltr'><strong><em>sequitur:</em></strong></span> 
     </span>
    </p>
   </div>
   <div class='ocr_carea' id='block_1_59' title="bbox 424 5386 2013 5499">
    <p class='ocr_par' dir='ltr' id='par_1_59' title="bbox 424 5386 2013 5499">
     <span class='ocr_line' id='line_1_59' title="bbox 424 5386 2013 5499; baseline -0.004 -52"><span class='ocrx_word' id='word_1_482' title='bbox 424 5401 439 5428; x_wconf 73' lang='grc' dir='ltr'>ί</span> <span class='ocrx_word' id='word_1_483' title='bbox 456 5395 1004 5449; x_wconf 78' lang='lat' dir='ltr'><strong><em>Mss.undecim:0um</em></strong></span> <span class='ocrx_word' id='word_1_484' title='bbox 1021 5406 1117 5457; x_wconf 90' lang='lat' dir='ltr'><strong><em>quo</em></strong></span> <span class='ocrx_word' id='word_1_485' title='bbox 1138 5394 1258 5440; x_wconf 81' lang='lat' dir='ltr'><strong><em>ante</em></strong></span> <span class='ocrx_word' id='word_1_486' title='bbox 1276 5402 1383 5437; x_wconf 81' lang='lat' dir='ltr'><strong><em>non</em></strong></span> <span class='ocrx_word' id='word_1_487' title='bbox 1387 5387 1592 5499; x_wconf 48' lang='grc' dir='ltr'><strong><em>ί(ωσι-ιιι</em></strong></span> <span class='ocrx_word' id='word_1_488' title='bbox 1621 5386 2013 5440; x_wconf 82' lang='lat' dir='ltr'><strong><em>Testamentum.</em></strong></span> 
     </span>
     <span class='ocr_line' id='line_1_60' title="bbox 424 5450 2013 5499; baseline 0 0"><span class='ocrx_word' id='word_1_489' title='bbox 424 5461 444 5491; x_wconf 81' lang='grc' dir='ltr'><strong><em>ι</em></strong></span> <span class='ocrx_word' id='word_1_490' title='bbox 467 5460 574 5499; x_wconf 71' lang='lat' dir='ltr'><strong><em>Edrl</em></strong></span> <span class='ocrx_word' id='word_1_491' title='bbox 603 5495 614 5499; x_wconf 71' lang='lat'><strong><em>-</em></strong></span> <span class='ocrx_word' id='word_1_492' title='bbox 633 5465 814 5499; x_wconf 68' lang='lat' dir='ltr'><strong><em>mnum</em></strong></span> <span class='ocrx_word' id='word_1_493' title='bbox 834 5473 895 5499; x_wconf 67' lang='lat' dir='ltr'><strong><em>pm</em></strong></span> <span class='ocrx_word' id='word_1_494' title='bbox 913 5458 1144 5499; x_wconf 76' lang='lat' dir='ltr'><strong><em>muliere.</em></strong></span> <span class='ocrx_word' id='word_1_495' title='bbox 1157 5457 1225 5499; x_wconf 73' lang='lat' dir='ltr'><strong><em>At</em></strong></span> <span class='ocrx_word' id='word_1_496' title='bbox 1242 5453 1367 5499; x_wconf 75' lang='lat' dir='ltr'><strong><em>Mss.</em></strong></span> <span class='ocrx_word' id='word_1_497' title='bbox 1425 5464 1590 5499; x_wconf 76' lang='lat' dir='ltr'><strong><em>eccm.</em></strong></span> <span class='ocrx_word' id='word_1_498' title='bbox 1614 5450 1807 5499; x_wconf 84' lang='lat' dir='ltr'><strong><em>factum</em></strong></span> <span class='ocrx_word' id='word_1_499' title='bbox 1820 5466 1883 5499; x_wconf 72' lang='lat' dir='ltr'><strong><em>ea:</em></strong></span> <span class='ocrx_word' id='word_1_500' title='bbox 1904 5466 2013 5499; x_wconf 83' lang='lat' dir='ltr'><strong><em>mu-</em></strong></span> 
     </span>
    </p>
   </div>
   <div class='ocr_carea' id='block_1_60' title="bbox 424 5450 2014 5519">
    <p class='ocr_par' dir='ltr' id='par_1_60' title="bbox 424 5450 2014 5519">
     <span class='ocr_line' id='line_1_61' title="bbox 424 5450 2014 5519; baseline -0.005 -9"><span class='ocrx_word' id='word_1_501' title='bbox 424 5461 444 5491; x_wconf 89' lang='grc'><strong><em>³</em></strong></span> <span class='ocrx_word' id='word_1_502' title='bbox 463 5460 616 5519; x_wconf 74' lang='grc' dir='ltr'><strong>Εάά..</strong></span> <span class='ocrx_word' id='word_1_503' title='bbox 633 5465 814 5510; x_wconf 85' lang='lat' dir='ltr'><strong><em>natum</em></strong></span> <span class='ocrx_word' id='word_1_504' title='bbox 834 5473 895 5510; x_wconf 78' lang='lat' dir='ltr'><strong><em>ea:</em></strong></span> <span class='ocrx_word' id='word_1_505' title='bbox 913 5450 1144 5508; x_wconf 75' lang='lat' dir='ltr'><strong><em>muliere.</em></strong></span> <span class='ocrx_word' id='word_1_506' title='bbox 1157 5457 1225 5504; x_wconf 75' lang='lat' dir='ltr'><strong><em>At</em></strong></span> <span class='ocrx_word' id='word_1_507' title='bbox 1242 5453 1371 5519; x_wconf 47' lang='lat' dir='ltr'><strong><em>Mss,</em></strong></span> <span class='ocrx_word' id='word_1_508' title='bbox 1387 5450 1590 5519; x_wconf 76' lang='lat' dir='ltr'><strong><em>decem,</em></strong></span> <span class='ocrx_word' id='word_1_509' title='bbox 1613 5450 1807 5519; x_wconf 83' lang='lat' dir='ltr'><strong><em>factum</em></strong></span> <span class='ocrx_word' id='word_1_510' title='bbox 1820 5466 1892 5519; x_wconf 4' lang='lat' dir='ltr'><strong><em>eis,</em></strong></span> <span class='ocrx_word' id='word_1_511' title='bbox 1904 5466 2014 5502; x_wconf 84' lang='lat' dir='ltr'><strong><em>mu-</em></strong></span> 
     </span>
    </p>
   </div>
   <div class='ocr_carea' id='block_1_61' title="bbox 365 5513 2015 5587">
    <p class='ocr_par' dir='ltr' id='par_1_61' title="bbox 365 5513 2015 5587">
     <span class='ocr_line' id='line_1_62' title="bbox 365 5513 2015 5587; baseline -0.004 -13"><span class='ocrx_word' id='word_1_512' title='bbox 365 5524 588 5579; x_wconf 73' lang='lat' dir='ltr'><strong><em>lierszsic</em></strong></span> <span class='ocrx_word' id='word_1_513' title='bbox 600 5513 732 5576; x_wconf 60' lang='lat' dir='ltr'><strong><em>alibi</em></strong></span> <span class='ocrx_word' id='word_1_514' title='bbox 757 5521 960 5587; x_wconf 68' lang='lat' dir='ltr'><strong><em>passim</em></strong></span> <span class='ocrx_word' id='word_1_515' title='bbox 980 5521 1339 5582; x_wconf 80' lang='lat' dir='ltr'><strong><em>Hieronymus</em></strong></span> <span class='ocrx_word' id='word_1_516' title='bbox 1351 5513 1509 5580; x_wconf 69' lang='lat' dir='ltr'><strong><em>juxta</em></strong></span> <span class='ocrx_word' id='word_1_517' title='bbox 1531 5526 1766 5578; x_wconf 68' lang='lat' dir='ltr'><strong><em>amcam</em></strong></span> <span class='ocrx_word' id='word_1_518' title='bbox 1788 5517 2015 5573; x_wconf 69' lang='lat' dir='ltr'><strong><em>textum.</em></strong></span> 
     </span>
    </p>
   </div>
   <div class='ocr_carea' id='block_1_62' title="bbox 1627 84 2479 167">
    <p class='ocr_par' dir='ltr' id='par_1_62' title="bbox 1627 84 2479 167">
     <span class='ocr_line' id='line_1_63' title="bbox 1627 84 2479 167; baseline -0.011 -12"><span class='ocrx_word' id='word_1_519' title='bbox 1627 94 1689 155; x_wconf 74' lang='grc' dir='ltr'><strong>δ.</strong></span> <span class='ocrx_word' id='word_1_520' title='bbox 1717 89 2107 167; x_wconf 59' lang='lat' dir='ltr'><strong><em>mensum</em></strong></span> <span class='ocrx_word' id='word_1_521' title='bbox 2150 84 2479 152; x_wconf 78' lang='lat' dir='ltr'><strong><em>EPISCOPI</em></strong></span> 
     </span>
    </p>
   </div>
   <div class='ocr_carea' id='block_1_63' title="bbox 3654 84 3763 147">
    <p class='ocr_par' dir='ltr' id='par_1_63' title="bbox 3654 84 3763 147">
     <span class='ocr_line' id='line_1_64' title="bbox 3654 84 3763 147; baseline 0 -3"><span class='ocrx_word' id='word_1_522' title='bbox 3654 84 3763 147; x_wconf 69' lang='lat'><strong><em>260</em></strong></span> 
     </span>
    </p>
   </div>
   <div class='ocr_carea' id='block_1_64' title="bbox 2102 209 3762 291">
    <p class='ocr_par' dir='ltr' id='par_1_64' title="bbox 2102 209 3762 291">
     <span class='ocr_line' id='line_1_65' title="bbox 2102 209 3762 291; baseline -0.005 -14"><span class='ocrx_word' id='word_1_523' title='bbox 2102 218 2241 291; x_wconf 87' lang='lat' dir='ltr'><strong><em>quod</em></strong></span> <span class='ocrx_word' id='word_1_524' title='bbox 2266 218 2593 289; x_wconf 85' lang='lat' dir='ltr'><strong><em>ignorantes,</em></strong></span> <span class='ocrx_word' id='word_1_525' title='bbox 2620 213 2832 288; x_wconf 84' lang='lat' dir='ltr'><strong><em>inquit,</em></strong></span> <span class='ocrx_word' id='word_1_526' title='bbox 2856 211 2962 271; x_wconf 83' lang='lat' dir='ltr'><strong><em>Dei</em></strong></span> <span class='ocrx_word' id='word_1_527' title='bbox 2968 209 3273 285; x_wconf 86' lang='lat' dir='ltr'><strong><em>justitiam.</em></strong></span> <span class='ocrx_word' id='word_1_528' title='bbox 3291 218 3339 269; x_wconf 84' lang='lat' dir='ltr'><strong><em>et</em></strong></span> <span class='ocrx_word' id='word_1_529' title='bbox 3354 227 3506 269; x_wconf 90' lang='lat' dir='ltr'><strong><em>suam</em></strong></span> <span class='ocrx_word' id='word_1_530' title='bbox 3531 212 3762 269; x_wconf 86' lang='lat' dir='ltr'><strong><em>volentes</em></strong></span> 
     </span>
    </p>
   </div>
   <div class='ocr_carea' id='block_1_65' title="bbox 2103 302 3763 377">
    <p class='ocr_par' dir='ltr' id='par_1_65' title="bbox 2103 302 3763 377">
     <span class='ocr_line' id='line_1_66' title="bbox 2103 302 3763 377; baseline -0.005 -12"><span class='ocrx_word' id='word_1_531' title='bbox 2103 308 2451 373; x_wconf 86' lang='lat' dir='ltr'><strong><em>constituere,</em></strong></span> <span class='ocrx_word' id='word_1_532' title='bbox 2471 306 2710 377; x_wconf 61' lang='lat' dir='ltr'><strong><em>justitix</em></strong></span> <span class='ocrx_word' id='word_1_533' title='bbox 2735 304 2839 359; x_wconf 88' lang='lat' dir='ltr'><strong><em>Dei</em></strong></span> <span class='ocrx_word' id='word_1_534' title='bbox 2851 321 2954 359; x_wconf 87' lang='lat' dir='ltr'><strong><em>non</em></strong></span> <span class='ocrx_word' id='word_1_535' title='bbox 2970 310 3097 359; x_wconf 90' lang='lat' dir='ltr'><strong><em>sunt</em></strong></span> <span class='ocrx_word' id='word_1_536' title='bbox 3121 302 3349 373; x_wconf 81' lang='lat' dir='ltr'><strong><em>subjecti</em></strong></span> <span class='ocrx_word' id='word_1_537' title='bbox 3378 302 3551 374; x_wconf 80' lang='lat' dir='ltr'><strong><em>(Rom.</em></strong></span> <span class='ocrx_word' id='word_1_538' title='bbox 3578 320 3635 369; x_wconf 88' lang='lat' dir='ltr'><strong><em>x,</em></strong></span> <span class='ocrx_word' id='word_1_539' title='bbox 3658 303 3715 372; x_wconf 87' lang='lat'><strong><em>3)</em></strong></span> <span class='ocrx_word' id='word_1_540' title='bbox 3746 318 3763 368; x_wconf 88' lang='lat'><strong><em>;</em></strong></span> 
     </span>
    </p>
   </div>
   <div class='ocr_carea' id='block_1_66' title="bbox 2104 390 3763 467">
    <p class='ocr_par' dir='ltr' id='par_1_66' title="bbox 2104 390 3763 467">
     <span class='ocr_line' id='line_1_67' title="bbox 2104 390 3763 467; baseline -0.004 -14"><span class='ocrx_word' id='word_1_541' title='bbox 2104 396 2299 453; x_wconf 82' lang='lat' dir='ltr'><strong><em>deinde</em></strong></span> <span class='ocrx_word' id='word_1_542' title='bbox 2330 396 2467 467; x_wconf 89' lang='lat' dir='ltr'><strong><em>quod</em></strong></span> <span class='ocrx_word' id='word_1_543' title='bbox 2487 402 2601 467; x_wconf 90' lang='lat' dir='ltr'><strong><em>post</em></strong></span> <span class='ocrx_word' id='word_1_544' title='bbox 2632 395 2927 466; x_wconf 87' lang='lat' dir='ltr'><strong><em>passionem</em></strong></span> <span class='ocrx_word' id='word_1_545' title='bbox 2960 400 3009 448; x_wconf 89' lang='lat' dir='ltr'><strong><em>et</em></strong></span> <span class='ocrx_word' id='word_1_546' title='bbox 3035 392 3483 449; x_wconf 87' lang='lat' dir='ltr'><strong><em>resurrectionem</em></strong></span> <span class='ocrx_word' id='word_1_547' title='bbox 3522 390 3763 458; x_wconf 87' lang='lat' dir='ltr'><strong><em>Christi,</em></strong></span> 
     </span>
    </p>
   </div>
   <div class='ocr_carea' id='block_1_67' title="bbox 2103 480 3768 555">
    <p class='ocr_par' dir='ltr' id='par_1_67' title="bbox 2103 480 3768 555">
     <span class='ocr_line' id='line_1_68' title="bbox 2103 480 3768 555; baseline -0.003 -15"><span class='ocrx_word' id='word_1_548' title='bbox 2103 486 2229 541; x_wconf 91' lang='lat' dir='ltr'><strong><em>dato</em></strong></span> <span class='ocrx_word' id='word_1_549' title='bbox 2260 502 2320 539; x_wconf 90' lang='lat' dir='ltr'><strong><em>ac</em></strong></span> <span class='ocrx_word' id='word_1_550' title='bbox 2346 484 2636 555; x_wconf 87' lang='lat' dir='ltr'><strong><em>manifesto</em></strong></span> <span class='ocrx_word' id='word_1_551' title='bbox 2666 482 3019 538; x_wconf 89' lang='lat' dir='ltr'><strong><em>Sacramento</em></strong></span> <span class='ocrx_word' id='word_1_552' title='bbox 3059 482 3281 553; x_wconf 60' lang='lat' dir='ltr'><strong><em>gratim,</em></strong></span> <span class='ocrx_word' id='word_1_553' title='bbox 3337 480 3625 537; x_wconf 87' lang='lat' dir='ltr'><strong><em>secundum</em></strong></span> <span class='ocrx_word' id='word_1_554' title='bbox 3676 492 3768 535; x_wconf 83' lang='lat' dir='ltr'><strong><em>or-</em></strong></span> 
     </span>
    </p>
   </div>
   <div class='ocr_carea' id='block_1_68' title="bbox 2103 570 3769 642">
    <p class='ocr_par' dir='ltr' id='par_1_68' title="bbox 2103 570 3769 642">
     <span class='ocr_line' id='line_1_69' title="bbox 2103 570 3769 642; baseline -0.004 -13"><span class='ocrx_word' id='word_1_555' title='bbox 2103 574 2284 630; x_wconf 87' lang='lat' dir='ltr'><strong><em>dinem</em></strong></span> <span class='ocrx_word' id='word_1_556' title='bbox 2312 572 2709 636; x_wconf 84' lang='lat' dir='ltr'><strong><em>Melchisedech,</em></strong></span> <span class='ocrx_word' id='word_1_557' title='bbox 2737 571 2919 626; x_wconf 89' lang='lat' dir='ltr'><strong><em>adhuc</em></strong></span> <span class='ocrx_word' id='word_1_558' title='bbox 2932 570 3194 642; x_wconf 88' lang='lat' dir='ltr'><strong><em>putabant</em></strong></span> <span class='ocrx_word' id='word_1_559' title='bbox 3220 576 3400 624; x_wconf 87' lang='lat' dir='ltr'><strong><em>vetera</em></strong></span> <span class='ocrx_word' id='word_1_560' title='bbox 3418 574 3769 625; x_wconf 86' lang='lat' dir='ltr'><strong><em>sacramenta</em></strong></span> 
     </span>
    </p>
   </div>
   <div class='ocr_carea' id='block_1_69' title="bbox 2103 658 3771 724">
    <p class='ocr_par' dir='ltr' id='par_1_69' title="bbox 2103 658 3771 724">
     <span class='ocr_line' id='line_1_70' title="bbox 2103 658 3771 724; baseline -0.004 -5"><span class='ocrx_word' id='word_1_561' title='bbox 2103 680 2211 719; x_wconf 87' lang='lat' dir='ltr'><strong><em>non</em></strong></span> <span class='ocrx_word' id='word_1_562' title='bbox 2257 680 2325 719; x_wconf 72' lang='lat' dir='ltr'><strong><em>ea:</em></strong></span> <span class='ocrx_word' id='word_1_563' title='bbox 2365 660 2744 717; x_wconf 88' lang='lat' dir='ltr'><strong><em>consuetudine</em></strong></span> <span class='ocrx_word' id='word_1_564' title='bbox 2780 661 3165 724; x_wconf 86' lang='lat' dir='ltr'><strong><em>solemnitatis,</em></strong></span> <span class='ocrx_word' id='word_1_565' title='bbox 3209 659 3299 714; x_wconf 88' lang='lat' dir='ltr'><strong><em>sed</em></strong></span> <span class='ocrx_word' id='word_1_566' title='bbox 3344 676 3407 714; x_wconf 67' lang='lat' dir='ltr'><strong><em>ex</em></strong></span> <span class='ocrx_word' id='word_1_567' title='bbox 3454 658 3771 715; x_wconf 87' lang='lat' dir='ltr'><strong><em>necessitate</em></strong></span> 
     </span>
    </p>
   </div>
   <div class='ocr_carea' id='block_1_70' title="bbox 2103 748 3771 821">
    <p class='ocr_par' dir='ltr' id='par_1_70' title="bbox 2103 748 3771 821">
     <span class='ocr_line' id='line_1_71' title="bbox 2103 748 3771 821; baseline -0.002 -14"><span class='ocrx_word' id='word_1_568' title='bbox 2103 753 2360 808; x_wconf 89' lang='lat' dir='ltr'><strong><em>salutatis</em></strong></span> <span class='ocrx_word' id='word_1_569' title='bbox 2371 749 2802 807; x_wconf 88' lang='lat' dir='ltr'><strong><em>essecelebranda</em></strong></span> <span class='ocrx_word' id='word_1_570' title='bbox 2817 767 2836 816; x_wconf 79' lang='lat'><strong><em>,&#39;</em></strong></span> <span class='ocrx_word' id='word_1_571' title='bbox 2850 765 2972 821; x_wconf 75' lang='lat' dir='ltr'><strong><em>quae</em></strong></span> <span class='ocrx_word' id='word_1_572' title='bbox 2989 756 3164 804; x_wconf 86' lang='lat' dir='ltr'><strong><em>tamen</em></strong></span> <span class='ocrx_word' id='word_1_573' title='bbox 3179 749 3231 803; x_wconf 88' lang='lat' dir='ltr'><strong><em>si</em></strong></span> <span class='ocrx_word' id='word_1_574' title='bbox 3247 765 3521 820; x_wconf 88' lang='lat' dir='ltr'><strong><em>nunquam</em></strong></span> <span class='ocrx_word' id='word_1_575' title='bbox 3530 748 3771 821; x_wconf 84' lang='lat' dir='ltr'><strong><em>fuissent</em></strong></span> 
     </span>
    </p>
   </div>
   <div class='ocr_carea' id='block_1_71' title="bbox 2104 838 3772 911">
    <p class='ocr_par' dir='ltr' id='par_1_71' title="bbox 2104 838 3772 911">
     <span class='ocr_line' id='line_1_72' title="bbox 2104 838 3772 911; baseline -0.002 -14"><span class='ocrx_word' id='word_1_576' title='bbox 2104 842 2425 905; x_wconf 89' lang='lat' dir='ltr'><strong><em>necessaria,</em></strong></span> <span class='ocrx_word' id='word_1_577' title='bbox 2459 840 2794 909; x_wconf 68' lang='lat' dir='ltr'><strong><em>infructuou</em></strong></span> <span class='ocrx_word' id='word_1_578' title='bbox 2835 845 2992 911; x_wconf 88' lang='lat' dir='ltr'><strong><em>atque</em></strong></span> <span class='ocrx_word' id='word_1_579' title='bbox 3023 839 3272 893; x_wconf 90' lang='lat' dir='ltr'><strong><em>inaniter</em></strong></span> <span class='ocrx_word' id='word_1_580' title='bbox 3296 855 3398 909; x_wconf 90' lang='lat' dir='ltr'><strong><em>pro</em></strong></span> <span class='ocrx_word' id='word_1_581' title='bbox 3437 838 3513 894; x_wconf 84' lang='lat' dir='ltr'><strong><em>eis</em></strong></span> <span class='ocrx_word' id='word_1_582' title='bbox 3542 838 3772 895; x_wconf 84' lang='lat' dir='ltr'><strong><em>Macha-</em></strong></span> 
     </span>
    </p>
   </div>
   <div class='ocr_carea' id='block_1_72' title="bbox 2106 926 3771 1003">
    <p class='ocr_par' dir='ltr' id='par_1_72' title="bbox 2106 926 3771 1003">
     <span class='ocr_line' id='line_1_73' title="bbox 2106 926 3771 1003; baseline 0.001 -18"><span class='ocrx_word' id='word_1_583' title='bbox 2106 930 2208 987; x_wconf 76' lang='lat' dir='ltr'><strong><em>bcei</em></strong></span> <span class='ocrx_word' id='word_1_584' title='bbox 2230 937 2500 1003; x_wconf 83' lang='lat' dir='ltr'><strong><em>martyres</em></strong></span> <span class='ocrx_word' id='word_1_585' title='bbox 2517 930 2707 1001; x_wconf 81' lang='lat' dir='ltr'><strong><em>ﬁerent</em></strong></span> <span class='ocrx_word' id='word_1_586' title='bbox 2720 949 2740 987; x_wconf 89' lang='lat'><strong><em>:</em></strong></span> <span class='ocrx_word' id='word_1_587' title='bbox 2759 936 3024 1000; x_wconf 84' lang='lat' dir='ltr'><strong><em>postremo</em></strong></span> <span class='ocrx_word' id='word_1_588' title='bbox 3043 926 3201 992; x_wconf 88' lang='lat' dir='ltr'><strong><em>illud,</em></strong></span> <span class='ocrx_word' id='word_1_589' title='bbox 3225 927 3361 1001; x_wconf 86' lang='lat' dir='ltr'><strong><em>quod</em></strong></span> <span class='ocrx_word' id='word_1_590' title='bbox 3380 927 3771 998; x_wconf 66' lang='lat' dir='ltr'><strong><em>praedicatores</em></strong></span> 
     </span>
    </p>
   </div>
   <div class='ocr_carea' id='block_1_73' title="bbox 2103 1016 3770 1092">
    <p class='ocr_par' dir='ltr' id='par_1_73' title="bbox 2103 1016 3770 1092">
     <span class='ocr_line' id='line_1_74' title="bbox 2103 1016 3770 1092; baseline -0.001 -18"><span class='ocrx_word' id='word_1_591' title='bbox 2103 1021 2303 1092; x_wconf 71' lang='lat' dir='ltr'><strong><em>gratiae</em></strong></span> <span class='ocrx_word' id='word_1_592' title='bbox 2331 1020 2676 1076; x_wconf 80' lang='lat' dir='ltr'><strong><em>Christianos</em></strong></span> <span class='ocrx_word' id='word_1_593' title='bbox 2704 1018 2910 1084; x_wconf 72' lang='lat' dir='ltr'><strong><em>Iudaei,</em></strong></span> <span class='ocrx_word' id='word_1_594' title='bbox 2937 1023 3192 1088; x_wconf 86' lang='lat' dir='ltr'><strong><em>tanquam</em></strong></span> <span class='ocrx_word' id='word_1_595' title='bbox 3217 1017 3385 1072; x_wconf 85' lang='lat' dir='ltr'><strong><em>hostes</em></strong></span> <span class='ocrx_word' id='word_1_596' title='bbox 3400 1016 3770 1088; x_wconf 85' lang='lat' dir='ltr'><strong><em>Legis,perse-</em></strong></span> 
     </span>
    </p>
   </div>
   <div class='ocr_carea' id='block_1_74' title="bbox 2104 1106 3772 1183">
    <p class='ocr_par' dir='ltr' id='par_1_74' title="bbox 2104 1106 3772 1183">
     <span class='ocr_line' id='line_1_75' title="bbox 2104 1106 3772 1183; baseline -0.001 -19"><span class='ocrx_word' id='word_1_597' title='bbox 2104 1116 2432 1183; x_wconf 84' lang='lat' dir='ltr'><strong><em>querentur.</em></strong></span> <span class='ocrx_word' id='word_1_598' title='bbox 2464 1108 2744 1179; x_wconf 84' lang='lat' dir='ltr'><strong><em>Hosatque</em></strong></span> <span class='ocrx_word' id='word_1_599' title='bbox 2776 1107 3081 1178; x_wconf 87' lang='lat' dir='ltr'><strong><em>hujusmodi</em></strong></span> <span class='ocrx_word' id='word_1_600' title='bbox 3109 1122 3325 1163; x_wconf 74' lang='lat' dir='ltr'><strong><em>errores</em></strong></span> <span class='ocrx_word' id='word_1_601' title='bbox 3353 1113 3409 1161; x_wconf 90' lang='lat' dir='ltr'><strong><em>et</em></strong></span> <span class='ocrx_word' id='word_1_602' title='bbox 3438 1107 3595 1173; x_wconf 87' lang='lat' dir='ltr'><strong><em>vitia,</em></strong></span> <span class='ocrx_word' id='word_1_603' title='bbox 3627 1106 3772 1163; x_wconf 82' lang='lat' dir='ltr'><strong><em>dicit</em></strong></span> 
     </span>
    </p>
   </div>
   <div class='ocr_carea' id='block_1_75' title="bbox 2105 1195 3770 1260">
    <p class='ocr_par' dir='ltr' id='par_1_75' title="bbox 2105 1195 3770 1260">
     <span class='ocr_line' id='line_1_76' title="bbox 2105 1195 3770 1260; baseline -0.002 -6"><span class='ocrx_word' id='word_1_604' title='bbox 2105 1216 2157 1254; x_wconf 90' lang='lat' dir='ltr'><strong><em>se</em></strong></span> <span class='ocrx_word' id='word_1_605' title='bbox 2185 1199 2383 1254; x_wconf 91' lang='lat' dir='ltr'><strong><em>damna</em></strong></span> <span class='ocrx_word' id='word_1_606' title='bbox 2403 1205 2450 1252; x_wconf 92' lang='lat' dir='ltr'><strong><em>et</em></strong></span> <span class='ocrx_word' id='word_1_607' title='bbox 2482 1205 2541 1252; x_wconf 90' lang='lat' dir='ltr'><strong><em>ut</em></strong></span> <span class='ocrx_word' id='word_1_608' title='bbox 2562 1201 2799 1252; x_wconf 88' lang='lat' dir='ltr'><strong><em>stercora</em></strong></span> <span class='ocrx_word' id='word_1_609' title='bbox 2826 1195 3179 1260; x_wconf 88' lang='lat' dir='ltr'><strong><em>arbitratum,</em></strong></span> <span class='ocrx_word' id='word_1_610' title='bbox 3206 1202 3267 1251; x_wconf 88' lang='lat' dir='ltr'><strong><em>ut</em></strong></span> <span class='ocrx_word' id='word_1_611' title='bbox 3282 1196 3566 1255; x_wconf 76' lang='lat' dir='ltr'><strong><em>Christum</em></strong></span> <span class='ocrx_word' id='word_1_612' title='bbox 3592 1195 3770 1252; x_wconf 87' lang='lat' dir='ltr'><strong><em>lucri-</em></strong></span> 
     </span>
    </p>
   </div>
   <div class='ocr_carea' id='block_1_76' title="bbox 2101 1285 2897 1359">
    <p class='ocr_par' dir='ltr' id='par_1_76' title="bbox 2101 1285 2897 1359">
     <span class='ocr_line' id='line_1_77' title="bbox 2101 1285 2897 1359; baseline -0.008 -16"><span class='ocrx_word' id='word_1_613' title='bbox 2101 1290 2313 1359; x_wconf 80' lang='lat' dir='ltr'><strong><em>faceret</em></strong></span> <span class='ocrx_word' id='word_1_614' title='bbox 2347 1286 2609 1357; x_wconf 84' lang='lat' dir='ltr'><strong><em>(Philipp.</em></strong></span> <span class='ocrx_word' id='word_1_615' title='bbox 2646 1303 2723 1350; x_wconf 90' lang='grc' dir='ltr'><strong><em>ιιι,</em></strong></span> <span class='ocrx_word' id='word_1_616' title='bbox 2756 1285 2833 1357; x_wconf 90' lang='lat'><strong><em>8).</em></strong></span> <span class='ocrx_word' id='word_1_617' title='bbox 2868 1304 2897 1337; x_wconf 70' lang='grc' dir='ltr'><strong><em>ιι</em></strong></span> 
     </span>
    </p>
   </div>
   <div class='ocr_carea' id='block_1_77' title="bbox 2180 1373 3771 1446">
    <p class='ocr_par' dir='ltr' id='par_1_77' title="bbox 2180 1373 3771 1446">
     <span class='ocr_line' id='line_1_78' title="bbox 2180 1373 3771 1446; baseline 0.001 -14"><span class='ocrx_word' id='word_1_618' title='bbox 2180 1378 2268 1432; x_wconf 77' lang='grc'><strong>16.</strong></span> <span class='ocrx_word' id='word_1_619' title='bbox 2303 1375 2611 1432; x_wconf 88' lang='lat' dir='ltr'><strong><em>Didicimus</em></strong></span> <span class='ocrx_word' id='word_1_620' title='bbox 2633 1382 2814 1446; x_wconf 88' lang='lat' dir='ltr'><strong><em>perte,</em></strong></span> <span class='ocrx_word' id='word_1_621' title='bbox 2833 1390 2950 1445; x_wconf 71' lang='lat' dir='ltr'><strong><em>quae</em></strong></span> <span class='ocrx_word' id='word_1_622' title='bbox 2973 1373 3242 1445; x_wconf 87' lang='lat' dir='ltr'><strong><em>apostolus</em></strong></span> <span class='ocrx_word' id='word_1_623' title='bbox 3272 1373 3477 1429; x_wconf 91' lang='lat' dir='ltr'><strong><em>Paulus</em></strong></span> <span class='ocrx_word' id='word_1_624' title='bbox 3506 1373 3653 1429; x_wconf 88' lang='lat' dir='ltr'><strong><em>mala</em></strong></span> <span class='ocrx_word' id='word_1_625' title='bbox 3673 1388 3771 1433; x_wconf 77' lang='lat' dir='ltr'><strong><em>re-</em></strong></span> 
     </span>
    </p>
   </div>
   <div class='ocr_carea' id='block_1_78' title="bbox 2109 1463 3767 1537">
    <p class='ocr_par' dir='ltr' id='par_1_78' title="bbox 2109 1463 3767 1537">
     <span class='ocr_line' id='line_1_79' title="bbox 2109 1463 3767 1537; baseline 0 -17"><span class='ocrx_word' id='word_1_626' title='bbox 2109 1465 2337 1537; x_wconf 85' lang='lat' dir='ltr'><strong><em>liquerit</em></strong></span> <span class='ocrx_word' id='word_1_627' title='bbox 2369 1466 2384 1499; x_wconf 88' lang='grc'>¹</span> <span class='ocrx_word' id='word_1_628' title='bbox 2420 1464 2733 1519; x_wconf 67' lang='grc' dir='ltr'><strong><em>Ιαᾱκοισωη</em></strong></span> <span class='ocrx_word' id='word_1_629' title='bbox 2766 1480 2783 1529; x_wconf 90' lang='grc'><strong><em>;</em></strong></span> <span class='ocrx_word' id='word_1_630' title='bbox 2809 1480 3033 1519; x_wconf 84' lang='lat' dir='ltr'><strong><em>rursum</em></strong></span> <span class='ocrx_word' id='word_1_631' title='bbox 3057 1471 3105 1518; x_wconf 90' lang='lat' dir='ltr'><strong><em>te</em></strong></span> <span class='ocrx_word' id='word_1_632' title='bbox 3133 1463 3625 1520; x_wconf 88' lang='lat' dir='ltr'><strong><em>docentediscamus</em></strong></span> <span class='ocrx_word' id='word_1_633' title='bbox 3644 1482 3767 1536; x_wconf 58' lang='lat' dir='ltr'><strong><em>qua</em></strong></span> 
     </span>
    </p>
   </div>
   <div class='ocr_carea' id='block_1_79' title="bbox 2109 1551 3767 1625">
    <p class='ocr_par' dir='ltr' id='par_1_79' title="bbox 2109 1551 3767 1625">
     <span class='ocr_line' id='line_1_80' title="bbox 2109 1551 3767 1625; baseline -0.001 -16"><span class='ocrx_word' id='word_1_634' title='bbox 2109 1555 2244 1610; x_wconf 88' lang='lat' dir='ltr'><strong><em>bona</em></strong></span> <span class='ocrx_word' id='word_1_635' title='bbox 2274 1570 2456 1609; x_wconf 90' lang='lat' dir='ltr'><strong><em>eorum</em></strong></span> <span class='ocrx_word' id='word_1_636' title='bbox 2477 1554 2774 1609; x_wconf 57' lang='lat' dir='ltr'><strong><em>tenuerint</em></strong></span> <span class='ocrx_word' id='word_1_637' title='bbox 2790 1551 3215 1614; x_wconf 86' lang='lat' dir='ltr'><strong><em>Observationes,</em></strong></span> <span class='ocrx_word' id='word_1_638' title='bbox 3231 1572 3258 1603; x_wconf 83' lang='lat'><strong>»</strong></span> <span class='ocrx_word' id='word_1_639' title='bbox 3276 1552 3501 1624; x_wconf 88' lang='lat' dir='ltr'><strong><em>inquies,</em></strong></span> <span class='ocrx_word' id='word_1_640' title='bbox 3528 1571 3560 1606; x_wconf 88' lang='grc'><strong>‹</strong></span> <span class='ocrx_word' id='word_1_641' title='bbox 3585 1553 3767 1625; x_wconf 88' lang='lat' dir='ltr'><strong><em>Legis,</em></strong></span> 
     </span>
    </p>
   </div>
   <div class='ocr_carea' id='block_1_80' title="bbox 2106 1640 3768 1715">
    <p class='ocr_par' dir='ltr' id='par_1_80' title="bbox 2106 1640 3768 1715">
     <span class='ocr_line' id='line_1_81' title="bbox 2106 1640 3768 1715; baseline 0 -17"><span class='ocrx_word' id='word_1_642' title='bbox 2106 1659 2237 1715; x_wconf 89' lang='lat' dir='ltr'><strong><em>quas</em></strong></span> <span class='ocrx_word' id='word_1_643' title='bbox 2256 1660 2401 1697; x_wconf 88' lang='lat' dir='ltr'><strong><em>more</em></strong></span> <span class='ocrx_word' id='word_1_644' title='bbox 2416 1642 2606 1713; x_wconf 90' lang='lat' dir='ltr'><strong><em>patrio</em></strong></span> <span class='ocrx_word' id='word_1_645' title='bbox 2622 1640 2895 1697; x_wconf 89' lang='lat' dir='ltr'><strong><em>celebrant</em></strong></span> <span class='ocrx_word' id='word_1_646' title='bbox 2902 1643 3059 1706; x_wconf 88' lang='lat' dir='ltr'><strong><em>,sicut</em></strong></span> <span class='ocrx_word' id='word_1_647' title='bbox 3078 1640 3143 1695; x_wconf 92' lang='lat' dir='ltr'><strong><em>ab</em></strong></span> <span class='ocrx_word' id='word_1_648' title='bbox 3167 1642 3278 1711; x_wconf 92' lang='lat' dir='ltr'><strong><em>ipso</em></strong></span> <span class='ocrx_word' id='word_1_649' title='bbox 3301 1640 3468 1697; x_wconf 85' lang='lat' dir='ltr'><strong><em>Paulo</em></strong></span> <span class='ocrx_word' id='word_1_650' title='bbox 3480 1641 3768 1698; x_wconf 61' lang='lat' dir='ltr'><strong><em>celebrata</em></strong></span> 
     </span>
    </p>
   </div>
   <div class='ocr_carea' id='block_1_81' title="bbox 2108 1729 3765 1802">
    <p class='ocr_par' dir='ltr' id='par_1_81' title="bbox 2108 1729 3765 1802">
     <span class='ocr_line' id='line_1_82' title="bbox 2108 1729 3765 1802; baseline -0.001 -15"><span class='ocrx_word' id='word_1_651' title='bbox 2108 1739 2254 1799; x_wconf 90' lang='lat' dir='ltr'><strong><em>sunt,</em></strong></span> <span class='ocrx_word' id='word_1_652' title='bbox 2287 1733 2401 1787; x_wconf 90' lang='lat' dir='ltr'><strong><em>sine</em></strong></span> <span class='ocrx_word' id='word_1_653' title='bbox 2427 1731 2543 1786; x_wconf 89' lang='lat' dir='ltr'><strong><em>ulla</em></strong></span> <span class='ocrx_word' id='word_1_654' title='bbox 2561 1730 2758 1786; x_wconf 88' lang='lat' dir='ltr'><strong><em>salutis</em></strong></span> <span class='ocrx_word' id='word_1_655' title='bbox 2776 1732 3104 1785; x_wconf 85' lang='lat' dir='ltr'><strong><em>necessitate.</em></strong></span> <span class='ocrx_word' id='word_1_656' title='bbox 3127 1750 3153 1780; x_wconf 87' lang='lat'><strong>»</strong></span> <span class='ocrx_word' id='word_1_657' title='bbox 3176 1729 3243 1784; x_wconf 88' lang='lat' dir='ltr'><strong><em>Id</em></strong></span> <span class='ocrx_word' id='word_1_658' title='bbox 3253 1730 3385 1802; x_wconf 87' lang='lat' dir='ltr'><strong><em>quid</em></strong></span> <span class='ocrx_word' id='word_1_659' title='bbox 3410 1731 3550 1786; x_wconf 87' lang='lat' dir='ltr'><strong><em>velis</em></strong></span> <span class='ocrx_word' id='word_1_660' title='bbox 3565 1730 3765 1793; x_wconf 87' lang='lat' dir='ltr'><strong><em>dicere,</em></strong></span> 
     </span>
    </p>
   </div>
   <div class='ocr_carea' id='block_1_82' title="bbox 2114 1818 3771 1891">
    <p class='ocr_par' dir='ltr' id='par_1_82' title="bbox 2114 1818 3771 1891">
     <span class='ocr_line' id='line_1_83' title="bbox 2114 1818 3771 1891; baseline 0.001 -18"><span class='ocrx_word' id='word_1_661' title='bbox 2114 1841 2143 1873; x_wconf 76' lang='grc' dir='ltr'><strong>α</strong></span> <span class='ocrx_word' id='word_1_662' title='bbox 2179 1821 2295 1876; x_wconf 90' lang='lat' dir='ltr'><strong><em>sine</em></strong></span> <span class='ocrx_word' id='word_1_663' title='bbox 2315 1820 2430 1875; x_wconf 90' lang='lat' dir='ltr'><strong><em>ulla</em></strong></span> <span class='ocrx_word' id='word_1_664' title='bbox 2454 1820 2648 1875; x_wconf 90' lang='lat' dir='ltr'><strong><em>salutis</em></strong></span> <span class='ocrx_word' id='word_1_665' title='bbox 2678 1819 3009 1885; x_wconf 88' lang='lat' dir='ltr'><strong><em>necessitate,</em></strong></span> <span class='ocrx_word' id='word_1_666' title='bbox 3047 1839 3074 1870; x_wconf 80' lang='lat' dir='ltr'><strong><em>v</em></strong></span> <span class='ocrx_word' id='word_1_667' title='bbox 3108 1835 3214 1873; x_wconf 89' lang='lat' dir='ltr'><strong><em>non</em></strong></span> <span class='ocrx_word' id='word_1_668' title='bbox 3242 1819 3378 1872; x_wconf 90' lang='lat' dir='ltr'><strong><em>satis</em></strong></span> <span class='ocrx_word' id='word_1_669' title='bbox 3407 1818 3669 1891; x_wconf 88' lang='lat' dir='ltr'><strong><em>intelligo.</em></strong></span> <span class='ocrx_word' id='word_1_670' title='bbox 3707 1818 3771 1875; x_wconf 87' lang='lat' dir='ltr'><strong><em>Si</em></strong></span> 
     </span>
    </p>
   </div>
   <div class='ocr_carea' id='block_1_83' title="bbox 2111 1898 3771 1971">
    <p class='ocr_par' dir='ltr' id='par_1_83' title="bbox 2111 1898 3771 1971">
     <span class='ocr_line' id='line_1_84' title="bbox 2111 1898 3771 1971; baseline -0.001 -14"><span class='ocrx_word' id='word_1_671' title='bbox 2111 1902 2255 1957; x_wconf 88' lang='lat' dir='ltr'><strong><em>enim</em></strong></span> <span class='ocrx_word' id='word_1_672' title='bbox 2285 1901 2509 1957; x_wconf 88' lang='lat' dir='ltr'><strong><em>salutem</em></strong></span> <span class='ocrx_word' id='word_1_673' title='bbox 2532 1916 2638 1954; x_wconf 89' lang='lat' dir='ltr'><strong><em>non</em></strong></span> <span class='ocrx_word' id='word_1_674' title='bbox 2662 1900 2923 1971; x_wconf 69' lang='lat' dir='ltr'><strong><em>afferunt,</em></strong></span> <span class='ocrx_word' id='word_1_675' title='bbox 2948 1915 3047 1953; x_wconf 88' lang='lat' dir='ltr'><strong><em>cur</em></strong></span> <span class='ocrx_word' id='word_1_676' title='bbox 3066 1898 3426 1953; x_wconf 89' lang='lat' dir='ltr'><strong><em>observantur</em></strong></span> <span class='ocrx_word' id='word_1_677' title='bbox 3451 1899 3480 1950; x_wconf 87' lang='lat'><strong><em>?</em></strong></span> <span class='ocrx_word' id='word_1_678' title='bbox 3507 1898 3570 1954; x_wconf 90' lang='lat' dir='ltr'><strong><em>Si</em></strong></span> <span class='ocrx_word' id='word_1_679' title='bbox 3587 1906 3771 1955; x_wconf 87' lang='lat' dir='ltr'><strong><em>autem</em></strong></span> 
     </span>
    </p>
   </div>
   <div class='ocr_carea' id='block_1_84' title="bbox 2108 1988 3770 2060">
    <p class='ocr_par' dir='ltr' id='par_1_84' title="bbox 2108 1988 3770 2060">
     <span class='ocr_line' id='line_1_85' title="bbox 2108 1988 3770 2060; baseline -0.001 -14"><span class='ocrx_word' id='word_1_680' title='bbox 2108 1990 2437 2046; x_wconf 85' lang='lat' dir='ltr'><strong><em>observanda</em></strong></span> <span class='ocrx_word' id='word_1_681' title='bbox 2462 1997 2608 2055; x_wconf 89' lang='lat' dir='ltr'><strong><em>sunt,</em></strong></span> <span class='ocrx_word' id='word_1_682' title='bbox 2631 1990 2815 2059; x_wconf 91' lang='lat' dir='ltr'><strong><em>utique</em></strong></span> <span class='ocrx_word' id='word_1_683' title='bbox 2838 1988 3063 2043; x_wconf 88' lang='lat' dir='ltr'><strong><em>salutem</em></strong></span> <span class='ocrx_word' id='word_1_684' title='bbox 3092 1989 3370 2058; x_wconf 79' lang='lat' dir='ltr'><strong><em>afferunt;</em></strong></span> <span class='ocrx_word' id='word_1_685' title='bbox 3390 1990 3620 2043; x_wconf 70' lang='lat' dir='ltr'><strong><em>maxime</em></strong></span> <span class='ocrx_word' id='word_1_686' title='bbox 3647 2006 3770 2060; x_wconf 58' lang='lat' dir='ltr'><strong><em>qua</em></strong></span> 
     </span>
    </p>
   </div>
   <div class='ocr_carea' id='block_1_85' title="bbox 2110 2077 3773 2149">
    <p class='ocr_par' dir='ltr' id='par_1_85' title="bbox 2110 2077 3773 2149">
     <span class='ocr_line' id='line_1_86' title="bbox 2110 2077 3773 2149; baseline -0.003 -13"><span class='ocrx_word' id='word_1_687' title='bbox 2110 2080 2390 2136; x_wconf 86' lang='lat' dir='ltr'><strong><em>observata</em></strong></span> <span class='ocrx_word' id='word_1_688' title='bbox 2409 2077 2917 2149; x_wconf 87' lang='lat' dir='ltr'><strong><em>martyresfaciunt.</em></strong></span> <span class='ocrx_word' id='word_1_689' title='bbox 2930 2077 3052 2133; x_wconf 90' lang='lat' dir='ltr'><strong><em>Non</em></strong></span> <span class='ocrx_word' id='word_1_690' title='bbox 3070 2078 3210 2131; x_wconf 87' lang='lat' dir='ltr'><strong><em>enim</em></strong></span> <span class='ocrx_word' id='word_1_691' title='bbox 3234 2077 3773 2143; x_wconf 84' lang='lat' dir='ltr'><strong><em>observarentur,ni-</em></strong></span> 
     </span>
    </p>
   </div>
   <div class='ocr_carea' id='block_1_86' title="bbox 2110 2166 3773 2239">
    <p class='ocr_par' dir='ltr' id='par_1_86' title="bbox 2110 2166 3773 2239">
     <span class='ocr_line' id='line_1_87' title="bbox 2110 2166 3773 2239; baseline -0.003 -15"><span class='ocrx_word' id='word_1_692' title='bbox 2110 2170 2163 2224; x_wconf 88' lang='lat' dir='ltr'><strong><em>si</em></strong></span> <span class='ocrx_word' id='word_1_693' title='bbox 2174 2168 2406 2224; x_wconf 89' lang='lat' dir='ltr'><strong><em>salutem</em></strong></span> <span class='ocrx_word' id='word_1_694' title='bbox 2420 2168 2702 2239; x_wconf 74' lang='lat' dir='ltr'><strong><em>afferrent.</em></strong></span> <span class='ocrx_word' id='word_1_695' title='bbox 2718 2167 2898 2237; x_wconf 89' lang='lat' dir='ltr'><strong><em>Neque</em></strong></span> <span class='ocrx_word' id='word_1_696' title='bbox 2909 2166 3052 2220; x_wconf 86' lang='lat' dir='ltr'><strong><em>enim</em></strong></span> <span class='ocrx_word' id='word_1_697' title='bbox 3072 2166 3193 2220; x_wconf 88' lang='lat' dir='ltr'><strong><em>indi</em></strong></span> <span class='ocrx_word' id='word_1_698' title='bbox 3198 2167 3451 2235; x_wconf 73' lang='lat' dir='ltr'><strong><em>[ferentia</em></strong></span> <span class='ocrx_word' id='word_1_699' title='bbox 3470 2174 3596 2221; x_wconf 91' lang='lat' dir='ltr'><strong><em>sunt</em></strong></span> <span class='ocrx_word' id='word_1_700' title='bbox 3621 2168 3773 2222; x_wconf 89' lang='lat' dir='ltr'><strong><em>inter</em></strong></span> 
     </span>
    </p>
   </div>
   <div class='ocr_carea' id='block_1_87' title="bbox 2113 2254 3776 2327">
    <p class='ocr_par' dir='ltr' id='par_1_87' title="bbox 2113 2254 3776 2327">
     <span class='ocr_line' id='line_1_88' title="bbox 2113 2254 3776 2327; baseline -0.002 -14"><span class='ocrx_word' id='word_1_701' title='bbox 2113 2258 2303 2313; x_wconf 88' lang='lat' dir='ltr'><strong><em>bonum</em></strong></span> <span class='ocrx_word' id='word_1_702' title='bbox 2324 2261 2373 2312; x_wconf 88' lang='lat' dir='ltr'><strong><em>et</em></strong></span> <span class='ocrx_word' id='word_1_703' title='bbox 2398 2256 2619 2321; x_wconf 90' lang='lat' dir='ltr'><strong><em>malum,</em></strong></span> <span class='ocrx_word' id='word_1_704' title='bbox 2647 2257 2787 2309; x_wconf 90' lang='lat' dir='ltr'><strong><em>sicut</em></strong></span> <span class='ocrx_word' id='word_1_705' title='bbox 2798 2254 3111 2327; x_wconf 87' lang='lat' dir='ltr'><strong><em>philosophi</em></strong></span> <span class='ocrx_word' id='word_1_706' title='bbox 3125 2254 3428 2326; x_wconf 89' lang='lat' dir='ltr'><strong><em>disputant.</em></strong></span> <span class='ocrx_word' id='word_1_707' title='bbox 3453 2256 3658 2311; x_wconf 89' lang='lat' dir='ltr'><strong><em>Bonum</em></strong></span> <span class='ocrx_word' id='word_1_708' title='bbox 3689 2260 3776 2311; x_wconf 90' lang='lat' dir='ltr'><strong><em>est</em></strong></span> 
     </span>
    </p>
   </div>
   <div class='ocr_carea' id='block_1_88' title="bbox 2110 2344 3773 2416">
    <p class='ocr_par' dir='ltr' id='par_1_88' title="bbox 2110 2344 3773 2416">
     <span class='ocr_line' id='line_1_89' title="bbox 2110 2344 3773 2416; baseline -0.002 -14"><span class='ocrx_word' id='word_1_709' title='bbox 2110 2345 2671 2410; x_wconf 88' lang='lat' dir='ltr'><strong><em>continentia,malum</em></strong></span> <span class='ocrx_word' id='word_1_710' title='bbox 2687 2351 2759 2398; x_wconf 92' lang='lat' dir='ltr'><strong><em>est</em></strong></span> <span class='ocrx_word' id='word_1_711' title='bbox 2779 2344 3009 2399; x_wconf 78' lang='lat' dir='ltr'><strong><em>luxuria</em></strong></span> <span class='ocrx_word' id='word_1_712' title='bbox 3029 2361 3048 2408; x_wconf 81' lang='lat'><strong><em>,&#39;</em></strong></span> <span class='ocrx_word' id='word_1_713' title='bbox 3065 2344 3212 2398; x_wconf 88' lang='lat' dir='ltr'><strong><em>inter</em></strong></span> <span class='ocrx_word' id='word_1_714' title='bbox 3235 2351 3519 2416; x_wconf 89' lang='lat' dir='ltr'><strong><em>utrumque</em></strong></span> <span class='ocrx_word' id='word_1_715' title='bbox 3540 2344 3773 2415; x_wconf 73' lang='lat' dir='ltr'><strong><em>indiffe-</em></strong></span> 
     </span>
    </p>
   </div>
   <div class='ocr_carea' id='block_1_89' title="bbox 2109 2433 3773 2505">
    <p class='ocr_par' dir='ltr' id='par_1_89' title="bbox 2109 2433 3773 2505">
     <span class='ocr_line' id='line_1_90' title="bbox 2109 2433 3773 2505; baseline -0.001 -15"><span class='ocrx_word' id='word_1_716' title='bbox 2109 2452 2255 2503; x_wconf 90' lang='lat' dir='ltr'><strong><em>rens,</em></strong></span> <span class='ocrx_word' id='word_1_717' title='bbox 2283 2434 2580 2499; x_wconf 90' lang='lat' dir='ltr'><strong><em>ambulare,</em></strong></span> <span class='ocrx_word' id='word_1_718' title='bbox 2608 2434 2853 2505; x_wconf 89' lang='lat' dir='ltr'><strong><em>digerere</em></strong></span> <span class='ocrx_word' id='word_1_719' title='bbox 2880 2433 2995 2488; x_wconf 84' lang='lat' dir='ltr'><strong><em>alvi</em></strong></span> <span class='ocrx_word' id='word_1_720' title='bbox 3022 2440 3290 2499; x_wconf 86' lang='lat' dir='ltr'><strong><em>stercora,</em></strong></span> <span class='ocrx_word' id='word_1_721' title='bbox 3313 2433 3508 2505; x_wconf 90' lang='lat' dir='ltr'><strong><em>capitis</em></strong></span> <span class='ocrx_word' id='word_1_722' title='bbox 3538 2433 3773 2489; x_wconf 90' lang='lat' dir='ltr'><strong><em>naribus</em></strong></span> 
     </span>
    </p>
   </div>
   <div class='ocr_carea' id='block_1_90' title="bbox 2103 2520 3769 2597">
    <p class='ocr_par' dir='ltr' id='par_1_90' title="bbox 2103 2520 3769 2597">
     <span class='ocr_line' id='line_1_91' title="bbox 2103 2520 3769 2597; baseline -0.001 -18"><span class='ocrx_word' id='word_1_723' title='bbox 2103 2531 2464 2597; x_wconf 84' lang='lat' dir='ltr'><strong><em>purgamenta</em></strong></span> <span class='ocrx_word' id='word_1_724' title='bbox 2484 2525 2768 2594; x_wconf 84' lang='lat' dir='ltr'><strong><em>projicere,</em></strong></span> <span class='ocrx_word' id='word_1_725' title='bbox 2793 2523 2966 2593; x_wconf 89' lang='lat' dir='ltr'><strong><em>sputis</em></strong></span> <span class='ocrx_word' id='word_1_726' title='bbox 2996 2520 3277 2576; x_wconf 87' lang='lat' dir='ltr'><strong><em>rheumata</em></strong></span> <span class='ocrx_word' id='word_1_727' title='bbox 3297 2522 3482 2594; x_wconf 86' lang='lat' dir='ltr'><strong><em>jacere</em></strong></span> <span class='ocrx_word' id='word_1_728' title='bbox 3503 2538 3523 2576; x_wconf 90' lang='lat'><em>:</em></span> <span class='ocrx_word' id='word_1_729' title='bbox 3549 2523 3646 2577; x_wconf 85' lang='lat' dir='ltr'><strong><em>hoc</em></strong></span> <span class='ocrx_word' id='word_1_730' title='bbox 3670 2539 3769 2577; x_wconf 88' lang='lat' dir='ltr'><strong><em>nec</em></strong></span> 
     </span>
    </p>
   </div>
   <div class='ocr_carea' id='block_1_91' title="bbox 2111 2610 3770 2680">
    <p class='ocr_par' dir='ltr' id='par_1_91' title="bbox 2111 2610 3770 2680">
     <span class='ocr_line' id='line_1_92' title="bbox 2111 2610 3770 2680; baseline -0.001 -12"><span class='ocrx_word' id='word_1_731' title='bbox 2111 2614 2322 2678; x_wconf 86' lang='lat' dir='ltr'><strong><em>bonum,</em></strong></span> <span class='ocrx_word' id='word_1_732' title='bbox 2340 2628 2431 2667; x_wconf 91' lang='lat' dir='ltr'><strong><em>nec</em></strong></span> <span class='ocrx_word' id='word_1_733' title='bbox 2460 2612 2669 2667; x_wconf 87' lang='lat' dir='ltr'><strong><em>malum</em></strong></span> <span class='ocrx_word' id='word_1_734' title='bbox 2687 2618 2764 2665; x_wconf 87' lang='lat' dir='ltr'><strong><em>est</em></strong></span> <span class='ocrx_word' id='word_1_735' title='bbox 2789 2627 2806 2677; x_wconf 87' lang='lat'><strong><em>;</em></strong></span> <span class='ocrx_word' id='word_1_736' title='bbox 2836 2611 2947 2664; x_wconf 91' lang='lat' dir='ltr'><strong><em>sive</em></strong></span> <span class='ocrx_word' id='word_1_737' title='bbox 2973 2610 3113 2665; x_wconf 90' lang='lat' dir='ltr'><strong><em>enim</em></strong></span> <span class='ocrx_word' id='word_1_738' title='bbox 3131 2610 3349 2680; x_wconf 88' lang='lat' dir='ltr'><strong><em>feceris,</em></strong></span> <span class='ocrx_word' id='word_1_739' title='bbox 3370 2610 3480 2665; x_wconf 91' lang='lat' dir='ltr'><strong><em>sive</em></strong></span> <span class='ocrx_word' id='word_1_740' title='bbox 3507 2626 3608 2666; x_wconf 85' lang='lat' dir='ltr'><strong><em>non</em></strong></span> <span class='ocrx_word' id='word_1_741' title='bbox 3626 2613 3770 2680; x_wconf 82' lang='lat' dir='ltr'><strong><em>fece-</em></strong></span> 
     </span>
    </p>
   </div>
   <div class='ocr_carea' id='block_1_92' title="bbox 2110 2698 3771 2772">
    <p class='ocr_par' dir='ltr' id='par_1_92' title="bbox 2110 2698 3771 2772">
     <span class='ocr_line' id='line_1_93' title="bbox 2110 2698 3771 2772; baseline -0.002 -14"><span class='ocrx_word' id='word_1_742' title='bbox 2110 2705 2211 2767; x_wconf 90' lang='lat' dir='ltr'><strong><em>ris,</em></strong></span> <span class='ocrx_word' id='word_1_743' title='bbox 2239 2719 2331 2756; x_wconf 89' lang='lat' dir='ltr'><strong><em>nec</em></strong></span> <span class='ocrx_word' id='word_1_744' title='bbox 2368 2700 2646 2772; x_wconf 87' lang='lat' dir='ltr'><strong><em>justitiam</em></strong></span> <span class='ocrx_word' id='word_1_745' title='bbox 2676 2698 2910 2764; x_wconf 90' lang='lat' dir='ltr'><strong><em>habebis,</em></strong></span> <span class='ocrx_word' id='word_1_746' title='bbox 2948 2715 3040 2753; x_wconf 91' lang='lat' dir='ltr'><strong><em>nec</em></strong></span> <span class='ocrx_word' id='word_1_747' title='bbox 3079 2699 3437 2769; x_wconf 86' lang='lat' dir='ltr'><strong><em>injustitiam.</em></strong></span> <span class='ocrx_word' id='word_1_748' title='bbox 3469 2699 3771 2755; x_wconf 86' lang='lat' dir='ltr'><strong><em>Observare</em></strong></span> 
     </span>
    </p>
   </div>
   <div class='ocr_carea' id='block_1_93' title="bbox 2109 2786 3773 2861">
    <p class='ocr_par' dir='ltr' id='par_1_93' title="bbox 2109 2786 3773 2861">
     <span class='ocr_line' id='line_1_94' title="bbox 2109 2786 3773 2861; baseline -0.002 -14"><span class='ocrx_word' id='word_1_749' title='bbox 2109 2798 2293 2847; x_wconf 88' lang='lat' dir='ltr'><strong><em>autem</em></strong></span> <span class='ocrx_word' id='word_1_750' title='bbox 2323 2790 2477 2861; x_wconf 87' lang='lat' dir='ltr'><strong><em>Legis</em></strong></span> <span class='ocrx_word' id='word_1_751' title='bbox 2502 2788 2849 2855; x_wconf 90' lang='lat' dir='ltr'><strong><em>cerimonias,</em></strong></span> <span class='ocrx_word' id='word_1_752' title='bbox 2864 2803 2968 2842; x_wconf 88' lang='lat' dir='ltr'><strong><em>non</em></strong></span> <span class='ocrx_word' id='word_1_753' title='bbox 2988 2794 3157 2857; x_wconf 89' lang='lat' dir='ltr'><strong><em>potest</em></strong></span> <span class='ocrx_word' id='word_1_754' title='bbox 3171 2804 3275 2841; x_wconf 89' lang='lat' dir='ltr'><strong><em>esse</em></strong></span> <span class='ocrx_word' id='word_1_755' title='bbox 3289 2786 3605 2857; x_wconf 81' lang='lat' dir='ltr'><strong><em>indifferens</em></strong></span> <span class='ocrx_word' id='word_1_756' title='bbox 3628 2804 3650 2855; x_wconf 80' lang='lat'><strong><em>,&#39;</em></strong></span> <span class='ocrx_word' id='word_1_757' title='bbox 3676 2787 3773 2843; x_wconf 88' lang='lat' dir='ltr'><strong><em>sed</em></strong></span> 
     </span>
    </p>
   </div>
   <div class='ocr_carea' id='block_1_94' title="bbox 2110 2874 3773 2947">
    <p class='ocr_par' dir='ltr' id='par_1_94' title="bbox 2110 2874 3773 2947">
     <span class='ocr_line' id='line_1_95' title="bbox 2110 2874 3773 2947; baseline -0.002 -12"><span class='ocrx_word' id='word_1_758' title='bbox 2110 2888 2205 2935; x_wconf 90' lang='lat' dir='ltr'><strong><em>aut</em></strong></span> <span class='ocrx_word' id='word_1_759' title='bbox 2231 2882 2434 2934; x_wconf 88' lang='lat' dir='ltr'><strong><em>malum</em></strong></span> <span class='ocrx_word' id='word_1_760' title='bbox 2455 2882 2549 2942; x_wconf 89' lang='lat' dir='ltr'><strong><em>est,</em></strong></span> <span class='ocrx_word' id='word_1_761' title='bbox 2574 2884 2669 2932; x_wconf 90' lang='lat' dir='ltr'><strong><em>aut</em></strong></span> <span class='ocrx_word' id='word_1_762' title='bbox 2692 2876 2879 2931; x_wconf 88' lang='lat' dir='ltr'><strong><em>bonum</em></strong></span> <span class='ocrx_word' id='word_1_763' title='bbox 2908 2883 3003 2931; x_wconf 87' lang='lat' dir='ltr'><strong><em>est.</em></strong></span> <span class='ocrx_word' id='word_1_764' title='bbox 3040 2875 3119 2930; x_wconf 88' lang='lat' dir='ltr'><strong><em>Tu</em></strong></span> <span class='ocrx_word' id='word_1_765' title='bbox 3143 2874 3281 2931; x_wconf 89' lang='lat' dir='ltr'><strong><em>dicis</em></strong></span> <span class='ocrx_word' id='word_1_766' title='bbox 3303 2874 3494 2931; x_wconf 89' lang='lat' dir='ltr'><strong><em>bonum</em></strong></span> <span class='ocrx_word' id='word_1_767' title='bbox 3515 2894 3535 2941; x_wconf 91' lang='lat'><em>;</em></span> <span class='ocrx_word' id='word_1_768' title='bbox 3562 2893 3652 2947; x_wconf 89' lang='lat' dir='ltr'><strong><em>ego</em></strong></span> <span class='ocrx_word' id='word_1_769' title='bbox 3676 2894 3773 2931; x_wconf 85' lang='lat' dir='ltr'><strong><em>as-</em></strong></span> 
     </span>
    </p>
   </div>
   <div class='ocr_carea' id='block_1_95' title="bbox 2110 2964 3768 3037">
    <p class='ocr_par' dir='ltr' id='par_1_95' title="bbox 2110 2964 3768 3037">
     <span class='ocr_line' id='line_1_96' title="bbox 2110 2964 3768 3037; baseline -0.002 -13"><span class='ocrx_word' id='word_1_770' title='bbox 2110 2986 2225 3024; x_wconf 90' lang='lat' dir='ltr'><strong><em>sero</em></strong></span> <span class='ocrx_word' id='word_1_771' title='bbox 2249 2968 2451 3024; x_wconf 89' lang='lat' dir='ltr'><strong><em>malum</em></strong></span> <span class='ocrx_word' id='word_1_772' title='bbox 2477 2990 2495 3037; x_wconf 88' lang='lat'><strong><em>,-</em></strong></span> <span class='ocrx_word' id='word_1_773' title='bbox 2521 2972 2569 3021; x_wconf 88' lang='lat' dir='ltr'><strong><em>et</em></strong></span> <span class='ocrx_word' id='word_1_774' title='bbox 2602 2966 2805 3021; x_wconf 88' lang='lat' dir='ltr'><strong><em>malum</em></strong></span> <span class='ocrx_word' id='word_1_775' title='bbox 2826 2982 2932 3020; x_wconf 91' lang='lat' dir='ltr'><strong><em>non</em></strong></span> <span class='ocrx_word' id='word_1_776' title='bbox 2962 2964 3129 3019; x_wconf 91' lang='lat' dir='ltr'><strong><em>solum</em></strong></span> <span class='ocrx_word' id='word_1_777' title='bbox 3150 2964 3237 3021; x_wconf 89' lang='lat' dir='ltr'><strong><em>his</em></strong></span> <span class='ocrx_word' id='word_1_778' title='bbox 3265 2964 3358 3036; x_wconf 89' lang='lat' dir='ltr'><strong><em>qui</em></strong></span> <span class='ocrx_word' id='word_1_779' title='bbox 3387 2982 3454 3019; x_wconf 78' lang='lat' dir='ltr'><strong><em>es;</em></strong></span> <span class='ocrx_word' id='word_1_780' title='bbox 3484 2965 3768 3033; x_wconf 84' lang='lat' dir='ltr'><strong><em>Gentibus,</em></strong></span> 
     </span>
    </p>
   </div>
   <div class='ocr_carea' id='block_1_96' title="bbox 2108 3054 3766 3128">
    <p class='ocr_par' dir='ltr' id='par_1_96' title="bbox 2108 3054 3766 3128">
     <span class='ocr_line' id='line_1_97' title="bbox 2108 3054 3766 3128; baseline -0.002 -14"><span class='ocrx_word' id='word_1_781' title='bbox 2108 3059 2198 3114; x_wconf 90' lang='lat' dir='ltr'><strong><em>sed</em></strong></span> <span class='ocrx_word' id='word_1_782' title='bbox 2226 3066 2275 3113; x_wconf 91' lang='lat' dir='ltr'><strong><em>et</em></strong></span> <span class='ocrx_word' id='word_1_783' title='bbox 2308 3058 2393 3113; x_wconf 89' lang='lat' dir='ltr'><strong><em>his</em></strong></span> <span class='ocrx_word' id='word_1_784' title='bbox 2424 3058 2528 3128; x_wconf 89' lang='lat' dir='ltr'><strong><em>qui</em></strong></span> <span class='ocrx_word' id='word_1_785' title='bbox 2553 3072 2619 3110; x_wconf 72' lang='lat' dir='ltr'><strong><em>ea:</em></strong></span> <span class='ocrx_word' id='word_1_786' title='bbox 2647 3054 2872 3110; x_wconf 89' lang='lat' dir='ltr'><strong><em>Iudaico</em></strong></span> <span class='ocrx_word' id='word_1_787' title='bbox 2905 3054 3099 3125; x_wconf 87' lang='lat' dir='ltr'><strong><em>populo</em></strong></span> <span class='ocrx_word' id='word_1_788' title='bbox 3140 3054 3506 3109; x_wconf 87' lang='lat' dir='ltr'><strong><em>crediderunt.</em></strong></span> <span class='ocrx_word' id='word_1_789' title='bbox 3540 3054 3608 3109; x_wconf 89' lang='lat' dir='ltr'><strong><em>In</em></strong></span> <span class='ocrx_word' id='word_1_790' title='bbox 3645 3054 3766 3120; x_wconf 84' lang='lat' dir='ltr'><strong><em>hoc,</em></strong></span> 
     </span>
    </p>
   </div>
   <div class='ocr_carea' id='block_1_97' title="bbox 2110 3143 3766 3218">
    <p class='ocr_par' dir='ltr' id='par_1_97' title="bbox 2110 3143 3766 3218">
     <span class='ocr_line' id='line_1_98' title="bbox 2110 3143 3766 3218; baseline -0.002 -15"><span class='ocrx_word' id='word_1_791' title='bbox 2110 3148 2219 3203; x_wconf 91' lang='lat' dir='ltr'><strong><em>nisi</em></strong></span> <span class='ocrx_word' id='word_1_792' title='bbox 2246 3147 2436 3218; x_wconf 85' lang='lat' dir='ltr'><strong><em>fallor,</em></strong></span> <span class='ocrx_word' id='word_1_793' title='bbox 2469 3145 2597 3211; x_wconf 88' lang='lat' dir='ltr'><strong><em>loco,</em></strong></span> <span class='ocrx_word' id='word_1_794' title='bbox 2628 3144 2753 3199; x_wconf 90' lang='lat' dir='ltr'><strong><em>dum</em></strong></span> <span class='ocrx_word' id='word_1_795' title='bbox 2784 3144 2945 3199; x_wconf 89' lang='lat' dir='ltr'><strong><em>aliud</em></strong></span> <span class='ocrx_word' id='word_1_796' title='bbox 2974 3145 3137 3209; x_wconf 89' lang='lat' dir='ltr'><strong><em>vitas,</em></strong></span> <span class='ocrx_word' id='word_1_797' title='bbox 3171 3143 3232 3198; x_wconf 85' lang='lat' dir='ltr'><strong><em>in</em></strong></span> <span class='ocrx_word' id='word_1_798' title='bbox 3263 3143 3421 3198; x_wconf 88' lang='lat' dir='ltr'><strong><em>aliud</em></strong></span> <span class='ocrx_word' id='word_1_799' title='bbox 3450 3143 3766 3200; x_wconf 88' lang='lat' dir='ltr'><strong><em>devolveris.</em></strong></span> 
     </span>
    </p>
   </div>
   <div class='ocr_carea' id='block_1_98' title="bbox 2109 3232 3770 3304">
    <p class='ocr_par' dir='ltr' id='par_1_98' title="bbox 2109 3232 3770 3304">
     <span class='ocr_line' id='line_1_99' title="bbox 2109 3232 3770 3304; baseline -0.002 -11"><span class='ocrx_word' id='word_1_800' title='bbox 2109 3239 2251 3293; x_wconf 92' lang='lat' dir='ltr'><strong><em>Dum</em></strong></span> <span class='ocrx_word' id='word_1_801' title='bbox 2290 3238 2433 3292; x_wconf 90' lang='lat' dir='ltr'><strong><em>enim</em></strong></span> <span class='ocrx_word' id='word_1_802' title='bbox 2462 3235 2656 3290; x_wconf 89' lang='lat' dir='ltr'><strong><em>metuis</em></strong></span> <span class='ocrx_word' id='word_1_803' title='bbox 2686 3233 3051 3304; x_wconf 68' lang='lat' dir='ltr'><strong><em>Porphyrium</em></strong></span> <span class='ocrx_word' id='word_1_804' title='bbox 3074 3232 3541 3304; x_wconf 89' lang='lat' dir='ltr'><strong><em>blasphemantem,</em></strong></span> <span class='ocrx_word' id='word_1_805' title='bbox 3568 3233 3629 3287; x_wconf 92' lang='lat' dir='ltr'><strong><em>in</em></strong></span> <span class='ocrx_word' id='word_1_806' title='bbox 3661 3233 3770 3289; x_wconf 82' lang='lat' dir='ltr'><strong><em>He-</em></strong></span> 
     </span>
    </p>
   </div>
   <div class='ocr_carea' id='block_1_99' title="bbox 2112 3321 3773 3394">
    <p class='ocr_par' dir='ltr' id='par_1_99' title="bbox 2112 3321 3773 3394">
     <span class='ocr_line' id='line_1_100' title="bbox 2112 3321 3773 3394; baseline -0.002 -14"><span class='ocrx_word' id='word_1_807' title='bbox 2112 3325 2285 3380; x_wconf 89' lang='lat' dir='ltr'><strong><em>bionis</em></strong></span> <span class='ocrx_word' id='word_1_808' title='bbox 2312 3324 2557 3379; x_wconf 85' lang='lat' dir='ltr'><strong><em>incurris</em></strong></span> <span class='ocrx_word' id='word_1_809' title='bbox 2578 3322 2791 3394; x_wconf 84' lang='lat' dir='ltr'><strong><em>laqueos</em></strong></span> <span class='ocrx_word' id='word_1_810' title='bbox 2819 3339 2834 3376; x_wconf 89' lang='lat'><strong><em>:</em></strong></span> <span class='ocrx_word' id='word_1_811' title='bbox 2865 3321 2949 3375; x_wconf 88' lang='lat' dir='ltr'><strong><em>his</em></strong></span> <span class='ocrx_word' id='word_1_812' title='bbox 2969 3323 3062 3393; x_wconf 90' lang='lat' dir='ltr'><strong><em>qui</em></strong></span> <span class='ocrx_word' id='word_1_813' title='bbox 3090 3321 3315 3376; x_wconf 89' lang='lat' dir='ltr'><strong><em>credunt</em></strong></span> <span class='ocrx_word' id='word_1_814' title='bbox 3336 3321 3656 3388; x_wconf 69' lang='lat' dir='ltr'><strong><em>eae-Judaeis,</em></strong></span> <span class='ocrx_word' id='word_1_815' title='bbox 3679 3321 3773 3377; x_wconf 89' lang='lat' dir='ltr'><strong><em>ob-</em></strong></span> 
     </span>
    </p>
   </div>
   <div class='ocr_carea' id='block_1_100' title="bbox 2104 3410 3769 3483">
    <p class='ocr_par' dir='ltr' id='par_1_100' title="bbox 2104 3410 3769 3483">
     <span class='ocr_line' id='line_1_101' title="bbox 2104 3410 3769 3483; baseline -0.002 -14"><span class='ocrx_word' id='word_1_816' title='bbox 2104 3413 2429 3469; x_wconf 87' lang='lat' dir='ltr'><strong><em>servandam</em></strong></span> <span class='ocrx_word' id='word_1_817' title='bbox 2445 3414 2630 3483; x_wconf 88' lang='lat' dir='ltr'><strong><em>Legem</em></strong></span> <span class='ocrx_word' id='word_1_818' title='bbox 2646 3427 2753 3467; x_wconf 89' lang='lat' dir='ltr'><strong><em>esse</em></strong></span> <span class='ocrx_word' id='word_1_819' title='bbox 2778 3410 3159 3466; x_wconf 89' lang='lat' dir='ltr'><strong><em>decernens.Et</em></strong></span> <span class='ocrx_word' id='word_1_820' title='bbox 3174 3411 3272 3481; x_wconf 89' lang='lat' dir='ltr'><strong><em>qui</em></strong></span> <span class='ocrx_word' id='word_1_821' title='bbox 3280 3410 3641 3482; x_wconf 84' lang='lat' dir='ltr'><strong><em>periculosum</em></strong></span> <span class='ocrx_word' id='word_1_822' title='bbox 3672 3410 3769 3465; x_wconf 89' lang='lat' dir='ltr'><strong><em>in-</em></strong></span> 
     </span>
    </p>
   </div>
   <div class='ocr_carea' id='block_1_101' title="bbox 2108 3498 3772 3573">
    <p class='ocr_par' dir='ltr' id='par_1_101' title="bbox 2108 3498 3772 3573">
     <span class='ocr_line' id='line_1_102' title="bbox 2108 3498 3772 3573; baseline -0.002 -14"><span class='ocrx_word' id='word_1_823' title='bbox 2108 3503 2306 3573; x_wconf 89' lang='lat' dir='ltr'><strong><em>telligis</em></strong></span> <span class='ocrx_word' id='word_1_824' title='bbox 2336 3519 2448 3558; x_wconf 86' lang='lat' dir='ltr'><strong><em>esse</em></strong></span> <span class='ocrx_word' id='word_1_825' title='bbox 2471 3500 2609 3573; x_wconf 90' lang='lat' dir='ltr'><strong><em>quod</em></strong></span> <span class='ocrx_word' id='word_1_826' title='bbox 2640 3500 2806 3563; x_wconf 91' lang='lat' dir='ltr'><strong><em>dicis,</em></strong></span> <span class='ocrx_word' id='word_1_827' title='bbox 2846 3516 3069 3555; x_wconf 89' lang='lat' dir='ltr'><strong><em>rursum</em></strong></span> <span class='ocrx_word' id='word_1_828' title='bbox 3101 3498 3244 3554; x_wconf 86' lang='lat' dir='ltr'><strong><em>illud</em></strong></span> <span class='ocrx_word' id='word_1_829' title='bbox 3268 3501 3558 3572; x_wconf 81' lang='lat' dir='ltr'><strong><em>super/luis</em></strong></span> <span class='ocrx_word' id='word_1_830' title='bbox 3588 3499 3772 3555; x_wconf 88' lang='lat' dir='ltr'><strong><em>verbis</em></strong></span> 
     </span>
    </p>
   </div>
   <div class='ocr_carea' id='block_1_102' title="bbox 2106 3588 3773 3664">
    <p class='ocr_par' dir='ltr' id='par_1_102' title="bbox 2106 3588 3773 3664">
     <span class='ocr_line' id='line_1_103' title="bbox 2106 3588 3773 3664; baseline -0.002 -16"><span class='ocrx_word' id='word_1_831' title='bbox 2106 3600 2408 3664; x_wconf 87' lang='lat' dir='ltr'><strong><em>temperare</em></strong></span> <span class='ocrx_word' id='word_1_832' title='bbox 2437 3591 2692 3646; x_wconf 88' lang='lat' dir='ltr'><strong><em>conaris:</em></strong></span> <span class='ocrx_word' id='word_1_833' title='bbox 2724 3609 2752 3641; x_wconf 76' lang='grc' dir='ltr'><strong>α</strong></span> <span class='ocrx_word' id='word_1_834' title='bbox 2785 3589 2910 3644; x_wconf 87' lang='lat' dir='ltr'><strong><em>Sine</em></strong></span> <span class='ocrx_word' id='word_1_835' title='bbox 2939 3588 3055 3643; x_wconf 87' lang='lat' dir='ltr'><strong><em>ulla</em></strong></span> <span class='ocrx_word' id='word_1_836' title='bbox 3092 3589 3287 3645; x_wconf 89' lang='lat' dir='ltr'><strong><em>salutis</em></strong></span> <span class='ocrx_word' id='word_1_837' title='bbox 3326 3590 3659 3655; x_wconf 86' lang='lat' dir='ltr'><strong><em>necessitate,</em></strong></span> <span class='ocrx_word' id='word_1_838' title='bbox 3690 3590 3773 3645; x_wconf 87' lang='lat' dir='ltr'><strong><em>si-</em></strong></span> 
     </span>
    </p>
   </div>
   <div class='ocr_carea' id='block_1_103' title="bbox 2106 3677 3766 3749">
    <p class='ocr_par' dir='ltr' id='par_1_103' title="bbox 2106 3677 3766 3749">
     <span class='ocr_line' id='line_1_104' title="bbox 2106 3677 3766 3749; baseline -0.002 -12"><span class='ocrx_word' id='word_1_839' title='bbox 2106 3688 2195 3737; x_wconf 90' lang='lat' dir='ltr'><strong><em>cut</em></strong></span> <span class='ocrx_word' id='word_1_840' title='bbox 2220 3680 2258 3735; x_wconf 94' lang='lat' dir='ltr'><strong><em>I</em></strong></span> <span class='ocrx_word' id='word_1_841' title='bbox 2260 3678 2737 3736; x_wconf 75' lang='lat' dir='ltr'><strong><em>udaeicelebranda</em></strong></span> <span class='ocrx_word' id='word_1_842' title='bbox 2744 3677 3038 3749; x_wconf 87' lang='lat' dir='ltr'><strong><em>putabant,</em></strong></span> <span class='ocrx_word' id='word_1_843' title='bbox 3059 3684 3154 3732; x_wconf 91' lang='lat' dir='ltr'><strong><em>aut</em></strong></span> <span class='ocrx_word' id='word_1_844' title='bbox 3176 3677 3375 3749; x_wconf 86' lang='lat' dir='ltr'><strong><em>fallaci</em></strong></span> <span class='ocrx_word' id='word_1_845' title='bbox 3392 3678 3766 3747; x_wconf 87' lang='lat' dir='ltr'><strong><em>simulatione,</em></strong></span> 
     </span>
    </p>
   </div>
   <div class='ocr_carea' id='block_1_104' title="bbox 2106 3767 3298 3843">
    <p class='ocr_par' dir='ltr' id='par_1_104' title="bbox 2106 3767 3298 3843">
     <span class='ocr_line' id='line_1_105' title="bbox 2106 3767 3298 3843; baseline -0.005 -17"><span class='ocrx_word' id='word_1_846' title='bbox 2106 3770 2243 3843; x_wconf 89' lang='lat' dir='ltr'><strong><em>quod</em></strong></span> <span class='ocrx_word' id='word_1_847' title='bbox 2282 3771 2342 3825; x_wconf 88' lang='lat' dir='ltr'><strong><em>in</em></strong></span> <span class='ocrx_word' id='word_1_848' title='bbox 2368 3770 2530 3824; x_wconf 90' lang='lat' dir='ltr'><strong><em>Petro</em></strong></span> <span class='ocrx_word' id='word_1_849' title='bbox 2561 3767 2981 3839; x_wconf 88' lang='lat' dir='ltr'><strong><em>reprehenderat</em></strong></span> <span class='ocrx_word' id='word_1_850' title='bbox 3008 3767 3231 3822; x_wconf 88' lang='lat' dir='ltr'><strong><em>Paulus.</em></strong></span> <span class='ocrx_word' id='word_1_851' title='bbox 3272 3790 3298 3817; x_wconf 83' lang='lat'><strong><em>»</em></strong></span> 
     </span>
    </p>
   </div>
   <div class='ocr_carea' id='block_1_105' title="bbox 2186 3855 3775 3929">
    <p class='ocr_par' dir='ltr' id='par_1_105' title="bbox 2186 3855 3775 3929">
     <span class='ocr_line' id='line_1_106' title="bbox 2186 3855 3775 3929; baseline -0.001 -15"><span class='ocrx_word' id='word_1_852' title='bbox 2186 3861 2267 3914; x_wconf 84' lang='lat' dir='ltr'><strong><em>l7.</em></strong></span> <span class='ocrx_word' id='word_1_853' title='bbox 2289 3861 2486 3914; x_wconf 88' lang='lat' dir='ltr'><strong><em>Petrus</em></strong></span> <span class='ocrx_word' id='word_1_854' title='bbox 2507 3857 2683 3929; x_wconf 90' lang='lat' dir='ltr'><strong><em>igitur</em></strong></span> <span class='ocrx_word' id='word_1_855' title='bbox 2697 3855 3157 3928; x_wconf 88' lang='lat' dir='ltr'><strong><em>simulavitLegis</em></strong></span> <span class='ocrx_word' id='word_1_856' title='bbox 3183 3855 3480 3925; x_wconf 85' lang='lat' dir='ltr'><strong><em>custodiam</em></strong></span> <span class='ocrx_word' id='word_1_857' title='bbox 3509 3872 3527 3923; x_wconf 90' lang='lat'><strong><em>;</em></strong></span> <span class='ocrx_word' id='word_1_858' title='bbox 3558 3856 3775 3912; x_wconf 83' lang='lat' dir='ltr'><strong><em>isteau—</em></strong></span> 
     </span>
    </p>
   </div>
   <div class='ocr_carea' id='block_1_106' title="bbox 2107 3944 3775 4020">
    <p class='ocr_par' dir='ltr' id='par_1_106' title="bbox 2107 3944 3775 4020">
     <span class='ocr_line' id='line_1_107' title="bbox 2107 3944 3775 4020; baseline -0.002 -16"><span class='ocrx_word' id='word_1_859' title='bbox 2107 3956 2211 4004; x_wconf 87' lang='lat' dir='ltr'><strong><em>tem</em></strong></span> <span class='ocrx_word' id='word_1_860' title='bbox 2225 3948 2588 4020; x_wconf 84' lang='lat' dir='ltr'><strong><em>reprehensor</em></strong></span> <span class='ocrx_word' id='word_1_861' title='bbox 2608 3947 2787 4011; x_wconf 87' lang='lat' dir='ltr'><strong><em>Petri,</em></strong></span> <span class='ocrx_word' id='word_1_862' title='bbox 2804 3945 3065 4000; x_wconf 85' lang='lat' dir='ltr'><strong><em>audacter</em></strong></span> <span class='ocrx_word' id='word_1_863' title='bbox 3075 3944 3374 4000; x_wconf 89' lang='lat' dir='ltr'><strong><em>observavit</em></strong></span> <span class='ocrx_word' id='word_1_864' title='bbox 3396 3944 3658 4017; x_wconf 90' lang='lat' dir='ltr'><strong><em>legitima.</em></strong></span> <span class='ocrx_word' id='word_1_865' title='bbox 3672 3945 3775 4001; x_wconf 81' lang='lat' dir='ltr'><strong><em>Se-</em></strong></span> 
     </span>
    </p>
   </div>
   <div class='ocr_carea' id='block_1_107' title="bbox 2106 4033 3776 4111">
    <p class='ocr_par' dir='ltr' id='par_1_107' title="bbox 2106 4033 3776 4111">
     <span class='ocr_line' id='line_1_108' title="bbox 2106 4033 3776 4111; baseline -0.002 -18"><span class='ocrx_word' id='word_1_866' title='bbox 2106 4041 2297 4111; x_wconf 87' lang='lat' dir='ltr'><strong><em>quitur</em></strong></span> <span class='ocrx_word' id='word_1_867' title='bbox 2315 4037 2459 4093; x_wconf 86' lang='lat' dir='ltr'><strong><em>enim</em></strong></span> <span class='ocrx_word' id='word_1_868' title='bbox 2492 4036 2552 4090; x_wconf 90' lang='lat' dir='ltr'><strong><em>in</em></strong></span> <span class='ocrx_word' id='word_1_869' title='bbox 2581 4034 2810 4107; x_wconf 88' lang='lat' dir='ltr'><strong><em>epistola</em></strong></span> <span class='ocrx_word' id='word_1_870' title='bbox 2840 4041 2937 4089; x_wconf 91' lang='lat' dir='ltr'><strong><em>tua</em></strong></span> <span class='ocrx_word' id='word_1_871' title='bbox 2970 4051 2990 4088; x_wconf 88' lang='lat'><strong><em>:</em></strong></span> <span class='ocrx_word' id='word_1_872' title='bbox 3030 4053 3061 4085; x_wconf 73' lang='grc' dir='ltr'><strong><em>(ι</em></strong></span> <span class='ocrx_word' id='word_1_873' title='bbox 3092 4033 3234 4089; x_wconf 91' lang='lat' dir='ltr'><strong><em>Nam</em></strong></span> <span class='ocrx_word' id='word_1_874' title='bbox 3263 4034 3313 4089; x_wconf 88' lang='lat' dir='ltr'><strong><em>si</em></strong></span> <span class='ocrx_word' id='word_1_875' title='bbox 3339 4040 3624 4105; x_wconf 87' lang='lat' dir='ltr'><strong><em>propterea</em></strong></span> <span class='ocrx_word' id='word_1_876' title='bbox 3665 4034 3776 4090; x_wconf 89' lang='lat' dir='ltr'><strong><em>illa</em></strong></span> 
     </span>
    </p>
   </div>
   <div class='ocr_carea' id='block_1_108' title="bbox 2107 4122 3777 4196">
    <p class='ocr_par' dir='ltr' id='par_1_108' title="bbox 2107 4122 3777 4196">
     <span class='ocr_line' id='line_1_109' title="bbox 2107 4122 3777 4196; baseline -0.001 -13"><span class='ocrx_word' id='word_1_877' title='bbox 2107 4134 2451 4183; x_wconf 83' lang='lat' dir='ltr'><strong><em>sacramenta</em></strong></span> <span class='ocrx_word' id='word_1_878' title='bbox 2471 4124 2921 4196; x_wconf 87' lang='lat' dir='ltr'><strong><em>celebravit,quia</em></strong></span> <span class='ocrx_word' id='word_1_879' title='bbox 2947 4122 3225 4179; x_wconf 87' lang='lat' dir='ltr'><strong><em>simulavit</em></strong></span> <span class='ocrx_word' id='word_1_880' title='bbox 3249 4140 3306 4178; x_wconf 88' lang='lat' dir='ltr'><strong><em>se</em></strong></span> <span class='ocrx_word' id='word_1_881' title='bbox 3324 4122 3588 4188; x_wconf 74' lang='lat' dir='ltr'><strong><em>Iudaeum,</em></strong></span> <span class='ocrx_word' id='word_1_882' title='bbox 3618 4123 3777 4182; x_wconf 86' lang='lat' dir='ltr'><strong><em>util.</em></strong></span> 
     </span>
    </p>
   </div>
   <div class='ocr_carea' id='block_1_109' title="bbox 2111 4212 3768 4285">
    <p class='ocr_par' dir='ltr' id='par_1_109' title="bbox 2111 4212 3768 4285">
     <span class='ocr_line' id='line_1_110' title="bbox 2111 4212 3768 4285; baseline -0.002 -13"><span class='ocrx_word' id='word_1_883' title='bbox 2111 4217 2189 4272; x_wconf 87' lang='lat' dir='ltr'><strong><em>los</em></strong></span> <span class='ocrx_word' id='word_1_884' title='bbox 2208 4215 2679 4285; x_wconf 62' lang='lat' dir='ltr'><strong><em>lucrifaceret,cur</em></strong></span> <span class='ocrx_word' id='word_1_885' title='bbox 2694 4231 2799 4268; x_wconf 89' lang='lat' dir='ltr'><strong><em>non</em></strong></span> <span class='ocrx_word' id='word_1_886' title='bbox 2816 4214 2976 4269; x_wconf 86' lang='lat' dir='ltr'><strong><em>etiam</em></strong></span> <span class='ocrx_word' id='word_1_887' title='bbox 2998 4213 3327 4284; x_wconf 85' lang='lat' dir='ltr'><strong><em>sacriﬁcavit</em></strong></span> <span class='ocrx_word' id='word_1_888' title='bbox 3346 4230 3463 4267; x_wconf 89' lang='lat' dir='ltr'><strong><em>cum</em></strong></span> <span class='ocrx_word' id='word_1_889' title='bbox 3488 4212 3768 4279; x_wconf 88' lang='lat' dir='ltr'><strong><em>Gentibus,</em></strong></span> 
     </span>
    </p>
   </div>
   <div class='ocr_carea' id='block_1_110' title="bbox 2110 4301 3775 4378">
    <p class='ocr_par' dir='ltr' id='par_1_110' title="bbox 2110 4301 3775 4378">
     <span class='ocr_line' id='line_1_111' title="bbox 2110 4301 3775 4378; baseline -0.002 -18"><span class='ocrx_word' id='word_1_890' title='bbox 2110 4307 2243 4378; x_wconf 89' lang='lat' dir='ltr'><strong><em>quia</em></strong></span> <span class='ocrx_word' id='word_1_891' title='bbox 2266 4313 2313 4360; x_wconf 91' lang='lat' dir='ltr'><strong><em>et</em></strong></span> <span class='ocrx_word' id='word_1_892' title='bbox 2342 4305 2422 4359; x_wconf 91' lang='lat' dir='ltr'><strong><em>his</em></strong></span> <span class='ocrx_word' id='word_1_893' title='bbox 2450 4304 2542 4375; x_wconf 92' lang='lat' dir='ltr'><strong><em>qui</em></strong></span> <span class='ocrx_word' id='word_1_894' title='bbox 2565 4303 2681 4358; x_wconf 89' lang='lat' dir='ltr'><strong><em>sine</em></strong></span> <span class='ocrx_word' id='word_1_895' title='bbox 2710 4302 2851 4373; x_wconf 89' lang='lat' dir='ltr'><strong><em>Lege</em></strong></span> <span class='ocrx_word' id='word_1_896' title='bbox 2879 4309 3058 4368; x_wconf 89' lang='lat' dir='ltr'><strong><em>erant,</em></strong></span> <span class='ocrx_word' id='word_1_897' title='bbox 3088 4309 3343 4373; x_wconf 88' lang='lat' dir='ltr'><strong><em>tanquam</em></strong></span> <span class='ocrx_word' id='word_1_898' title='bbox 3375 4302 3492 4358; x_wconf 89' lang='lat' dir='ltr'><strong><em>sine</em></strong></span> <span class='ocrx_word' id='word_1_899' title='bbox 3518 4301 3653 4373; x_wconf 87' lang='lat' dir='ltr'><strong><em>Lege</em></strong></span> <span class='ocrx_word' id='word_1_900' title='bbox 3679 4302 3775 4369; x_wconf 80' lang='lat' dir='ltr'><strong><em>fa-</em></strong></span> 
     </span>
    </p>
   </div>
   <div class='ocr_carea' id='block_1_111' title="bbox 2110 4390 3775 4464">
    <p class='ocr_par' dir='ltr' id='par_1_111' title="bbox 2110 4390 3775 4464">
     <span class='ocr_line' id='line_1_112' title="bbox 2110 4390 3775 4464; baseline -0.003 -14"><span class='ocrx_word' id='word_1_901' title='bbox 2110 4402 2224 4450; x_wconf 87' lang='lat' dir='ltr'><strong><em>ctus</em></strong></span> <span class='ocrx_word' id='word_1_902' title='bbox 2254 4401 2350 4461; x_wconf 89' lang='lat' dir='ltr'><strong><em>est,</em></strong></span> <span class='ocrx_word' id='word_1_903' title='bbox 2374 4400 2433 4449; x_wconf 90' lang='lat' dir='ltr'><strong><em>ut</em></strong></span> <span class='ocrx_word' id='word_1_904' title='bbox 2451 4410 2537 4448; x_wconf 90' lang='lat' dir='ltr'><strong><em>eos</em></strong></span> <span class='ocrx_word' id='word_1_905' title='bbox 2552 4408 2751 4464; x_wconf 90' lang='lat' dir='ltr'><strong><em>quoque</em></strong></span> <span class='ocrx_word' id='word_1_906' title='bbox 2770 4390 3123 4462; x_wconf 82' lang='lat' dir='ltr'><strong><em>lucrifaceret</em></strong></span> <span class='ocrx_word' id='word_1_907' title='bbox 3143 4391 3189 4464; x_wconf 92' lang='grc' dir='ltr'><strong><em>(Ι</em></strong></span> <span class='ocrx_word' id='word_1_908' title='bbox 3219 4391 3346 4447; x_wconf 87' lang='lat' dir='ltr'><strong><em>Cor.</em></strong></span> <span class='ocrx_word' id='word_1_909' title='bbox 3374 4408 3448 4457; x_wconf 79' lang='lat' dir='ltr'><strong><em>Ix,</em></strong></span> <span class='ocrx_word' id='word_1_910' title='bbox 3477 4392 3569 4463; x_wconf 76' lang='grc'><strong>21)</strong></span> <span class='ocrx_word' id='word_1_911' title='bbox 3599 4406 3625 4462; x_wconf 84' lang='lat'><em>;</em></span> <span class='ocrx_word' id='word_1_912' title='bbox 3653 4391 3775 4447; x_wconf 86' lang='lat' dir='ltr'><strong><em>nisi</em></strong></span> 
     </span>
    </p>
   </div>
   <div class='ocr_carea' id='block_1_112' title="bbox 2112 4478 3774 4556">
    <p class='ocr_par' dir='ltr' id='par_1_112' title="bbox 2112 4478 3774 4556">
     <span class='ocr_line' id='line_1_113' title="bbox 2112 4478 3774 4556; baseline -0.002 -18"><span class='ocrx_word' id='word_1_913' title='bbox 2112 4484 2249 4556; x_wconf 90' lang='lat' dir='ltr'><strong><em>quia</em></strong></span> <span class='ocrx_word' id='word_1_914' title='bbox 2261 4490 2312 4537; x_wconf 89' lang='lat' dir='ltr'><strong><em>et</em></strong></span> <span class='ocrx_word' id='word_1_915' title='bbox 2332 4482 2472 4537; x_wconf 87' lang='lat' dir='ltr'><strong><em>illud</em></strong></span> <span class='ocrx_word' id='word_1_916' title='bbox 2482 4482 2632 4552; x_wconf 89' lang='lat' dir='ltr'><strong><em>fecit,</em></strong></span> <span class='ocrx_word' id='word_1_917' title='bbox 2652 4488 2710 4536; x_wconf 91' lang='lat' dir='ltr'><strong><em>ut</em></strong></span> <span class='ocrx_word' id='word_1_918' title='bbox 2725 4487 2932 4535; x_wconf 89' lang='lat' dir='ltr'><strong><em>natura</em></strong></span> <span class='ocrx_word' id='word_1_919' title='bbox 2954 4478 3200 4547; x_wconf 61' lang='lat' dir='ltr'><strong><em>Iudaeus,</em></strong></span> <span class='ocrx_word' id='word_1_920' title='bbox 3228 4487 3276 4535; x_wconf 88' lang='lat' dir='ltr'><strong><em>et</em></strong></span> <span class='ocrx_word' id='word_1_921' title='bbox 3295 4480 3387 4535; x_wconf 87' lang='lat' dir='ltr'><strong><em>hoc</em></strong></span> <span class='ocrx_word' id='word_1_922' title='bbox 3411 4486 3578 4535; x_wconf 88' lang='lat' dir='ltr'><strong><em>totum</em></strong></span> <span class='ocrx_word' id='word_1_923' title='bbox 3599 4479 3774 4550; x_wconf 75' lang='lat' dir='ltr'><strong><em>dixit,</em></strong></span> 
     </span>
    </p>
   </div>
   <div class='ocr_carea' id='block_1_113' title="bbox 2112 4567 3777 4641">
    <p class='ocr_par' dir='ltr' id='par_1_113' title="bbox 2112 4567 3777 4641">
     <span class='ocr_line' id='line_1_114' title="bbox 2112 4567 3777 4641; baseline -0.002 -14"><span class='ocrx_word' id='word_1_924' title='bbox 2112 4589 2217 4627; x_wconf 91' lang='lat' dir='ltr'><strong><em>non</em></strong></span> <span class='ocrx_word' id='word_1_925' title='bbox 2248 4578 2305 4626; x_wconf 88' lang='lat' dir='ltr'><strong><em>ut</em></strong></span> <span class='ocrx_word' id='word_1_926' title='bbox 2346 4570 2558 4625; x_wconf 81' lang='lat' dir='ltr'><strong><em>Paulus</em></strong></span> <span class='ocrx_word' id='word_1_927' title='bbox 2590 4586 2642 4625; x_wconf 88' lang='lat' dir='ltr'><strong><em>se</em></strong></span> <span class='ocrx_word' id='word_1_928' title='bbox 2668 4572 2899 4640; x_wconf 77' lang='lat' dir='ltr'><strong><em>ﬁngeret</em></strong></span> <span class='ocrx_word' id='word_1_929' title='bbox 2939 4585 3044 4623; x_wconf 91' lang='lat' dir='ltr'><strong><em>esse</em></strong></span> <span class='ocrx_word' id='word_1_930' title='bbox 3080 4567 3228 4641; x_wconf 86' lang='lat' dir='ltr'><strong><em>quod</em></strong></span> <span class='ocrx_word' id='word_1_931' title='bbox 3258 4585 3361 4623; x_wconf 89' lang='lat' dir='ltr'><strong><em>non</em></strong></span> <span class='ocrx_word' id='word_1_932' title='bbox 3405 4577 3547 4637; x_wconf 88' lang='lat' dir='ltr'><strong><em>erat,</em></strong></span> <span class='ocrx_word' id='word_1_933' title='bbox 3578 4569 3670 4624; x_wconf 92' lang='lat' dir='ltr'><strong><em>sed</em></strong></span> <span class='ocrx_word' id='word_1_934' title='bbox 3711 4575 3777 4624; x_wconf 88' lang='lat' dir='ltr'><strong><em>ut</em></strong></span> 
     </span>
    </p>
   </div>
   <div class='ocr_carea' id='block_1_114' title="bbox 2112 4658 3780 4729">
    <p class='ocr_par' dir='ltr' id='par_1_114' title="bbox 2112 4658 3780 4729">
     <span class='ocr_line' id='line_1_115' title="bbox 2112 4658 3780 4729; baseline -0.002 -12"><span class='ocrx_word' id='word_1_935' title='bbox 2112 4661 2546 4717; x_wconf 87' lang='lat' dir='ltr'><strong><em>misericorditer</em></strong></span> <span class='ocrx_word' id='word_1_936' title='bbox 2568 4661 2643 4714; x_wconf 92' lang='lat' dir='ltr'><strong><em>ita</em></strong></span> <span class='ocrx_word' id='word_1_937' title='bbox 2672 4658 3095 4714; x_wconf 83' lang='lat' dir='ltr'><strong><em>subveniendum</em></strong></span> <span class='ocrx_word' id='word_1_938' title='bbox 3117 4676 3223 4714; x_wconf 90' lang='lat' dir='ltr'><strong><em>esse</em></strong></span> <span class='ocrx_word' id='word_1_939' title='bbox 3242 4658 3484 4724; x_wconf 85' lang='lat' dir='ltr'><strong><em>sentiret,</em></strong></span> <span class='ocrx_word' id='word_1_940' title='bbox 3507 4675 3569 4713; x_wconf 90' lang='lat' dir='ltr'><strong><em>ac</em></strong></span> <span class='ocrx_word' id='word_1_941' title='bbox 3603 4658 3780 4729; x_wconf 86' lang='lat' dir='ltr'><strong><em>siipse</em></strong></span> 
     </span>
    </p>
   </div>
   <div class='ocr_carea' id='block_1_115' title="bbox 2114 4745 3782 4818">
    <p class='ocr_par' dir='ltr' id='par_1_115' title="bbox 2114 4745 3782 4818">
     <span class='ocr_line' id='line_1_116' title="bbox 2114 4745 3782 4818; baseline -0.003 -12"><span class='ocrx_word' id='word_1_942' title='bbox 2114 4750 2174 4806; x_wconf 89' lang='lat' dir='ltr'><strong><em>in</em></strong></span> <span class='ocrx_word' id='word_1_943' title='bbox 2191 4768 2247 4806; x_wconf 92' lang='lat' dir='ltr'><strong><em>eo</em></strong></span> <span class='ocrx_word' id='word_1_944' title='bbox 2266 4766 2449 4806; x_wconf 89' lang='lat' dir='ltr'><strong><em>errore</em></strong></span> <span class='ocrx_word' id='word_1_945' title='bbox 2478 4748 2748 4804; x_wconf 87' lang='lat' dir='ltr'><strong><em>laboraret</em></strong></span> <span class='ocrx_word' id='word_1_946' title='bbox 2775 4764 2917 4818; x_wconf 83' lang='lat' dir='ltr'><strong><em>,-non</em></strong></span> <span class='ocrx_word' id='word_1_947' title='bbox 2946 4749 3148 4803; x_wconf 87' lang='lat' dir='ltr'><strong><em>scilicet</em></strong></span> <span class='ocrx_word' id='word_1_948' title='bbox 3180 4747 3489 4803; x_wconf 88' lang='lat' dir='ltr'><strong><em>mentientis</em></strong></span> <span class='ocrx_word' id='word_1_949' title='bbox 3513 4752 3658 4812; x_wconf 90' lang='lat' dir='ltr'><strong><em>astu,</em></strong></span> <span class='ocrx_word' id='word_1_950' title='bbox 3685 4745 3782 4801; x_wconf 87' lang='lat' dir='ltr'><strong><em>sed</em></strong></span> 
     </span>
    </p>
   </div>
   <div class='ocr_carea' id='block_1_116' title="bbox 2113 4835 3781 4911">
    <p class='ocr_par' dir='ltr' id='par_1_116' title="bbox 2113 4835 3781 4911">
     <span class='ocr_line' id='line_1_117' title="bbox 2113 4835 3781 4911; baseline -0.004 -16"><span class='ocrx_word' id='word_1_951' title='bbox 2113 4839 2488 4911; x_wconf 86' lang='lat' dir='ltr'><strong><em>compatientis</em></strong></span> <span class='ocrx_word' id='word_1_952' title='bbox 2525 4838 2749 4907; x_wconf 69' lang='lat' dir='ltr'><strong><em>aﬂ&#39;ectu.</em></strong></span> <span class='ocrx_word' id='word_1_953' title='bbox 2781 4855 2811 4891; x_wconf 81' lang='grc'>›</span> <span class='ocrx_word' id='word_1_954' title='bbox 2850 4837 2993 4891; x_wconf 88' lang='lat' dir='ltr'><strong><em>Bene</em></strong></span> <span class='ocrx_word' id='word_1_955' title='bbox 3021 4835 3269 4907; x_wconf 85' lang='lat' dir='ltr'><strong><em>defendis</em></strong></span> <span class='ocrx_word' id='word_1_956' title='bbox 3315 4837 3578 4901; x_wconf 89' lang='lat' dir='ltr'><strong><em>Paulum,</em></strong></span> <span class='ocrx_word' id='word_1_957' title='bbox 3633 4835 3781 4908; x_wconf 85' lang='lat' dir='ltr'><strong><em>quod</em></strong></span> 
     </span>
    </p>
   </div>
   <div class='ocr_carea' id='block_1_117' title="bbox 2119 4924 3780 4996">
    <p class='ocr_par' dir='ltr' id='par_1_117' title="bbox 2119 4924 3780 4996">
     <span class='ocr_line' id='line_1_118' title="bbox 2119 4924 3780 4996; baseline -0.003 -13"><span class='ocrx_word' id='word_1_958' title='bbox 2119 4946 2225 4984; x_wconf 89' lang='lat' dir='ltr'><strong><em>non</em></strong></span> <span class='ocrx_word' id='word_1_959' title='bbox 2250 4927 2592 4983; x_wconf 73' lang='lat' dir='ltr'><strong><em>simulaverit</em></strong></span> <span class='ocrx_word' id='word_1_960' title='bbox 2614 4942 2857 4982; x_wconf 87' lang='lat' dir='ltr'><strong><em>errorem</em></strong></span> <span class='ocrx_word' id='word_1_961' title='bbox 2887 4925 3223 4990; x_wconf 70' lang='lat' dir='ltr'><strong><em>Judazorum,</em></strong></span> <span class='ocrx_word' id='word_1_962' title='bbox 3248 4924 3339 4981; x_wconf 89' lang='lat' dir='ltr'><strong><em>sed</em></strong></span> <span class='ocrx_word' id='word_1_963' title='bbox 3369 4940 3494 4981; x_wconf 86' lang='lat' dir='ltr'><strong><em>vere</em></strong></span> <span class='ocrx_word' id='word_1_964' title='bbox 3521 4924 3693 4996; x_wconf 88' lang='lat' dir='ltr'><strong><em>fuerit</em></strong></span> <span class='ocrx_word' id='word_1_965' title='bbox 3712 4925 3780 4979; x_wconf 88' lang='lat' dir='ltr'><strong><em>in</em></strong></span> 
     </span>
    </p>
   </div>
   <div class='ocr_carea' id='block_1_118' title="bbox 2120 5014 3781 5088">
    <p class='ocr_par' dir='ltr' id='par_1_118' title="bbox 2120 5014 3781 5088">
     <span class='ocr_line' id='line_1_119' title="bbox 2120 5014 3781 5088; baseline -0.003 -16"><span class='ocrx_word' id='word_1_966' title='bbox 2120 5035 2300 5074; x_wconf 89' lang='lat' dir='ltr'><strong><em>errore</em></strong></span> <span class='ocrx_word' id='word_1_967' title='bbox 2324 5039 2343 5087; x_wconf 83' lang='lat'><strong><em>,-</em></strong></span> <span class='ocrx_word' id='word_1_968' title='bbox 2375 5033 2539 5088; x_wconf 89' lang='lat' dir='ltr'><strong><em>neque</em></strong></span> <span class='ocrx_word' id='word_1_969' title='bbox 2568 5016 2787 5070; x_wconf 85' lang='lat' dir='ltr'><strong><em>imitari</em></strong></span> <span class='ocrx_word' id='word_1_970' title='bbox 2809 5015 3040 5070; x_wconf 88' lang='lat' dir='ltr'><strong><em>voluerit</em></strong></span> <span class='ocrx_word' id='word_1_971' title='bbox 3068 5015 3289 5069; x_wconf 89' lang='lat' dir='ltr'><strong><em>Petrum</em></strong></span> <span class='ocrx_word' id='word_1_972' title='bbox 3319 5014 3679 5079; x_wconf 88' lang='lat' dir='ltr'><strong><em>mentientem,</em></strong></span> <span class='ocrx_word' id='word_1_973' title='bbox 3715 5020 3781 5068; x_wconf 83' lang='lat' dir='ltr'><strong><em>ut</em></strong></span> 
     </span>
    </p>
   </div>
   <div class='ocr_carea' id='block_1_119' title="bbox 2120 5100 3785 5180">
    <p class='ocr_par' dir='ltr' id='par_1_119' title="bbox 2120 5100 3785 5180">
     <span class='ocr_line' id='line_1_120' title="bbox 2120 5100 3785 5180; baseline -0.004 -19"><span class='ocrx_word' id='word_1_974' title='bbox 2120 5106 2258 5180; x_wconf 90' lang='lat' dir='ltr'><strong><em>quod</em></strong></span> <span class='ocrx_word' id='word_1_975' title='bbox 2288 5113 2427 5173; x_wconf 87' lang='lat' dir='ltr'><strong><em>erat,</em></strong></span> <span class='ocrx_word' id='word_1_976' title='bbox 2462 5111 2603 5160; x_wconf 90' lang='lat' dir='ltr'><strong><em>metu</em></strong></span> <span class='ocrx_word' id='word_1_977' title='bbox 2632 5104 2936 5160; x_wconf 70' lang='lat' dir='ltr'><strong><em>Judteorum</em></strong></span> <span class='ocrx_word' id='word_1_978' title='bbox 2956 5102 3323 5159; x_wconf 84' lang='lat' dir='ltr'><strong><em>dissimularet</em></strong></span> <span class='ocrx_word' id='word_1_979' title='bbox 3351 5104 3372 5138; x_wconf 79' lang='grc'>³</span> <span class='ocrx_word' id='word_1_980' title='bbox 3404 5125 3423 5173; x_wconf 82' lang='grc'><strong><em>;</em></strong></span> <span class='ocrx_word' id='word_1_981' title='bbox 3452 5102 3546 5158; x_wconf 88' lang='lat' dir='ltr'><strong><em>sed</em></strong></span> <span class='ocrx_word' id='word_1_982' title='bbox 3564 5108 3675 5157; x_wconf 86' lang='lat' dir='ltr'><strong><em>tota</em></strong></span> <span class='ocrx_word' id='word_1_983' title='bbox 3706 5100 3785 5156; x_wconf 87' lang='lat' dir='ltr'><strong><em>li-</em></strong></span> 
     </span>
    </p>
   </div>
   <div class='ocr_carea' id='block_1_120' title="bbox 2124 5191 3783 5254">
    <p class='ocr_par' dir='ltr' id='par_1_120' title="bbox 2124 5191 3783 5254">
     <span class='ocr_line' id='line_1_121' title="bbox 2124 5191 3783 5254; baseline -0.002 -3"><span class='ocrx_word' id='word_1_984' title='bbox 2124 5199 2332 5254; x_wconf 89' lang='lat' dir='ltr'><strong><em>bertate</em></strong></span> <span class='ocrx_word' id='word_1_985' title='bbox 2374 5194 2621 5251; x_wconf 65' lang='lat' dir='ltr'><strong><em>Iudicum</em></strong></span> <span class='ocrx_word' id='word_1_986' title='bbox 2672 5210 2723 5248; x_wconf 90' lang='lat' dir='ltr'><strong><em>se</em></strong></span> <span class='ocrx_word' id='word_1_987' title='bbox 2760 5209 2869 5249; x_wconf 89' lang='lat' dir='ltr'><strong><em>esse</em></strong></span> <span class='ocrx_word' id='word_1_988' title='bbox 2905 5193 3131 5248; x_wconf 84' lang='lat' dir='ltr'><strong><em>diceret.</em></strong></span> <span class='ocrx_word' id='word_1_989' title='bbox 3179 5192 3386 5250; x_wconf 89' lang='lat' dir='ltr'><strong><em>Novam</em></strong></span> <span class='ocrx_word' id='word_1_990' title='bbox 3436 5191 3783 5248; x_wconf 87' lang='lat' dir='ltr'><strong><em>clementiam</em></strong></span> 
     </span>
    </p>
   </div>
   <div class='ocr_carea' id='block_1_121' title="bbox 2186 5386 3516 5500">
    <p class='ocr_par' dir='ltr' id='par_1_121' title="bbox 2186 5386 3516 5500">
     <span class='ocr_line' id='line_1_122' title="bbox 2186 5386 3516 5500; baseline -0.005 -58"><span class='ocrx_word' id='word_1_991' title='bbox 2186 5394 2201 5428; x_wconf 74' lang='grc' dir='ltr'>ι</span> <span class='ocrx_word' id='word_1_992' title='bbox 2236 5392 2322 5442; x_wconf 86' lang='lat' dir='ltr'><strong><em>Sic</em></strong></span> <span class='ocrx_word' id='word_1_993' title='bbox 2341 5391 2473 5464; x_wconf 42' lang='lat' dir='ltr'><strong><em>.leg._</em></strong></span> <span class='ocrx_word' id='word_1_994' title='bbox 2494 5404 2619 5440; x_wconf 85' lang='lat' dir='ltr'><strong><em>cum</em></strong></span> <span class='ocrx_word' id='word_1_995' title='bbox 2649 5388 2773 5439; x_wconf 76' lang='lat' dir='ltr'><strong><em>Mss.</em></strong></span> <span class='ocrx_word' id='word_1_996' title='bbox 2806 5388 3131 5453; x_wconf 84' lang='lat' dir='ltr'><strong><em>quindecim,</em></strong></span> <span class='ocrx_word' id='word_1_997' title='bbox 3169 5386 3516 5500; x_wconf 50' lang='grc' dir='ltr'><strong><em>[ναιέμεναι]</em></strong></span> 
     </span>
     <span class='ocr_line' id='line_1_123' title="bbox 2186 5451 3465 5500; baseline 0 0"><span class='ocrx_word' id='word_1_998' title='bbox 2186 5458 2203 5489; x_wconf 76' lang='grc' dir='ltr'><strong><em>ι</em></strong></span> <span class='ocrx_word' id='word_1_999' title='bbox 2236 5455 2478 5500; x_wconf 69' lang='lat' dir='ltr'><strong><em>Vaticani</em></strong></span> <span class='ocrx_word' id='word_1_1000' title='bbox 2504 5452 2611 5500; x_wconf 89' lang='lat' dir='ltr'><strong><em>duo</em></strong></span> <span class='ocrx_word' id='word_1_1001' title='bbox 2628 5453 2774 5500; x_wconf 71' lang='grc' dir='ltr'><strong><em>Μεει..</em></strong></span> <span class='ocrx_word' id='word_1_1002' title='bbox 2806 5456 2860 5500; x_wconf 89' lang='lat' dir='ltr'><strong><em>ut</em></strong></span> <span class='ocrx_word' id='word_1_1003' title='bbox 2894 5451 3028 5500; x_wconf 87' lang='lat' dir='ltr'><strong><em>auod</em></strong></span> <span class='ocrx_word' id='word_1_1004' title='bbox 3052 5465 3158 5500; x_wconf 90' lang='lat' dir='ltr'><strong><em>non</em></strong></span> <span class='ocrx_word' id='word_1_1005' title='bbox 3191 5456 3303 5500; x_wconf 89' lang='lat' dir='ltr'><strong><em>erat</em></strong></span> <span class='ocrx_word' id='word_1_1006' title='bbox 3328 5455 3465 5500; x_wconf 86' lang='lat' dir='ltr'><strong><em>metu</em></strong></span> 
     </span>
    </p>
   </div>
   <div class='ocr_carea' id='block_1_122' title="bbox 2125 5449 3787 5569">
    <p class='ocr_par' dir='ltr' id='par_1_122' title="bbox 2125 5449 3787 5569">
     <span class='ocr_line' id='line_1_124' title="bbox 2161 5449 3787 5567; baseline 0 -64"><span class='ocrx_word' id='word_1_1007' title='bbox 2161 5458 2203 5529; x_wconf 44' lang='lat' dir='ltr'><strong><em>.i</em></strong></span> <span class='ocrx_word' id='word_1_1008' title='bbox 2236 5449 2478 5567; x_wconf 41' lang='grc' dir='ltr'><strong><em>τεῦξε)ἷηὶ</em></strong></span> <span class='ocrx_word' id='word_1_1009' title='bbox 2504 5452 2611 5504; x_wconf 88' lang='lat' dir='ltr'><strong><em>duo</em></strong></span> <span class='ocrx_word' id='word_1_1010' title='bbox 2628 5453 2774 5511; x_wconf 55' lang='lat' dir='ltr'><strong><em>Mem,</em></strong></span> <span class='ocrx_word' id='word_1_1011' title='bbox 2806 5449 2860 5502; x_wconf 74' lang='lat' dir='ltr'><strong><em>ut</em></strong></span> <span class='ocrx_word' id='word_1_1012' title='bbox 2894 5451 3028 5517; x_wconf 86' lang='lat' dir='ltr'><strong><em>quod</em></strong></span> <span class='ocrx_word' id='word_1_1013' title='bbox 3052 5465 3158 5501; x_wconf 89' lang='lat' dir='ltr'><strong><em>non</em></strong></span> <span class='ocrx_word' id='word_1_1014' title='bbox 3170 5449 3313 5501; x_wconf 56' lang='lat' dir='ltr'><strong><em>&#39;erat&#39;</em></strong></span> <span class='ocrx_word' id='word_1_1015' title='bbox 3328 5455 3465 5501; x_wconf 87' lang='lat' dir='ltr'><strong><em>metu</em></strong></span> <span class='ocrx_word' id='word_1_1016' title='bbox 3481 5449 3787 5503; x_wconf 66' lang='lat' dir='ltr'><strong><em>Iudcorun</em></strong></span> 
     </span>
     <span class='ocr_line' id='line_1_125' title="bbox 2125 5526 3207 5569; baseline -0.006 0"><span class='ocrx_word' id='word_1_1017' title='bbox 2125 5532 2262 5569; x_wconf 78' lang='lat' dir='ltr'><strong><em>simu</em></strong></span> <span class='ocrx_word' id='word_1_1018' title='bbox 2283 5531 2372 5567; x_wconf 88' lang='lat' dir='ltr'><strong><em>are</em></strong></span> <span class='ocrx_word' id='word_1_1019' title='bbox 2399 5551 2411 5564; x_wconf 94' lang='lat'><strong><em>.</em></strong></span> <span class='ocrx_word' id='word_1_1020' title='bbox 3206 5526 3207 5529; x_wconf 69' lang='lat'>‘</span> 
     </span>
    </p>
   </div>
  </div>
