4078 6166
212 75 284 139 ιω
1401 68 1800 136 EPISTOLAR

1945 69 2237 137 GLASSIS
2282 71 2355 135 II.

206 204 405 278 Apostoli
432 203 595 259 ldum
631 201 847 258 Iudam
888 199 1232 258 Christianos
1273 202 1391 257 vult
1437 201 1650 273 facere,
1683 198 1800 271 ipse

203 294 389 351 Iudaeus
420 294 588 364 factus
624 298 723 347 est.
759 290 885 347 Non
923 292 1068 346 enim
1107 297 1317 362 poterat
1359 290 1674 347 luxuriosos
1725 286 1803 343 ad

198 383 529 453 frugalitatem
568 380 844 450 reducere,
889 379 1000 435 nisi
1026 397 1084 435 se
1122 380 1469 435 luxuriosum
1506 376 1800 450 probasset,

200 470 671 535 etmisericorditer,
702 475 763 524 ut
784 470 893 539 ipse
922 469 1079 535 dicis,
1110 470 1393 525 subvenire
1422 466 1659 532 miseris,
1695 465 1804 519 nisi

195 578 236 617 se
258 565 487 617 miserum
518 561 633 630 ipse
655 559 906 616 sentiret.
926 561 945 614 ι
965 576 1057 615 ere
1080 561 1223 614 enim
1255 558 1477 622 miselli,
1509 564 1558 611 et
1588 556 1805 610 miseri-

196 650 399 705 corditer
414 648 757 720 deplorandi,
775 650 873 719 qui
884 649 1226 705 contentione
1250 664 1350 703 sua
1369 653 1420 703 et
1444 662 1629 702 amore
1651 643 1806 715 Legis

194 739 400 803 abolitae,
424 738 715 809 apostolum
747 737 955 793 Christi
974 738 1152 808 facere
1189 737 1467 794 Judaeum.
1508 734 1627 791 Nec
1662 732 1803 789 mul-

191 836 280 883 tum
307 828 511 883 interest
544 828 691 881 inter
711 843 881 882 meam
912 832 961 881 et
992 833 1141 881 tuam
1173 826 1517 891 sententiam,
1543 822 1674 894 quia
1711 838 1802 891 ego

189 918 283 972 dico
306 924 349 973 et
374 917 594 973 Petrum
618 924 667 971 et
684 916 939 981 Paulum,
972 916 1164 971 timore
1186 915 1431 986 ﬁdelium
1460 911 1799 975 Judzorum,

187 1006 313 1077 Legis
338 1007 652 1073 exercuisse,
676 1005 788 1061 imo
810 1005 1095 1060 simulasse
1109 1003 1364 1059 mndata
1385 1026 1405 1073 ,-
1433 1010 1491 1058 tu
1510 1008 1690 1056 autem
1713 1016 1797 1056 as-

183 1097 293 1150 seris
313 1095 399 1150 hoc
424 1110 511 1150 eos
541 1095 733 1166 fecisse
759 1094 1073 1159 clementer,
1114 1115 1139 1145 α
1174 1110 1278 1149 non
1309 1092 1628 1148 mentientis
1656 1096 1799 1153 astu,

182 1184 251 1238 sed
272 1186 634 1254 compatientis
663 1184 860 1253 affectu
896 1204 914 1241 :
949 1204 978 1237 η
1006 1183 1289 1239 dummodo
1314 1181 1451 1237 illud
1479 1186 1699 1247 constet,
1721 1177 1802 1234 vel

186 1281 314 1338 metu,
351 1273 425 1328 vel
456 1273 834 1329 misericordia
856 1289 937 1327 eos
983 1272 1263 1328 simulasse
1288 1288 1341 1327 se
1380 1288 1503 1336 esse,
1530 1268 1667 1340 quod
1698 1284 1801 1323 non

180 1370 323 1417 erant.
347 1362 489 1419 Illud
506 1370 688 1417 autem
717 1367 1117 1433 argumentum,
1136 1378 1237 1432 quo
1268 1360 1528 1416 adversus
1546 1374 1652 1414 non
1681 1363 1799 1412 ute-

182 1453 262 1514 ris,
279 1450 405 1522 quod
427 1458 475 1505 et
507 1450 814 1506 Gentilibus
838 1451 1082 1506 debuerit
1108 1450 1329 1522 gentilis
1351 1450 1496 1521 fieri,
1519 1448 1570 1503 si
1592 1446 1801 1503 Judais

180 1540 375 1597 Judzus
401 1541 581 1611 factus
608 1548 703 1605 est,
746 1542 918 1611 magis
947 1557 1050 1611 pro
1078 1539 1229 1595 nobis
1256 1540 1391 1610 facit
1432 1558 1451 1595 :
1488 1538 1627 1593 sicut
1658 1536 1803 1591 enim

182 1647 261 1686 non
304 1632 406 1701 fuit
452 1647 575 1685 vere
625 1630 852 1686 Judcus
899 1632 978 1685 sic
1028 1647 1122 1685 nec
1186 1646 1307 1685 vere
1361 1626 1584 1701 gentilis
1628 1634 1749 1682 erat
1786 1640 1794 1682 ;

178 1725 214 1773 et
250 1720 491 1776 sicutnon
536 1720 651 1791 fuit
686 1736 808 1775 vere
850 1720 1096 1791 gentilis,
1152 1719 1229 1775 sic
1280 1735 1371 1775 nec
1410 1734 1527 1773 vere
1581 1716 1801 1773 Judteus

177 1817 284 1864 erat.
306 1810 370 1865 In
396 1826 455 1864 eo
472 1817 657 1865 autem
683 1810 933 1864 imitator
954 1809 1256 1864 Gentilium
1292 1816 1390 1874 est,
1423 1808 1559 1879 quia
1585 1823 1801 1878 prcipu-

178 1900 289 1953 tium
322 1901 513 1969 recipit
545 1902 607 1952 in
634 1899 743 1969 fide
770 1898 1003 1963 Christi,
1035 1906 1085 1953 et
1116 1898 1503 1968 indifferenter
1528 1898 1801 1968 per-mittit

179 1989 284 2042 mei
307 1988 435 2043 cibis
456 2005 591 2060 quos
611 1989 873 2043 damnant
894 1987 1076 2043 λιιάωὶ
1096 2010 1116 2057 ,-
1134 2004 1242 2043 non
1271 1988 1440 2051 cultu,
1464 1994 1524 2041 ut
1545 1994 1607 2042 tu
1618 1994 1799 2057 putas,

178 2077 419 2134 idolorum.
452 2078 523 2132 In
554 2078 778 2133 Christo
804 2077 946 2131 enim
968 2076 1097 2131 Jesu
1124 2093 1216 2131 nec
1232 2076 1575 2131 circumcisio
1596 2083 1672 2131 est
1690 2076 1801 2130 ali-

174 2166 293 2235 quid,
320 2183 407 2221 nec
434 2169 801 2238 praeputium,
832 2166 923 2221 sed
946 2166 1246 2222 observatio
1276 2166 1663 2220 mandatorum
1694 2164 1801 2222 Dei

177 2253 290 2319 (Gal.
317 2272 365 2317 v,
393 2257 449 2319 6,
482 2262 534 2309 et
573 2272 649 2319 vn,
685 2256 800 2324 15).

233 2344 303 2399 18.
334 2344 514 2409 Quaso
542 2344 725 2415 igitur
746 2351 812 2409 te,
828 2352 875 2409 et
900 2345 1274 2416 iterumatque
1301 2347 1499 2399 iterum
1524 2342 1795 2414 deprecor,

176 2440 220 2486 ut
240 2435 457 2503 ignoscas
479 2433 972 2504 disputatiunculae
993 2441 1219 2503 meae;et
1242 2434 1379 2504 quod
1389 2432 1601 2488 modum
1626 2449 1797 2487 meum

176 2538 371 2591 egressus
382 2540 521 2585 sum,
545 2522 654 2577 tibi
685 2522 913 2594 imputes
936 2523 1031 2593 qui
1044 2522 1264 2593 coegisti
1285 2529 1344 2577 ut
1368 2521 1794 2587 rescriberem,et

179 2611 286 2664 mihi
303 2628 411 2668 cum
430 2611 926 2667 Stesichorooculos
953 2611 1247 2667 abstulisti.
1268 2610 1385 2665 Nec
1402 2628 1482 2665 me
1503 2618 1657 2681 putes
1682 2628 1797 2665 ma-

177 2700 365 2768 gistrum
393 2718 497 2756 esse
527 2700 817 2764 mendacii,
848 2700 945 2771 qui
962 2717 1152 2771 sequor
1177 2700 1460 2755 Christum
1488 2699 1747 2754 dicentem
1775 2716 1796 2755 .°

174 2808 190 2835 ο
212 2790 303 2859 Ego
314 2807 424 2845 sum
438 2791 552 2855 via,
567 2778 775 2845 veritas
795 2799 846 2843 et
866 2792 981 2844 vita
998 2809 1024 2840 ι)
1054 2789 1365 2860 (Joan.11v,
1389 2788 1466 2859 6).
1500 2788 1610 2844 Nec
1628 2795 1792 2859 potest

177 2878 272 2945 ﬁeri
283 2885 335 2935 ut
356 2880 622 2935 veritatis
644 2879 844 2943 cultor,
872 2878 1145 2933 mendacio
1164 2877 1307 2934 colla
1326 2879 1659 2933 submittam.
1688 2878 1793 2933 Ne-

176 2982 249 3035 que
266 2968 393 3021 mihi
411 2969 806 3039 imperitorum
831 2966 1153 3037 plebeculam
1174 2969 1426 3033 concites,
1458 2967 1619 3039 quite
1640 2984 1793 3023 vene-

177 3063 345 3111 rantur
370 3064 426 3111 ut
454 3058 781 3129 episcopum,
806 3064 856 3111 et
881 3057 941 3111 in
970 3056 1599 3122 ecclesiadeclamantem,
1621 3074 1795 3111 sacer-

174 3143 283 3197 dotii
311 3146 502 3201 honore
539 3146 847 3217 suscipiunt
872 3167 895 3215 ,-
930 3162 1009 3201 me
1045 3152 1243 3209 autem,
1284 3146 1463 3201 artatis
1492 3146 1721 3212 ultime,
1744 3153 1793 3201 et

174 3248 280 3301 pene
303 3235 652 3306 decrepitum,
681 3251 745 3290 ac
768 3236 1083 3291 monasterii
1113 3243 1161 3291 et
1188 3237 1344 3290 ruris
1365 3243 1572 3291 secreta
1589 3244 1792 3291 sectan-

176 3328 271 3386 tem,
296 3325 698 3397 parvipendunt
729 3344 752 3393 ;
777 3332 826 3380 et
851 3342 1062 3397 quwras
1086 3324 1211 3390 tibi,
1226 3342 1352 3396 quos
1367 3327 1552 3381 doceas
1575 3328 1682 3379 sive
1708 3342 1792 3380 re-

174 3409 454 3476 prehendas.
484 3414 575 3468 Ad
605 3430 703 3467 nos
728 3414 893 3481 enim,
908 3414 1079 3468 tantis
1098 3413 1270 3467 maris
1288 3420 1443 3484 atque
1467 3420 1745 3468 terrarum
1768 3429 1802 3467 a

177 3503 216 3551 te
228 3498 640 3573 divisosspatiis,
655 3502 750 3557 via:
768 3503 910 3557 vocis
920 3509 1029 3557 tuae
1050 3518 1211 3557 sonus
1236 3502 1503 3573 pervenit.
1529 3503 1603 3557 Et
1621 3504 1669 3557 si
1688 3507 1803 3573 for-

177 3588 292 3641 sitan
314 3589 526 3645 litteras
548 3592 860 3661 scripseris,
886 3598 1011 3645 ante
1041 3608 1129 3646 eas
1153 3591 1324 3645 Italia
1353 3608 1413 3646 ac
1438 3591 1603 3648 Roma
1627 3592 1796 3647 susci-

180 3676 318 3745 pient,
343 3696 498 3750 quam
530 3680 607 3734 ad
646 3696 744 3749 me,
778 3680 867 3735 cui
894 3680 1168 3735 mittenda
1188 3687 1334 3746 sunt,
1360 3679 1701 3750 deferantur.

237 3767 436 3825 CAPUT
464 3768 506 3823 V
521 3812 534 3824 .
560 3768 889 3833 ——19.Quod
900 3776 1074 3823 autem
1104 3768 1163 3823 in
1177 3768 1305 3823 aliis
1316 3770 1518 3839 quaris
1537 3767 1798 3840 epistolis,

182 3866 365 3910 curua
372 3858 534 3927 prior
547 3859 611 3911 in
626 3856 812 3911 Libris
821 3873 989 3911 canon
999 3857 1095 3911 icis
1114 3857 1499 3927 interpretatio
1519 3860 1801 3912 asteriscos

184 3939 354 4010 habeat,
382 3954 431 4001 et
453 3946 710 4018 virgulas
726 3954 1077 4017 prcenotatas,
1090 3954 1137 4002 et
1167 3954 1350 4017 postea
1365 3947 1535 4001 aliam
1561 3948 1802 4002 transla—

181 4030 336 4089 lienem
347 4035 543 4108 absque
553 4036 830 4108 hissignis
841 4035 1260 4106 ediderim;pacs
1272 4043 1367 4091 tua
1381 4038 1622 4091 dixerim
1631 4037 1803 4103 ,vide-

180 4122 242 4175 ris
252 4126 371 4181 mihi
385 4143 488 4181 non
501 4125 810 4197 intelligere
827 4125 968 4197 quod
977 4125 1227 4196 quaesisti
1231 4125 1277 4180 .1
1285 4126 1359 4180 lla
1370 4127 1512 4181 enim
1526 4127 1803 4197 interpre-

183 4212 637 4287 tatioSeptuaginta
657 4216 1020 4285 interpretum
1031 4221 1106 4270 est
1118 4236 1138 4284 ,-
1154 4222 1203 4270 et
1214 4214 1533 4286 ubicumque
1542 4216 1799 4286 virgulae,

180 4301 224 4352 id
239 4310 303 4355 est
318 4303 445 4358 obeli
464 4304 967 4375 sunt,signiﬁcatur
977 4303 1115 4375 quod
1134 4303 1491 4375 Septuaginta
1508 4306 1628 4375 plus
1646 4305 1802 4359 dixe-

182 4390 275 4444 rint
295 4409 440 4462 quam
471 4393 714 4448 habetur
750 4394 807 4447 in
834 4392 1038 4447 hebraeo
1072 4413 1091 4450 :
1121 4392 1219 4448 ubi
1243 4400 1422 4448 autem
1447 4395 1715 4458 asterisci,
1744 4394 1806 4448 id

180 4486 236 4531 est
256 4481 408 4535 stellae
421 4482 811 4552 pralucentes,
837 4497 909 4538 ea:
938 4481 1309 4537 Theodotionis
1322 4481 1560 4537 editione
1579 4482 1645 4537 ab
1672 4482 1802 4538 Ori-

181 4582 279 4633 gene
298 4568 537 4626 additum
559 4576 685 4639 est;
712 4576 763 4623 et
781 4570 861 4624 ibi
880 4587 1057 4641 grteca
1080 4571 1485 4635 transtulimus,
1503 4572 1588 4626 hic
1606 4571 1669 4626 de
1690 4572 1805 4642 ipso

182 4654 410 4723 hebrsico,
434 4660 575 4730 quod
616 4658 1049 4730 intelligebamus
1073 4660 1451 4729 expressimus,
1473 4677 1683 4715 sensum
1710 4677 1807 4731 po-

184 4744 268 4797 tius
283 4749 556 4804 veritatem
568 4764 728 4820 quam
744 4747 1027 4803 verborum
1047 4747 1318 4803 interdum
1333 4748 1581 4803 ordinem
1596 4766 1806 4803 conser-

183 4837 423 4891 mates.Et
436 4839 619 4892 miror
627 4836 881 4908 quomodo
892 4837 1257 4908 Septuaginta
1268 4845 1626 4908 interpretum
1639 4838 1682 4893 li
1686 4837 1805 4893 bras

185 4919 298 4990 legas
322 4942 421 4979 non
446 4943 640 4997 puros,
681 4932 741 4981 ut
769 4926 836 4981 ab
872 4928 951 4981 eis
989 4926 1125 4981 editi
1152 4933 1299 4989 sunt,
1340 4927 1429 4982 sed
1467 4927 1533 4981 ab
1574 4928 1805 4999 Origene

186 5011 464 5081 mandatos,
502 5016 619 5070 sive
646 5023 926 5086 corruptos
957 5018 972 5051 ¹
1006 5032 1104 5085 per
1131 5015 1303 5070 obelos
1335 5020 1385 5070 et
1409 5017 1715 5083 asteriscos,
1754 5023 1804 5072 et

183 5096 440 5157 christiani
464 5104 700 5158 hominis
737 5104 1348 5175 interpretatiunculam
1378 5122 1484 5160 non
1514 5106 1758 5176 sequaris
1782 5127 1802 5176 ,-

184 5192 448 5253 νεηνίεω
485 5208 610 5248 cum
634 5210 695 5247 ea
722 5210 843 5266 quae
868 5194 1059 5248 addita
1091 5202 1237 5259 sunt,
1270 5211 1336 5248 ea:
1365 5193 1597 5249 hominis
1626 5195 1806 5251 Judaei

185 5282 317 5344 atque
330 5280 643 5353 blasphemi,
668 5291 786 5361 post
806 5284 1110 5356 passionem
1127 5282 1459 5353 Christi,edi
1465 5284 1607 5340 tione
1622 5292 1807 5344 trans-

184 5400 699 5529 “Lauini-rectos.
727 5408 916 5459 Verius
944 5409 1189 5475 plerique
1222 5409 1296 5461 Cd
1311 5410 1362 5461 d.
1390 5409 1525 5462 Edd.
1566 5414 1618 5461 ct
1654 5410 1807 5473 κει..

3457 75 3564 136 268

1907 198 2122 255 tulerit.
2165 199 2257 257 Vis
2283 207 2497 259 amator
2524 216 2632 258 esse
2656 217 2813 258 verus
2837 200 2855 238 ¹
2884 198 3245 276 Septuaginta
3283 204 3562 278 interpre-

1908 294 2021 343 tum
2051 289 2081 342 ?
2108 290 2233 346 Non
2262 291 2401 360 legas
2428 309 2491 347 ea
2517 308 2639 364 quas
2663 292 2758 347 sub
2784 294 3057 349 asteriscis
3076 301 3207 351 sunt
3237 317 3259 365 ,-
3284 296 3390 352 imo
3429 298 3561 353 rade

1907 376 1969 432 de
1998 377 2375 444 voluminibus,
2400 388 2458 435 ut
2480 389 2716 437 veterum
2736 388 2784 436 te
2801 383 3073 453 fautorem
3102 384 3309 447 probes.
3335 386 3489 451 Quod
3515 388 3565 443 si

1906 466 2121 535 feceris,
2138 485 2314 523 omnes
2340 470 2705 528 Ecclesiarum
2730 470 3082 526 bibliothecas
3101 474 3457 530 condemnare
3480 492 3563 531 co-

1907 556 2075 624 geris.
2116 555 2225 612 Via:
2280 554 2429 609 enim
2468 571 2606 611 unus
2644 562 2740 610 aut
2770 556 2914 612 alter
2946 558 3255 616 invenietur
3284 562 3438 629 liber,
3466 565 3564 636 qui

1910 641 2017 697 ista
2042 661 2148 698 non
2171 644 2384 699 habeat.

1982 733 2203 789 CAPUT
2234 733 2326 790 Vl.
2344 763 2404 772 —
2423 733 2510 788 20.
2540 733 2716 789 Porro
2743 734 2880 805 quod
2908 735 3044 791 dicis
3082 754 3187 793 non
3216 738 3455 796 debuisse
3479 758 3561 797 me

1908 820 2269 892 interpretari
2278 830 2393 893 post
2409 830 2683 888 veteres,et
2701 840 2832 879 novo
2850 826 3018 880 uteris
3033 826 3337 899 syllogismo
3356 850 3375 887 :
3391 849 3420 883 α
3445 830 3562 885 Aut

1907 909 2133 965 obscura
2153 911 2385 981 fuerunt
2405 928 2526 984 qua
2545 913 2897 984 interpretati
2915 922 3041 971 sunt
3062 916 3441 988 Septuaginta.
3466 927 3562 975 tua

1907 1000 2217 1069 manifesta.
2248 1000 2306 1056 Si
2330 1001 2841 1074 obscura,tequoque
2861 1004 2918 1058 in
2935 1004 3011 1058 eis
3035 1004 3168 1074 falli
3181 1007 3564 1076 potuisse,cre-

1906 1088 2138 1144 dendum
2158 1091 2308 1145 est:si
2318 1091 2655 1162 manifesta,i
2659 1093 2756 1147 llos
2768 1094 2827 1147 in
2838 1094 2915 1148 eis
2923 1092 3055 1164 falli
3067 1111 3172 1149 non
3183 1097 3564 1169 potuisse,per-

1905 1178 2111 1246 spicum
2136 1186 2252 1236 est:
2281 1200 2307 1231 ››
2350 1188 2440 1235 tuo
2479 1182 2583 1236 tibi
2622 1199 2859 1237 sermone
2899 1184 3203 1254 respondeo.
3241 1185 3434 1242 Omnes
3473 1205 3563 1242 ve-

1907 1272 2046 1320 teres
2074 1274 2398 1325 tractatOres
2424 1272 2523 1342 qui
2538 1287 2628 1325 nos
2650 1271 2709 1325 in
2738 1271 2967 1326 Domino
2986 1283 3388 1343 prazcesserunt,
3408 1277 3565 1347 etqui

1906 1353 2223 1427 Scripturas
2250 1366 2467 1416 sanctas
2484 1360 2833 1431 intrepretati
2857 1368 3003 1429 sunt,
3025 1369 3119 1417 aut
3146 1363 3372 1420 obscura
3392 1366 3564 1421 inter-

1904 1448 2115 1515 pretati
2134 1455 2279 1515 sunt,
2306 1456 2401 1503 aut
2419 1450 2723 1519 manifesta.
2748 1449 3066 1516 Siobscura,
3088 1455 3339 1523 quomodo
3363 1459 3425 1509 tu
3442 1461 3558 1526 post

1907 1550 1989 1589 eos
2020 1552 2186 1591 ausus
2220 1552 2271 1592 es
2303 1537 2583 1603 disserere,
2614 1539 2749 1609 quod
2779 1538 2875 1594 illi
2899 1543 3196 1612 explanare
3233 1560 3338 1598 non
3379 1552 3562 1614 potue-

1908 1632 2041 1680 runt
2061 1625 2090 1681 ἵ
2116 1627 2164 1680 si
2190 1626 2833 1699 manifesta,superfluum
2845 1637 2922 1684 est
2956 1637 3005 1685 te
3036 1631 3264 1688 voluisse
3301 1632 3564 1689 disserere

1907 1714 2045 1785 quod
2083 1715 2202 1770 illos
2232 1715 2398 1771 latere
2438 1733 2539 1771 non
2579 1718 2779 1789 potuit,
2817 1720 3051 1774 maxime
3083 1719 3137 1773 in
3180 1721 3563 1792 explanatione

1907 1803 2245 1860 Psalmorum
2269 1822 2396 1876 quos
2422 1805 2568 1877 apud
2598 1806 2803 1861 Graecos
2827 1807 3185 1877 interpretati
3218 1819 3347 1867 sunt
3375 1811 3564 1868 multis

1906 1891 2288 1960 voluminibus,
2304 1895 2513 1965 primus
2531 1896 2805 1966 Origenes,
2820 1897 3080 1953 secundus
3095 1899 3355 1956 Eusebius
3380 1900 3560 1956 Casa-

1907 1982 2331 2049 riensis,tertius
2350 1983 2650 2040 Theodorus
2666 1983 3027 2051 Heracleotes,
3054 1996 3283 2058 quartus
3305 1991 3561 2045 Asterius

1907 2070 2621 2143 Scythopolitanus,quintus
2643 2074 2992 2144 Apollinaris
3018 2076 3366 2143 Laodicenus,
3381 2085 3565 2135 sextus

1908 2160 2168 2233 Didymus
2184 2164 2227 2218 Α
2238 2162 2975 2220 ἰεπαηάιίἠωῈενιιηιιιφει
2986 2165 3328 2222 diversorum
3352 2169 3413 2223 in
3425 2185 3563 2239 pau-

1904 2266 1987 2304 cos
2008 2250 2236 2322 psalmos
2265 2253 2526 2323 opuscula
2555 2252 2694 2323 ,‘sed
2722 2269 2870 2307 nunc
2889 2252 2952 2307 de
2975 2254 3184 2325 integro
3214 2256 3564 2314 Psalmorum

1904 2355 2124 2411 corpore
2152 2342 2403 2397 dicimus.
2437 2340 2603 2412 Apud
2632 2342 2855 2397 Latinos
2881 2352 3058 2397 autem
3086 2343 3351 2401 Hilarius
3382 2346 3563 2402 Picta-

1907 2430 2102 2484 viensis
2139 2436 2190 2486 et
2228 2431 2497 2486 Eusebius
2534 2430 2875 2487 Vercellensis
2910 2433 3166 2503 episcopi,
3200 2432 3479 2504 Origenem
3510 2442 3561 2491 et

1907 2518 2199 2575 Eusebium
2213 2519 2621 2575 transtulerunt
2637 2537 2891 2592 :quorum
2913 2521 3152 2591 priorem
3164 2529 3213 2577 et
3229 2531 3407 2578 noster
3428 2527 3471 2581 A
3484 2540 3566 2579 m—

1908 2606 2116 2663 brosius
2146 2608 2202 2662 in
2222 2608 2545 2680 quibusdam
2560 2616 2771 2665 secutus
2787 2616 2887 2666 est.
2914 2610 3245 2682 Respondeat
3268 2613 3403 2669 mihi
3427 2630 3564 2685 pru-

1906 2695 2089 2752 dentia
2127 2703 2241 2759 tua.
2273 2715 2441 2769 quare
2468 2706 2530 2754 tu
2552 2705 2666 2770 post
2698 2706 2874 2755 tantos
2902 2706 2951 2754 et
2980 2699 3117 2755 tales
3139 2701 3462 2773 interpretes
3501 2705 3564 2760 in

1906 2786 2280 2857 explanatione
2301 2787 2639 2843 Psalmorum
2669 2788 2884 2844 diversa
2904 2790 3138 2845 senseris
3168 2794 3195 2845 .9
3218 2790 3278 2846 Si
3304 2793 3446 2848 enim
3476 2792 3567 2847 ob-

1904 2876 2054 2930 scuri
2081 2883 2207 2930 sunt
2238 2875 2469 2942 Psalmi,
2496 2880 2546 2931 te
2574 2894 2774 2949 quoque
2801 2878 2861 2932 in
2892 2879 2967 2932 eis
2997 2878 3132 2948 falli
3159 2882 3414 2950 potuisse,
3444 2898 3565 2937 vre-

1905 2963 2133 3018 dendum
2155 2970 2250 3019 est.
2274 2964 2346 3019 Si
2372 2965 2670 3033 mani/esti,
2700 2965 2824 3020 illos
2848 2967 2904 3019 in
2930 2968 3010 3021 eis
3036 2966 3169 3036 falli
3184 2971 3429 3038 potuisse
3460 2988 3563 3026 non

1906 3052 2158 3108 creditur
2187 3073 2206 3110 :
2226 3068 2289 3107 ac
2311 3070 2410 3125 per
2430 3053 2524 3109 hoc
2551 3061 2777 3125 utroque
2797 3054 3235 3125 modosuperﬂua
3262 3058 3370 3113 erit
3398 3060 3566 3115 inter-

1900 3143 2141 3212 pretatio
2167 3149 2262 3196 tua
2294 3163 2314 3212 ,-
2344 3150 2393 3199 et
2424 3142 2521 3198 hac
2542 3144 2669 3214 lege,
2699 3150 2817 3214 post
2834 3144 3049 3214 priores
3081 3146 3263 3200 nullus
3292 3146 3438 3217 loqui
3462 3164 3567 3204 au-

1904 3230 2075 3295 debit,
2098 3238 2148 3287 et
2169 3232 2527 3303 quodcumque
2555 3232 2699 3288 alius
2720 3234 3081 3304 occupaverit,
3106 3234 3252 3289 alius
3265 3234 3327 3289 de
3347 3252 3404 3290 eo
3428 3238 3566 3292 scri-

1907 3319 2068 3376 bendi
2106 3338 2210 3375 non
2241 3320 2452 3376 habebit
2492 3322 2789 3378 licentiam.
2832 3322 2977 3387 Quin
2997 3323 3183 3394 potius
3205 3323 3568 3382 humanitatis

1908 3416 2017 3465 tum
2042 3416 2137 3476 est,
2163 3410 2222 3465 in
2236 3427 2338 3482 quo
2361 3410 2568 3467 veniam
2589 3411 2694 3466 tibi
2716 3411 2935 3477 tribuis,
2956 3411 3235 3484 indulgere
3251 3421 3305 3469 et
3325 3416 3564 3471 caeteris.

1907 3497 2024 3569 Ego
2046 3499 2190 3554 enim
2218 3516 2320 3553 non
2355 3506 2468 3555 tam
2489 3506 2670 3555 vetera
2690 3500 2897 3555 abolere
2917 3508 3142 3556 conatus
3160 3518 3299 3571 sum,
3320 3518 3440 3574 quas
3461 3503 3569 3559 lin-

1908 3602 1986 3658 ενι
1995 3605 2073 3643 me
2134 3588 2309 3642 homin
2318 3588 2484 3644 ibaeus
2498 3588 2774 3644 emendata
2793 3589 2858 3643 de
2874 3606 3043 3660 graec
3063 3592 3125 3644 in
3137 3591 3364 3648 latinum
3394 3599 3573 3649 trans-

1908 3677 2043 3741 tuli,
2095 3693 2254 3747 quam
2302 3694 2363 3731 ea
2394 3678 2704 3732 testimonia
2747 3694 2864 3747 quae
2893 3695 2928 3731 a
2968 3678 3176 3733 Judaeis
3203 3683 3571 3750 prietes-missa

1904 3773 2031 3821 sunt
2058 3765 2138 3819 vel
2163 3771 2444 3836 corrupta,
2472 3767 2725 3837 proferre
2740 3768 2797 3820 in
2811 3766 3064 3835 medium,
3087 3775 3147 3822 ut
3166 3769 3367 3824 scirent
3396 3770 3571 3825 nostri

1907 3854 2041 3926 quid
2064 3853 2278 3909 habraza
2300 3856 2504 3909 veritas
2525 3855 2912 3910 continerel.Si
2935 3856 3024 3909 cui
3047 3856 3213 3926 legere
3242 3874 3348 3912 non
3368 3858 3568 3929 placet,

1910 3961 2059 3999 nemo
2086 3943 2357 4015 compellit
2376 3944 2629 3999 invitum.
2652 3943 2815 3999 Bibat
2845 3945 3033 3999 vinum
3062 3952 3210 4001 vetus
3236 3962 3356 4001 cum
3383 3948 3571 4003 suavi-

1910 4040 2041 4101 tate,
2087 4041 2137 4089 et
2170 4038 2357 4089 nostra
2383 4039 2558 4088 musta
2586 4040 2907 4097 contemnat,
2938 4051 3055 4105 qua:
3080 4034 3141 4090 in
3178 4036 3570 4107 explanatione

1908 4123 2157 4195 priorum
2184 4122 2331 4178 edita
2353 4128 2501 4188 sunt,
2524 4129 2584 4178 ut
2608 4122 2784 4178 sicubi
2803 4123 2903 4178 illa
2933 4140 3039 4179 non
3069 4125 3476 4196 intelliguntur,
3504 4142 3572 4182 ea:

1910 4215 2115 4268 nostris
2142 4211 2531 4283 manifestoria
2548 4214 2706 4284 ﬁant.
2741 4212 2890 4280 Quod
2910 4221 3089 4270 autem
3112 4231 3278 4285 genus
3301 4216 3575 4288 interpre-

1914 4302 2141 4358 tationis
2172 4302 2233 4356 in
2262 4301 2565 4373 Scripturis
2578 4301 2780 4357 sanctis
2804 4303 3121 4373 sequendum
3133 4303 3223 4372 sit,
3259 4304 3397 4359 liber
3419 4322 3571 4375 quem

1909 4391 2113 4462 scripsi
2138 4389 2200 4444 de
2228 4389 3087 4461 Optimogenereinterpretandi,
3105 4399 3153 4446 et
3176 4408 3352 4446 omnes
3372 4394 3573 4464 prie/a-

1913 4479 2173 4534 tiunculz
2202 4478 2512 4534 divinorum
2552 4478 2903 4543 voluminum,
2942 4496 3073 4550 quas
3106 4479 3338 4535 editioni
3374 4489 3572 4539 nostrae

1906 4568 2325 4639 praeposuimus,
2348 4566 2679 4638 explicant;
2703 4566 2774 4621 ad
2808 4567 3039 4639 illasque
3063 4568 3386 4639 prudentem
3410 4571 3573 4629 lecto-

1913 4674 2027 4713 rem
2052 4655 2437 4712 remittendum
2458 4662 2603 4727 puto.
2621 4657 2695 4711 Et
2711 4657 2763 4712 si
2784 4672 2883 4723 me,
2911 4664 2971 4711 ut
2991 4656 3126 4713 dicis
3144 4658 3203 4713 in
3223 4659 3374 4714 Novi
3393 4662 3577 4717 Testa-

1914 4746 2473 4802 mentiemendatione
2493 4746 2742 4818 suscipis,
2765 4747 3086 4818 exponisque
3116 4764 3329 4804 causam
3352 4765 3577 4805 cursus-

1916 4836 2091 4906 cipias
2110 4835 2277 4906 ,-quia
2297 4833 2538 4905 plurimi
2560 4835 2764 4905 lingua
2788 4852 2973 4906 graecia
2998 4836 3247 4893 habentes
3268 4838 3572 4903 scientiam,

1914 4925 1976 4979 de
2006 4941 2116 4979 meo
2132 4924 2337 4995 possint
2357 4940 2511 4993 opere
2529 4924 2786 4995 judicare
2807 4943 2828 4981 :
2848 4926 3080 4982 eamdem
3109 4928 3472 4997 integritatem
3485 4926 3573 4980 de-

1916 5014 2108 5069 bueras
2139 5015 2305 5069 etiam
2338 5012 2396 5067 in
2444 5014 2616 5069 Veteri
2647 5014 2867 5069 credere
2900 5016 3247 5080 Testamento,
3282 5014 3427 5085 quod
3467 5029 3573 5069 non

1915 5111 2102 5158 nostra
2152 5102 2528 5172 conﬁnximus,
2568 5102 2657 5158 sed
2696 5110 2755 5158 ut
2792 5103 2939 5174 apud
2967 5103 3217 5158 Hebraeos
3245 5104 3595 5172 invenimus,

1915 5193 2105 5248 divina
2133 5191 2987 5256 transtulimus.Sicubidubitas,
3006 5191 3248 5246 Hebr-(eos
3266 5191 3569 5265 interroga.

1988 5282 2080 5339 21.
2107 5281 2207 5336 Sed
2233 5281 2376 5351 forte
2400 5280 2541 5337 dices
2578 5300 2599 5339 .-
2634 5280 2777 5346 Quid
2803 5280 2855 5334 si
2884 5279 3105 5337 Hebraei
3129 5287 3224 5339 aut
3254 5282 3574 5353 respondere

1917 5370 2319 5437 noluerint,aut
2332 5370 2558 5425 mentiri
2569 5370 2844 5424 voluerint
2856 5369 2885 5423 Υ
2900 5370 3021 5423 Tota
3038 5369 3345 5443 frequentia
3361 5372 3577 5431 Judae-

1983 5480 1996 5509 ¹
2024 5478 2177 5536 Lov.,
2197 5482 2439 5528 veterum.
2462 5478 2525 5525 At
2561 5474 2741 5539 plures
2771 5474 2923 5535 Cdd.,
2959 5491 3125 5535 verus.
