4078 6166
613 121 718 178 26⁸1

611 244 1026 318 presbyterum
1041 241 1098 296 in
1122 238 1285 295 nullo
1297 236 1544 292 crimine
1562 234 1722 307 apud
1743 250 1838 289 me
1856 234 2035 290 fuisse
2067 234 2258 290 deteco

611 342 761 400 tum,
782 344 1166 404 nequaquam
1191 342 1285 383 me
1316 326 1389 381 de
1417 324 1514 382 illo
1538 323 1651 380 tale
1677 323 1900 397 aliquid
1935 323 2258 378 credidisse

611 415 1295 484 velcredereQuomodo
1313 429 1454 483 ergo
1462 414 1482 484 j
1495 412 1734 469 uberem
1753 413 1826 467 de
1843 428 2091 467 numero
2106 427 2260 482 pres-

611 514 954 584 byterorum
971 521 1189 561 nomen
1206 505 1335 573 ejus
1350 501 1590 567 auferri,
1611 501 1990 557 vehementer
2013 506 2259 554 terrente

612 596 928 668 Evangelio
946 595 1045 651 ubi
1061 595 1345 648 Dominus
1368 595 1473 650 ait:
1494 593 1561 646 In
1584 607 1698 662 quo
1711 590 2262 660 judiciojudicave-

608 682 1553 757 ritis,judicabimini(1d.vu,2)?
1574 682 1722 735 Cum
1739 680 1896 733 enim
1921 695 2105 733 causa
2125 694 2261 749 quae

611 780 760 834 inter
780 777 944 831 illum
980 780 1035 828 et
1058 776 1233 845 Spem
1258 776 1467 826 exorta
1496 775 1603 833 est,
1629 768 1738 823 sub
1761 768 1962 823 divino
1986 768 2262 822 examine

614 867 867 940 pendeat
896 862 1227 916 secundum
1257 858 1537 930 placitum
1570 873 1794 918 eorum,
1821 856 1983 927 quod
2019 856 2180 909 vobis
2214 855 2262 909 si

614 954 917 1011 volueritis
940 949 1151 1022 poterit
1174 947 1402 1002 recitari
1421 947 1586 1017 gquis
1606 961 1716 1014 ego
1740 961 1896 1008 sum,
1925 950 1983 998 ut
2005 947 2262 999 audeam

618 1045 715 1101 Dei
731 1040 1053 1115 praevenire
1075 1037 1429 1092 sententiam
1444 1037 1500 1089 in
1521 1034 1773 1089 delendo
1790 1034 1873 1087 vel
1893 1032 2265 1104 supprimen-

616 1135 694 1190 do
722 1132 849 1203 ejus
880 1127 1144 1189 nomine,
1175 1126 1247 1179 de
1279 1141 1399 1196 quo
1430 1138 1537 1178 nec
1560 1122 1849 1193 suspicari
1882 1126 2097 1176 temere
2127 1122 2265 1175 mali

615 1222 841 1294 aliquid
864 1219 1178 1290 episcopus
1193 1214 1510 1278 debui,nec
1528 1212 1785 1267 dilucide
1797 1212 1816 1281 j
1830 1212 2069 1266 ndicare
2083 1210 2267 1265 homo

613 1315 683 1367 de
697 1308 940 1365 occultis
957 1305 1269 1360 hominum
1287 1302 1474 1374 potui,
1491 1317 1627 1355 cum
1646 1301 1703 1354 in
1720 1299 1862 1371 ipsis
1877 1300 2071 1354 causis
2087 1314 2268 1353 saecu-

612 1400 860 1464 laribus,
893 1394 1139 1468 quando
1171 1392 1247 1447 ad
1289 1391 1579 1462 majorem
1624 1394 1976 1460 potestatem
2020 1386 2268 1442 refertur

613 1481 1271 1556 arbitriumjudicandi,
1291 1479 1672 1535 manentibus
1696 1478 1866 1532 sicuti
1883 1482 2049 1532 erant
2079 1476 2265 1530 omni-

613 1581 727 1635 bus
748 1576 942 1635 rebus,
968 1575 1335 1641 exspectetur
1358 1568 1456 1621 illa
1479 1567 1790 1630 sententia,
1812 1566 1970 1619 unde
1995 1565 2120 1635 jam
2149 1579 2268 1618 non

614 1669 788 1723 liceat
819 1660 1151 1734 provocari,
1173 1674 1244 1713 ne
1272 1656 1559 1728 superiori
1586 1654 1875 1723 cognitori
1903 1654 2007 1708 fiat
2030 1652 2267 1723 injuria,

616 1756 663 1810 si
714 1754 842 1824 ejus
878 1749 1171 1822 pendente
1211 1744 1439 1816 judicio
1472 1743 1700 1815 aliquid
1732 1743 1902 1797 fuerit
1941 1747 2270 1796 commuta-

618 1845 790 1900 tum?
822 1845 885 1895 Et
930 1839 1133 1907 utique
1163 1834 1413 1889 multum
1447 1834 1688 1886 interest
1735 1830 1884 1885 inter
1916 1830 2180 1884 divinam
2217 1834 2271 1883 et

618 1934 947 1988 humanam
996 1924 1327 1997 quamlibet
1386 1921 1845 1977 excelsissimam
1895 1924 2266 1989 potestatem.

621 2019 853 2076 Domini
878 2018 972 2071 Dei
999 2014 1182 2068 nostri
1210 2010 1617 2065 misericordia
1640 2024 1952 2079 nunquam
1976 2022 2082 2061 vos
2109 2007 2268 2060 dese-

617 2116 725 2174 rat,
760 2105 986 2163 domini
1018 2100 1385 2157 dilectissimi
1416 2106 1471 2153 et
1500 2098 1832 2152 honorandi
1865 2096 2089 2151 fratres.

1038 2189 1369 2246 EPISTOLA
1411 2188 1659 2243 Lxxvm
1696 2188 1709 2202 '
1750 2186 1850 2257 (α).

620 2288 871 2357 Quidam
895 2299 924 2338 e
950 2279 1303 2336 monasterio
1325 2276 1649 2347 Augustini
1671 2276 1813 2342 Spes
1832 2274 2088 2337 nomine,
2105 2289 2274 2329 accu-

686 2383 847 2432 satus
862 2389 897 2428 a
911 2369 1219 2437 Bonifacio
1231 2364 1815 2438 presbytero,crimen
1832 2366 1889 2417 in
1906 2362 2274 2432 Boni/acium

684 2466 878 2533 ipsum
900 2457 1386 2515 transtulit.Cum
1410 2470 1501 2508 res
1520 2453 1885 2509 evidentibus
1904 2450 2273 2519 argumentis

687 2549 958 2624 cognosci
980 2547 1054 2602 ab
1072 2544 1406 2613 Augustino
1428 2559 1545 2598 non
1563 2543 1986 2610 posset,jussus
2004 2545 2087 2594 est
2114 2545 2269 2593 uter-

688 2656 795 2713 que
811 2639 975 2695 adire
997 2635 1327 2705 sepulcrum
1346 2633 1407 2687 S.
1420 2631 1629 2687 Felicis
1645 2630 1962 2693 Notani,ut
1980 2627 2272 2681 miraculo

688 2728 1125 2795 transigeretur
1158 2722 1481 2791 judicium.
1525 2719 1593 2773 Id
1640 2720 1795 2773 ctam
1845 2716 1977 2785 ﬁeri
2023 2722 2270 2771 curarat

686 2815 1058 2887 Augustinus
1096 2826 1119 2866 .'
1166 2826 1367 2865 verum
1414 2808 1698 2879 quoniam
1747 2821 1838 2861 res
1882 2810 2162 2873 eruperat
2210 2805 2271 2857 in

690 2905 958 2962 notitiam
989 2896 1857 2966 hominum,permittitinterea
1877 2901 1940 2949 ut
1976 2891 2275 2961 Boni/acii

690 3010 899 3051 nomen
931 2988 1475 3058 interpresbyteros
1504 3002 1621 3041 non
1650 2985 1930 3039 recitetur
1952 3000 1965 3047 ;
1990 2984 2272 3038 hortatur

691 3098 889 3140 omnes
939 3095 1012 3136 ne
1060 3085 1272 3134 temere
1306 3076 1605 3145 judicent,
1638 3090 1781 3129 neve
1826 3073 1894 3127 ob
1939 3087 2271 3140 paucorum

685 3172 902 3229 delicta
918 3170 1005 3224 vel
1028 3166 1142 3235 ipsi
1163 3164 1441 3230 deﬁciant
1472 3179 1507 3218 a
1530 3162 1762 3230 pietate,
1780 3162 1872 3216 vel
1902 3161 1973 3215 de
2002 3159 2272 3215 omnibus

692 3251 1839 3325 matesuspicentur;observansnultam
1857 3249 2032 3319 fuisse
2052 3254 2170 3302 tam
2184 3248 2271 3315 fe—

694 3352 862 3405 licem
895 3340 1372 3407 sodalitatem,in
1399 3355 1516 3411 qua
1546 3354 1663 3393 non
1695 3337 1911 3407 aliquis
1939 3336 2270 3405 ﬂagitiosus

692 3434 973 3493 extiterit.

623 3522 1026 3583 Dilectissimis
1046 3518 1341 3581 fratribus,
1367 3517 1541 3581 clero,
1575 3514 1932 3577 senioribus,
1957 3518 2010 3568 et
2039 3513 2271 3567 univer-

689 3630 768 3667 sae
801 3610 959 3681 plebi
990 3608 1263 3663 Ecclesiae
1292 3603 1707 3677 Hipponensis,
1743 3602 1834 3657 cui
1870 3603 2058 3656 servio
2096 3602 2154 3655 in
2185 3600 2268 3654 di-

686 3698 1176 3759 lcctioneChristi,
1203 3702 1566 3761 AUGUSTINUS,
1596 3693 1653 3747 in
1683 3692 1963 3747 Domino1
1991 3690 2265 3745 salutem.

684 3795 734 3844 1.
769 3790 999 3845 Utinam
1019 3787 1335 3856 Scripturee
1363 3784 1455 3837 Dei
1482 3780 1728 3837 sollicita
1745 3784 1938 3834 mente
1962 3777 2269 3832 intenden-

609 3885 717 3945 tes,
735 3880 792 3933 in
818 3878 1159 3947 quibusque
1183 3871 1478 3927 scandalis
1512 3869 1808 3940 adjutorio
1832 3868 2014 3922 nostri
2048 3882 2269 3922 sermo-

608 3970 700 4023 nis
728 3984 846 4021 non
880 3964 1222 4034 egeretis,et
1248 3961 1340 4016 ille
1368 3976 1473 4014 vos
1502 3959 1697 4029 potius
1721 3956 2267 4026 consolaretur,qui

605 4056 951 4113 consolatur
966 4059 1020 4107 et
1044 4068 1153 4106 nos
1180 4050 1310 4121 :qui
1333 4064 1455 4103 non
1476 4047 1669 4101 solum
1691 4046 1873 4109 bona,
1889 4061 2024 4116 quae
2045 4044 2265 4099 sanctis

608 4152 664 4201 et
692 4142 965 4198 fidelibus
998 4141 1119 4193 suis
1145 4144 1233 4192 est
1259 4136 1619 4199 redditurus,
1639 4150 1843 4188 verum
1874 4134 2051 4187 etiam
2084 4132 2262 4196 mala,

605 4233 828 4306 quibus
859 4236 985 4285 erat
1012 4228 1106 4283 hic
1140 4225 1403 4280 mundus
1436 4223 2026 4286 abundaturus,ante
2055 4220 2265 4291 praedi-

607 4322 710 4386 xit,
728 4326 862 4377 ante
889 4314 1329 4373 conscribenda
1355 4311 1601 4375 curavit,
1620 4314 1683 4363 ut
1716 4310 1875 4364 bona
1903 4313 2037 4379 post
2059 4308 2262 4363 saeculi

610 4414 791 4467 tinem
808 4414 1083 4463 secutura
1098 4404 1376 4459 certiores
1392 4405 2084 4472 exspectaremus,quam
2104 4397 2264 4452 mala

609 4500 873 4555 similiter
900 4494 1301 4567 prtenuntiata
1328 4496 1462 4545 ante
1487 4489 1685 4544 saeculi
1714 4487 1891 4542 finem
1926 4487 2263 4557 praeceden-

608 4592 684 4644 tia
716 4589 1090 4641 seutiremus.
1125 4582 1287 4638 Unde
1316 4588 1370 4635 et
1402 4578 1717 4650 Apostolus
1749 4576 1891 4631 dicit
1921 4593 1932 4629 :
1967 4575 2261 4642 Quaecum-

604 4693 716 4748 que
737 4676 888 4730 enim
907 4680 1046 4729 ante
1061 4674 1285 4739 scripta
1300 4676 1455 4732 sunt,
1477 4674 1540 4721 ut
1562 4682 1666 4721 nos
1681 4666 1944 4721 docerem
1954 4664 2260 4731 urscripta

602 4772 825 4826 sant,ut
848 4778 955 4837 per
974 4760 1326 4828 patientiam
1351 4765 1401 4812 et
1424 4756 1900 4810 consolationem.
1924 4752 2258 4820 Scriptura-

598 4872 733 4911 rum
778 4868 935 4921 spem
972 4849 1290 4905 habeamus
1323 4847 1402 4901 ad
1432 4847 1617 4901 Deum
1652 4844 1838 4914 (Rom.
1872 4859 1971 4910 xv,
1999 4842 2073 4911 4).
2107 4841 2256 4906 Quid

598 4950 803 5001 autem
830 4956 982 5010 opus
1013 4940 1222 4992 eratut
1250 4935 1373 5005 ipse
1404 4934 1688 4988 Dominus
1711 4933 1882 4986 Jesus
1912 4946 2028 4985 non
2063 4929 2255 4984 solum

597 5036 836 5093 diceret,
865 5031 1027 5084 Tunc
1048 5024 1540 5095 justifutgebunt
1564 5022 1713 5075 sicut
1733 5021 1823 5075 sol
1847 5019 1909 5074 in
1931 5035 2110 5088 regno
2138 5019 2254 5074 Pa-

596 5129 703 5179 tris
726 5123 819 5177 sui
844 5117 1082 5191 (Matth.
1099 5130 1216 5180 xm,
1235 5112 1515 5183 43),quod
1534 5108 1879 5181 postsaeculi
1899 5108 2076 5161 finem
2102 5107 2255 5162 futu-

658 5234 685 5260 "'
722 5230 867 5277 Hanc
898 5224 1223 5275 contulimus
1253 5234 1374 5269 cum
1416 5233 1463 5267 a.
1497 5234 1542 5265 a.
1584 5216 1669 5277 bg.
1716 5214 1786 5263 bl.
1820 5228 1863 5261 c.
1898 5226 1972 5262 cc.
2012 5213 2094 5261 cb.
2125 5212 2175 5260 π.
2200 5228 2252 5275 g.

600 5308 693 5354 gg.
726 5306 812 5350 gv.
846 5291 885 5351 j.
911 5302 1038 5354 n._r.
1062 5288 1199 5354 snt.
1228 5282 1441 5354 duobus
1477 5280 1557 5328 sb.
1592 5277 1803 5326 duobus
1834 5290 1915 5325 vc.
1938 5279 2173 5339 quatuor
2203 5290 2253 5323 v.

600 5346 799 5400 etvcuin
825 5346 939 5399 Km.
976 5350 1095 5397 Bad.
1130 5350 1211 5396 Er.
1244 5346 1369 5394 [ιον.

666 5415 733 5475 (α)
768 5414 909 5461 Alias
946 5413 1033 5460 137
1060 5427 1077 5475 γε
1110 5425 1236 5475 quae
1261 5412 1441 5475 autem
1480 5405 1539 5455 78
1570 5404 1702 5458 erat,
1729 5414 1875 5449 nunc
1905 5399 2013 5449 197.
2048 5399 2257 5462 Scripta

506 5486 509 5489 '
598 5470 733 5525 forte
765 5488 851 5521 an.
884 5476 995 5523 404.
1025 5470 1147 5522 αἰτοῖ
1184 5470 1380 5533 26jun.

666 5538 683 5565 ί
712 5536 837 5584 Mss.
854 5536 934 5583 ob.
955 5538 1008 5583 et
1034 5539 1094 5590 t.,
1120 5536 1175 5582 in
1199 5527 1416 5581 Damino
1446 5533 1697 5579 aeternam
1718 5527 1963 5577 salutem.

1888 108 1950 166 S.
1991 106 2374 167 AUGUSTINI
2412 108 2732 169 EPISCOPI

3847 118 3939 176 968

2365 252 2497 291 rum
2529 241 2618 291 est
2646 254 2658 302 ;
2697 252 2905 290 verum
2930 235 3107 291 etiam
3140 235 3507 304 exclamaret,
3551 238 3638 293 Va:
3660 242 3853 297 mundo
3877 246 3939 300 ab

2365 325 2665 380 scandatis
2692 326 2805 396 (Id.
2829 325 3060 393 xvui,7)
3083 340 3094 378 :
3120 324 3234 378 nisi
3263 331 3323 378 ut
3352 324 3521 379 nobis
3550 341 3659 380 non
3688 327 3941 385 blandire-

2368 430 2501 467 mur
2536 414 2732 468 venire
2770 429 2887 467 non
2923 428 3099 485 posse
3130 413 3202 467 ad
3238 413 3400 467 sedes
3431 412 3698 469 felicitatis
3725 422 3937 483 mternte,

2367 501 2481 556 nisi
2507 502 2937 573 temporalibus
2972 501 3142 556 malis
3172 502 3403 557 exerciti
3432 517 3540 556 non
3570 502 3942 562 defecerimus?

2369 591 2513 655 Quid
2530 607 2683 662 opus
2704 590 2807 645 fuit
2826 596 2884 644 ut
2897 590 3137 654 diceret,
3156 590 3437 658 Quoniam
3453 591 3755 647 abundabit
3768 593 3941 664 iniqui-

2369 685 2480 743 tas,
2496 682 2835 750 refrigescet
2852 679 3115 735 Charitas
3129 681 3449 735 multorum
3464 701 3483 748 ;
3498 680 3603 733 nisi
3623 686 3678 735 ut
3693 680 3941 753 illidequi-

2369 769 2485 823 bus
2518 773 2799 824 continuo
2826 769 3059 823 locutus
3096 768 3385 837 adjunxit,
3417 770 3523 835 Qui
3549 773 3940 837 perseveraverit

2372 874 2554 929 usque
2576 858 2635 913 in
2667 859 2867 926 ﬁnem,
2884 858 2978 913 hic
2998 859 3201 914 salvus
3221 860 3331 913 erit
3355 857 3465 929 (Id.
3483 874 3632 921 xxw,
3654 859 3934 928 12,13),cum

2371 948 2483 1002 hac
2504 947 2831 1019 iniquitatis
2863 946 3237 1001 abundantia
3266 946 3719 1015 refrigescentem
3741 947 3931 1002 charita-

2372 1042 2490 1091 tem
2520 1036 2804 1099 viderent,
2831 1051 2950 1089 non
2985 1035 3489 1105 perturbarentur,
3515 1050 3629 1089 non
3656 1050 3939 1106 expavesce-

2372 1129 2649 1188 rent,non
2663 1122 2834 1194 quasi
2850 1123 3027 1178 rebus
3045 1124 3359 1189 insperatis
3382 1122 3743 1194 etinopinatis
3753 1122 3945 1177 contris-

2378 1214 2477 1268 tati
2507 1212 2829 1268 deficerent
2855 1229 2870 1277 ;
2908 1212 3011 1268 sed
3043 1213 3237 1284 potius
3270 1212 3529 1267 videntes
3560 1212 3815 1276 accidere,
3840 1226 3945 1281 qua:

2374 1302 2572 1357 futura
2603 1302 2888 1374 praedicta
2910 1308 3197 1357 suntante
3222 1302 3710 1373 ﬁnem,patienter
3725 1316 3950 1372 perseve-

2373 1396 2571 1447 rarent
2596 1392 2853 1461 usquein
2879 1392 3079 1455 finem,
3097 1399 3157 1445 ut
3178 1392 3369 1446 securi
3394 1396 3733 1445 mererentur
3752 1404 3951 1459 regnare

2376 1486 2512 1553 post
2538 1479 2722 1536 ﬁnem
2752 1481 2809 1535 in
2841 1496 2913 1536 ea
2944 1480 3055 1536 vita
3088 1496 3223 1552 quia
3250 1496 3371 1535 non
3400 1480 3576 1536 habet
3602 1479 3781 1533 ﬁnem.

2446 1574 2498 1625 2.
2528 1569 2802 1635 Proinde,
2832 1569 3185 1634 charissimi,
3220 1569 3278 1624 in
3320 1570 3436 1624 isto
3468 1568 3750 1631 seandalo,
3773 1583 3875 1639 quo
3898 1567 3953 1619 de

2378 1658 2676 1714 Bonifacio
2720 1658 3068 1730 presbytero
3119 1658 3389 1713 nonnulli
3430 1657 3834 1728 perturbantur,
3860 1669 3953 1709 non

2377 1747 2547 1801 vobis
2569 1748 2703 1802 dico
2728 1754 2788 1801 ut
2810 1762 2928 1802 non
2943 1745 3193 1802 doleatis
3208 1762 3221 1798 :
3238 1748 3339 1818 qui
3358 1747 3516 1801 enim
3531 1745 3636 1801 ista
3651 1760 3759 1800 non
3776 1743 3952 1807 dolent,

2378 1850 2497 1890 non
2522 1842 2605 1890 est
2633 1835 2691 1889 in
2712 1836 2796 1889 eis
2822 1836 3081 1890 charitas
3110 1834 3351 1901 Christi;
3376 1835 3478 1907 qui
3507 1840 3694 1889 autem
3722 1832 3875 1887 etiam
3899 1829 3955 1883 de

2378 1926 2590 1980 talibus
2612 1926 2896 1994 gaudent.
2915 1925 3183 1979 abundat
3213 1926 3268 1978 in
3304 1924 3389 1978 eis
3412 1922 3736 1991 malignitas
3762 1919 3955 1974 diaboli.

2378 2017 2503 2069 Non
2526 2015 2669 2085 quia
2692 2016 2747 2068 in
2772 2020 3101 2068 memorato
3121 2013 3468 2085 presbytero
3481 2011 3739 2082 apparuit
3760 2005 3957 2079 aliquid.

2378 2104 2539 2173 quod
2555 2103 2805 2171 dignum
2824 2103 3211 2157 damnatione
3225 2102 3612 2172 judicaretur;
3627 2099 3723 2153 sed
3740 2096 3958 2170 quiaduo

2378 2191 2452 2246 de
2483 2193 2665 2247 domo
2688 2198 2889 2247 nostra
2910 2190 3089 2247 talem
3114 2191 3339 2246 habent
3362 2205 3624 2254 causam,
3642 2192 3701 2241 ut
3729 2202 3861 2241 unus
3886 2200 3960 2238 eo-

2375 2296 2512 2337 rum
2544 2283 2670 2335 sine
2715 2281 2900 2336 dubio
2932 2281 3195 2351 perditus
3234 2280 3549 2344 habeatur,
3581 2283 3635 2332 et
3663 2278 3733 2331 sit
3769 2273 3961 2330 alterius

2380 2372 2544 2426 fama
2574 2370 2735 2441 apud
2762 2370 3064 2442 quosdam
3099 2369 3276 2434 mala,
3306 2368 3471 2440 apud
3496 2366 3773 2438 quosdam
3797 2361 3958 2424 dubia,

2380 2459 2764 2529 etiamsinon
2814 2460 2887 2512 sit
2915 2458 3217 2513 maculata
3247 2456 3624 2512 conscientia.
3658 2453 3834 2507 Dolete
3859 2452 3958 2514 ista,

2380 2548 2663 2618 quoniam
2689 2545 2949 2600 dolenda
2972 2551 3136 2600 sunt:
3158 2560 3280 2599 non
3310 2551 3509 2599 tamen
3537 2544 3616 2597 sic
3638 2550 3697 2597 ut
3715 2556 3778 2595 eo
3799 2540 3961 2593 dolore

2380 2640 2577 2689 vestra
2590 2635 2845 2689 charitas
2860 2651 2893 2689 θ.
2910 2634 3062 2688 bene
3080 2633 3329 2688 vivendo
3347 2628 3798 2702 refrigescat,sed
3812 2625 3965 2699 potius

2381 2724 2454 2778 ad
2480 2725 2796 2778 Dominum
2828 2723 3272 2795 deprecandum
3306 2722 3671 2786 inardescat;
3694 2724 3748 2772 ut
3771 2717 3809 2771 si
3833 2718 3968 2769 inno-

2381 2829 2519 2868 cens
2544 2817 2633 2865 est
2662 2812 2971 2883 presbyter
2988 2816 3179 2866 vester
3197 2814 3237 2877 ¹,
3254 2811 3419 2882 quod
3444 2811 3632 2879 magis
3653 2806 3829 2870 credo,
3856 2804 3967 2873 quia

2380 2919 2513 2957 cum
2564 2901 2846 2956 sensisset
2876 2900 3117 2956 alterius
3158 2906 3387 2955 motum
3430 2898 3789 2971 impudicum
3817 2899 3863 2948 et
3887 2893 3965 2946 im-

2379 2991 2696 3054 mundum,
2717 3006 2825 3044 nec
2846 2989 3178 3045 consentire
3198 2988 3382 3044 voluit
3399 3004 3509 3044 nec
3532 2985 3844 3051 tacere,cito
3862 2994 3966 3035 eum

2378 3081 2582 3135 divina
2612 3078 2903 3135 sententia
2937 3079 3381 3133 manifestatum
3434 3076 3745 3133 ministerio
3775 3070 3968 3145 prOprio

2378 3174 2753 3239 repraesentet
2804 3186 2815 3221 :
2863 3169 2908 3221 si
2941 3173 3139 3222 autem
3192 3166 3347 3222 male
3392 3167 3509 3222 sibi
3543 3164 3817 3226 conscius,
3840 3156 3967 3230 quod

2379 3258 2664 3328 suspicari
2696 3271 2815 3311 non
2844 3255 3053 3321 audeo,
3073 3255 3508 3310 voluitalterius
3529 3250 3967 3310 existimationem

2378 3347 2766 3404 laedere.cum
2796 3345 2923 3414 ejus
2951 3344 3295 3415 pudicitiam
3313 3344 3722 3399 contaminare
3746 3353 3848 3394 non
3866 3350 3969 3408 pos-

2379 3441 2482 3500 set,
2517 3434 2667 3489 sicut
2710 3433 2849 3487 dicit
2892 3434 3018 3504 ipse
3050 3449 3184 3487 cum
3226 3448 3343 3503 quo
3392 3432 3574 3488 habet
3604 3444 3851 3491 causam,
3879 3436 3969 3478 non

2377 3540 2516 3578 eum
2547 3523 2845 3594 permittat
2876 3537 3049 3576 suam
3080 3522 3373 3577 occultare
3407 3521 3817 3593 nequitiam,ut
3846 3512 3968 3585 quod

2375 3612 2651 3667 homines
2682 3612 2946 3666 invenire
2978 3626 3097 3666 non
3132 3611 3493 3681 possunt,de
3524 3607 3781 3682 quolibet
3806 3615 3968 3661 eorum

2375 3700 2577 3756 divino
2598 3701 2828 3773 judicio
2860 3699 3221 3771 propaletur.

2446 3790 2499 3844 3.
2547 3792 2690 3846 Cum
2720 3788 2879 3843 enim
2922 3789 3036 3843 ista
3072 3804 3167 3844 me
3200 3804 3383 3843 causa
3414 3788 3519 3843 diu
3548 3786 3862 3846 cruciasset,
3890 3792 3969 3835 nec

2375 3878 2708 3934 invenirem
2735 3877 3045 3949 quomodo
3071 3892 3267 3931 unuse
3284 3877 3528 3933 duobus
3554 3874 3969 3932 convinceretur.

2374 3983 2557 4041 quam
2571 3967 2655 4021 vis
2688 3965 2879 4038 magis
2901 3966 3249 4037 presbytero
3276 3965 3701 4031 credidissem;
3724 3960 3971 4030 cogitave-

2372 4072 2500 4112 ram
2520 4056 2714 4127 primo
2737 4055 2819 4109 sic
2842 4054 3053 4110 ambos
3083 4056 3196 4109 Deo
3227 4054 3581 4125 relinquere,
3602 4053 3786 4108 donec
3808 4050 3859 4104 in
3883 4058 3971 4100 uno

2373 4161 2573 4200 eorum
2608 4146 2710 4215 qui
2754 4143 2893 4199 mihi
2934 4148 3248 4215 suspectus
3287 4150 3432 4208 erat,
3462 4142 3691 4214 aliquid
3728 4136 3969 4196 existeret.

2372 4235 2531 4289 unde
2564 4249 2683 4289 non
2716 4233 2843 4287 sine
2869 4232 3032 4302 justa
3062 4238 3117 4287 et
3149 4232 3465 4287 manifesta
3497 4247 3683 4289 causa
3710 4230 3779 4285 de
3812 4229 3972 4282 nostro

2370 4322 2713 4378 habitaculo
2739 4322 3144 4392 projiceretur.
3168 4321 3281 4376 Sed
3302 4337 3440 4376 cum
3466 4318 3799 4393 promoveri
3817 4317 3868 4370 in
3888 4311 3973 4365 cle-

2369 4412 2623 4466 ricatum
2654 4413 2675 4445 ²
2706 4411 2829 4465 sive
2877 4409 2992 4464 illic
3031 4426 3136 4481 per
3168 4425 3283 4474 me,
3310 4410 3427 4464 sive
3479 4409 3619 4465 alibi
3660 4423 3760 4480 per
3796 4404 3972 4459 litteras

2371 4515 2536 4555 meas
2572 4497 3087 4553 vehementissime
3119 4504 3455 4563 conaretur,
3484 4513 3598 4567 ego
3630 4502 3817 4552 autem
3845 4486 3972 4547 nullo

2370 4587 2551 4643 modo
2595 4587 2923 4643 adducerer
2953 4588 3002 4641 ei
3035 4586 3285 4651 homini,
3334 4586 3407 4641 de
3450 4602 3574 4659 quo
3618 4591 3833 4641 tantum
3864 4571 3971 4633 mali

2368 4675 2793 4743 existimarem,
2810 4691 3023 4730 manus
3045 4674 3440 4730 ordinationis
3468 4673 3883 4748 imponere,aut
3896 4676 3973 4736 per

2366 4763 2952 4820 commendationem
3003 4780 3199 4819 meam
3250 4762 3425 4819 alicui
3481 4764 3647 4819 fratri
3702 4775 3827 4817 meo
3864 4765 3970 4810 eum

2367 4853 2885 4915 subintroducere,
2902 4852 3296 4907 turbulentius
3320 4869 3497 4921 agere
3518 4853 3715 4924 cmpit,
3735 4855 3792 4905 ut
3810 4847 3849 4900 si
3875 4844 3972 4913 ipse

2365 4943 2423 4996 in
2476 4942 2820 4996 clericatum
2862 4956 2981 4996 non
3021 4947 3495 5012 promoveretur,
3540 4957 3648 4995 nec
3700 4935 3972 5010 presbyter

2365 5029 2697 5085 Bonifacius
2732 5032 2789 5085 in
2823 5046 2932 5085 suo
2962 5031 3153 5099 gradu
3180 5046 3306 5085 esse
3333 5031 3780 5101 permitteretur.
3798 5026 3853 5080 In
3880 5032 3973 5090 qua

2364 5122 2490 5189 ejus
2522 5119 2946 5190 provocatione
2987 5135 3123 5173 cum
3153 5118 3415 5173 viderem
3452 5119 3809 5174 Bonifacium
3848 5106 3972 5165 nolle

2363 5208 2728 5282 quibuslibet
2752 5208 3001 5262 inﬁrmis
3014 5214 3070 5264 et
3096 5208 3172 5263 ad
3188 5209 3587 5279 suspicionem
3609 5201 3895 5278 propensis
3916 5195 3973 5249 de

2363 5316 2487 5355 suae
2513 5302 2643 5353 vitae
2670 5297 3041 5353 dubitatione
3071 5296 3426 5353 scandalum
3455 5296 3597 5365 ﬁeri,
3621 5298 3973 5367 paratumque

2423 5462 2438 5491 ¹
2474 5461 2622 5517 Lov.,
2647 5464 2838 5508 noster.
2870 5457 2969 5506 Alii
3002 5457 3152 5516 Cdd.,
3176 5462 3355 5505 vester.

2419 5526 2444 5557 ⁸
2472 5523 2625 5581 Edd.,
2650 5522 2913 5572 clericalis.
2931 5520 3079 5577 Mss,
3109 5520 3403 5570 clericatur.
