4078 6166
198 58 267 177 ᾖ
294 98 299 99 ί
1348 125 1733 188 EPISTOLAR

1844 132 1848 188 ἶ
1886 130 2181 204 CLASSIS
2224 150 2292 207 ΙΙ.

192 256 281 297 esse
292 240 509 296 honoris
525 241 611 297 sui
624 242 788 314 apud
799 244 1077 303 homines
1090 248 1387 307 damnum
1403 256 1631 327 perpeti
1657 273 1756 328 po-

187 329 266 385 tius
281 344 438 401 quam
452 330 507 384 in
524 345 594 385 ea
609 334 1005 403 contentione,
1020 335 1079 392 in
1102 353 1223 409 qua
1242 354 1363 396 non
1378 346 1581 412 posset
1597 345 1764 414 igno-

179 418 386 473 rantibus
413 424 463 473 et
487 419 895 478 dubitantibus
919 424 1009 480 vel
1035 426 1114 481 ad
1143 428 1296 484 male
1325 432 1757 502 suspicandum

177 506 565 578 proclivioribus
609 525 784 565 suam
833 510 1247 571 demonstrare
1304 519 1759 591 conscientiam,

173 610 316 666 usque
358 596 425 650 ad
478 596 743 654 Ecclesia;
792 602 1300 671 perturbationem
1332 607 1586 665 inaniter
1625 626 1760 682 pro-

170 683 700 758 gredi;ellegialiquid
719 689 1249 757 medium,utcerto
1266 694 1482 765 placito
1495 715 1555 753 se
1572 700 1756 757 ambo

166 773 662 845 constringerentad
692 775 895 833 locum
919 786 1195 837 sanctum
1232 800 1295 839 se
1329 792 1758 856 perrecturos‘,

165 860 237 915 ubi
250 861 564 918 terribiliora
604 879 789 936 opera
823 868 922 923 Dei
939 884 1061 925 non
1078 886 1291 928 sanam
1314 875 1755 949 cujuscumque

161 950 523 1007 conscientiam
556 952 743 1010 multo
774 954 1003 1012 facilius
1033 961 1501 1030 aperirent,etad
1518 965 1755 1021 confes-

158 1038 430 1093 sionemvel
456 1056 635 1110 paena
668 1042 760 1097 vel
785 1043 995 1101 timore
1028 1050 1475 1121 compellerent.
1509 1053 1751 1125 Ubique

156 1125 343 1197 quidem
364 1130 511 1182 Deus
554 1134 658 1195 est,
692 1132 918 1187 etnullo
933 1138 1268 1193 continetur
1297 1139 1393 1194 vel
1422 1139 1749 1198 includitur

154 1214 851 1286 locoquicondiditomnia,
870 1227 1076 1279 etcum
1090 1241 1126 1281 a
1148 1227 1305 1282 veris
1325 1228 1750 1285 adoratoribus

155 1306 1196 1379 inspirituetveritateoportetadorari
1226 1316 1519 1388 (Joan.1v,
1539 1319 1652 1391 24),
1688 1326 1750 1377 ut

155 1394 195 1447 in
211 1393 407 1449 occulto
420 1396 831 1461 exaudiens,in
845 1401 1079 1457 occulto
1093 1403 1571 1476 etiamjustiticet
1586 1416 1749 1464 etco-

153 1484 495 1538 ronet.Verum
506 1488 703 1540 tamen
717 1486 795 1541 ad
808 1487 917 1544 ista
933 1505 1070 1561 quae
1082 1491 1432 1551 hominibus
1447 1497 1749 1554 visibiliter

153 1575 401 1635 notasunt,
433 1573 567 1643 quis
604 1579 797 1645 potest
827 1576 958 1647 ejus
991 1580 1309 1637 consilium
1361 1587 1742 1655 perscrutari,

151 1658 650 1731 quareinaliislocis
674 1662 802 1718 haec
842 1666 1133 1725 miracula
1166 1671 1334 1736 fiant,
1358 1673 1417 1729 in
1444 1675 1577 1730 aliis
1621 1691 1745 1731 non

150 1746 650 1805 ﬁant‘illultisenim
682 1753 996 1813 notissima
1037 1764 1127 1813 est
1148 1760 1432 1818 sanctitas
1462 1762 1601 1829 loci,
1640 1764 1740 1821 ubi

148 1835 261 1892 beati
276 1837 456 1893 Felicis
470 1838 743 1895 Nolensis
756 1856 973 1914 corpus
987 1848 1296 1906 conditum
1322 1856 1429 1916 est,
1450 1868 1572 1924 quo
1590 1853 1741 1909 volui

150 1931 504 1997 utpergerent;
538 1929 686 2001 quia
727 1929 863 1985 inde
904 1935 1078 1991 nobis
1117 1937 1351 1994 facilius
1383 1940 1741 2013 ﬁdeliusque

148 2014 274 2069 scribi
285 2023 457 2085 potest
470 2017 766 2089 quidquid
780 2020 840 2074 in
856 2036 1063 2079 eorum
1081 2026 1284 2099 aliquo
1317 2028 1603 2086 divinitus
1618 2031 1741 2087 fue-

147 2101 613 2174 ritpropalatum.N
624 2123 725 2162 am
751 2111 809 2161 et
832 2124 938 2166 nos
951 2114 1230 2171 novimus
1244 2117 1555 2175 Medionali
1573 2121 1737 2192 apud

147 2194 431 2249 memoriam
461 2202 833 2267 sanctorum,
869 2200 972 2255 ubi
1000 2203 1348 2262 mirabiliter
1376 2212 1433 2264 et
1464 2208 1735 2265 terribili-

146 2280 488 2338 terdaamones
527 2286 910 2354 conﬁtentur,
926 2288 1120 2347 furem
1145 2296 1495 2363 quemdam,
1529 2299 1632 2370 qui
1656 2300 1735 2355 ad

144 2384 240 2424 eum
262 2370 441 2428 locum
475 2383 726 2432 venerat
758 2378 1062 2436 utfalsum
1103 2382 1366 2451 jurando
1410 2386 1730 2459 deciperet,

142 2460 451 2532 compulsum
464 2462 653 2517 fuisse
669 2466 931 2522 confiteri
956 2469 1203 2538 furtum,
1220 2477 1273 2528 et
1286 2476 1449 2545 quod
1466 2476 1735 2533 abstule-

140 2552 203 2601 rat
222 2550 435 2607 reddere
468 2569 479 2605 :
511 2556 817 2626 numquid
872 2573 993 2613 non
1036 2566 1092 2615 et
1141 2562 1334 2620 Africa
1383 2571 1729 2624 sanctorum

143 2643 408 2709 martyrum
420 2645 781 2716 corporibus
799 2646 974 2717 plena
987 2655 1071 2705 est
1084 2648 1111 2703 7
1126 2655 1181 2705 et
1202 2657 1403 2708 tamen
1422 2670 1729 2727 nusquam

142 2722 205 2779 hic
229 2728 414 2785 scimus
446 2732 590 2789 talia
618 2732 767 2790 ﬁeri.
799 2735 962 2791 Sicut
982 2738 1161 2805 enim,
1194 2742 1361 2812 quod
1407 2722 1729 2815 Apostolus

140 2813 253 2878 dicit,
277 2834 378 2874 non
407 2836 614 2878 omnes
650 2825 838 2881 sancti
885 2826 1102 2883 habent
1143 2829 1302 2887 dona
1331 2813 1725 2902 curationum,

140 2918 210 2958 nec
230 2910 636 2968 omnes/tabent
660 2913 1151 2982 diiudicationem
1176 2920 1498 2989 spirituum
1525 2924 1567 2995 (Ι
1587 2924 1724 2981 Cor.

138 3006 203 3053 xu,
226 2995 303 3065 30)
336 3017 348 3063 ;
378 2999 455 3054 ita
484 3016 601 3056 nec
635 3002 693 3057 in
720 3003 1004 3060 omnibus
1028 3010 1336 3064 memoriis
1379 3020 1724 3070 sanctorum

138 3080 329 3140 istaﬁeri
350 3086 531 3145 voluit
574 3089 696 3153 ille,
729 3092 835 3163 qui
866 3092 1078 3150 dividit
1109 3100 1354 3170 propria
1403 3102 1723 3174 unicuique

139 3178 259 3238 prout
284 3174 413 3231 vult.

179 3261 574 3336 LQuapropter
587 3281 727 3322 cum
741 3283 849 3338 ego
879 3270 1201 3329 noluissem
1256 3276 1418 3333 hunc
1444 3281 1722 3347 gravissi-

136 3361 252 3405 mum
263 3352 506 3410 dolorem
523 3355 730 3412 cordis
760 3359 878 3413 mei
897 3359 1067 3416 vobis
1095 3363 1337 3433 perferri
1353 3365 1412 3421 in
1428 3368 1717 3436 notitiam,

136 3448 185 3489 ne
204 3453 289 3493 vos
302 3444 577 3500 atrociter
593 3450 652 3500 et
666 3444 925 3502 inaniter
948 3452 1357 3510 contristando
1389 3458 1721 3525 turbarem;

130 3521 328 3584 fortassis
368 3531 503 3588 ideo
550 3534 1045 3594 Deusnoluitvos
1073 3539 1274 3608 latere,
1314 3548 1376 3599 ut
1402 3546 1718 3604 nobiscum

130 3614 427 3673 orationibus
457 3620 861 3689 incumbatis,
899 3631 960 3681 ut
980 3629 1145 3698 quod
1165 3631 1363 3701 ipsein
1396 3633 1509 3690 hac
1535 3653 1719 3693 causa

130 3703 257 3767 novit,
282 3722 382 3762 nos
408 3715 617 3765 autem
645 3726 824 3767 nosse
842 3729 959 3769 non
980 3731 1327 3789 possumus,
1353 3724 1530 3779 etiam
1544 3727 1719 3781 nobis

128 3792 433 3852 manifestare
456 3798 1010 3869 diguetur.Nomen
1025 3812 1221 3863 autem
1239 3810 1571 3882 presbyteri
1588 3832 1720 3885 pro-

126 3882 391 3943 ptereanon
416 3903 618 3943 ausus
650 3907 785 3946 sum
808 3893 882 3948 de
907 3910 1161 3953 numero
1201 3900 1567 3969 collegarum
1591 3906 1719 3975 ejus

128 3968 184 4020 vel
209 3976 551 4043 supprimere
583 3978 680 4033 vel
698 3979 915 4052 delere,
940 3998 1013 4039 ne
1035 3986 1254 4043 divinat
1284 3968 1585 4059 potestati,
1606 3968 1719 4050 sub

125 4056 247 4125 Cujus
271 4066 533 4121 examine
562 4082 755 4123 causa
794 4070 993 4127 adhuc
1022 4075 1259 4146 pendet,
1277 4077 1468 4134 facere
1498 4082 1721 4139 viderer

124 4140 364 4215 injuriam,
384 4154 425 4208 si
440 4154 607 4211 illius
633 4156 932 4227 judicium
964 4178 1101 4219 meo
1133 4165 1343 4222 vellem
1375 4171 1721 4241 praajudicio

125 4240 387 4299 pmvenire
405 4258 418 4298 :
434 4248 605 4315 quod
621 4262 730 4302 nec
743 4248 801 4302 in
819 4251 1075 4319 negotiis
1089 4240 1507 4330 saecularibus
1518 4261 1720 4317 udices

124 4320 315 4393 faciunt,
336 4333 583 4403 quando
602 4350 802 4393 causa:
816 4339 1108 4397 dubitatio
1122 4344 1198 4399 ad
1211 4320 1505 4417 majorem
1522 4357 1723 4421 potes-

124 4414 256 4469 tatem
273 4418 602 4488 refertur,ut
616 4425 911 4496 pendente
924 4430 1208 4488 relatione
1221 4414 1446 4506 aliquid
1461 4414 1724 4498 audeant

120 4512 441 4564 commutare.
476 4515 539 4567 Et
573 4515 633 4568 in
667 4516 1092 4589 episcoporum
1116 4524 1371 4581 concilio
1401 4528 1484 4598 (a)
1507 4532 1722 4587 consti-

126 4592 279 4649 tutum
308 4601 659 4663 est,nullum
676 4604 949 4662 clericum
973 4611 1076 4682 qui
1109 4614 1381 4670 nondum
1412 4621 1720 4677 convictus

124 4678 188 4741 Sit,
200 4690 463 4756 suspendi
478 4706 514 4746 a
528 4696 961 4753 communione
977 4699 1217 4766 debere,
1234 4703 1347 4759 nisi
1364 4708 1440 4761 ad
1475 4723 1719 4766 causam

122 4778 715 4838 suamexaminandam
748 4800 809 4840 se
830 4800 951 4841 non
986 4794 1451 4858 praesentaverit.
1483 4798 1717 4856 Bonifa-

122 4854 395 4951 ciustamen
408 4867 568 4923 hanc
582 4854 1349 4951 humilitatemsuscepit,ut
1374 4900 1482 4941 nec
1497 4854 1719 4943 litteras

122 4944 371 5019 acciperet,
403 4957 625 5027 quibus
643 4960 701 5014 in
720 4965 1196 5033 peregrinatione
1222 4968 1510 5029 honorem
1538 4993 1717 5032 suum

118 5045 371 5107 quareret,
404 5052 464 5101 ut
504 5047 565 5102 in
600 5064 671 5104 eo
705 5049 837 5107 loco
871 5054 1173 5112 ubiambo
1190 5057 1379 5129 ignoti
1412 5070 1572 5129 sunt,
1607 5067 1719 5122 cir-

120 5132 166 5211 ca
190 5128 374 5185 ambos
403 5137 720 5207 mqualitas
747 5148 1103 5199 servaretur.
1138 5149 1200 5200 Et
1222 5128 1406 5205 nunc
1449 5152 1498 5207 si
1543 5156 1716 5211 vobis

120 5206 329 5276 placetut
350 5206 566 5280 nomen
594 5226 724 5293 ejus
749 5243 866 5284 non
897 5233 1188 5299 recitetur,
1204 5252 1277 5291 ne
1300 5238 1369 5292 iis
1390 5241 1492 5311 qui
1512 5242 1589 5297 ad
1618 5244 1719 5299 Ec-

121 5297 311 5361 clesiam
326 5313 605 5370 accedere
622 5317 855 5385 nolunt,
868 5297 1473 5397 sicutaitApostolus,
1499 5297 1718 5388 demus

164 5440 425 5526 Ὲτλξρξ..
441 5456 893 5526 ρεζεθνίηαιξινρε,
929 5460 1079 5519 Mss.,
1108 5470 1451 5526 perrecturus.

169 5502 227 5563 (ο)
520 5502 869 5581 εῖαάέιῒξέήξ
881 5502 1200 5583 ξαῖιῖῗπῖἕ.

3406 172 3511 235 270

1871 269 2248 331 occasionem
2263 274 2670 349 quaerentibus
2682 287 3061 348 occasionem
3076 294 3145 365 (ll
3168 296 3487 373 Cor.x1,t2)
3510 320 3522 365 ;

1867 366 1989 408 non
2021 359 2129 415 erit
2160 369 2433 422 nostrum
2461 368 2573 424 hoc
2601 370 2847 441 factum,
2883 373 2988 434 sed
3021 359 3229 440 eorum
3258 359 3522 458 quorum

1868 457 2053 543 causa
2070 447 2501 512 fueritfactum.
2529 460 2678 525 Quid
2693 464 2852 520 enim
2884 466 3054 525 obest
3074 447 3327 545 homini,
3353 481 3521 550 quod

1865 546 1936 587 ex
1955 532 2057 591 illa
2073 539 2275 598 tabula
2291 558 2412 601 non
2428 548 2551 603 vult
2567 566 2700 605 eum
2718 554 2947 611 recitari
2964 558 3232 618 humana
3244 532 3520 635 igno‘ran-

1865 621 2271 686 tia,sidelibro
2300 634 2566 693 vivorum
2589 654 2713 695 non
2743 657 2883 698 eum
2914 645 3068 703 delet
3098 650 3305 723 iniqua
3329 671 3509 713 cons-

1864 710 2082 769 cientia
2112 716 2141 772 i’

1936 804 1983 854 5.
2017 804 2286 872 Proinde,
2316 809 2523 869 fratres
2556 817 2695 881 mei,
2746 820 2847 890 qui
2876 821 3098 880 timetis
3142 827 3352 897 Deum,
3388 851 3512 893 me-

1865 896 2123 981 mentote
2139 898 2299 966 quod
2318 901 2727 973 aitApostolus
2740 910 2971 965 Petrus:
2993 914 3282 981 Quoniam
3305 896 3515 980 adver-

1859 978 2056 1035 sarius
2073 991 2263 1041 vester
2274 987 2548 1047 diabolus
2564 999 2848 1067 tanquam
2878 1001 2964 1055 leo
2979 1004 3219 1072 rugiens
3234 1010 3513 1069 circumit

1858 1082 2133 1136 quarens
2168 1090 2337 1144 quem
2377 1080 2611 1138 devoret
2651 1084 2720 1155 (ll
2742 1087 3243 1158 Petr.v,8).Quem
3272 1114 3391 1154 non
3409 1118 3513 1172 po-

1859 1159 1969 1212 test
1992 1159 2279 1220 devorare
2295 1168 2609 1226 seductum
2628 1174 2703 1228 ad
2722 1179 3305 1248 nequitiam,famam
3324 1159 3510 1261 ipsius

1856 1244 2173 1317 inquinare
2203 1262 2467 1321 conatur,
2506 1261 2628 1315 utsi
2660 1262 2765 1317 ﬁer
2807 1244 3003 1335 potest
3036 1244 3513 1342 opprobriis

1857 1333 1978 1389 min
1990 1353 2087 1391 um
2103 1346 2157 1394 et
2185 1343 2479 1401 malarum
2497 1348 2836 1419 linguarum
2864 1355 3230 1417 detractione
3250 1364 3507 1437 deﬁciat,

1854 1430 1912 1478 et
1943 1424 2026 1479 sic
2059 1427 2117 1481 in
2146 1430 2274 1498 ejus
2308 1432 2507 1490 fauces
2536 1444 2687 1493 ruat.
2717 1440 2775 1495 Si
2798 1450 3000 1500 autem
3024 1463 3132 1503 nec
3160 1450 3385 1510 famam
3415 1458 3502 1513 in-

1853 1514 2123 1569 nocentis
2141 1520 2442 1576 maculare
2456 1527 2733 1595 potuerit,
2749 1528 2862 1585 hoc
2889 1534 2938 1586 ei
2954 1538 3304 1604 persuadere
3325 1547 3510 1602 tentat

1854 1606 1917 1655 ut
1930 1616 2035 1672 per
2047 1604 2375 1665 malevolas
2391 1614 2761 1684 suspiciones
2775 1618 2848 1673 de
2865 1620 3044 1677 fratre
3063 1642 3171 1681 suo
3187 1629 3435 1698 judicet,
3454 1639 3509 1690 et

1851 1689 1934 1744 sic
1970 1690 2047 1746 ab
2079 1693 2179 1749 illo
2202 1696 2544 1769 implicatus
2583 1703 2999 1765 absorbeatur.
3032 1715 3096 1767 Et
3127 1689 3262 1786 quis
3294 1689 3506 1777 omnes

1850 1778 1981 1847 ejus
2015 1783 2321 1852 captiones
2352 1793 2409 1842 et
2435 1788 2977 1853 circumventiones
3004 1802 3095 1856 vel
3113 1808 3506 1877 comprehen-

1848 1863 1988 1922 dere
2012 1869 2102 1923 vel
2132 1886 2485 1932 enumerare
2514 1879 3119 1945 sufﬁciat?Adversus
3146 1863 3347 1951 tamen
3375 1897 3504 1955 haec

1848 1954 1957 2009 tria
1974 1972 2107 2027 quin
2122 1961 2196 2013 ad
2218 1976 2465 2019 causam
2480 1978 2834 2037 priesentem
2852 1977 3146 2044 pertinent
3164 1986 3440 2054 proprius
3458 1990 3501 2055 ί,

1846 2058 1921 2098 ne
1986 2045 2145 2101 mala
2204 2052 2481 2122 exempla
2527 2054 2818 2115 imitando
2852 2062 2929 2117 ad
2962 2045 3294 2137 nequitiam
3326 2075 3500 2131 sedu-

1847 2133 2086 2198 camini,
2120 2135 2201 2192 ita
2224 2153 2327 2193 vos
2356 2156 2460 2210 per
2490 2144 2844 2215 Apostolum
2896 2133 3221 2225 alloquitur
3282 2159 3434 2217 Deus
3479 2184 3492 2220 :

1841 2221 2065 2277 Nesitis
2083 2226 2295 2294 jugum
2325 2228 2596 2288 ducentes
2615 2249 2747 2290 cum
2772 2221 3112 2305 inﬁdelibus
3137 2262 3155 2308 ;
3177 2263 3309 2317 quae
3341 2252 3494 2308 enim

1836 2310 2209 2381 participalio
2231 2317 2490 2384 justitiw
2507 2336 2636 2377 cum
2651 2323 2983 2398 iniquitate,
3014 2341 3114 2387 aut
3157 2310 3288 2405 quae
3316 2341 3499 2398 socie-

1843 2404 1934 2453 tas
1975 2400 2097 2455 luci
2122 2403 2569 2479 adtenebras(ll
2599 2410 2735 2467 Cor.
2768 2431 2842 2482 vr,
2866 2417 2950 2488 l4)
2981 2400 3495 2484 ?ltem_alioloco:

1839 2488 2063 2557 Nolite,
2098 2492 2311 2565 inquit,
2342 2497 2541 2554 seduci
2566 2518 2586 2554 :
2617 2501 3025 2574 Corrumpunt
3064 2526 3255 2569 mores
3313 2516 3493 2574 bonos

1840 2578 2139 2648 colloquia
2174 2582 2351 2649 mala,
2372 2586 2573 2642 Sobrii
2592 2596 2789 2659 estote,
2813 2595 2981 2661 justi,
3011 2604 3067 2652 et
3088 2601 3274 2656 nolite
3293 2620 3492 2674 pecca-

1839 2680 1904 2720 re
1929 2666 1972 2736 (Ι
2015 2666 2150 2724 Cor.
2186 2685 2283 2736 xv,
2328 2673 2415 2739 33,
2449 2676 2561 2747 34).
2597 2679 2665 2732 Ut
2693 2686 2892 2736 autem
2920 2682 3142 2755 linguis
3181 2666 3494 2749 detrahen-

1838 2754 1985 2810 tium
2022 2772 2142 2812 non
2174 2760 2487 2827 deﬁciatis,
2518 2766 2600 2820 sic
2632 2783 2736 2837 per
2762 2754 3115 2841 Prophetam
3141 2778 3280 2835 dicit
3313 2798 3326 2835 :
3373 2786 3497 2839 Au-

1837 2842 1958 2899 dite
1982 2860 2072 2901 me
2101 2848 2204 2916 qui
2233 2850 2393 2905 scitis
2413 2854 2739 2921 judicium,
2762 2862 3023 2928 papulus
3053 2880 3235 2933 meus,
3265 2869 3329 2924 in
3346 2887 3492 2941 quo-

1834 2946 1968 2987 rum
1995 2934 2171 2990 corde
2213 2938 2311 2993 lea:
2332 2954 2459 2994 mea
2483 2950 2564 2997 est
2595 2963 2615 2998 .·
2648 2947 3033 3013 opprobrium
3049 2934 3488 3015 hominum-no-

1837 3020 1939 3075 lite
1966 3028 2242 3088 metuere,
2278 3034 2331 3081 et
2371 3028 2740 3087 detractione
2769 3049 2971 3091 eorum
3003 3055 3076 3095 ne
3108 3048 3482 3109 superemini.

1834 3123 1940 3164 nec
1964 3112 2123 3180 quod
2149 3128 2245 3168 vos
2274 3124 2551 3185 spernant
2581 3122 2778 3191 magni
2806 3124 3109 3181 duxeritis.
3139 3130 3299 3187 Sicut
3326 3137 3479 3192 enim

1834 3198 2254 3268 vestimentum,
2298 3205 2383 3259 ita
2409 3220 2519 3273 per
2550 3215 2773 3277 tempus
2802 3213 3204 3283 absumentur,
3237 3228 3288 3277 et
3329 3224 3479 3280 sicut

1836 3287 1979 3343 lana
1991 3304 2027 3345 a
2042 3289 2198 3346 tinea
2212 3295 2513 3351 comedent
2521 3313 2596 3350 ur
2607 3315 2623 3363 ;
2620 3300 2654 3367 j
2660 3300 2863 3359 ustitia
2878 3311 3076 3363 autem
3090 3324 3219 3365 mea
3232 3311 3293 3367 in
3309 3321 3482 3371 aeter-

1832 3392 1993 3443 num,
2014 3387 2211 3436 manet
2240 3382 2493 3450 (Isai.L1,
2512 3391 2563 3449 7,
2587 3388 2664 3455 8).
2693 3390 2827 3445 Jam
2870 3409 3009 3449 vero
3037 3411 3110 3451 ne
3174 3401 3471 3461 malevolo

1832 3466 2036 3523 animo
2063 3468 2136 3523 de
2152 3471 2335 3525 servis
2364 3472 2463 3527 Dei
2484 3472 2634 3531 falsa
2648 3480 3011 3550 suspicando
3028 3490 3302 3555 pereatis,
3331 3492 3475 3550 illud

1834 3556 2239 3626 Apostolicum
2262 3562 2683 3630 recordamini,
2702 3567 2799 3622 ubi
2822 3571 2900 3625 ait
2924 3587 2936 3625 :
2960 3573 3163 3631 Nolite
3180 3584 3313 3634 ante
3340 3589 3479 3638 tem-

1826 3659 1942 3712 pus
1969 3644 2247 3714 judicare
2293 3651 2637 3721 quidquam,
2697 3656 2881 3713 donec
2931 3663 3125 3719 veniat
3162 3668 3476 3737 Dominus,

1830 3740 1883 3788 et
1935 3733 2233 3790 illuminel
2266 3737 2613 3797 abscondita
2662 3746 3063 3813 tenebrarum,
3107 3759 3159 3807 et
3193 3759 3473 3827 manifes-

1832 3821 1976 3875 tabit
2009 3824 2392 3890 cogitationes
2423 3830 2637 3893 cordis,
2673 3838 2726 3886 et
2760 3840 2898 3889 tunc
2931 3838 3062 3893 laus
3088 3842 3199 3895 erit
3243 3846 3478 3901 unicui-

1830 3923 1993 3980 quea
2026 3912 2142 3966 Deo
2182 3912 2225 3982 (Ι
2260 3914 2391 3969 Cor.
2427 3932 2505 3981 ιν,
2545 3918 2621 3985 5).
2657 3922 2719 3974 Et
2749 3920 2889 3977 item
2925 3924 3065 3980 illud
3097 3931 3259 3998 quod
3295 3934 3476 4005 scrip-

1832 4002 1957 4052 tum
2026 4006 2151 4053 est:
2189 4001 2328 4065 Quae
2372 4005 2697 4075 manifesta
2758 4018 2917 4075 sunt,
2950 4015 3139 4082 vobis;
3196 4035 3327 4090 quae
3360 4001 3470 4078 au-

1833 4091 1942 4142 tem
1972 4090 2229 4171 occulta,
2260 4092 2505 4148 Domino
2532 4096 2645 4151 Deo
2666 4101 3045 4170 vestro(Ibid.
3083 4121 3139 4169 v,
3180 4112 3258 4171 l2,
3299 4114 3404 4178 13).

1903 4175 1954 4229 6.
1974 4164 3065 4259 Manifestumestquidem,quiaistain
3085 4164 3479 4257 Eccle'sia‘non

1834 4265 2254 4322 acciduntsine
2285 4272 2449 4337 gravi
2484 4273 2711 4332 tristitia
2747 4288 3088 4337 sanctorum
3125 4293 3302 4356 atque
3336 4290 3481 4345 tide-

1831 4353 2026 4419 lium;
2088 4363 2499 4415 verumtamen
2559 4367 2893 4422 consoletur
2944 4386 3054 4425 nos
3111 4376 3208 4444 qui
3267 4386 3482 4434 cuncta

1833 4443 2127 4514 praedixit,
2162 4458 2341 4517 atque
2376 4455 2434 4502 ut
2463 4449 2838 4509 abundantia
2868 4443 3197 4529 iniquitatis
3246 4480 3365 4519 non
3400 4483 3477 4521 re-

1834 4530 2247 4601 frigescamus,
2291 4536 2397 4589 sed
2457 4554 2644 4610 usque
2693 4543 2750 4595 in
2784 4544 2964 4600 tinem
3004 4563 3477 4620 perseveremus,

1837 4624 1899 4675 ut
1929 4619 2071 4674 salvi
2105 4636 2231 4675 esse
2258 4625 2583 4693 possimus,
2617 4629 2947 4688 admonuit.
2984 4638 3129 4692 Nam
3181 4649 3476 4711 quantum

1834 4708 1913 4764 ad
1945 4724 2040 4763 me
2067 4710 2293 4775 attinet,
2330 4712 2374 4765 si
2405 4720 2495 4769 est
2520 4714 2579 4770 in
2616 4734 2705 4773 me
2757 4708 3309 4800 quantulacumque
3343 4734 3481 4790 cha-

1832 4798 1973 4851 ritas
2004 4798 2233 4859 Christi.
2267 4800 2403 4871 quis
2438 4808 2699 4861 vestrum
2737 4808 3089 4879 inﬁrmatur,
3119 4822 3173 4870 et
3205 4798 3315 4889 ego
3357 4837 3478 4877 non

1831 4884 2099 4940 inﬁrmor
2129 4886 2156 4940 τ
2186 4888 2318 4957 quis
2353 4892 2804 4962 scandalizatur,
2838 4904 2893 4953 et
2938 4916 3047 4972 ego
3081 4919 3200 4959 non
3243 4924 3377 4961 uror
3407 4906 3478 4978 (ll

1833 4973 1968 5030 Cor.
2037 4990 2115 5039 χι,
2176 4977 2266 5043 29)
2323 4978 2351 5033 ‘i’
2400 4980 2587 5036 Nolite
2633 4984 2830 5056 itaque
2900 5004 3116 5059 augere
3179 4973 3474 5049 cruciatus

1832 5077 2020 5128 meos,
2051 5063 2385 5121 deﬁciendo
2419 5068 2506 5122 vel
2540 5071 2597 5124 in
2660 5075 3104 5145 suspicionibus
3160 5081 3349 5145 falsis,
3387 5083 3478 5137 vel

1830 5150 1889 5205 in
1924 5153 2180 5223 peccatis
2219 5153 2444 5210 alienis.
2476 5158 2681 5221 Nolite.
2712 5162 2960 5219 obsecro
2995 5183 3114 5233 vos,
3150 5185 3221 5221 ne
3279 5170 3475 5226 dicam

1831 5237 1907 5294 de
1922 5239 2120 5295 vobis:
2141 5242 2213 5295 Et
2225 5257 2406 5310 super
2423 5245 2682 5303 dolorem
2699 5252 3010 5308 vulnerum
3028 5270 3288 5312 meorum
3312 5260 3479 5314 addi-

1832 5328 2441 5403 derunt.Namilliqui
2456 5336 2719 5406 gaudent
2749 5338 2823 5392 de
2847 5338 2975 5393 istis
2999 5342 3312 5400 doloribus
3346 5364 3479 5403 nos-

1830 5417 1926 5482 tri,
1952 5416 2025 5471 de
2047 5418 2347 5489 quibusin
2384 5437 2643 5492 persona
2655 5427 2919 5496 corporis
2935 5430 3140 5486 Christi
3163 5438 3327 5491 tanto
3341 5445 3480 5495 ante

1895 5542 1911 5573 ι
1938 5540 2062 5589 Mss.
2094 5542 2261 5592 Vatic.
2302 5558 2426 5594 cum
2461 5545 2647 5596 decem
2677 5563 2705 5598 e
2735 5553 2954 5610 nostris,
2983 5556 3151 5617 prius.
