4040 6174
510 119 609 173 271

510 239 863 313 ριδωάἱοῐιιω
896 239 1001 301 est,
1027 237 1329 293 Adversus
1350 250 1441 291 me
1469 233 1844 290 insultabant
1873 234 1979 304 qui
2005 232 2163 289 sede-

512 330 649 386 bant
682 329 744 384 in
773 338 972 399 porta,
1003 331 1054 382 et
1083 324 1148 381 in
1176 340 1266 380 me
1292 323 1629 396 psallebant
1652 325 1757 395 qui
1782 322 2056 378 bibebant
2081 321 2161 377 vi-

512 436 655 475 num
684 418 873 490 (Psat.
909 431 1102 479 LXVIII,
1135 418 1224 480 2'7,
1258 413 1369 485 13),
1396 411 1562 469 valde
1595 411 1960 468 tolerabilius
1992 408 2161 465 susti-

512 511 727 564 nentur
751 523 764 571 ;
785 520 892 576 pro
915 505 1133 576 quibus
1157 508 1356 559 tamen
1381 503 1560 557 etiam
1589 500 1733 573 ipsis
1761 516 1952 564 orare,
1976 506 2031 554 et
2057 497 2163 553 bo-

511 612 656 650 num
676 595 760 650 eis
780 592 926 648 velle
963 592 1304 647 didicimus.
1323 591 1407 645 Ad
1430 590 1573 662 quid
1588 591 1745 644 enim
1759 588 1917 644 aliud
1950 587 2162 642 sedent

510 684 624 752 isti,
649 688 705 739 et
734 682 885 755 quid
916 682 1077 737 aliud
1113 684 1377 752 captant,
1410 678 1522 733 nisi
1552 678 1902 750 utquisquis
1934 677 2161 748 episco-

510 788 646 845 pus,
680 772 766 828 vel
795 772 1064 834 clericus,
1093 770 1182 825 vel
1219 768 1570 831 monachus,
1600 767 1689 823 vel
1740 765 2162 821 sanctimonia-

505 861 613 917 lis‘
650 859 943 923 ceciderit,
974 874 1186 915 omnes
1235 856 1381 913 tales
1413 872 1543 912 esse
1599 855 1863 923 credant,
1915 855 2159 924 jactent,

509 949 1007 1015 contendant,sed
1024 963 1143 1003 non
1163 962 1370 1002 omnes
1384 960 1563 1017 posse
1583 944 1947 999 manifestari
1960 942 1989 998 ‘l
2005 943 2164 998 Etta-

513 1054 650 1095 men
664 1038 845 1094 etiam
861 1036 972 1109 ipsi
988 1053 1125 1091 cum
1144 1035 1348 1107 aliqua
1363 1034 1639 1089 maritata
1669 1033 1969 1088 invenitur
1989 1030 2163 1087 adul-

510 1132 657 1192 tera,
683 1143 790 1181 nec
826 1126 1142 1196 projiciunt
1166 1138 1380 1179 uxores
1415 1139 1576 1187 suas,
1597 1137 1704 1177 nec
1719 1125 2006 1176 accusant
2030 1135 2160 1174 ma-

508 1220 626 1271 tres
659 1231 818 1270 suas.
853 1216 997 1270 Cum
1026 1219 1227 1269 autem
1276 1212 1350 1267 de
1380 1211 1683 1282 aliquibus
1730 1209 1833 1281 qui
1884 1214 2160 1263 sanctum

505 1319 730 1360 nomen
778 1303 1153 1375 proﬁtentur,
1196 1300 1418 1373 aliquid
1463 1300 1725 1355 criminis
1780 1299 1865 1353 vel
1910 1297 2033 1353 falsi
2065 1314 2163 1353 so-

506 1394 721 1461 nuerit,
750 1391 1265 1463 velveripatuerit,
1283 1392 1525 1453 instant,
1544 1386 2160 1457 satagunt,ambiuut,

503 1488 566 1539 ut
594 1484 668 1538 de
698 1481 981 1537 omnibus
1010 1481 1122 1535 hoc
1152 1479 1449 1535 credatur.
1477 1481 1592 1533 Hos
1640 1492 1780 1546 ergo
1831 1475 1900 1530 de
1950 1476 2163 1530 nostris

501 1571 813 1628 doloribus
834 1570 1189 1626 suavitatem
1214 1584 1337 1622 sum
1372 1571 1549 1622 malta
1578 1566 1797 1634 linguae
1825 1568 2161 1636 captantes,

500 1658 677 1716 facile
708 1665 795 1714 est
830 1664 890 1713 ut
918 1657 1030 1712 illis
1064 1657 1311 1711 canibus
1343 1670 1791 1727 comparemus,
1840 1653 1886 1707 si
1923 1651 2067 1707 forte
2102 1652 2162 1707 in

506 1748 667 1804 malo
724 1746 1089 1817 intelligendi
1158 1750 1315 1811 sunt,
1382 1744 1485 1815 qui
1545 1743 1856 1812 lingebant
1914 1740 2163 1797 vulnera

505 1836 977 1909 pauperisillius,
1010 1833 1112 1906 qui
1137 1839 1272 1888 ante
1300 1834 1552 1901 jauuam
1585 1829 1784 1885 divitis
1814 1830 2077 1900 jacebat,
2108 1834 2165 1885 et

505 1940 821 1999 quousque
846 1924 1069 1978 veniret
1095 1925 1171 1977 ad
1205 1922 1475 1993 requiem
1498 1920 1663 1975 sinus
1681 1919 1955 1999 Abrahae,
1997 1918 2163 1974 labo-

505 1994 667 2071 riosa
697 1994 751 2070 et
777 2014 1026 2083 indigna
1052 2012 1257 2067 omnia
1286 2009 1575 2066 tolerabat
1601 1994 1769 2078 (Luc.
1796 2024 1917 2073 xvr,
1951 2008 2159 2076 21-23).

574 2110 626 2159 7.
660 2107 771 2159 Vos
806 2119 897 2157 me
927 2101 1104 2156 nolite
1135 2100 1396 2170 amplius
1428 2097 1719 2163 cruciare,
1756 2098 1861 2170 qui
1894 2097 2159 2169 aliquam

506 2208 677 2264 spem
692 2191 922 2248 habetis
936 2190 1013 2245 ad
1028 2191 1217 2244 Deum
1244 2206 1256 2243 :
1274 2204 1379 2244 vos
1411 2186 1592 2244 nolite
1612 2186 1747 2258 ipsa
1762 2186 2009 2241 vulnera
2023 2202 2160 2258 quae

504 2277 1267 2350 illilingunt,multiplicare
1301 2294 1314 2343 ;
1348 2293 1451 2332 vos
1468 2292 1575 2347 pro
1617 2274 1836 2347 quibus
1875 2274 2151 2346 periclita-

504 2368 819 2428 muromui
840 2369 1006 2431 hora,
1036 2365 1330 2421 habentes
1364 2364 1502 2420 foris
1531 2378 1785 2435 pugnas,
1806 2362 1963 2417 intus
1989 2362 2164 2417 timo-

502 2459 676 2531 res(|l
696 2457 831 2514 Cor.
854 2472 949 2521 vu,
972 2454 1393 2527 5),periculum
1412 2454 1469 2507 in
1484 2450 2081 2522 civitate,periculum
2100 2450 2161 2505 in

500 2549 758 2610 deserto,
794 2542 1124 2615 periculum
1139 2558 1209 2597 ex
1240 2540 1540 2611 gentibus,
1562 2538 1892 2610 periculum
1910 2553 1981 2593 ex
1997 2537 2159 2593 falsis

510 2633 786 2692 fratribus
802 2631 912 2704 (Id.
930 2647 1008 2696 ιι,
1023 2631 1134 2701 26).
1151 2630 1282 2685 Scio
1304 2629 1447 2700 quia
1477 2627 1719 2692 doletis;
1743 2626 1844 2681 sed
1863 2626 2161 2698 numquid

503 2723 701 2781 acrius
713 2738 898 2796 quam
917 2719 1212 2790 ego?Scio
1235 2718 1378 2790 quia
1390 2715 1726 2772 conturbati
1758 2715 1897 2770 estis
1912 2720 1967 2769 et
1985 2716 2161 2770 timeo

506 2829 581 2870 ne
595 2813 741 2867 inter
756 2811 990 2882 linguas
1006 2808 1431 2863 maledicorum
1447 2804 1685 2859 deﬁciat
1707 2808 1765 2859 et
1789 2804 2163 2874 pereatinﬁr-

506 2919 662 2967 mus,
680 2905 918 2972 propter
931 2913 1112 2970 quem
1127 2895 1393 2952 Christus
1414 2898 1682 2949 mortuus
1707 2899 1810 2947 est.
1832 2894 1959 2948 Non
1978 2909 2049 2948 ex
2064 2909 2161 2948 vo-

510 2992 601 3047 bis
622 2986 1093 3045 increscatdolor
1115 2990 1336 3049 noster,
1355 2983 1500 3057 quia
1524 2999 1640 3037 non
1658 2981 1835 3054 culpa
1850 2988 2054 3037 nostra
2077 2980 2163 3038 fa~

512 3083 640 3136 ctus
653 3081 962 3134 estvester.
986 3078 1131 3131 Nam
1146 3074 1261 3130 hoc
1274 3080 1362 3129 est
1377 3071 1539 3145 quod
1555 3086 1887 3144 praecavere
1909 3075 2160 3126 conatus

510 3185 667 3233 sum,
684 3166 805 3223 utsi
832 3165 959 3221 ﬁeri
984 3169 1207 3237 posset,
1230 3163 1345 3218 hoc
1359 3162 1590 3217 malum
1607 3176 1715 3215 nec
1738 3160 2044 3215 vitandum
2062 3176 2161 3215 ne-

508 3258 850 3330 gligeretur,
876 3270 983 3309 nec
1000 3253 1058 3307 in
1076 3258 1331 3307 vestram
1363 3249 1630 3305 notitiam
1652 3249 2027 3319 perferretur,
2060 3248 2159 3305 ubi

503 3344 868 3401 infructuose
883 3343 1288 3397 cruciarentur
1312 3338 1489 3403 ﬁrmi,
1515 3341 1568 3392 et
1600 3337 1929 3409 periculose
1960 3339 2161 3393 turba-

502 3429 961 3488 renturinﬁrmi.
996 3429 1109 3483 Sed
1122 3427 1227 3499 qui
1245 3428 1357 3481 hoc
1371 3426 1611 3495 cognito
1627 3425 1895 3496 permisit
1917 3440 2023 3480 vos
2036 3430 2159 3481 ten-

503 3517 1053 3587 tari,etvobisvires
1069 3514 1422 3580 sustinendi,
1446 3513 1754 3568 eterndiat
1771 3529 1875 3568 vos
1920 3529 1989 3568 ex
2027 3512 2157 3582 lege

503 3609 984 3675 sua;doceatvos
1014 3610 1071 3661 et
1091 3604 1366 3676 mitigeta
1388 3602 1600 3657 diebus
1631 3600 1933 3672 malignis,
1964 3601 2156 3657 donec

504 3696 762 3754 fodiatur
787 3694 1085 3768 peccatori
1108 3694 1279 3750 fovea
1306 3692 1494 3764 (Psal.
1528 3706 1683 3761 1cm,
1720 3694 1801 3755 l2,
1848 3692 1931 3763 l3)

576 3791 624 3843 8.
662 3784 1191 3843 Audiononnullos
1209 3780 1623 3838 vestrumhinc
1651 3780 1910 3852 amplius
1938 3778 2158 3835 contri-

504 3876 667 3943 stari,
691 3892 876 3949 quam
904 3874 1167 3945 delapsu
1198 3871 1458 3927 duorum
1490 3869 1726 3925 illorum
1759 3868 2152 3925 diaconorum

506 3965 609 4037 qui
641 3981 712 4020 ex
742 3968 908 4036 parte
935 3962 1141 4017 Donati
1172 3964 1478 4023 venerant,
1512 3963 1801 4030 tanquam
1825 3957 2155 4028 disciplinae

506 4048 1317 4113 Proculeianiinsultaverint,
1339 4047 1499 4103 velut
1515 4047 1833 4118 gloriantes
1859 4046 1933 4101 de
1954 4045 2153 4117 nobis,

504 4141 668 4216 quod
692 4156 765 4196 ex
802 4143 1007 4194 nostra
1036 4137 1349 4209 disciplina
1380 4135 1522 4190 nihil
1538 4135 1651 4190 tale
1681 4135 1739 4189 in
1773 4133 2000 4190 clericis
2030 4151 2158 4190 exs-

504 4229 919 4300 titissetzquod
932 4227 1298 4300 quicumque
1329 4224 1571 4288 fecistis,
1606 4223 1793 4279 fateor
1819 4223 2014 4292 vobis,
2036 4239 2157 4280 non

505 4319 657 4375 bene
690 4317 938 4375 fecistis.
972 4319 1113 4371 Ecce
1146 4314 1347 4371 docuit
1378 4329 1484 4368 vos
1499 4312 1677 4378 Deus,
1712 4318 1773 4366 ut
1801 4314 1909 4383 qui
1936 4313 2159 4383 gloria-

503 4415 623 4474 tur,
657 4408 719 4465 in
752 4406 1000 4463 Domino
1042 4405 1338 4475 glorietur
1377 4404 1416 4473 (1
1448 4401 1579 4457 Cor.
1618 4419 1657 4469 ι,
1694 4401 1787 4471 31)
1818 4417 1830 4455 :
1865 4417 1975 4457 nec
2009 4401 2156 4473 obji-

501 4498 669 4553 ciatis
701 4496 1011 4559 haereticis,
1056 4494 1165 4548 nisi
1192 4492 1335 4565 quia
1362 4507 1482 4547 non
1518 4494 1660 4545 sunt
1707 4489 1986 4546 catholici
2021 4508 2035 4558 ;
2082 4506 2156 4547 ne

502 4585 722 4640 similes
752 4584 835 4640 eis
866 4584 1013 4648 sitis,
1043 4582 1147 4655 qui
1180 4596 1298 4637 non
1330 4579 1613 4636 habendo
1643 4577 1810 4651 quod
1842 4578 1901 4633 in
1971 4594 2158 4635 causa

500 4691 622 4728 suae
654 4673 965 4728 divisionis
998 4670 1347 4733 defendant,
1380 4685 1497 4724 non
1531 4668 1643 4723 nisi
1692 4666 2013 4722 hominum
2046 4667 2154 4723 cri-

502 4764 663 4818 mina
688 4761 960 4830 colligere
990 4759 1285 4821 affectant,
1325 4763 1381 4813 et
1411 4774 1479 4813 ea
1512 4757 1645 4827 ipsa
1704 4755 1880 4827 plura
1907 4755 2155 4812 falsissi-

500 4866 594 4907 me
620 4851 850 4922 jactant
884 4865 896 4902 :
931 4853 991 4904 ut
1017 4848 1161 4920 quia
1190 4848 1384 4919 ipsam
1406 4846 1626 4901 divina
1658 4846 1973 4916 Scriptura:
2014 4844 2155 4902 veri-

501 4945 703 5005 tatem,
718 4955 841 5012 qua
858 4935 1309 5010 ubiquediﬁ'usa
1329 4934 1539 4992 Christi
1557 4934 1819 4990 Ecclesia
1845 4949 2153 4990 commen-

500 5029 695 5095 datur,
713 5023 1421 5082 criminarietobscurare
1446 5038 1567 5078 non
1589 5026 1859 5093 possunt,
1875 5021 2153 5078 homines

504 5134 773 5191 perquos
788 5115 1145 5171 Prmdicatur
1159 5112 1466 5167 adducant
1482 5112 1539 5166 iu
1559 5110 1804 5177 odium;
1834 5110 1907 5166 de
1931 5110 2155 5183 quibus

503 5214 559 5262 et
586 5208 811 5277 fingere
847 5202 1144 5278 quidquid
1192 5202 1250 5257 in
1301 5207 1558 5256 mentem
1602 5201 1847 5269 venerit,
1881 5205 2153 5272 possunt.

506 5296 621 5350 Vos
650 5302 847 5351 autem
889 5310 1010 5349 non
1060 5293 1143 5348 ita
1180 5290 1467 5346 didicistis
1508 5290 1843 5357 Christum;
1873 5289 1922 5343 si
1957 5296 2155 5344 tamen

506 5382 669 5437 illum
704 5384 975 5445 audistis,
1027 5380 1166 5436 etin
1202 5380 1305 5435 illo
1336 5378 1492 5436 docti
1526 5378 1670 5434 estis
1704 5378 1883 5450 (Eph.
1922 5393 2006 5442 1v,
2062 5380 2150 5443 20,

568 5526 585 5560 ί
613 5524 738 5575 Mss.
770 5524 854 5575 cb.
890 5539 998 5589 gg.,
1030 5524 1423 5575 castimonialis.

1790 109 1852 165 S.
1891 98 2276 165 AUGUSTlNI
2320 104 2637 163 EPISCOPI
3760 123 3852 180 272

2268 232 2379 301 21).
2412 233 2539 304 Ipse
2570 232 2792 304 quippe
2806 232 3015 289 ﬁdeles
3046 249 3187 289 suos
3209 249 3441 293 securos
3467 237 3591 297 fecit
3612 244 3764 301 etiam
3786 248 3850 304 de

2260 320 2786 392 dispensatoribus
2803 321 2984 387 malis,
3004 323 3161 378 mala
3176 340 3281 379 sua
3295 324 3641 397 facientibus,
3656 339 3705 386 et
3718 334 3853 392 bona

2268 409 2918 482 ejusloquentibus,ubi
2933 413 3039 468 ait:
3065 411 3204 478 Qum
3219 413 3599 484 dicunt/acite
3614 437 3853 492 :qua'au-

2266 504 2381 553 tem
2393 498 2650 567 faciunt,
2655 499 2855 570 facere
2868 499 3081 556 nolite:
3096 501 3301 556 dicunt
3318 504 3460 558 enim
3474 511 3523 559 et
3537 522 3645 562 non
3652 509 3855 577 faciunt

2269 587 2503 657 (Matth.
2523 603 2688 653 xxm,
2711 589 2783 659 3).
2804 591 2975 645 Orate
3004 589 3249 661 quidem
3271 607 3373 660 pro
3388 607 3497 658 me,
3513 609 3581 648 ne
3596 594 3725 651 forte
3749 598 3859 654 aliis

2268 676 2739 748 praedicansipse
2762 678 3386 752 reprobusinveniar(l
3417 682 3542 737 Cor.
3578 687 3859 755 u,27);ve~

2266 770 2607 820 cumtamen
2623 780 2757 820 cum
2777 766 3261 837 gloriamini,non
3278 768 3334 822 in
3351 770 3564 834 me,sed
3579 771 3631 825 iu
3646 772 3859 830 Domino

2269 853 2626 927 gloriamini.
2642 855 3087 920 Quantumlibet
3105 858 3263 911 enim
3277 857 3859 934 vigiletdiscipliuado-

2271 959 2404 999 mus
2429 959 2599 1008 mem,
2646 944 2830 999 homo
2853 961 3011 1010 sum,
3041 951 3097 1000 et
3122 946 3274 1001 inter
3304 946 3568 1003 homines
3597 950 3738 1015 vivo,
3775 968 3861 1007 nec

2272 1031 2413 1087 mihi
2427 1048 2707 1104 arrogare
2720 1033 2911 1089 audeo
2928 1037 2991 1089 ut
3012 1034 3231 1090 domus
3248 1050 3380 1091 mea
3403 1036 3600 1094 melior
3615 1039 3679 1093 sit
3706 1055 3860 1110 quam

2270 1137 2410 1177 arca
2444 1124 2579 1186 Noe,
2616 1122 2715 1177 ubi
2764 1126 2965 1178 tamen
2993 1124 3145 1178 inter
3175 1130 3307 1179 octo
3339 1124 3600 1180 homines
3615 1129 3861 1198 reprobus

2272 1226 2427 1265 unus
2444 1211 2724 1266 inventus
2740 1214 2847 1267 est'
2863 1213 3025 1287 (Gen.
3044 1229 3123 1276 ιι,
3146 1213 3236 1284 27)
3261 1229 3273 1267 :
3303 1214 3613 1270 autmelior
3630 1217 3861 1287 sitquam

2270 1298 2486 1354 domus
2510 1299 2783 1363 Abrahm,
2815 1301 2912 1355 ubi
2937 1301 3167 1357 dictum
3199 1308 3304 1365 est,
3335 1302 3498 1371 Ejice
3542 1304 3792 1360 ancillam
3821 1312 3864 1361 et

2268 1387 2452 1458 ﬁlium
2493 1391 2618 1458 ejus
2662 1389 2771 1451 (Id.
2814 1406 2929 1454 xm,
2966 1390 3048 1461 10)
3083 1407 3097 1443 :
3127 1395 3229 1446 aut
3264 1390 3466 1446 melior
3490 1390 3560 1446 sit
3583 1408 3751 1464 quam
3773 1394 3861 1448 do-

2272 1492 2407 1531 mus
2436 1478 2620 1539 Isaac,
2653 1478 2825 1547 cujus
2857 1479 2875 1513 ¹
2900 1478 2974 1533 de
3001 1478 3239 1534 duobus
3275 1480 3524 1548 geminis
3541 1480 3742 1534 dictum
3773 1485 3863 1549 est,

2268 1565 2449 1621 Jacob
2477 1566 2686 1631 dilexi,
2713 1567 2878 1622 Esau
2909 1574 3107 1624 autem
3165 1567 3297 1623 odio
3325 1568 3501 1624 habui
3546 1568 3799 1640 (Malach.
3835 1587 3865 1636 ι,

2269 1654 2327 1723 2)
2358 1670 2369 1709 :
2411 1659 2511 1709 aut
2539 1655 2746 1711 melior
2773 1654 2849 1710 sit
2881 1672 3063 1727 quam
3098 1656 3318 1712 domus
3346 1656 3527 1728 ipsius
3554 1657 3736 1723 Jacob,
3785 1657 3868 1712 ubi

2267 1741 2485 1798 lectum
2513 1745 2697 1815 patris
2730 1743 2883 1799 filius
2912 1745 3217 1801 incestavit
3268 1745 3443 1818 (Gen.
3477 1762 3626 1811 XLIX,
3656 1746 3706 1816 4)
3733 1763 3744 1800 :
3788 1751 3871 1801 aut

2270 1832 2479 1888 melior
2504 1832 2575 1887 sit
2605 1849 2787 1904 quam
2835 1834 3052 1889 domus
3101 1835 3309 1904 David,
3373 1836 3541 1907 cujus
3582 1834 3714 1890 alter
3740 1834 3869 1890 ﬁlius

2268 1936 2405 1976 cum
2435 1936 2635 1977 sorore
2667 1924 2990 1978 concubuit
3020 1923 3089 1994 (ll
3120 1924 3259 1994 Reg.
3281 1938 3411 1989 IIII,
3442 1923 3523 1994 14)
3566 1940 3579 1991 ;
3626 1924 3778 1994 cujus
3801 1922 3865 1978 al-

2267 2012 2352 2063 ter
2382 2008 2532 2065 ﬂlius
2564 2016 2770 2066 contra
2799 2013 2980 2082 patris
3018 2019 3139 2068 tam
3183 2019 3462 2069 sanctam
3511 2011 3871 2068 mansuetudi-

2268 2111 2406 2153 nem
2433 2099 2741 2155 rebellavit
2773 2100 2940 2169 (Ibid.
2959 2117 3053 2163 xv,
3096 2103 3177 2169 12)
3201 2118 3212 2150 :
3238 2107 3345 2157 aut
3374 2101 3575 2157 melior
3603 2118 3768 2174 quam
3796 2116 3870 2155 co-

2268 2186 2552 2243 habitatio
2582 2189 2744 2244 Pauli
2776 2190 3053 2261 apostoli,
3085 2191 3187 2263 qui
3223 2195 3423 2247 tamen
3458 2192 3507 2245 si
3534 2192 3675 2247 inter
3696 2205 3873 2246 omnes

2266 2274 2459 2331 bonos
2482 2277 2803 2342 habitaret,
2832 2294 2951 2334 non
2984 2278 3205 2335 diceret
3234 2280 3404 2352 quod
3450 2280 3710 2351 superius
3740 2294 3874 2333 com-

2270 2368 2619 2431 memoravi,
2643 2366 2798 2436 foris
2824 2382 3055 2437 pugnae,
3088 2368 3251 2424 intus
3285 2368 3526 2425 timores
3554 2368 3622 2439 (ll
3647 2367 3765 2423 Cor.
3792 2382 3870 2430 vu,

2270 2455 2322 2519 5)
2357 2470 2370 2519 ;
2405 2471 2512 2509 nec
2543 2455 2762 2511 diceret
2794 2472 2929 2512 cum
2960 2456 3034 2511 de
3056 2458 3373 2513 sanctitate
3403 2465 3459 2513 et
3489 2456 3603 2512 ﬁde
3626 2454 3876 2513 Timothei

2266 2540 2625 2614 loqueretur,
2659 2545 2961 2601 Neminem
3002 2545 3187 2602 habeo
3217 2546 3325 2618 qui
3353 2561 3628 2618 germane
3650 2546 3717 2601 de
3746 2543 3877 2601 vobis

2267 2631 2559 2688 sollicitus
2580 2634 2675 2689 sit.
2705 2633 2917 2689 Omnes
2956 2635 3111 2691 enim
3149 2651 3259 2690 sua
3286 2642 3591 2707 quarunt,
3634 2650 3743 2691 non
3772 2646 3878 2705 qua:

2267 2726 2406 2776 sunt
2442 2721 2822 2788 Iesum/tristi
2851 2723 3150 2793 (Philipp.
3188 2739 3247 2789 ιι,
3276 2728 3368 2790 20,
3404 2726 3494 2797 21)
3524 2740 3537 2778 :
3580 2728 3675 2779 aut
3703 2721 3880 2778 melior

2267 2826 2452 2882 quam
2471 2810 2834 2867 cohabitatio
2852 2812 3041 2884 ipsius
3074 2814 3304 2868 Domini
3322 2814 3555 2883 Christi,
3585 2813 3639 2868 in
3666 2826 3777 2883 qua
3796 2824 3881 2864 un-

2267 2898 2459 2955 decim
2477 2899 2930 2971 boniperﬁdum
2953 2899 3212 2956 etfurem
3238 2902 3461 2959 ludam
3478 2902 3877 2958 toleraverunt:

2268 2995 2371 3044 aut
2401 2988 2608 3044 melior
2633 2990 2706 3044 sit
2729 2995 3029 3060 postremo
3055 3006 3240 3062 quam
3274 2991 3518 3060 caelum,
3550 2990 3696 3046 unde
3722 2992 3881 3057 Auge

2266 3075 2305 3132 li
2344 3077 2703 3132 ceciderunt.

2336 3166 2388 3220 9.
2408 3165 2968 3237 Simplicitcrautem
2985 3166 3173 3224 fateor
3191 3168 3474 3225 Charitati
3490 3174 3685 3224 vestra!
3707 3178 3877 3222 coram

2269 3255 2518 3312 Domino
2562 3259 2677 3311 Deo
2709 3260 2933 3322 nostro,
2964 3256 3065 3327 qui
3110 3257 3269 3312 testis
3313 3263 3406 3313 est
3437 3273 3615 3331 super
3642 3257 3878 3312 animam

2266 3362 2489 3409 meam,
2518 3361 2589 3401 ex
2618 3361 2741 3417 quo
2758 3347 2874 3400 Deo
2893 3345 3111 3400 servire
3138 3346 3293 3417 ccepi
3311 3362 3325 3397 :
3344 3346 3652 3419 quomodo
3678 3341 3879 3399 difﬁcile

2266 3451 2402 3490 sum
2420 3439 2695 3506 expertus
2707 3433 2981 3489 meliores
2993 3450 3179 3505 quam
3194 3436 3295 3507 qui
3313 3438 3375 3491 in
3398 3435 3762 3492 monasteriis
3774 3446 3882 3505 pro-

2266 3522 2525 3579 fecerunt
2555 3541 2568 3591 ;
2600 3523 2682 3579 ita
2712 3539 2830 3578 non
2864 3540 2995 3578 sum
3020 3529 3299 3595 expertus
3321 3525 3556 3597 pejores
3583 3539 3756 3596 quam
3796 3518 3878 3592 qui

2263 3612 2322 3668 in
2351 3612 2731 3668 monasteriis
2757 3617 2777 3648 ι
2810 3612 3171 3677 ceciderunt,
3206 3613 3285 3670 ita
3322 3619 3385 3670 ut
3414 3614 3554 3670 hinc
3581 3612 3812 3669 arbitrer
3834 3609 3881 3663 in

2266 3700 2621 3774 Apocalypsi
2643 3702 2949 3773 scriptum,
2977 3700 3181 3758 Justus
3226 3704 3457 3773 justior
3492 3704 3619 3773 ﬁat,
3647 3706 3698 3759 et
3731 3697 3882 3756 sordi-

2263 3790 2374 3846 dus
2398 3788 2691 3845 sordescat
2718 3789 2918 3845 adhuc
2947 3789 3149 3861 (Apoc.
3201 3807 3335 3857 xxu,
3396 3792 3504 3861 tt).
3550 3792 3884 3862 Quapropter

2264 3878 2368 3934 etsi
2388 3878 2898 3934 contristamurde
2911 3878 3217 3950 aliquibus
3242 3880 3679 3952 purgamentis,
3706 3890 3883 3934 conso-

2263 3967 2462 4023 lamur
2492 3972 2691 4021 tamen
2718 3967 2895 4022 etiam
2913 3966 2987 4021 de
3018 3966 3288 4038 pluribus
3319 3956 3707 4026 ornamEntis.
3729 3963 3885 4021 Nolite

2264 4070 2406 4124 ergo
2429 4061 2667 4126 propter
2687 4071 3001 4111 amurcam
3046 4071 3169 4127 qua
3208 4057 3368 4113 oculi
3399 4059 3579 4114 vestri
3610 4052 3888 4113 offendun-

2265 4148 2376 4208 tur,
2424 4143 2743 4199 toreularia
2773 4144 3072 4209 detestari,
3107 4145 3268 4201 unde
3308 4147 3619 4217 apotheca;
3666 4138 3887 4200 domini-

2266 4248 2349 4288 ca:
2364 4232 2555 4288 fructu
2587 4233 2701 4289 olei
2721 4233 3130 4290 luminosioris
3153 4234 3504 4307 implentur,
3558 4233 3777 4291 Domini
3808 4226 3889 4284 Dei

2264 4323 2449 4377 nostri
2503 4322 2911 4379 misericordia
2944 4338 3047 4377 vos
3078 4322 3372 4379 adversus
3427 4340 3643 4380 omnes
3673 4318 3889 4378 insidias

2264 4410 2486 4466 inimici
2511 4411 2569 4466 in
2600 4428 2712 4467 sua
2745 4426 2890 4482 pace
2923 4410 3237 4477 custodiat,
3267 4412 3641 4471 dilectissimi
3692 4411 3891 4467 fratres.

2745 4501 3075 4556 EPISTOLA
3105 4502 3326 4557 LXXIX'
3349 4505 3457 4574 (α).

2262 4586 2588 4659 Augustini
2624 4590 2879 4660 episcopi
2903 4589 2985 4646 ad
3004 4590 3412 4661 presbyterum
3449 4590 3757 4665 quemdam
3788 4585 3894 4643 Ma-

2343 4679 2661 4746 nichceum,
2693 4678 3048 4734 denuntians
3076 4686 3137 4733 ut
3188 4680 3383 4737 solvat
3432 4680 3805 4754 quaestionem
3843 4672 3892 4726 in

2335 4786 2454 4844 qua
2499 4782 2825 4838 praecessor
2860 4768 2990 4835 eius
3032 4767 3406 4827 Fortunatus
3455 4770 3772 4840 defecerat,
3817 4760 3896 4819 vel

2331 4858 2600 4930 procula
2622 4871 2731 4911 sua
2766 4856 3024 4912 Ecclesia
3056 4856 3345 4913 discedat.

2335 4948 2469 5005 Sine
2510 4962 2696 5002 causa
2727 4945 3160 5015 tergiversaris,
3209 4962 3348 5001 cum
3396 4946 3581 5017 longe
3632 4942 3895 5018 appareat

2262 5038 2461 5111 qualis
2484 5036 2584 5090 sis.
2607 5034 2756 5099 Quid
2786 5033 3172 5091 tecumlocuti
3198 5033 3419 5092 fuerint
3444 5037 3676 5097 fratres,
3692 5030 3897 5088 iudica—

2325 5210 2336 5236 ¹
2374 5204 2527 5261 Edd.,
2556 5202 2653 5251 cui.
2693 5202 2758 5251 At
2786 5201 3031 5251 meliores
3058 5200 3187 5255 Mss.
3224 5200 3451 5258 habent,
3490 5201 3655 5263 cuius.

2322 5272 2341 5302 ³
2375 5268 2499 5330 Mss.
2528 5280 2730 5330 δίζηαι
2758 5266 3093 5314 monasterio.
3132 5264 3277 5313 [dem
3294 5264 3422 5313 Cod.
3458 5262 3585 5313 cum
3616 5262 3698 5316 cb.
3725 5262 3773 5309 et
3796 5268 3895 5307 uno

2263 5344 2313 5379 v.
2342 5345 2399 5377 su
2408 5328 2553 5385 bdit;
2574 5328 2881 5389 defecerunt.

2324 5394 2342 5411 '
2366 5391 2482 5440 Non
2506 5390 2770 5453 reperitur
2799 5390 2901 5438 nisi
2924 5390 2978 5439 in
3014 5389 3275 5453 Vaticano
3296 5389 3616 5453 exemplari.

2260 5454 2396 5566 {0:113
2420 5445 2682 5566 ἒὲῗόὲιι
2715 5466 2726 5500 :
2758 5466 2878 5516 quae
2907 5455 3088 5501 autem
3116 5451 3177 5501 79
3207 5456 3335 5511 erat,
3394 5445 3545 5502 nunc
3570 5450 3677 5500 198.
3709 5445 3896 5508 Scripta

2283 5528 2396 5568 orte
2430 5528 2496 5567 ιο
2507 5528 2613 5565 MM
2623 5553 2641 5572 .
