4078 6166
188 188 259 244 m
1354 182 1861 242 EPISTOLARUM
1903 183 2197 243 CLASSIS
2235 189 2299 243 ll.

178 312 209 365 si
236 312 403 364 autem
442 305 663 378 aliquid
696 322 998 377 asperum,
1032 307 1339 365 refellendi
1381 309 1753 379 necessitate,

171 400 524 469 depromptum
556 395 725 450 fuerit
748 413 762 461 ;
793 411 913 467 quo
937 396 1373 465 tolerabileﬁat,
1402 399 1623 455 leniore
1652 398 1759 453 cir-

168 485 567 542 cumfundamus
596 485 854 555 eloquio,
900 502 971 539 ne
1013 488 1028 521 ¹
1060 486 1227 541 litum
1283 488 1452 543 melle
1486 488 1753 557 gladium

166 576 397 642 stringere
418 573 771 643 judicemur.
816 574 930 628 Nisi
960 573 1110 629 forte
1142 575 1235 631 ille
1268 577 1487 632 modus
1519 581 1605 632 est
1631 591 1754 648 quo

165 671 428 734 utrumque
465 662 575 717 hoc
618 662 845 723 vitium,
889 663 975 716 vel
1022 664 1138 719 vitii
1195 666 1605 736 suspicionem
1662 680 1756 719 ca-

161 768 375 814 veamus,
407 751 449 805 si
472 767 608 806 cum
635 752 897 807 doctiore
929 754 1124 808 amico
1155 754 1238 809 sic
1261 755 1658 825 disputemus,
1695 759 1757 809 ut

156 840 398 913 quidquid
424 839 652 904 dixerit,
686 856 932 895 necesse
961 842 1034 895 sit
1066 843 1428 913 approbare,
1458 859 1564 897 nec
1595 859 1755 915 quaa-

154 930 285 985 rendi
312 927 503 984 saltem
535 945 737 993 causa,
783 929 951 984 liceat
984 930 1422 1003 aliquantulum
1457 933 1749 987 reluctari.

205 1023 244 1074 3.
261 1020 389 1073 Tum
415 1033 552 1072 Vero
583 1018 711 1073 sine
730 1018 845 1073 ullo
862 1021 1067 1074 timore
1088 1020 1437 1076 offensionis
1461 1028 1751 1093 tanquam

150 1107 193 1161 in
216 1122 405 1177 campo
434 1106 695 1176 luditur;
732 1107 830 1162 sed
869 1110 1084 1164 mirum
1116 1109 1163 1163 si
1194 1110 1368 1164 nobis
1400 1126 1519 1165 non
1553 1109 1746 1164 illudi-

150 1201 233 1251 tur.
260 1198 363 1263 Ego
390 1195 551 1251 enim
576 1196 761 1251 fateor
786 1196 1063 1253 Charitati
1086 1204 1216 1263 tuae,
1235 1198 1376 1253 solis
1391 1199 1472 1253 eis
1488 1200 1751 1269 Scriptu-

149 1298 306 1338 rarum
351 1282 510 1337 libris
540 1285 643 1354 qui
663 1283 792 1353 jam
824 1285 1096 1339 canonici
1140 1287 1540 1357 appellantur,
1570 1286 1749 1341 didici

147 1372 270 1427 hunc
302 1372 567 1427 timorem
597 1371 1009 1444 honoremque
1046 1375 1296 1439 deferre,
1323 1375 1631 1430 utnullum
1653 1391 1751 1430 eo-

148 1476 245 1515 rum
265 1467 558 1516 auctorem
576 1460 895 1517 scribendo
910 1462 1137 1534 aliquid
1150 1480 1377 1519 errasse
1405 1462 1748 1519 firmissime

149 1550 442 1605 credam.Ac
455 1550 503 1604 si
520 1550 742 1622 aliquid
757 1550 815 1605 in
830 1551 912 1605 eis
926 1550 1227 1607 offendero
1245 1553 1466 1608 Litteris
1478 1553 1658 1624 ,quod
1675 1553 1748 1607 vi-

148 1638 309 1693 deatur
337 1639 702 1694 contrarium
753 1639 1015 1706 veritati;
1053 1642 1193 1696 nihil
1228 1641 1409 1705 aliud,
1443 1658 1628 1713 quam
1658 1642 1750 1696 vel

146 1727 447 1783 mendosum
463 1743 600 1783 esse
616 1728 905 1793 codicem,
924 1729 1013 1784 vel
1028 1730 1417 1801 interpretem
1452 1746 1570 1785 non
1589 1747 1749 1785 asse-

146 1824 300 1871 cutum
328 1832 453 1872 esse
470 1817 638 1887 quod
660 1816 885 1873 dictum
899 1823 1005 1883 est,
1027 1818 1114 1873 vel
1137 1835 1230 1873 me
1264 1820 1506 1875 minime
1532 1819 1748 1875 intelle-

146 1903 392 1969 xisse,non
408 1904 904 1974 ambigamAlios
916 1913 1116 1962 autem
1132 1907 1753 1979 italego,utquautali-

144 1991 211 2045 bet
227 1993 514 2049 sanctitate
529 1993 923 2066 doctrinaque
941 1996 1348 2068 prrepolleant,
1371 2012 1489 2051 non
1505 1996 1642 2052 ideo
1657 2013 1750 2051 ve-

146 2096 239 2135 rum
254 2082 741 2155 putem,quiaipsi
756 2084 833 2138 ita
848 2090 1161 2140 senserunt
1182 2102 1197 2151 ;
1213 2086 1316 2140 sed
1330 2087 1473 2157 quia
1488 2087 1630 2141 mihi
1660 2086 1750 2141 vel

146 2186 218 2240 per
238 2172 349 2227 illos
365 2181 644 2229 auctores
670 2174 1015 2238 canonicos,
1051 2175 1140 2230 vel
1168 2176 1465 2247 probabili
1495 2176 1742 2240 ratione,

143 2260 305 2329 quoda
318 2278 445 2317 vero
460 2277 588 2317 non
603 2262 1315 2334 abhorreat,persuadere
1332 2267 1750 2335 poterunt.Nec

145 2350 525 2415 te,mifrater,se
538 2352 684 2406 ntire
702 2352 860 2406 aliud
874 2353 1177 2407 existimo:
1202 2354 1748 2424 prorsus,inquam,

146 2452 230 2491 non
244 2440 543 2495 tearbitror
555 2440 641 2495 sic
655 2440 767 2510 legi
786 2445 920 2496 tuos
936 2441 1119 2497 libros
1141 2442 1602 2513 velle,tauquam
1622 2445 1751 2496 Pro-

149 2525 427 2596 phetarum,
457 2529 546 2583 vel
580 2529 1037 2599 ApOStolorum;
1082 2531 1155 2585 de
1200 2547 1459 2602 quorum
1494 2530 1744 2603 scriptis,

146 2618 429 2683 quodomni
450 2634 653 2673 errore
684 2624 945 2683 careant,
987 2619 1261 2674 dubitare
1302 2619 1595 2675 nefarium
1639 2626 1744 2676 est.

146 2703 263 2758 Absit
282 2704 382 2761 hoc
398 2723 432 2762 a
457 2708 557 2779 pia
580 2706 915 2763 humilitate
936 2713 991 2763 et
1012 2709 1205 2763 veraci
1224 2708 1295 2762 de
1316 2708 1631 2779 temetipso
1652 2724 1749 2763 co-

148 2792 369 2857 gitatione
392 2812 545 2867 ;qua
562 2795 677 2849 nisi
692 2811 853 2850 esses
885 2796 1185 2866 praeditus,
1215 2812 1335 2851 non
1362 2798 1563 2868 utique
1585 2796 1747 2851 dice-

150 2894 237 2933 res:
269 2884 490 2941 Utinam
522 2899 894 2941 mererentur
924 2887 1268 2953 complexus
1293 2892 1445 2950 tuos,
1471 2894 1524 2941 et
1565 2887 1741 2941 colla-

148 2970 261 3026 tione
280 2979 473 3029 mutua
504 2976 601 3030 vel
623 2974 963 3030 duceremus
992 2975 1219 3046 aliqua,
1253 2975 1341 3030 vel
1359 2974 1734 3030 disceremus.

196 3059 381 3117 CAPUT
410 3064 477 3117 Il.
508 3094 579 3103 —
615 3065 667 3117 4.
705 3063 874 3128 Quod
909 3062 957 3117 si
990 3063 1268 3133 teipsum,
1322 3063 1745 3118 consideratio-

148 3160 197 3199 ne
223 3150 328 3204 vita:
352 3167 417 3207 ac
448 3167 693 3206 morum
716 3156 975 3220 tuorum,
1003 3167 1126 3207 non
1159 3152 1432 3206 simulate
1450 3167 1559 3206 nec
1574 3151 1745 3207 falla-

148 3235 251 3290 citer
274 3238 480 3295 dixisse
510 3239 697 3296 credo
723 3256 736 3305 ;
768 3245 999 3311 quanto
1032 3240 1230 3309 magis
1260 3256 1500 3311 asquum
1534 3245 1621 3295 est
1648 3257 1741 3296 me

146 3326 694 3401 credere,apostolum
713 3329 958 3385 Paulum
977 3344 1096 3385 non
1111 3328 1274 3384 aliud
1290 3329 1543 3383 sensisse
1556 3345 1740 3401 quam

146 3414 399 3483 scripserit,
436 3418 535 3472 ubi
569 3417 653 3472 ait
682 3416 756 3471 de
788 3417 957 3472 Petro
980 3422 1038 3471 et
1062 3418 1360 3475 Barnaba:
1398 3418 1542 3472 Cum
1590 3417 1743 3473 vide—

147 3506 362 3573 remquia
375 3523 487 3561 non
501 3511 657 3563 recte
670 3506 1093 3575 ingrediuntur
1116 3506 1197 3562 ad
1218 3506 1524 3563 veritatem
1541 3506 1740 3562 Evan-

146 3591 260 3653 θειιῐ,
298 3593 418 3649 diri
449 3598 628 3651 Petro
661 3610 861 3649 coram
907 3595 1179 3649 omnibus
1213 3612 1229 3648 :
1261 3595 1331 3650 Si
1365 3601 1449 3656 tu,
1494 3610 1626 3649 cum
1663 3594 1740 3649 sis

145 3676 652 3751 Ιαάκωρρηιίιίιεν
663 3690 714 3737 et
735 3682 1102 3749 nonjudaice
1118 3683 1577 3754 vica‘s,quomodo
1594 3684 1741 3739 Gen-

148 3772 202 3818 tes
225 3771 691 3840 cogisjudalzare
716 3772 869 3840 (Gal.
901 3788 958 3833 ιι,
996 3772 1081 3841 14)
1114 3772 1141 3827 ἳ
1172 3774 1247 3826 De
1278 3787 1400 3842 quo
1434 3772 1593 3826 enim
1620 3787 1741 3827 cer-

147 3860 211 3906 tus
234 3857 326 3912 sim
353 3861 513 3930 quod
552 3875 649 3914 me
677 3858 995 3915 scribendo
1028 3860 1120 3914 vel
1147 3859 1453 3931 loquendo
1480 3875 1602 3915 non
1634 3860 1740 3915 fal-

147 3943 216 4009 lat,
241 3946 277 3999 si
301 3947 531 4005 fallebat
557 3948 880 4020 Apostolus
908 3947 1065 4003 ﬁlios
1102 3964 1265 4013 suos,
1318 3965 1473 4020 quos
1522 3949 1739 4004 iterum

146 4036 669 4101 parturiebat,donec
683 4038 739 4091 in
758 4038 843 4091 eis
862 4037 1143 4107 Christus,
1166 4037 1225 4091 id
1239 4042 1326 4093 est
1361 4038 1599 4102 veritas,
1626 4038 1737 4093 for-

147 4124 467 4195 mareturUd.
493 4124 1097 4195 iv,19)?Quibuscum
1114 4126 1736 4196 praamisissetdicens,

145 4205 642 4270 Quaauteinscribo
676 4215 854 4277 vobis,
887 4229 1018 4271 ecce
1034 4230 1237 4271 coram
1270 4216 1405 4279 Deo,
1440 4216 1581 4287 quia
1618 4232 1739 4271 non

142 4300 336 4355 mentior
362 4302 470 4371 (Id.
506 4320 547 4372 ι,
573 4304 667 4374 20)
699 4319 711 4358 :
745 4319 865 4359 non
887 4310 1087 4359 tamen
1108 4305 1394 4359 veraciter
1414 4305 1737 4369 scribebat,

144 4387 214 4437 sed
240 4392 414 4445 nescio
429 4408 552 4464 qua
586 4392 1026 4463 dispensatoria
1052 4392 1440 4448 simulatione
1474 4393 1737 4460 fallebat,

146 4472 312 4531 Vidisse
329 4496 387 4534 se
415 4483 718 4536 Petrumet
753 4482 1223 4537 Barnabamnon
1251 4488 1406 4536 recte
1434 4482 1513 4537 ad
1554 4486 1742 4538 Evan-

144 4560 535 4625 geliiveritatem
550 4568 968 4638 ingredientes,
1000 4586 1069 4624 ac
1091 4571 1255 4625 Petro
1277 4572 1334 4625 in
1352 4570 1563 4626 faciem
1578 4571 1741 4627 resti-

145 4648 372 4716 tisse,non
387 4657 635 4714 obaliud
654 4657 763 4712 nisi
777 4659 937 4729 quod
953 4658 1163 4713 Gentes
1176 4664 1411 4731 cogeret
1418 4660 1437 4730 j
1451 4660 1738 4715 udaizare!

196 4743 239 4794 5.
272 4746 329 4798 At
356 4746 511 4801 enim
526 4748 713 4803 satius
728 4747 1087 4813 estcredere,
1118 4748 1458 4818 apostolum
1489 4749 1741 4805 Paulum

146 4824 324 4899 aliquid
337 4849 449 4889 non
466 4851 600 4890 vere
614 4836 1131 4907 scripsisse,quam
1148 4836 1487 4907 apostolum
1506 4839 1744 4893 Petrum

148 4928 235 4970 non
250 4928 384 4977 recte
406 4923 632 4995 aliquid
647 4926 861 4992 egisse.
880 4926 996 4979 Hoc
1010 4925 1056 4978 si
1075 4924 1153 4979 ita
1165 4926 1473 4990 est,dicam
1484 4927 1746 4997 us,quod

148 5004 282 5073 absit,
296 5011 470 5065 satius
488 5028 618 5067 esse
633 5012 872 5067 credere
892 5012 1120 5068 mentiri
1141 5014 1744 5087 Evangelium,quam

150 5101 522 5161 negatumesse
560 5100 1083 5156 aPetroChristum
1106 5103 1345 5171 (Matth.
1378 5120 1531 5170 xxvr,
1558 5105 1672 5175 75);
1694 5110 1747 5159 et

150 5185 335 5239 mentiri
349 5189 679 5260 Regnorum
693 5189 912 5244 librum
925 5206 1111 5262 quam
1128 5198 1355 5248 tantum
1369 5193 1746 5263 prephetam,

150 5284 175 5321 a
201 5274 681 5333 nominoneotam
709 5279 1062 5334 excellenter
1076 5280 1350 5346 electum,
1382 5286 1437 5336 et
1460 5283 1516 5335 in
1532 5298 1749 5337 concu-

150 5358 380 5423 Discenda
393 5372 571 5438 atque
600 5366 957 5424 abducenda
972 5384 1153 5423 uxore
1170 5369 1365 5425 aliena
1380 5371 1750 5427 commisisse

154 5448 476 5520 adulterium,
525 5462 582 5511 et
632 5456 687 5511 in
720 5458 932 5513 marito
963 5457 1091 5525 ejus
1148 5460 1421 5515 necando
1468 5466 1585 5515 tam
1620 5460 1749 5515 hor-

201 5590 303 5642 ‘Sic
339 5596 457 5646 Edd.
491 5600 557 5646 At
590 5597 714 5647 Mss.
744 5599 1118 5649 novemdeoim
1148 5605 1331 5650 carent
1365 5603 1627 5666 particula
1656 5618 1741 5657 ne.

3420 183 3529 239 278

1871 310 2127 366 rendum
2145 310 2535 368 homicidium
2554 311 2624 384 (ll
2642 309 3051 381 Reg.xr,li,l7).
3070 311 3191 364 lmo
3211 322 3346 363 vero
3360 322 3525 363 sanc-

1869 404 1992 454 tam
2026 400 2413 469 Scripturam,
2452 400 2508 455 in
2547 416 2786 455 summo
2805 404 2860 454 et
2886 398 3111 454 ccelesti
3158 397 3525 452 auctoritatis

1867 488 2123 544 culmine
2138 489 2373 545 colloca'
2388 506 2504 555 um,
2526 490 2598 544 de
2638 490 2876 544 veritate
2891 490 3019 556 ejus
3037 492 3230 541 certus
3247 502 3316 541 ac
3352 501 3523 540 secu-

1868 593 1969 631 rus
2001 578 2218 646 legam,
2261 587 2316 633 et
2344 580 2401 633 iu
2458 594 2529 633 ea
2568 578 2841 633 homines
2875 577 2965 632 vel
3008 574 3396 646 approbatos,
3431 574 3523 629 vel

1866 665 2237 730 emendatos,
2256 666 2684 721 veldamnatos
2718 665 2999 720 veraciter
3018 664 3269 726 discam,
3299 661 3523 733 potius-

1864 769 2069 826 quam,
2111 756 2269 810 facta
2290 756 2559 810 humana
2591 757 2605 790 ¹
2641 755 2785 808 dum
2828 754 2887 808 in
2910 753 3273 824 quibusdam
3318 750 3520 806 lauda-

1864 845 1999 899 bilis
2029 846 2389 900 excellentiaa
2418 844 2686 917 personis
2710 843 3035 915 aliquando
3068 840 3305 897 credere
3336 841 3517 896 timeo

1864 933 2376 1003 reprehendenda,
2437 935 2569 1005 ipsa
2613 932 2817 987 divina
2887 930 3128 1002 eloquia
3186 928 3329 984 mihi
3400 929 3519 983 sint

1866 1022 2087 1093 ubique
2104 1027 2408 1092 suspecta.

1932 1111 1985 1163 6.
2019 1110 2323 1166 Manichaei
2368 1110 2626 1181 plurima
2679 1109 3009 1164 divinarum
3059 1107 3518 1177 Scripturarum,

1862 1198 2081 1269 quibus
2112 1215 2321 1254 eorum
2362 1199 2626 1254 nefarius
2667 1214 2829 1253 error
2856 1196 3185 1252 clarissima
3207 1194 3519 1250 sententia-

1861 1303 1994 1341 rum
2026 1288 2446 1358 perspicuitate
2477 1288 2868 1351 convincitur,
2901 1284 3048 1356 quia
3076 1286 3136 1339 in
3164 1283 3351 1338 alium
3384 1297 3519 1338 sen-

1862 1391 1997 1430 sum
2037 1376 2391 1448 detorquere
2451 1393 2569 1431 non
2616 1380 2884 1448 possunt,
2943 1373 3089 1429 falsa
3126 1388 3255 1428 esse
3280 1377 3521 1427 conten-

1860 1464 2008 1519 dunt
2039 1482 2052 1530 ;
2082 1464 2161 1520 ita
2202 1475 2419 1535 tamen,
2458 1470 2517 1520 ut
2557 1464 2837 1520 eamdem
2899 1464 3214 1519 falsitatem
3239 1477 3355 1515 non
3383 1460 3521 1515 scri-

1860 1553 2139 1608 bentibus
2190 1554 2485 1626 Apostolis
2545 1554 2837 1616 tribuant,
2897 1551 3002 1607 sed
3044 1551 3242 1605 nescio
3300 1549 3519 1621 quibus

1860 1642 2137 1696 codicum
2169 1642 2643 1713 corruptoribus.
2669 1642 2839 1707 Quod
2870 1645 3069 1695 tamen
3101 1639 3244 1710 quia
3262 1653 3369 1693 nec
3392 1638 3519 1709 plu-

1862 1730 2027 1785 ribus
2054 1732 2176 1785 sive
2200 1730 2640 1802 antiquioribus
2665 1729 3127 1800 exemplaribus,
3159 1743 3268 1782 nec
3298 1742 3517 1798 praece-

1860 1820 2051 1874 dentis
2083 1820 2302 1889 linguas
2320 1821 2689 1886 auctoritate,
2713 1818 2871 1873 unde
2890 1819 3049 1873 latini
3068 1816 3200 1871 libri
3232 1816 3519 1886 interpre-

1859 1908 1965 1964 tati
1995 1914 2150 1973 sunt,
2177 1910 2433 1980 probare
2460 1908 2789 1980 aliquando
2826 1910 3173 1977 potuerunt,
3202 1904 3517 1959 notissima

1860 1997 2143 2052 omnibus
2182 1997 2426 2052 veritate
2459 1998 2725 2067 superati
2772 1994 3126 2064 confusique
3177 1992 3514 2047 discedunt.

1860 2087 2021 2141 Itane
2051 2102 2168 2141 non
2201 2085 2467 2155 intelligit
2516 2085 2831 2157 prudentia
2863 2087 3071 2139 sancta
3120 2086 3241 2145 tua,
3287 2085 3517 2151 quanta

1861 2176 2101 2230 malitiae
2134 2175 2369 2229 illorum
2418 2178 2686 2245 patescat
2720 2172 2978 2236 occasio,
3026 2170 3074 2224 si
3107 2185 3228 2224 non
3257 2168 3335 2224 ab
3384 2167 3513 2223 aliis

1860 2263 2222 2333 apostolicas
2254 2263 2498 2318 Litteras
2530 2278 2658 2317 esse
2686 2261 2953 2325 falsatas,
2992 2258 3096 2314 sed
3127 2258 3291 2329 ipsos
3323 2259 3510 2328 Apos-

1861 2353 2010 2408 tolos
2042 2352 2189 2408 falsa
2223 2352 2557 2423 scripsisse,
2591 2351 2859 2405 dicamus
2882 2350 2909 2403 ?

1928 2448 1986 2497 7.
2037 2445 2163 2497 Non
2187 2448 2294 2505 est,
2328 2442 2547 2512 inquis,
2585 2438 2892 2503 credibile,
2935 2438 3048 2493 hoc
3076 2436 3137 2491 in
3177 2439 3343 2491 Petro
3369 2438 3514 2491 Pau-

1856 2530 2003 2595 lum,
2036 2530 2199 2602 quod
2232 2530 2355 2601 ipse
2387 2529 2605 2584 Paulus
2622 2526 3162 2598 fecerat,arguisse.
3197 2527 3325 2580 Non
3350 2538 3512 2578 nunc

1858 2620 2086 2691 inquire
2111 2619 2256 2691 quid
2288 2618 2487 2674 fecerit
2509 2634 2522 2684 ;
2542 2616 2690 2689 quid
2712 2616 3243 2687 scripseritqumro
3276 2612 3423 2668 :hoc
3438 2613 3515 2668 ad

1857 2708 2107 2780 quaestio
2149 2724 2276 2763 nem
2306 2723 2494 2780 quam
2527 2705 2785 2776 suscepi,
2823 2704 3089 2760 maxime
3120 2702 3372 2774 pertinet
3405 2717 3418 2768 ;
3455 2704 3520 2756 ut

1857 2798 2068 2852 veritas
2099 2796 2439 2851 divinarum
2496 2795 2953 2865 Scripturarum,
3013 2792 3091 2847 ad
3136 2794 3405 2846 nostram
3444 2788 3517 2843 ii-

1854 2886 1990 2940 dem
2013 2884 2435 2940 aediticandam
2472 2884 2772 2939 memorias
2823 2880 3269 2943 commendata,
3324 2893 3446 2934 non
3478 2893 3516 2933 a

1852 2973 2233 3046 quibuslibet,
2264 2972 2368 3027 sed
2409 2972 2484 3026 ab
2518 2972 2662 3041 ipsis
2721 2969 3040 3040 Apostolis,
3077 2983 3147 3023 ac
3179 2982 3285 3039 per
3312 2966 3515 3047 hocin

1852 3063 2209 3119 canonicum
2238 3059 2604 3116 auctoritatis
2660 3058 2895 3113 culmen
2946 3063 3202 3128 recepta,
3238 3071 3309 3110 ex
3340 3054 3511 3110 omni

1854 3157 2017 3223 parte
2031 3167 2200 3205 verax
2214 3156 2391 3221 atque
2412 3147 2808 3203 indubitanda
2835 3146 3132 3218 persistat.
3149 3147 3295 3199 Nam
3327 3144 3373 3197 si
3396 3142 3512 3197 hoc

1852 3241 1984 3296 fecit
2001 3244 2200 3295 Petrus
2216 3238 2379 3311 quod
2393 3237 2585 3293 facere
2601 3236 2826 3299 debuit,
2844 3235 3126 3291 mentitus
3152 3237 3241 3287 est
3274 3232 3508 3297 Paulus,

1850 3329 2013 3402 quod
2041 3346 2178 3384 eum
2198 3328 2408 3383 viderit
2424 3342 2543 3383 non
2568 3330 2723 3381 recte
2743 3323 3177 3394 ingredientem
3200 3319 3279 3377 ad
3298 3321 3509 3375 verita-

1850 3424 1967 3473 tem
1995 3417 2311 3487 Evangelii.
2330 3415 2611 3488 Quisquis
2635 3413 2796 3469 enim
2826 3412 2941 3469 hoc
2970 3411 3107 3467 facit
3127 3412 3287 3482 quod
3309 3408 3506 3463 facere

1849 3508 2205 3571 debet,recte
2229 3506 2432 3577 utique
2456 3504 2610 3560 facit.
2640 3505 2701 3558 Et
2722 3502 2855 3557 ideo
2883 3501 3103 3556 falsum
3121 3498 3194 3554 de
3222 3497 3322 3554 illo
3344 3497 3511 3561 dicit,

1848 3597 1947 3667 qui
1961 3596 2248 3650 diciteum
2265 3610 2384 3650 non
2399 3599 2551 3649 recte
2566 3592 2779 3648 fecisse
2793 3589 2958 3660 quod
2977 3603 3115 3644 eum
3134 3588 3297 3643 novit
3315 3586 3510 3643 facere

1848 3684 2216 3740 debuisse.Si
2234 3690 2656 3749 autemverum
2672 3679 2909 3751 scripsit
2924 3676 3158 3741 Paulus,
3176 3691 3387 3731 verum
3417 3680 3513 3730 est

1848 3773 2013 3846 quod
2030 3777 2226 3829 Petrus
2240 3789 2363 3828 non
2382 3776 2536 3827 recte
2559 3776 2700 3827 tunc
2722 3767 3172 3839 ingrediebatur
3192 3765 3271 3820 ad
3290 3764 3508 3820 verita-

1849 3868 1967 3919 tem
1993 3862 2311 3930 Evangelii.
2328 3861 2391 3915 Id
2413 3865 2581 3930 ergot
2604 3858 2861 3914 faciebat
2883 3856 3049 3928 quod
3069 3854 3259 3910 facere
3278 3868 3397 3909 non
3417 3853 3510 3908 de-

1848 3952 2056 4017 bebat;
2078 3954 2133 4006 et
2156 3951 2203 4004 si
2232 3948 2344 4005 tale
2362 3947 2585 4019 aliquid
2607 3946 2825 4001 Paulus
2846 3946 2973 4017 ipse
2985 3945 3109 4014 jam
3129 3942 3365 4005 fecerat,
3385 3956 3510 3997 cor-

1849 4048 2078 4096 rectum
2115 4039 2313 4110 potius
2344 4038 2526 4093 etiam
2551 4036 2751 4106 ipsum
2781 4034 3025 4090 credam
3052 4029 3379 4103 coapostoli
3409 4030 3502 4085 sui

1850 4129 2277 4185 correctionem
2316 4142 2436 4183 non
2482 4126 2747 4198 potuisse
2774 4122 3089 4194 negligere,
3122 4135 3308 4192 quam
3340 4134 3505 4175 men-

1849 4219 2073 4273 daciter
2085 4216 2309 4288 aliquid
2324 4218 2383 4271 iu
2400 4231 2508 4271 sua
2525 4214 2781 4286 Epistola
2796 4213 3093 4285 posuisse;
3110 4210 3236 4266 etin
3252 4208 3512 4281 Epistola

1847 4308 2115 4380 qualibet
2143 4324 2155 4361 :
2190 4310 2417 4378 quanto
2446 4304 2636 4373 magis
2668 4302 2877 4374 inZilla,
2906 4301 2965 4356 in
2995 4315 3118 4373 qua
3147 4298 3509 4371 praelocutus

1849 4398 1949 4463 ait,
1986 4398 2125 4464 Qum
2154 4402 2350 4452 autem
2384 4394 2572 4451 scribo
2616 4394 2795 4457 vobis,
2829 4405 2959 4447 ecce
2990 4403 3188 4445 coram
3220 4389 3339 4443 Deo
3368 4387 3514 4457 quia

1850 4502 1967 4542 non
1994 4488 2250 4542 mentior
2280 4484 2444 4554 (Gal.
2497 4488 2541 4546 l,
2581 4485 2671 4551 20)
2696 4480 2723 4534 ‘i

1922 4578 1972 4629 8.
2008 4575 2129 4642 Ego
2156 4573 2406 4644 quidem
2439 4569 2585 4624 illud
2616 4570 2851 4625 Petrum
2884 4567 2969 4622 sic
3000 4565 3190 4635 egisse
3220 4562 3419 4626 credo,
3450 4565 3515 4616 ut

1851 4664 2060 4719 Gentes
2092 4665 2329 4731 cogeret
2354 4658 2675 4731 judaizare.
2712 4657 2832 4713 Hoc
2859 4656 3019 4712 enim
3042 4652 3173 4722 lego
3201 4652 3513 4722 scripsisse

1852 4751 2123 4815 Paulum,
2152 4765 2335 4822 quem
2376 4749 2690 4804 mentitum
2725 4762 2858 4801 esse
2885 4760 3009 4800 non
3043 4742 3243 4799 credo.
3274 4743 3338 4798 Et
3374 4739 3513 4797 ideo

1851 4858 1973 4898 non
2012 4846 2164 4895 recte
2218 4838 2436 4908 agebat
2482 4837 2597 4893 hoc
2637 4837 2859 4891 Petrus.
2917 4837 3049 4889 Erat
3092 4832 3252 4888 enim
3302 4832 3512 4886 contra

1853 4928 2152 5000 Evangelii
2185 4929 2513 4993 veritatem,
2547 4930 2609 4981 ut
2638 4928 2916 4998 putarent
2947 4923 3051 4995 qui
3083 4921 3409 4977 credebant
3453 4915 3511 4969 in

1853 5019 2172 5082 Christum,
2204 5017 2329 5071 sine
2360 5016 2471 5070 illis
2497 5014 2791 5071 veteribus
2821 5010 3212 5068 sacramentis
3237 5006 3433 5062 salvos
3455 5018 3518 5058 se

1855 5124 1984 5165 esse
2008 5122 2129 5162 non
2154 5121 2346 5178 posse.
2370 5105 2489 5160 Hoc
2518 5104 2676 5159 enim
2702 5100 3149 5159 contendebant
3170 5091 3516 5156 Antiochia),

1855 5197 1957 5269 qui
2011 5212 2081 5251 ex
2123 5194 2571 5251 circumcisione
2629 5190 3051 5247 crediderant:
3110 5186 3317 5239 contra
3367 5194 3522 5253 quos

1858 5286 2071 5342 Paulus
2110 5288 2559 5357 perseveranter
2607 5281 2935 5348 acriterque
2984 5272 3270 5341 conﬂigit.
3312 5272 3521 5343 ipsum

1860 5392 1998 5431 vero
2028 5374 2276 5430 Paulum
2298 5388 2418 5428 non
2452 5371 2530 5427 ad
2560 5370 2673 5425 hoc
2697 5367 2756 5423 id
2779 5366 2993 5434 egisse,
3026 5362 3191 5436 quod
3212 5361 3304 5417 vel
3328 5359 3524 5417 Timo-

1922 5539 1933 5569 ¹
1962 5537 2105 5590 Lov.,
2153 5536 2477 5597 potiusquam
2507 5532 2643 5597 facta
2672 5529 2916 5597 humana,
2942 5526 3260 5597 aedammtc.
3292 5522 3383 5573 sed
3413 5534 3523 5571 me-

1858 5600 1963 5650 lius
1997 5590 2228 5655 sublato,
2261 5590 2429 5654 nefut
2462 5590 2513 5643 in
2550 5594 2667 5643 aliis
2696 5591 2823 5641 Edd.
2863 5594 2915 5641 et
2949 5591 3002 5639 in
3035 5590 3158 5638 Mss.
