3996 6158
522 128 633 182 279

518 252 722 308 theum
785 246 1155 307 circumcidit
1201 244 1352 317 (Act.
1402 257 1521 308 xv1,
1578 243 1652 312 3),
1706 242 1801 297 vel
1856 243 2167 299 Cenchreis

518 345 724 398 votum
752 338 1031 411 persolvit
1062 335 1173 406 (Id.
1226 348 1384 397 xvm,
1427 333 1537 401 18),
1592 331 1681 387 vel
1716 332 2101 404 Jerosolymis
2132 347 2165 387 a

516 429 736 486 Jacobo
767 425 1131 487 admonitus,
1164 438 1301 478 cum
1324 422 1408 477 eis
1432 422 1533 493 qui
1566 426 1875 487 noverant,
1908 421 2169 491 legitima

518 518 618 574 illa
662 514 1021 571 celebranda
1069 512 1328 582 suscepit
1368 510 1486 582 (Id.
1538 527 1658 575 xxr,
1690 510 1803 581 26),
1853 515 1914 565 ut
1962 510 2168 582 putavi

517 606 833 670 videretur,
876 619 981 675 per
1023 618 1094 658 ea
1137 603 1512 657 sacramenta
1549 599 1727 654 etiam
1783 598 2169 654 christianam

518 694 772 750 salutem
802 693 973 758 dari;
1011 691 1116 747 sed
1148 706 1219 745 ne
1246 689 1341 745 illa
1381 705 1516 760 quas
1548 688 1870 760 prioribus,
1923 694 1984 743 ut
2034 703 2169 744 con-

517 783 787 855 gruebat,
830 780 1199 853 temporibus
1229 779 1287 834 in
1320 777 1547 833 umbris
1578 794 1777 832 rerum
1832 777 2168 833 futurarum

518 876 673 929 Deus
688 871 1109 942 ﬁerijusserat,
1126 866 1829 940 tanquamidololatriam
1852 865 2168 921 Gentilium

519 962 811 1017 damnare
832 959 1186 1015 crederetur.
1211 960 1328 1011 Hoc
1348 962 1431 1011 est
1449 956 1608 1010 enim
1631 956 1793 1028 quod
1810 955 1889 1010 illi
1910 955 2169 1010 Jacobus

519 1051 620 1118 ait,
654 1049 925 1105 auditum
947 1048 1019 1102 de
1041 1047 1140 1101 illo
1163 1062 1290 1101 esse
1316 1045 1478 1117 quod
1505 1044 1927 1101 discissionem
1958 1044 2172 1099 doceat

519 1156 555 1196 a
586 1142 783 1209 Moyse
815 1137 1013 1207 (Ibid,
1048 1136 1123 1207 2).
1156 1134 1327 1200 Quod
1356 1133 1560 1206 utique
1600 1133 1769 1189 nefas
1794 1138 1905 1197 est,
1951 1136 2011 1187 ut
2043 1147 2167 1187 cre-

518 1227 725 1282 dentes
742 1227 800 1281 in
816 1225 1114 1282 Christum
1142 1222 1557 1277 discindantur
1572 1237 1607 1277 a
1628 1222 1919 1293 propheta
1939 1219 2167 1285 Christi,

517 1320 806 1387 tanquam
821 1315 870 1385 ej
884 1331 949 1368 us
964 1313 1294 1368 doctrinam
1310 1311 1668 1366 detestantes
1681 1317 1860 1381 atque
1881 1309 2171 1364 damnan-

519 1410 642 1471 tes;
667 1405 741 1459 de
767 1404 1026 1475 quoipse
1049 1402 1315 1457 Christus
1347 1400 1483 1455 dicit
1505 1416 1516 1455 :
1539 1399 1603 1455 Si
1624 1399 1938 1455 crederetis
1963 1398 2168 1467 Moysi,

518 1494 828 1551 crederetis
842 1499 893 1549 et
908 1492 1079 1557 mihi;
1089 1492 1159 1546 de
1172 1506 1260 1545 me
1273 1490 1424 1546 enim
1439 1489 1544 1544 ille
1554 1488 2168 1559 scripsit(Joan.v,46).

585 1581 891 1639 9.Attende
904 1579 1499 1649 enim,obsecro,ipsa
1516 1576 1915 1633 verbaJacobi
1940 1592 1951 1629 :
1982 1576 2168 1641 Vides,

518 1672 728 1743 inquit,
743 1672 1104 1740 frater,quot
1119 1668 1311 1723 millia
1322 1674 1459 1722 sunt
1477 1670 1535 1721 in
1550 1666 1782 1734 Judasa,
1800 1665 1901 1737 qui
1913 1665 2173 1721 credide-

519 1766 661 1817 runt
676 1761 736 1815 in
753 1758 1079 1827 Christum;
1092 1764 1145 1813 et
1160 1756 1431 1812 hiomnes
1447 1756 1816 1812 aemulatores
1827 1759 1965 1810 sunt
1982 1756 2168 1824 Legis.

517 1848 857 1906 Audierant
890 1854 1084 1904 autem
1110 1846 1183 1902 de
1210 1851 1263 1901 te
1298 1846 1437 1917 quia
1468 1844 1866 1900 discissionem
1892 1845 1907 1879 ¹
1942 1844 2111 1899 doces
2137 1857 2174 1899 α

517 1941 721 2009 Moyse
735 1936 1065 2007 eorum,qui
1084 1941 1399 2004 pergentes
1416 1933 1923 1998 sunt,Judaeorum
1938 1950 1956 1998 ;
1973 1932 2176 1989 dicens

518 2045 636 2085 non
650 2028 858 2083 debere
870 2025 1296 2081 circumcidere
1313 2038 1402 2080 eos
1422 2023 1579 2091 ﬁlios
1600 2038 1753 2086 suos,
1769 2037 1957 2093 neque
1974 2037 2150 2077 secun

516 2118 658 2174 dum
679 2114 1155 2173 consuetudinem
1184 2113 1434 2183 ingredi.
1459 2112 1613 2180 Quid
1636 2127 1773 2181 ergo
1794 2111 1928 2167 est?
1965 2112 2177 2182 Utique

514 2212 743 2277 oportet
767 2204 1078 2260 convenire
1098 2201 1543 2258 multitudinem
1558 2224 1577 2270 ,-
1594 2201 1921 2257 audierunt
1947 2199 2098 2255 enim
2122 2205 2177 2255 te

514 2295 932 2364 supervenisse.
968 2294 1092 2347 Hoc
1113 2306 1251 2361 ergo
1270 2292 1393 2360 fac,
1413 2290 1571 2361 quod
1593 2289 1698 2344 tibi
1719 2289 1989 2345 dicimus.
2020 2290 2172 2345 Sunt

516 2385 681 2441 nobis
713 2383 829 2439 viri
876 2388 1134 2452 quatuor
1177 2388 1371 2441 votum
1401 2380 1680 2435 habentes
1722 2393 1901 2446 super
1940 2392 2041 2447 se;
2085 2377 2175 2433 his

515 2472 852 2541 assumptis,
872 2469 1240 2537 sanctiﬁcate
1266 2484 1398 2523 cum
1427 2469 1588 2537 ipsis,
1620 2474 1672 2523 et
1698 2467 1975 2537 impende
1993 2466 2057 2522 in
2080 2482 2174 2523 eos

515 2569 580 2620 ut
620 2562 843 2618 radunt
880 2559 1080 2628 capita
1109 2580 1131 2628 ;
1162 2564 1214 2613 et
1248 2556 1431 2613 scient
1464 2571 1661 2612 omnes
1690 2556 1833 2627 quia
1862 2570 1993 2627 qua
2017 2556 2090 2611 de
2120 2562 2175 2612 te

516 2651 839 2710 audierunt
864 2650 1030 2720 falsa
1078 2653 1235 2711 sunt,
1279 2646 1381 2703 sed
1416 2646 1678 2718 sequeris
1719 2652 1772 2702 et
1815 2645 1940 2715 ipse
1982 2648 2175 2701 custo-

518 2742 683 2798 diens
717 2741 919 2808 legem.
965 2739 1048 2793 De
1094 2736 1372 2794 Gentibus
1410 2743 1605 2793 autem
1636 2736 1739 2806 qui
1769 2735 2169 2799 crediderunt,

515 2847 619 2887 nos
671 2827 1107 2892 mandavimus,
1138 2826 1478 2895 judicantes
1512 2825 1666 2881 nihil
1716 2824 2021 2895 ejusmodi
2050 2838 2174 2880 ser-

517 2934 661 2977 vare
685 2919 837 2987 illos,
871 2916 988 2973 nisi
1015 2924 1077 2971 ut
1103 2931 1161 2972 se
1186 2915 1492 2971 observent
1524 2914 1599 2969 ab
1629 2913 1807 2970 idolis
1846 2913 2168 2982 immolato,

515 3016 614 3068 eta
632 3008 942 3079 sanguine,
959 3013 1011 3062 et
1025 3021 1061 3062 a
1075 3005 1481 3075 fornicatione
1495 3003 1641 3075 (Act.
1662 3019 1780 3067 xxi,
1798 3004 2005 3073 20-25).
2023 3004 2166 3065 Non,

514 3098 749 3172 opinor,
783 3096 1104 3153 obscurum
1154 3100 1264 3160 est,
1306 3099 1360 3149 et
1398 3094 1686 3149 Jacobum
1723 3093 1834 3147 hoc
1866 3092 2000 3147 ideo
2042 3106 2169 3146 mo-

511 3189 738 3251 nuisse,
758 3190 819 3243 ut
840 3186 1059 3241 scirent
1076 3183 1225 3240 falsa
1246 3199 1373 3238 esse
1392 3198 1524 3254 quas
1548 3182 1621 3237 de
1644 3182 1741 3237 illo
1762 3181 2072 3237 audierant
2090 3180 2170 3244 hi,

511 3278 615 3349 qui
646 3292 784 3333 cum
811 3276 869 3330 in
891 3275 1183 3329 Christum
1206 3288 1277 3327 ex
1303 3271 1519 3327 Judaeis
1540 3270 1952 3334 credidissent,
1968 3274 2173 3324 tamen

515 3365 892 3423 mmulatores
905 3366 1073 3418 erant
1088 3360 1354 3431 Legis,ne
1370 3376 1474 3430 per
1492 3358 1831 3414 doctrinam
1851 3358 2061 3413 Christi
2081 3374 2174 3413 ve-

513 3456 601 3511 lut
622 3453 934 3521 sacrilega,
951 3466 1060 3506 nec
1084 3452 1202 3505 Deo
1227 3448 1552 3504 mandante
1567 3448 1905 3518 conscripta
1922 3448 2175 3503 damna-

515 3543 564 3598 ri
598 3545 947 3614 putarentur
971 3555 1107 3611 quas
1135 3554 1239 3611 per
1262 3540 1494 3608 Moysen
1516 3536 1786 3609 patribus
1805 3536 2041 3591 fuerant
2072 3537 2175 3591 mi-

518 3632 789 3687 nistrata.
806 3630 924 3685 Hoc
945 3627 1104 3684 enim
1120 3626 1194 3682 de
1219 3626 1398 3682 Paulo
1415 3626 1808 3696 jactaverant,
1828 3640 1946 3680 non
1975 3624 2054 3679 illi
2074 3625 2176 3696 qui

517 3719 927 3789 intelligebant
939 3734 1061 3790 quo
1076 3717 1280 3774 animo
1294 3715 1556 3771 aJudaais
1572 3714 1849 3771 fidelibus
1866 3713 2177 3771 observari

521 3810 789 3867 tuncista
801 3808 1103 3873 deberent,
1123 3811 1362 3879 propter
1382 3804 1933 3861 commendandam
1959 3802 2182 3859 scilicet

520 3899 936 3957 auctoritatem
978 3896 1249 3952 divinam
1291 3898 1345 3950 et
1379 3898 1887 3950 sacramentorum
1943 3892 2179 3947 illorum

522 3988 938 4062 propheticam
981 3988 1380 4048 sanctitatem,
1415 3999 1536 4038 non
1568 3988 1809 4055 propter
1851 3981 2181 4054 adipiscen-

525 4078 666 4133 dam
686 4076 963 4141 salutem,
978 4074 1250 4145 quaajam
1270 4073 1328 4127 in
1346 4072 1573 4127 Christo
1588 4071 1984 4135 revelabatur,
2008 4076 2063 4126 et
2079 4085 2183 4141 per

524 4164 810 4238 Baptismi
836 4166 1282 4219 sacramentum
1312 4160 1795 4224 ministrabatur;
1833 4160 1933 4215 sed
1960 4159 2039 4215 illi
2069 4160 2183 4215 hoc

528 4256 604 4313 de
627 4253 807 4310 Paulo
843 4256 1204 4325 sparserant,
1238 4250 1341 4323 qui
1381 4250 1464 4304 sic
1494 4266 1564 4305 ea
1596 4248 2185 4307 volebantobservari

528 4350 820 4417 tanquam
834 4342 961 4398 sine
974 4340 1067 4397 his
1080 4339 1091 4393 i
1105 4356 1138 4395 n
1154 4338 1473 4409 Evangelio
1487 4338 1647 4394 salus
1663 4338 2040 4395 credentibus
2056 4354 2186 4395 esse

525 4450 647 4492 non
660 4432 1090 4506 posset.lpsum
1105 4430 1263 4486 enim
1278 4432 1585 4485 senserant
1597 4428 2075 4484 vehementissim
2086 4444 2185 4483 um

528 4522 734 4594 gratias
774 4519 1229 4593 praedicatorem
1256 4523 1312 4573 et
1340 4517 1651 4572 intentioni
1693 4533 1896 4571 eorum
1933 4518 2187 4572 maxime

529 4612 873 4673 adversum,
889 4610 1203 4665 docentem
1224 4623 1343 4664 non
1362 4607 1579 4678 perilla
1592 4607 1895 4663 hominem
1907 4606 2190 4677 justiﬁca-

530 4699 710 4768 ri,sed
725 4715 830 4771 per
848 4699 1104 4768 gratiam
1117 4700 1252 4752 Jesu
1269 4698 1497 4761 Christi,
1518 4697 1689 4765 cujus
1710 4696 2189 4767 prienuutianda:

534 4786 1087 4845 causaillaaumbraa
1111 4787 1167 4841 in
1192 4788 1337 4854 Lege
1366 4784 1663 4840 mandatas
1690 4789 1845 4839 sunt.
1868 4786 1928 4839 Et
1954 4783 2087 4839 ideo
2109 4783 2190 4839 illi

533 4877 822 4937 invidiam
844 4880 901 4931 et
923 4874 1388 4945 persecutionem
1409 4873 1715 4930 molientes
1728 4874 2044 4937 concitare,
2063 4878 2195 4929 tan-

537 4984 725 5042 quam
758 4966 1069 5022 inimicum
1098 4964 1261 5034 Legis
1288 4963 1834 5034 mandatorumque
1851 4962 2191 5017 divinorum

541 5056 1045 5115 criminabantur:
1065 5053 1236 5123 cujus
1262 5052 1423 5108 falsae
1452 5052 1879 5107 criminationis
1905 5051 2193 5107 invidiam

544 5146 970 5217 congruentius
996 5143 1259 5198 devitare
1287 5157 1406 5196 non
1436 5146 1656 5212 posset,
1682 5156 1866 5213 quam
1894 5147 1953 5194 ut
1975 5155 2045 5195 ea
2067 5140 2195 5211 ipse

544 5234 867 5290 celebraret
904 5250 1038 5304 quae
1064 5233 1354 5289 damnare
1381 5236 1669 5301 tanquam
1699 5229 1985 5297 sacrilega
2026 5234 2194 5301 puta-

548 5324 746 5388 batur,
780 5330 955 5394 atque
987 5325 1062 5378 ita
1109 5322 1466 5385 ostenderet,
1503 5335 1609 5375 nec
1647 5318 1885 5374 .ludeeos
1938 5324 2075 5373 tunc
2121 5320 2198 5375 ab

549 5410 633 5466 eis
666 5416 955 5481 tanquam
999 5428 1033 5465 a
1066 5411 1304 5466 nefariis
1338 5409 1759 5481 prohibendos,
1802 5424 1908 5462 nec
1941 5409 2197 5463 Gentiles

613 5554 627 5585 ι
659 5550 905 5612 Vulgata,
939 5553 1305 5602 discessionem.
1346 5552 1409 5601 M.

1812 118 1870 175 S.
1907 115 2290 174 AUGUSTINI
2330 115 2647 173 EPISCOPI

3784 127 3878 186 280

2274 241 2353 297 ad
2413 257 2484 298 ea
2558 246 2848 315 tanquam
2921 247 2999 302 ad
3063 248 3399 305 necessaria
3452 249 3881 322 compellendos.

2350 331 2432 385 10.
2456 332 2607 386 Nam
2631 332 2677 386 si
2707 348 2914 390 revera
2945 335 3025 390 sic
3051 351 3121 391 ea
3154 337 3510 408 reprobaret,
3533 340 3886 410 quemadmo-

2275 420 2419 476 dum
2451 419 2524 475 de
2558 420 2653 475 illo
2684 423 2957 479 auditum
2989 428 3131 495 erat,
3167 430 3222 480 et
3250 426 3384 481 ideo
3415 426 3752 484 celebranda
3779 446 3887 484 sus-

2275 508 2518 581 ciperet,
2550 516 2611 565 ut
2635 512 2869 566 actione
2896 512 3177 569 simulata
3206 531 3377 570 suam
3407 521 3605 587 posset
3626 517 3884 575 occultare

2276 599 2650 665 sententiam,
2670 615 2788 655 non
2817 601 2867 655 ei
2889 601 3109 658 diceret
3127 603 3410 669 Iacobus,
3431 605 3503 659 Et
3524 606 3697 661 scient
3719 622 3884 664 omnes

2276 687 2380 743 sed
2411 687 2650 754 diceret,
2685 691 2749 744 Et
2776 690 3066 760 putabunt
3084 708 3317 757 omnes,
3335 694 3611 766 quoniam
3636 696 3883 765 quzdete

2277 776 2622 841 audierunt,
2638 778 2804 846 falsa
2826 787 2991 835 sunt:
3006 782 3328 852 praesertim
3356 781 3502 854 quia
3522 783 3578 837 in
3607 783 3731 854 ipsis
3756 785 3880 839 tero-

2277 865 2524 936 solymis
2575 867 2834 937 Apostoli
2871 868 2998 939 jam
3040 870 3445 937 decreverant,
3496 887 3569 927 ne
3608 873 3871 943 quisquam

2278 956 2489 1010 Gentes
2512 962 2747 1024 cogeret
2773 956 3079 1024 judaizare
3110 960 3269 1030 (Act.
3309 977 3409 1025 xv,
3438 960 3525 1030 28)
3552 977 3563 1023 ;
3592 975 3700 1015 non
3718 965 3877 1016 autem

2276 1043 2675 1107 decreverant,
2710 1060 2781 1100 ne
2824 1047 3148 1118 quisquam
3180 1054 3320 1104 tunc
3348 1048 3592 1104 Judmos
3614 1049 3876 1119 judaizare

2277 1132 2636 1203 prohiberet,
2653 1134 2929 1205 quamvis
2946 1136 3123 1192 etiam
3138 1137 3301 1208 ipsos
3321 1139 3453 1208 jam
3468 1137 3722 1193 doctrina
3735 1138 3880 1193 chris-

2278 1220 2441 1276 tiana
2472 1236 2590 1275 non
2632 1227 2885 1292 cogeret.
2937 1225 3186 1280 Proinde
3235 1227 3282 1281 si
3330 1230 3466 1297 post
3513 1226 3885 1297 Apostolorum

2277 1309 2580 1365 decretum
2610 1313 2810 1367 Petrus
2841 1312 3047 1368 habuit
3079 1314 3240 1371 illam
3264 1315 3323 1369 in
3356 1316 3659 1370 Antiochia
3680 1314 3889 1369 simula-

2279 1399 2522 1460 tionem,
2557 1415 2681 1471 qua
2711 1402 2922 1457 Gentes
2954 1408 3191 1473 cogeret
3230 1404 3558 1475 judaizare,
3598 1402 3750 1476 quod
3784 1404 3889 1473 jam

2280 1502 2388 1542 nec
2414 1488 2538 1559 ipse
2561 1489 2906 1557 cogebatur,
2926 1506 3108 1562 quam
3132 1494 3216 1547 vis
3243 1498 3490 1565 propter
3510 1492 3890 1548 commendan-

2280 1577 2358 1631 da
2380 1577 2618 1648 eloquia
2651 1579 2748 1633 Dei
2771 1594 2906 1652 quas
2925 1581 3143 1636 Judaais
3165 1587 3304 1637 sunt
3330 1582 3573 1645 credita,
3599 1597 3708 1636 non
3730 1580 3893 1651 prohi-

2281 1666 2567 1732 bebatur;
2596 1668 2741 1739 quid
2766 1668 3008 1735 mirum,
3035 1671 3689 1741 siconstringebateum
3709 1671 3895 1724 Paulus

2279 1756 2463 1812 libere
2502 1772 2784 1824 asserere,
2830 1760 2996 1830 quod
3051 1776 3189 1816 cum
3236 1762 3471 1816 caeteris
3521 1758 3794 1833 Apostolis
3843 1773 3892 1811 se

2278 1845 2666 1917 Jerosolymis
2699 1846 3031 1904 decrevisse
3058 1850 3412 1906 meminerat
3436 1848 3466 1904 'P

2357 1938 2376 1988 1
2393 1938 2408 1988 t
2427 1935 2503 1989 .Si
2517 1939 2715 1991 autem
2731 1937 3036 2008 hoc,quod
3053 1939 3243 2008 magis
3260 1938 3672 2004 arbitror,ante
3686 1936 3811 1992 illud
3822 1936 3893 1989 Je-

2282 2022 2669 2095 rosolymitan
2681 2041 2778 2079 um
2798 2024 3114 2081 concilium
3132 2027 3336 2083 Petrus
3349 2026 3617 2089 fecit;nec
3630 2026 3705 2081 sic
3720 2024 3898 2080 mirum

2282 2116 2388 2176 est,
2414 2112 2575 2181 quod
2597 2128 2736 2167 eum
2769 2113 3005 2171 volebat
3029 2115 3241 2172 Paulus
3270 2131 3389 2171 non
3418 2115 3618 2171 timide
3639 2114 3897 2181 obtegere,

2285 2200 2387 2254 sed
2418 2200 2667 2256 ﬁdenter
2698 2218 2963 2259 asserere
2985 2204 3151 2276 quod
3172 2220 3311 2259 eum
3336 2206 3554 2277 pariter
3577 2202 3892 2271 sentirejam

2283 2295 2562 2346 noverat:
2583 2291 2705 2346 sive
2722 2292 2887 2363 quod
2911 2309 3046 2347 cum
3075 2308 3146 2347 eo
3164 2294 3501 2348 contulerat
3525 2290 3898 2361 Evangelium;

2284 2380 2403 2434 sive
2430 2379 2593 2451 quod
2627 2382 2685 2435 in
2717 2381 2969 2437 Cornelii
3001 2382 3364 2437 centurionis
3408 2383 3724 2445 vocatione,
3753 2379 3901 2435 etiam

2282 2468 2565 2523 divinitus
2583 2484 2721 2524 eum
2740 2470 2813 2523 de
2836 2470 2949 2525 hac
2972 2486 3032 2525 re
3055 2470 3437 2527 admonitum
3459 2472 3783 2540 acceperat;
3802 2468 3900 2520 sive

2282 2557 2447 2629 quod
2472 2564 2734 2629 antequa
2757 2560 2919 2622 milli.
2944 2576 3098 2632 quos
3120 2561 3419 2624 timuerat,
3441 2560 3722 2614 venissent
3744 2556 3903 2610 Antio-

2280 2647 2502 2710 chiam.
2535 2664 2673 2703 cum
2698 2649 2975 2718 gentibus
3003 2666 3141 2704 eum
3169 2652 3446 2705 convesci
3478 2648 3716 2703 viderat.
3743 2650 3903 2714 Neque

2280 2736 2438 2792 enim
2468 2752 2763 2805 negamus
2794 2737 2853 2792 in
2879 2738 2995 2793 hac
3019 2740 3311 2794 sententia
3337 2738 3524 2794 fuisse
3546 2738 3665 2809 jam
3689 2737 3902 2795 Petrum,

2276 2826 2337 2911 in
2386 2841 2507 2897 qua
2552 2831 2608 2881 et
2641 2826 2854 2881 Paulus
2898 2826 3023 2882 fuit.
3061 2830 3188 2883 Non
3228 2828 3432 2899 itaque
3464 2832 3602 2883 tunc
3632 2841 3758 2882 eum
3786 2818 3906 2895 quid

2281 2909 2342 2968 1n
2386 2931 2455 2969 ea
2484 2930 2545 2969 re
2571 2930 2777 2971 verum
2809 2931 2942 2971 esse
2986 2916 3279 2973 docebat:
3325 2917 3431 2972 sed
3462 2916 3589 2987 ejus
3620 2909 3910 2970 simulatio-

2281 3019 2445 3069 nem,
2474 3019 2598 3075 qua
2630 3006 2839 3059 Gentes
2869 3005 3173 3076 judaizare
3204 3006 3593 3077 cogebantur,
3623 3000 3903 3073 arguebat;

2282 3108 2403 3147 non
2434 3093 2514 3147 ob
2544 3092 2727 3159 aliud,
2764 3094 2873 3147 nisi
2904 3094 3048 3164 quia
3079 3094 3161 3149 sic
3192 3094 3293 3149 illa
3319 3095 3527 3151 omnia
3576 3088 3905 3147 simulatoria

2282 3181 2661 3251 gerebantur,
2688 3186 2975 3254 tanquam
3022 3198 3227 3237 verum
3274 3189 3431 3238 esset
3462 3182 3624 3255 quod
3663 3180 3734 3235 illi
3770 3178 3903 3233 dice-

2280 3269 2445 3335 bant,
2479 3270 2577 3343 qui
2618 3270 2743 3327 sine
2773 3270 3228 3327 circumcisione
3260 3273 3532 3344 praeputii
3583 3276 3750 3343 atque
3796 3266 3901 3323 aliis

2282 3359 2807 3416 observationibus
2864 3377 3001 3433 quas
3064 3366 3235 3417 erant
3292 3362 3526 3417 umbra:
3584 3361 3898 3419 futurorum,

2282 3448 2577 3520 putabant
2595 3449 2904 3505 credentes
2929 3450 3125 3505 salvos
3146 3466 3275 3506 esse
3300 3465 3425 3506 non
3456 3465 3655 3522 posse.

2359 3539 2443 3592 1‘2.
2470 3540 2617 3607 Ergo
2639 3544 2693 3593 et
2718 3538 3094 3595 Timotheum
3120 3540 3497 3596 circumcidit
3514 3542 3824 3611 propterea,
3842 3546 3899 3586 ne

2283 3626 2588 3693 Judaais,et
2607 3629 2865 3683 maxime
2883 3629 3224 3699 cognationi
3238 3629 3368 3699 ejus
3390 3634 3670 3683 maternae
3690 3626 3763 3680 sic
3778 3622 3903 3676 vide-

2286 3720 2490 3770 rentur
2530 3715 2631 3787 qui
2681 3731 2749 3771 ex
2787 3716 3070 3771 Gentibus
3117 3718 3178 3772 in
3218 3717 3519 3773 Christum
3550 3713 3900 3771 crediderant,

2287 3804 2566 3859 detestari
2583 3805 3121 3870 circumcisionem,
3143 3802 3904 3861 sicutidololatriadetestan-

2288 3892 2368 3947 da
2386 3897 2499 3947 est:
2521 3908 2657 3947 cum
2672 3893 2833 3948 illam
2852 3897 3002 3949 Deus
3015 3894 3141 3949 ﬁeri
3159 3895 3686 3966 praeceperit,hanc
3702 3894 3905 3945 satanas

2290 3982 2669 4053 persuaserit.
2695 3985 2757 4037 Et
2777 3984 2968 4038 Titum
2988 3989 3303 4054 propterea
3324 3999 3445 4039 non
3472 3978 3833 4039 circumcidit,
3849 3988 3905 4029 ne

2291 4071 2670 4127 occasionem
2685 4072 2945 4127 dareteis
2965 4073 3067 4144 qui
3081 4073 3207 4128 sine
3222 4072 3320 4128 illa
3333 4064 3907 4128 circumcisionedice-

2291 4159 2438 4215 bant
2467 4160 2772 4215 credentes
2804 4161 3003 4217 salvos
3028 4176 3156 4216 esse
3187 4176 3309 4217 non
3336 4176 3537 4233 posse,
3560 4165 3616 4217 et
3642 4159 3715 4214 ad
3731 4156 3905 4221 decep-

2293 4250 2517 4305 tionem
2546 4250 2816 4305 Gentium
2840 4250 2952 4305 hoc
2973 4250 3154 4306 etiam
3190 4250 3477 4305 Paulum'
3515 4249 3721 4306 sentire
3761 4244 3909 4314 jacta-

2294 4343 2444 4395 rent.
2480 4338 2643 4404 Quod
2672 4339 2797 4410 ipse
2819 4338 2960 4393 satis
2987 4338 3302 4408 signiﬁcat,
3334 4338 3437 4395 ubi
3481 4340 3560 4394 ait
3585 4353 3597 4393 :
3624 4335 3737 4393 Sed
3760 4339 3910 4400 neque

2304 4429 2467 4484 Titus
2484 4427 2580 4498 qui
2594 4442 2817 4483 mecum
2840 4434 2987 4491 erat,
3015 4442 3149 4484 cum
3175 4435 3318 4483 esset
3341 4429 3597 4494 Graecus,
3616 4421 3910 4492 compulsus

2297 4524 2375 4575 est
2390 4516 2761 4573 circumcidi:
2780 4523 3027 4585 propter
3046 4517 3527 4573 subintroductos
3549 4522 3737 4572 autem
3751 4509 3909 4581 falsos

2292 4607 2540 4679 fratres,
2572 4606 2675 4677 qui
2707 4606 3176 4662 subintroierant
3213 4606 3589 4675 perscrutari
3624 4603 3905 4659 libertatem

2298 4702 2586 4759 nostram,
2629 4701 2693 4749 ut
2734 4711 2838 4751 nos
2867 4694 2930 4750 in
2969 4696 3305 4751 servitutem
3352 4695 3705 4765 redigerent,
3734 4685 3910 4760 quibus

2303 4801 2407 4842 nec
2427 4785 2506 4840 ad
2528 4785 2737 4841 horam
2759 4786 3030 4840 cessimus
3047 4784 3499 4855 subjectione,ut
3515 4783 3726 4841 veritas
3740 4778 3909 4834 Evan-

2301 4874 2441 4946 gelii
2468 4880 2815 4942 permaneat
2860 4874 2940 4929 ad
2970 4889 3068 4929 vos
3098 4874 3256 4945 (Gal.
3300 4891 3357 4937 ιι,
3392 4874 3524 4945 3-5).
3563 4873 3657 4927 Hic
3702 4864 3910 4939 apparet

2303 4962 2449 5036 quid
2474 4978 2574 5017 eos
2596 4969 2837 5034 captare
2860 4962 3220 5025 intellexerit,
3245 4966 3305 5017 ut
3324 4978 3445 5017 non
3471 4962 3681 5016 faceret
3698 4950 3842 5029 quod
3865 4948 3906 5002 in

2302 5052 2606 5107 Timotheo
2639 5052 2874 5119 fecerat,
2904 5057 2959 5107 et
2998 5052 3161 5123 quod
3184 5068 3254 5107 ea
3279 5052 3547 5107 libertate
3578 5049 3755 5105 facere
3776 5042 3911 5113 pote-

2305 5145 2416 5207 rat,
2451 5156 2573 5213 qua
2593 5141 2932 5196 Ostenderat
2956 5143 2977 5176 ²
3003 5141 3098 5196 illa
3127 5146 3501 5197 sacramenta
3527 5155 3632 5193 nec
3661 5140 3908 5203 tanquam

2306 5230 2645 5286 necessaria
2676 5230 2892 5285 debere
2932 5231 3153 5302 appeti,
3188 5246 3295 5285 nec
3326 5235 3613 5302 tanquam
3662 5219 3909 5283 sacrilega

2307 5320 2524 5376 debere
2559 5319 2854 5374 damnari.

2371 5426 2586 5497 ‘AYalic.
2626 5425 2755 5475 Mss.
2789 5426 2913 5485 duo,
2946 5441 3051 5475 non
3072 5442 3230 5491 posse,
3267 5432 3311 5475 et
3343 5426 3395 5474 id
3428 5425 3677 5474 Ductorem
3708 5414 3907 5466 Gentium

2309 5494 2513 5537 sentire.

2372 5552 2389 5582 ³
2424 5551 2545 5599 Mss.
2574 5564 2683 5607 sex,
2715 5553 3013 5602 ostenderet.
