4040 6174
222 186 304 240 881
1451 178 1955 237 EPISTOLARUM
1997 180 2287 237 CLASSIS
2330 181 2396 238 II.

282 312 355 365 l3.
402 307 508 364 Sed
551 304 889 363 cavendum
920 307 1006 361 est
1030 303 1303 361 videlicet
1332 304 1390 359 in
1421 305 1535 362 hac
1578 305 1837 379 disputa-

213 399 376 463 tione,
401 396 649 463 ne,sicut
670 394 1323 467 philosophi,quaadam
1342 393 1497 450 facta
1522 395 1835 451 hominum

212 486 392 542 media
409 486 678 541 dicamus
700 485 853 540 inter
868 491 1025 539 recte
1044 484 1267 539 factum
1286 489 1343 539 et
1360 489 1835 556 peccatumque:

209 590 385 647 neque
418 574 475 629 in
504 578 655 629 recte
690 573 876 637 factis,
912 588 1107 644 neque
1138 573 1196 627 in
1227 573 1484 644 peccatis
1518 587 1839 628 numeren-

206 668 329 729 tur;
385 668 441 718 et
484 678 804 733 urgeamur
835 677 907 717 eo
950 660 1115 734 quod
1147 661 1465 718 observare
1497 662 1661 734 Legis
1692 662 1832 718 ceri-

206 752 424 809 monias
448 768 565 808 non
581 756 771 823 potest
789 767 919 806 esse
946 750 1312 821 indifferens,
1336 752 1439 807 sed
1464 758 1567 807 aut
1584 752 1833 818 bonum,

205 846 297 897 aut
320 840 574 896 malum:
602 847 684 905 ut,
721 841 770 895 si
790 839 1021 896 bonum
1051 840 1393 905 dixerimus,
1416 856 1518 895 eas
1550 855 1660 895 nos
1690 855 1836 911 quo-

202 947 304 1003 que
327 931 641 986 observare
694 945 1026 1002 cogamur;
1067 930 1113 983 si
1159 934 1358 985 autem
1410 929 1658 994 malum,
1713 944 1832 984 non

203 1034 336 1083 vere,
363 1019 466 1073 sed
489 1018 764 1074 simulate
786 1018 863 1073 ab
885 1016 1177 1090 Apostolis
1195 1019 1543 1076 observatas
1562 1033 1687 1073 esse
1710 1033 1834 1072 cre-

199 1108 420 1164 damus.
474 1110 592 1180 Ego
644 1124 784 1164 vero
827 1107 1126 1179 Apostolis
1156 1123 1277 1162 non
1326 1114 1444 1164 tam
1489 1106 1833 1179 exemplum

200 1197 679 1269 philosophorum
706 1198 904 1265 timeo,
927 1196 1173 1269 quando
1185 1201 1242 1253 et
1262 1196 1343 1252 illi
1360 1198 1420 1253 in
1446 1214 1556 1252 sua
1569 1197 1834 1268 disputa-

201 1287 340 1343 tione
358 1288 478 1343 veri
496 1287 719 1359 aliquid
735 1287 962 1351 dicunt,
978 1303 1158 1359 quam
1177 1286 1501 1343 forensium
1515 1287 1835 1343 advocato-

199 1391 337 1443 rum,
354 1376 602 1448 quando
624 1377 682 1430 in
714 1377 1049 1432 alienarum
1071 1392 1392 1432 causarum
1419 1378 1650 1432 actione
1675 1390 1835 1430 men-

201 1467 420 1520 tiuntur.
466 1467 729 1531 Quorum
780 1466 1105 1521 similitudo
1130 1466 1177 1520 si
1207 1466 1265 1521 in
1298 1466 1429 1537 ipsa
1460 1465 1833 1538 expositione

199 1554 450 1625 Epistolas
464 1555 541 1609 ad
557 1555 793 1611 Galatas
807 1555 882 1610 ad
897 1554 1377 1611 conﬁrmandam
1391 1554 1830 1610 simulationem

197 1644 325 1699 Petri
340 1648 394 1699 et
415 1643 578 1699 Pauli
603 1648 810 1715 putata
826 1650 914 1700 est
926 1644 1202 1699 decenter
1223 1644 1421 1699 induci
1436 1645 1518 1716 (a)
1535 1661 1548 1710 ;
1565 1644 1705 1715 quid
1722 1658 1831 1713 ego

195 1732 337 1804 apud
378 1738 429 1787 te
472 1734 716 1788 timeam
749 1749 969 1789 nomen
1011 1732 1525 1805 philosophorum,
1566 1733 1668 1805 qui
1712 1748 1830 1787 non

195 1828 488 1894 propterea
524 1822 661 1877 vani
693 1827 850 1888 sunt,
884 1823 1025 1894 quia
1053 1823 1255 1877 omnia
1288 1822 1434 1878 falsa
1464 1822 1697 1888 dicunt;
1727 1822 1831 1877 sed

195 1912 316 1983 quia
340 1918 392 1967 et
420 1911 590 1967 falsis
623 1911 920 1984 plerisque
940 1910 1272 1977 conﬁdunt,
1300 1918 1357 1967 et
1387 1911 1483 1967 ubi
1508 1927 1644 1966 vera
1667 1912 1833 1966 inve-

194 2002 414 2056 niuntur
435 2002 656 2065 dicere,
683 2018 716 2057 a
740 2000 948 2056 Christi
966 2001 1179 2071 gratia.
1206 2002 1305 2074 qui
1334 2005 1421 2056 est
1441 2001 1573 2072 ipsa
1593 2000 1832 2071 veritas,

193 2088 344 2145 alieni
374 2090 565 2145 sunt?

260 2181 329 2233 l4.
348 2181 461 2235 Cur
473 2184 679 2234 autem
697 2194 813 2235 non
828 2178 1024 2234 dicam
1045 2184 1335 2250 praecepta
1349 2178 1446 2234 illa
1460 2183 1719 2234 veterum
1737 2194 1831 2234 sa-

189 2272 613 2324 cramentorum
637 2284 745 2323 nec
772 2268 934 2325 bona
950 2284 1097 2339 esse,
1127 2268 1267 2340 quia
1298 2284 1417 2324 non
1450 2270 1530 2323 eis
1555 2268 1832 2324 homines

189 2356 601 2426 justificantur;
632 2358 1038 2425 umbrmienim
1061 2364 1198 2412 sunt
1218 2358 1682 2428 praenuntiantes
1702 2372 1833 2429 gra-

192 2446 914 2518 tiam,quajustiﬁcamur;
934 2462 1041 2502 nec
1057 2451 1254 2503 tamen
1270 2447 1449 2515 mala,
1465 2447 1609 2519 quia
1621 2446 1830 2502 divini-

190 2538 268 2591 tus
281 2541 580 2608 praecepta
592 2537 1005 2607 snnt,tempori
1022 2536 1405 2608 personisque
1419 2537 1827 2606 congruentia:

192 2639 307 2679 cum
322 2641 413 2680 me
425 2627 499 2681 ad
503 2626 527 2695 j
542 2630 675 2680 uvet
687 2626 863 2681 etiam
881 2625 1227 2697 prophetica
1239 2626 1677 2697 sententia,qua
1690 2625 1832 2681 dicit

194 2713 389 2769 Densse
404 2716 482 2770 illi
502 2715 728 2787 populo
740 2715 973 2769 dedisse
988 2720 1280 2787 praecepta
1294 2731 1409 2769 non
1428 2715 1826 2783 bona(E’zech.

192 2803 587 2873 xx,25)?Forte
621 2804 778 2858 enim
824 2812 1139 2875 propterea
1170 2819 1288 2858 non
1331 2803 1478 2858 dixit
1520 2803 1698 2869 mala,
1726 2804 1828 2858 sed

194 2898 392 2947 tantum
413 2909 539 2947 non
556 2892 795 2962 bona,id
810 2898 897 2947 est
911 2908 1031 2948 non
1044 2892 1183 2947 talia
1200 2898 1261 2946 ut
1274 2892 1384 2947 illis
1396 2892 1672 2947 homines
1685 2892 1827 2948 boni

192 2978 333 3047 ﬁant,
353 2987 454 3037 aut
470 2982 605 3037 sine
626 2980 740 3037 illis
753 2980 893 3037 boni
912 2998 1030 3037 non
1050 2982 1216 3037 ﬁant.
1231 2981 1453 3037 Vellem
1471 2997 1565 3037 me
1590 2981 1831 3037 doceret

194 3067 429 3139 benigna
457 3070 786 3126 Sinceritas
820 3075 937 3136 tua,
969 3075 1166 3125 utrum
1199 3069 1477 3127 simulate
1508 3071 1827 3143 quisquam

195 3164 411 3214 sanctus
425 3158 905 3224 orientalis,cum
922 3162 1170 3215 Romam
1197 3160 1412 3215 venerit
1423 3202 1436 3226 ,
1447 3161 1526 3231 jej
1537 3164 1678 3215 unet
1690 3160 1829 3215 sab-

192 3246 591 3321 bato,excepto
607 3248 705 3303 illo
729 3248 823 3304 die
842 3249 1137 3320 paschalis
1164 3250 1384 3319 vigiliae
1402 3265 1414 3305 :
1431 3250 1593 3321 quod
1618 3250 1667 3304 si
1701 3266 1831 3307 ma-

193 3335 298 3391 lum
327 3353 449 3392 esse
481 3337 818 3393 dixerimus
850 3354 1007 3405 ;non
1040 3339 1233 3394 solum
1267 3342 1600 3395 Romanam
1632 3339 1830 3395 Eccle-

195 3424 451 3491 siam,sed
477 3427 663 3483 etiam
680 3428 864 3483 multa
887 3428 937 3483 ei
966 3428 1178 3493 vicina,
1208 3434 1265 3484 et
1304 3428 1612 3501 aliquanto
1639 3444 1830 3484 remo-

195 3514 321 3569 tiora
346 3515 1229 3579 damnabimus,ubimosidem
1261 3522 1490 3572 tenetur
1518 3524 1573 3572 et
1604 3522 1824 3574 manet.

198 3602 242 3658 Si
255 3609 437 3661 autem
453 3619 579 3660 non
590 3604 856 3677 jejunare
870 3605 1121 3661 sabbato
1145 3605 1364 3661 malum
1385 3607 1825 3679 putaverimus;

200 3696 263 3747 tot
277 3696 556 3750 ecclesias
577 3694 916 3759 Orientis,et
940 3696 1125 3750 multo
1151 3696 1438 3765 majorem
1457 3696 1617 3752 orbis
1642 3697 1827 3751 chris-

198 3779 319 3836 tiani
342 3788 576 3855 partem
589 3800 709 3855 qua
725 3784 1047 3839 temeritate
1061 3784 1545 3840 criminabimur?
1564 3785 1830 3841 Placetne

200 3870 303 3937 tibi,
323 3872 667 3929 utmedium
687 3872 979 3945 quiddam
993 3889 1121 3928 esse
1133 3874 1430 3940 dicamus,
1445 3875 1613 3947 quod
1630 3878 1829 3930 tamen

198 3961 546 4031 acceptabile
560 3961 634 4016 sit
653 3962 704 4017 ei
716 3963 817 4033 qui
838 3962 952 4017 hoc
967 3978 1082 4017 non
1111 3963 1219 4017 sim
1232 3964 1410 4029 ulate,
1437 3963 1541 4018 sed
1568 3979 1828 4033 congru-

138 4082 154 4103 .
197 4049 1707 4123 entisocietateatqueobservantiafecerit?Ettamen
1739 4053 1829 4108 ni-

195 4134 263 4191 hil
280 4137 409 4195 inde
428 4140 691 4210 legimus
716 4142 770 4196 in
795 4142 1097 4197 canonicis
1109 4142 1301 4198 Libris
1317 4148 1674 4215 praeceptum
1698 4159 1829 4199 esse

197 4225 790 4295 Christianis.Quanto
823 4231 1015 4301 magis
1044 4230 1187 4286 illud
1220 4232 1445 4288 malum
1486 4233 1680 4289 dicere
1706 4248 1827 4288 non

194 4316 383 4387 audeo,
407 4320 578 4392 quod
610 4322 793 4375 Deum
826 4322 1177 4393 praecepisse
1207 4321 1335 4394 ipsa
1363 4322 1685 4378 christiana
1710 4323 1828 4378 ﬁde

196 4418 387 4478 negare
406 4424 529 4465 non
546 4425 945 4483 possum,qua
961 4410 1140 4465 didici
1163 4427 1280 4466 non
1301 4427 1371 4467 eo
1391 4412 1824 4483 mejustiﬁcari,

196 4495 287 4550 sed
316 4500 499 4567 gratia
522 4499 621 4553 Dei
652 4514 755 4570 per
782 4499 991 4556 Jesum
1021 4500 1314 4557 Christum
1341 4502 1660 4557 Dominum
1680 4517 1827 4557 nos-

198 4584 372 4641 trum?

260 4675 332 4728 15.
353 4675 491 4732 Dico
513 4692 658 4747 ergo
679 4678 1201 4735 circumcisionem
1225 4682 1497 4752 prmputii
1530 4685 1583 4736 et
1613 4687 1826 4738 caetera

197 4759 546 4832 huiusmodi,
588 4767 769 4839 priori
802 4769 1025 4841 populo
1057 4784 1162 4841 per
1187 4772 1629 4826 Testamentum
1660 4771 1825 4842 quod

198 4848 602 4922 Vetusdicitur,
618 4856 902 4914 divinitus
917 4858 1058 4914 data
1072 4859 1148 4915 ad
1166 4857 1657 4927 significationem
1674 4860 1825 4915 futu-

195 4951 372 4996 rorum
396 4957 531 5015 quas
555 4961 660 5016 per
687 4947 982 5004 Christum
1001 4948 1306 5020 oportebat
1323 4948 1583 5018 impleri:
1605 4949 1826 5021 quibus

198 5029 655 5104 advenientibus,
686 5037 1047 5093 remansisse
1078 5038 1178 5093 illa
1206 5039 1549 5094 Christianis
1571 5039 1825 5110 legenda

200 5118 502 5187 tantum,ad
522 5124 966 5195 intelligentiam
987 5128 1313 5199 praemissae
1331 5128 1687 5200 prophetiae;
1705 5144 1825 5184 non

198 5211 377 5266 autem
402 5215 738 5270 necessario
752 5214 1043 5279 facienda,
1065 5219 1236 5288 quasi
1265 5218 1462 5273 adhuc
1484 5223 1828 5289 exspectan-

199 5293 323 5352 dum
342 5304 823 5373 esset,ut'veniret
839 5306 974 5360 ﬁdei
990 5306 1267 5363 revelatio
1281 5325 1411 5381 quas
1428 5309 1518 5363 his
1532 5308 1827 5378 signiﬁca-

201 5380 495 5470 baturesse
511 5398 772 5449 ventura.
796 5394 906 5449 Sed
923 5398 1202 5466 quamvis
1219 5380 1825 5470 Gentibusimponen-

205 5469 269 5526 da
294 5491 404 5532 non
428 5486 765 5553 essent,non
788 5488 987 5541 tamen
1013 5486 1097 5540 sic
1110 5486 1396 5543 debuisse
1412 5469 1625 5544 auferri
1642 5507 1826 5546 acon-

260 5572 323 5634 (a)
355 5575 431 5626 Uti
469 5578 538 5629 ab
567 5581 888 5648 Hieronymo
924 5585 1216 5642 inducitur.

3500 189 3606 246 282

1948 305 2265 361 suetudine
2302 306 2668 373 Iudaeorum,
2702 313 2991 382 tanquam
3025 310 3376 367 detestanda
3425 314 3605 383 atque

1945 394 2557 451 damnanda.Sensiiu
2574 397 2824 469 proinde
2842 406 3021 472 atque
3039 400 3326 472 paulatim
3341 400 3604 455 fervente

1947 499 2099 539 sana
2120 483 2541 555 praedicatione
2563 486 2767 555 gratias
2798 488 3035 551 Christi,
3058 503 3180 560 qua
3196 489 3325 543 sola
3356 493 3605 544 nossent

1943 573 2253 628 credentes
2276 589 2337 628 se
2354 573 3012 649 justiﬁcari,salvosque
3027 578 3173 642 fieri,
3194 593 3315 633 non
3339 578 3452 633 illis
3469 594 3606 633 um-

1943 661 2066 718 bris
2078 677 2276 717 rerum
2292 668 2469 719 antea
2481 663 3118 736 futurarum,tuncjam
3136 665 3502 721 venientium
3519 670 3603 722 at-

1943 767 2061 823 que
2080 752 2485 822 praesentium,
2506 753 2638 808 utin
2656 754 2891 811 illorum
2908 756 3251 811 Iudaeorum
3274 755 3601 821 vocatione,

1942 856 2096 913 quos
2112 841 2427 912 praesentia
2439 843 2634 897 carnis
2652 844 3311 915 Domini,etapostolica
3329 849 3604 917 tempora

1942 929 2413 997 sicinvenerant,
2439 932 2636 987 omnis
2660 932 2761 990 illa
2792 934 2945 989 actio
2980 937 3429 989 consumeretur
3478 950 3604 989 um-

1941 1018 2186 1075 brarum
2214 1036 2225 1073 :
2252 1019 2366 1075 hoc
2396 1021 2479 1075 eis
2512 1020 2814 1077 suﬁecisse
2832 1022 2908 1078 ad
2924 1022 3605 1087 commendationem,ut

1942 1123 2063 1163 non
2079 1112 2360 1179 tanquam
2375 1109 2743 1176 detestanda,
2755 1117 2810 1167 et
2823 1111 3030 1167 similis
3044 1110 3379 1167 idololatria
3396 1111 3605 1167 vitare-

1943 1200 2034 1252 tur
2068 1213 2081 1263 ;
2119 1196 2271 1253 ultra
2301 1213 2441 1253 vero
2464 1214 2585 1254 non
2615 1199 2863 1255 haberet
2885 1215 3292 1271 progressum,
3326 1214 3398 1254 ne
3433 1205 3605 1268 puta-

1941 1289 2103 1341 retur
2116 1287 2460 1343 necessaria
2482 1292 2771 1360 tauquam
2790 1288 2882 1343 vel
2905 1289 2983 1344 ab
3008 1289 3105 1345 illa
3131 1288 3291 1343 salus
3313 1294 3490 1357 esset,
3510 1288 3603 1345 vel

1942 1377 2068 1431 sine
2089 1375 2189 1431 illa
2212 1391 2339 1432 esse
2362 1391 2483 1431 non
2507 1379 2909 1448 posset.Quod
2938 1384 3300 1451 putaverunt
3324 1377 3599 1444 haeretici,

1940 1466 2042 1537 qui
2057 1465 2203 1520 dum
2218 1465 2423 1522 volunt
2438 1466 2694 1522 etJudaai
2709 1475 2911 1523 esseet
2925 1468 3259 1534 Christiani,
3284 1467 3593 1523 necJudaai

1940 1569 2050 1610 nec
2080 1555 2390 1611 Christiani
2422 1571 2556 1611 esse
2580 1561 2920 1627 potuerunt.
2953 1559 3219 1623 Quorum
3242 1558 3599 1613 sententiam

1942 1642 2084 1699 mihi
2107 1643 2821 1717 cavendam,quamvisin
2836 1662 2907 1701 ea
2923 1662 3235 1718 nunquam
3256 1645 3491 1711 fuerim,
3514 1650 3599 1701 ta-

1942 1747 2080 1787 men
2096 1732 2655 1788 benevolentissime
2673 1733 2747 1788 ad
2758 1750 2998 1789 monere
3015 1733 3301 1803 dignatus
3318 1749 3400 1788 es.
3418 1734 3481 1788 In
3497 1750 3599 1789 cu-

1934 1821 2033 1889 jus
2061 1821 2366 1877 sententise
2389 1822 3121 1891 nonjconsensionem,sed
3152 1822 3599 1878 simulationem

1940 1909 2142 1965 Petrus
2168 1910 2375 1965 timore
2400 1910 2702 1976 inciderat,
2738 1916 2800 1966 ut
2820 1911 2893 1965 de
2922 1910 3022 1967 illo
3048 1910 3271 1965 Paulus
3297 1911 3601 1967 verissime

1942 1998 2415 2070 scriberet,quod
2434 2015 2570 2054 eum
2586 1999 2826 2054 vidisset
2844 2014 2963 2055 non
2985 2004 3139 2055 recte
3162 1999 3599 2069 ingredientem

1940 2088 2019 2143 ad
2032 2086 2340 2142 veritatem
2356 2087 2851 2159 Evangelii,eique
2867 2088 3173 2143 verissime
3186 2088 3468 2160 diceret,q
3480 2089 3594 2144 uod

1941 2179 2151 2233 Gentes
2168 2177 2472 2245 judaizare
2491 2176 2762 2245 cogebat.
2798 2178 2968 2243 Quod
2990 2178 3206 2233 Paulus
3240 2177 3442 2249 utique
3475 2194 3598 2234 non

1940 2266 2213 2336 cogebat,
2237 2265 2315 2320 ob
2328 2265 2442 2321 hoc
2457 2265 2554 2322 illa
2575 2270 2772 2322 vetera
2786 2268 3088 2331 veraciter,
3109 2266 3208 2321 ubi
3238 2282 3393 2338 opus
3415 2273 3595 2334 esset,

1939 2356 2291 2420 observans,
2311 2363 2371 2411 ut
2385 2356 2734 2412 damnanda
2749 2372 2867 2412 non
2886 2372 3016 2412 esse
3034 2360 3428 2423 monstraret;
3450 2372 3599 2428 prae-

1939 2446 2146 2501 dicans
2168 2451 2363 2501 tamen
2391 2446 2681 2501 instanter
2707 2461 2827 2500 non
2854 2445 2959 2512 eis,
2990 2446 3091 2501 sed
3119 2446 3382 2501 revelata
3408 2447 3598 2516 gratia

1938 2533 2097 2598 ﬁdei,
2116 2533 2320 2589 ﬁdeles
2338 2534 2543 2597 salvos
2566 2533 2712 2600 fieri,
2741 2550 2815 2589 ne
2840 2534 2917 2589 ad
2939 2550 3008 2590 ea
3036 2550 3411 2607 quemquam
3441 2534 3600 2591 velut

1936 2624 2275 2679 necessaria
2289 2622 2669 2694 suscipienda
2685 2622 3182 2694 compelleret.Sic
3195 2628 3393 2679 autem
3419 2623 3597 2678 credo

1938 2712 2273 2783 apostolqu
2293 2711 2539 2767 Paulum
2560 2712 2847 2767 veraciter
2862 2712 3185 2783 cunctaZilla
3205 2713 3597 2781 gessisse,nec

1939 2806 2140 2857 tamen
2162 2817 2322 2856 nunc
2342 2816 2713 2873 quemquam
2739 2800 2964 2858 factum
2986 2818 3051 2856 ex
3082 2802 3290 2857 Judaao
3321 2802 3597 2857 Christia-

1936 2906 2106 2955 num,
2139 2890 2232 2946 vel
2270 2906 2439 2962 cogo,
2476 2890 2565 2945 vel
2598 2891 2727 2945 sino
2768 2890 2907 2946 talia
2948 2891 3234 2946 veraciter
3272 2890 3593 2959 celebrare,

1938 2979 2089 3034 sicut
2108 2995 2214 3035 nec
2236 2982 2319 3045 tu,
2344 2979 2438 3034 cui
2456 2978 2691 3034 videtur
2715 2978 2935 3033 Paulus
2961 2995 3033 3034 ea
3056 2979 3393 3047 simulasse,
3427 2978 3595 3049 cogis

1937 3068 2137 3133 istum,
2172 3068 2260 3123 vel
2294 3068 2437 3123 sinis
2470 3067 2612 3124 talia
2640 3066 2946 3124 simulare.

2015 3170 2095 3221 l6.
2114 3170 2199 3221 An
2216 3166 2323 3231 vis,
2342 3172 2403 3221 ut
2418 3166 2602 3222 etiam
2615 3165 2961 3235 egodicam,
2979 3164 3134 3221 hanc
3147 3180 3277 3220 esse
3290 3180 3596 3221 summam

1936 3254 2301 3327 quasstionis,
2323 3256 2445 3311 imo
2468 3255 2770 3311 sententias
2792 3259 2939 3323 tuae;
2964 3259 3030 3310 ut
3050 3259 3183 3326 post
3206 3254 3593 3324 Evangelium

1937 3343 2168 3409 Christi,
2198 3344 2350 3400 bene
2381 3344 2600 3401 faciant
2637 3343 2946 3400 credentes
2970 3342 3181 3413 Judaei,
3223 3343 3269 3399 si
3300 3342 3596 3400 sacriﬁcia

1937 3433 2209 3498 offerant,
2234 3450 2370 3506 quae
2384 3434 2599 3490 obtulit
2620 3432 2871 3500 Paulus;
2895 3433 2947 3488 si
2970 3433 3123 3489 ﬁlios
3142 3432 3590 3497 circumcidant,

1940 3524 1991 3579 si
2012 3522 2339 3579 sabbatum
2367 3523 2708 3588 observent,
2745 3530 2805 3579 ut
2832 3523 3047 3579 Paulus
3078 3523 3138 3578 in
3170 3522 3507 3590 Timotheo,
3539 3525 3597 3577 et

1938 3628 2149 3667 omnes
2166 3611 2784 3682 observavereJudzei,
2807 3611 3143 3667 dummodo
3166 3612 3294 3668 htec
3317 3610 3593 3666 simulate

1940 3717 2009 3756 ac
2027 3701 2308 3756 fallaciter
2332 3701 2557 3769 agant?
2582 3700 2699 3756 Hoc
2724 3702 2773 3755 si
2799 3701 2879 3756 ita
2910 3704 2995 3756 est
3016 3716 3029 3767 ;
3052 3701 3315 3771 nonjam
3332 3700 3391 3755 in
3406 3700 3595 3755 haere—

1942 3791 2057 3846 sim
2079 3789 2343 3853 Ebionis,
2360 3789 2445 3844 vel
2459 3804 2666 3845 eorum
2680 3806 2836 3861 quos
2853 3789 3029 3859 vulgo
3047 3792 3352 3845 Nazareeos
3367 3804 3597 3843 nuncu-

1940 3884 2105 3952 pant,
2138 3878 2230 3935 vel
2260 3877 2593 3951 quamlibet
2617 3879 2797 3935 aliam
2824 3885 3105 3944 veterem,
3140 3878 3243 3933 sed
3296 3876 3495 3932 nescio
3534 3877 3595 3933 in

1939 3985 2125 4042 quam
2158 3984 2375 4024 novam
2406 3967 2760 4032 delabimur,
2802 3984 2939 4039 quas
2972 3967 3047 4023 sit
3082 3984 3151 4024 eo
3185 3965 3589 4038 perniciosior,

1939 4074 2058 4129 quo
2072 4073 2191 4113 non
2208 4057 2535 4122 errore,sed
2548 4057 2855 4130 proposito
2867 4062 2953 4112 est
2970 4072 3040 4113 ac
3055 4056 3145 4113 vol
3156 4060 3352 4112 untale
3375 4054 3593 4111 fallaci.

1941 4147 2113 4214 Quod
2140 4146 2186 4202 si
2212 4145 2600 4218 respondeas,
2638 4152 2699 4202 ut
2721 4151 2774 4202 te
2788 4147 2865 4203 ab
2891 4147 3005 4202 hoc
3035 4161 3254 4218 purges
3278 4144 3593 4209 sententia,

1942 4241 2080 4294 tunc
2109 4236 2425 4307 Apostolos
2452 4234 2960 4292 istalaudabiliter
2975 4234 3309 4301 simulasse,
3330 4250 3404 4290 ne
3426 4249 3595 4290 scan-

1939 4326 2561 4383 dalizarenturinﬁrmi
2575 4325 2677 4397 qui
2690 4328 2798 4382 exl
2809 4325 2995 4381 udasis
3019 4325 3187 4382 multi
3201 4323 3595 4386 crediderant,

1938 4421 1995 4472 et
2025 4433 2095 4472 ea
2120 4415 2461 4488 respuenda
2484 4415 2758 4471 nondum
2781 4414 3195 4487 intelligebant
3226 4428 3423 4479 ;nunc
3455 4428 3595 4468 vero

1938 4505 2292 4562 conﬁrmata
2304 4520 2409 4576 per
2422 4508 2505 4559 tot
2522 4508 2728 4573 gentes
2745 4503 3014 4559 doctrina
3027 4503 3228 4573 gratiae
3245 4500 3594 4568 christianaa,

1937 4593 2480 4651 conﬁrmataetiam
2492 4609 2597 4664 per
2609 4608 2810 4649 omnes
2823 4592 3030 4648 Christi
3046 4591 3335 4648 Ecclesiae
3348 4589 3595 4647 lectione

1939 4684 2108 4754 Legis
2134 4688 2190 4739 et
2218 4682 2810 4754 Prophetarum,quo
2839 4681 3019 4738 modo
3044 4680 3595 4751 hacintelligenda,

1936 4790 2057 4830 non
2089 4773 2469 4829 observanda
2496 4772 2832 4837 recitentur,
2861 4771 3135 4843 quisquis
3156 4786 3228 4827 ea
3254 4770 3596 4827 simulando

1937 4879 2115 4934 agere
2147 4861 2414 4927 voluerit,
2443 4860 2734 4920 insanire:
2760 4877 2863 4917 cur
2893 4861 3039 4917 mihi
3071 4876 3192 4916 non
3223 4860 3355 4916 licet
3383 4861 3594 4925 dicere,

1936 4952 2276 5026 apostolum
2300 4952 2569 5021 Paulum,
2602 4955 2659 5007 et
2688 4951 2835 5007 alios
2865 4955 3018 5007 recte
3035 4950 3174 5006 ﬁdei
3207 4948 3594 5013 Christianos,

1937 5050 2075 5099 tunc
2106 5041 2205 5097 illa
2236 5046 2435 5099 vetera
2463 5046 2841 5097 sacramenta
2873 5041 3185 5112 paululum
3211 5035 3592 5093 observando

1934 5133 2225 5191 veraciter
2254 5130 2679 5188 commendare
2698 5129 3001 5193 debuisse,
3018 5144 3090 5183 ne
3112 5128 3461 5198 putarentur
3481 5122 3595 5180 illae

1936 5223 2297 5296 prophetica
2319 5217 3231 5291 signiﬁcationisobservationes
3254 5232 3289 5270 a
3310 5211 3592 5287 piissimis

1937 5312 2208 5385 patribus
2248 5310 2576 5378 custodite,
2613 5314 2902 5380 tanquam
2945 5302 3254 5374 sacrilegia
3292 5302 3596 5360 diabolica

1937 5402 2237 5472 aposteris
2254 5400 2623 5455 detestandae
2648 5396 2817 5452 Nam
2834 5396 2991 5451 enim
3017 5411 3153 5450 cum
3176 5392 3596 5450 venissetﬁdes

1936 5509 2072 5563 quae
2107 5491 2269 5562 prius
2296 5490 2408 5545 illis
2439 5485 2959 5543 observationibus
3008 5486 3429 5556 praenuntiata,
3459 5489 3596 5557 post

1938 5586 2187 5636 mortem
2202 5586 2257 5635 et
2275 5576 2765 5635 resurrectionem
2790 5575 3023 5632 Domini
3049 5574 3310 5633 revelata
3336 5574 3595 5643 est,ami-
