3996 6158
184 184 257 242 Μ
1373 172 1881 239 EPISTOLARUM
1904 164 2215 230 CLASSIS
2255 175 2326 233 ΙΙ.

175 312 253 370 sed
253 314 432 381 peccat
439 324 528 363 um
542 313 605 364 ut
625 312 920 378 appareat
940 315 1261 381 peccatum,
1274 325 1383 378 per
1398 308 1611 364 bonum
1626 302 1774 360 mihi

174 396 804 471 operatumjestmortem,
832 400 1014 467 utﬁat
1045 415 1225 469 supra
1250 398 1481 455 modum
1503 401 1773 467 peccator

171 488 1033 557 autpeccatum,permandatum
1050 489 1239 559 (Rom.
1261 489 1457 554 v11,i2,
1481 486 1583 555 13).
1601 481 1773 550 Quod

168 582 333 633 autem
345 576 432 631 hic
453 575 613 639 dicit,
631 578 940 631 Peccatum
960 593 1063 647 per
1080 578 1433 633 mandatum
1454 574 1576 629 fieri
1591 585 1774 642 supra

165 665 394 733 modum,
418 666 528 720 hoc
552 664 695 720 alibi
718 665 948 728 ait,Lex
967 666 1327 722 subintravit
1354 673 1416 721 ut
1438 662 1773 720 abundaret

162 755 422 811 delictum.
438 754 545 810 Ubi
555 762 745 810 autem
761 755 1090 811 abundavit
1105 755 1381 811 delictum
1393 767 1627 823 ,supera
1637 752 1774 805 bun-

161 844 294 901 dam't
318 847 367 900 et
385 845 583 913 gratia
614 844 728 915 (Id.
753 860 813 909 v,
836 845 947 917 20).
969 848 1034 900 Et
1054 845 1217 910 alibi,
1235 861 1371 900 cum
1406 842 1678 914 superius
1700 840 1774 894 de

158 933 564 1004 dispensatione
597 932 801 1003 gratia:
832 932 1194 1006 loqueretur,
1219 933 1382 1005 quod
1403 933 1536 1004 ipsa
1557 928 1776 1002 justiﬁ-

157 1028 245 1085 cet,
260 1022 400 1076 velut
429 1022 804 1093 interrogans
825 1022 928 1089 ait,
947 1022 1103 1090 Quid
1112 1038 1251 1094 ergo
1264 1023 1380 1079 Lea.
1395 1024 1422 1079 ?
1448 1028 1624 1093 atque
1640 1018 1776 1073 huic

154 1111 567 1179 interrogationi
584 1113 871 1167 continuo
901 1111 1233 1184 respondit,
1250 1105 1775 1168 Prcevaricationis

154 1199 324 1269 gratia
341 1200 527 1268 posita
540 1207 641 1264 est,
658 1201 837 1257 donec
854 1202 1077 1257 veniret
1097 1217 1286 1257 semen
1309 1200 1406 1256 cui
1418 1197 1774 1269 promissum

154 1295 220 1344 est
238 1287 382 1357 (Gal.
400 1305 480 1353 ιιι,
504 1289 613 1357 t9).
631 1292 743 1344 Hos
766 1305 908 1359 ergo
928 1289 1349 1345 damnabiliter
1366 1289 1507 1344 dicit
1521 1303 1647 1342 esse
1664 1285 1775 1339 sub

154 1380 448 1450 Lege,quos
462 1394 601 1433 reos
624 1377 760 1433 facit
778 1380 1036 1443 [.ex,non
1055 1378 1368 1451 implentes
1384 1374 1775 1445 Legem,dum

150 1478 249 1521 non
264 1466 643 1535 intelligendo
669 1468 870 1537 gratiae
888 1466 1245 1523 beneﬁcium
1268 1466 1346 1522 ad
1374 1465 1647 1520 facienda
1676 1461 1777 1517 Dei

151 1555 623 1627 praecepta,quasi
636 1555 710 1610 de
724 1556 846 1610 suis
860 1557 1079 1610 viribus
1094 1555 1352 1626 superba
1367 1554 1621 1609 elatione
1636 1566 1777 1622 prae-

151 1650 369 1700 sumunt.
383 1644 697 1700 Plenitudo
711 1644 869 1699 enim
882 1644 1049 1715 Legis
1064 1643 1653 1714 charitas(Rom.xm,
1670 1645 1681 1693 l
1696 1639 1772 1711 0).

150 1729 388 1787 Charitas
411 1748 557 1788 vero
574 1733 670 1789 Dei
690 1733 911 1802 ali/fusa
932 1740 1014 1789 est
1027 1733 1090 1789 in
1108 1733 1387 1789 carotidas
1408 1731 1777 1797 nostris,non

150 1835 233 1890 per
243 1835 344 1875 nos
359 1822 546 1893 ipsos,
565 1822 671 1877 sed
684 1822 1092 1892 perSpiritum
1109 1828 1379 1879 sanctum
1396 1822 1499 1893 qui
1509 1820 1683 1875 datus
1696 1822 1777 1873 est

150 1907 284 1963 nobis
304 1910 415 1981 (Id.
436 1927 495 1978 v,
517 1910 592 1983 5).
616 1912 724 1966 Sed
746 1911 884 1967 huic
899 1912 977 1967 rei
1000 1917 1294 1984 quantum
1320 1911 1461 1965 satis
1490 1911 1581 1963 est
1602 1905 1777 1977 expli-

149 1999 639 2069 candaa,prolixior
652 2000 904 2055 fortasse
917 2005 973 2055 et
986 2001 1076 2055 sui
1094 2000 1313 2072 proprii
1330 1996 1648 2054 voluminis
1663 2009 1777 2049 ser-

148 2086 501 2144 modebetur.
521 2088 580 2144 Si
600 2103 741 2158 ergo
755 2089 897 2144 illud
912 2090 1077 2161 quod
1094 2092 1206 2144 Lex
1223 2089 1459 2153 ait,Non
1476 2085 1777 2154 concupis-

145 2176 548 2247 ces(ld.xul,9),
566 2178 615 2231 si
635 2178 905 2234 humana
920 2178 1233 2234 inﬁrmitas
1248 2178 1441 2247 gratia
1457 2175 1553 2231 Dei
1568 2173 1777 2245 adjuta

146 2278 240 2320 non
256 2265 439 2331 fuerit,
456 2283 486 2320 s
502 2266 579 2321 ub
603 2283 663 2321 se
682 2283 845 2322 reum
865 2273 1104 2336 tenet,et
1119 2266 1640 2339 prmvaricatorem
1665 2277 1776 2334 po-

147 2354 943 2428 tiusdamnat,quamliberat
972 2361 1343 2428 peccatorem
1363 2372 1375 2421 ;
1392 2358 1619 2428 quanto
1646 2367 1777 2408 ma-

146 2442 489 2517 gisilla,qura
511 2445 964 2515 signiﬁcationis
987 2462 1173 2502 causa
1196 2452 1488 2518 praecepta
1503 2442 1777 2507 suut,cir-

144 2534 413 2601 cumcisio,
450 2538 761 2598 etceetera,
797 2552 932 2607 quae
958 2536 1316 2591 revelatione
1349 2534 1553 2603 gratim
1601 2532 1774 2587 latius

146 2620 517 2678 innotescente
533 2639 777 2679 necesse
792 2624 981 2679 fuerat
996 2623 1565 2694 aboleri,justiﬁcare
1586 2622 1772 2675 nemi-

148 2724 253 2765 nem
271 2712 582 2781 poterant?
596 2715 717 2767 Non
734 2719 934 2767 tamen
951 2713 1086 2768 ideo
1098 2712 1328 2768 fuerant
1346 2717 1637 2783 tanquam
1652 2708 1775 2763 dia-

148 2796 601 2856 bolicaGentium
620 2801 1253 2871 sacrilegiafugienda,
1276 2802 1454 2856 etiam
1484 2816 1618 2854 cum
1644 2800 1773 2869 ipsa

147 2888 299 2955 gratia
312 2890 436 2961 jam
455 2895 725 2962 cmperat
739 2890 1147 2962 revelari,quee
1169 2890 1389 2946 umbris
1414 2888 1631 2945 talibus
1648 2887 1771 2942 fue-

144 2979 616 3047 ratpreenuntiata
631 2995 645 3045 ;
662 2979 766 3035 sed
783 2979 1180 3051 permittenda
1194 2979 1527 3050 paululum,
1551 2978 1633 3033 eis
1647 2992 1773 3032 ma-

146 3065 277 3121 xime
288 3067 385 3139 qui
401 3084 476 3123 ex
491 3068 598 3123 illo
613 3070 862 3139 populo,
884 3068 1135 3125 cuidata
1149 3070 1769 3134 sunt,venerant.Pos-

148 3158 221 3209 tea
241 3172 367 3212 vero
381 3162 678 3229 tanquam
693 3173 831 3213 cum
846 3159 1073 3214 honore
1091 3159 1323 3229 sepulta
1343 3162 1496 3222 sunt,
1521 3172 1556 3213 a
1575 3156 1775 3213 Chris-

151 3242 292 3300 tianis
329 3247 620 3302 omnibus
642 3246 1102 3319 irreparabiliter
1122 3246 1480 3304 deserenda.

202 3346 277 3398 2t.
307 3343 425 3400 Hoc
456 3348 687 3409 autem,
716 3345 879 3416 quod
920 3344 1093 3410 dicis,
1122 3345 1254 3401 Non
1272 3343 1686 3414 dispensative,
1714 3348 1775 3399 ut

147 3433 306 3486 nostri
333 3434 579 3489 voluere
607 3435 860 3503 majores
888 3434 1077 3507 ,‘quid
1091 3435 1204 3489 sibi
1229 3435 1371 3499 vult,
1405 3449 1508 3488 oro
1540 3439 1593 3489 te
1614 3432 1641 3487 ?
1663 3433 1775 3488 Aut

147 3520 277 3577 enim
299 3524 407 3579 hoc
431 3528 546 3589 est,
582 3523 747 3596 quod
774 3539 885 3593 ego
907 3523 1144 3596 appello
1168 3522 1503 3579 ofﬁciosum
1532 3523 1775 3578 menda-

147 3608 296 3675 cium,
320 3618 380 3667 ut
399 3612 533 3667 haec
562 3612 927 3683 dispensatio
961 3613 1032 3667 sit
1062 3612 1328 3669 ofﬁcium
1356 3612 1775 3668 veluthoneste

145 3702 475 3756 mentiendi:
508 3705 617 3756 aut
646 3702 791 3772 quid
824 3702 986 3757 aliud
1014 3703 1105 3768 sit,
1150 3703 1398 3757 omnino
1426 3717 1545 3757 non
1576 3701 1771 3765 video,

148 3785 237 3841 nisi
260 3787 421 3855 forte,
438 3789 653 3845 addito
669 3790 909 3846 nomine
931 3791 1416 3864 dispensationis,
1442 3791 1502 3847 ﬁt
1526 3796 1587 3846 ut
1613 3805 1777 3845 men-

146 3872 355 3932 dacium
377 3894 502 3933 non
528 3878 606 3932 sit
628 3880 1009 3935 mendacium
1033 3898 1045 3946 ;
1067 3881 1231 3952 quod
1251 3880 1296 3935 si
1311 3879 1643 3935 absurdum
1666 3882 1773 3943 est,

146 3977 229 4017 cur
239 3980 369 4036 ergo
382 3982 508 4022 non
530 3972 733 4037 aperte
748 3968 910 4036 dicis,
928 3967 1263 4025 ofﬁciosum
1280 3968 1665 4023 mendacium
1680 3968 1776 4022 de-

144 4048 529 4111 fendendum?
543 4056 655 4110 nisi
670 4054 815 4112 forte
828 4073 1050 4113 nomen
1066 4065 1119 4113 te
1132 4058 1503 4129 movet,quia
1516 4073 1637 4111 non
1654 4060 1775 4112 tam

145 4141 396 4200 usitatum
411 4152 500 4202 est
514 4147 577 4202 in
592 4146 1008 4203 ecclesiasticis
1022 4147 1187 4203 libris
1203 4147 1561 4203 vocabulum
1575 4145 1773 4212 ofﬁcii,

146 4231 276 4299 quod
301 4235 661 4292 AmbrOsius
691 4241 891 4292 noster
921 4252 1042 4292 non
1065 4237 1281 4301 timuit,
1303 4238 1405 4309 qui
1425 4252 1565 4291 suos
1595 4251 1776 4307 quos-

142 4317 259 4374 dam
279 4321 461 4379 libros
476 4324 711 4380 utilium
728 4327 1199 4396 praeceptionum
1219 4326 1448 4398 plenos,
1470 4325 1543 4381 de
1559 4324 1778 4382 Ofﬁciis

142 4406 300 4465 voluit
319 4412 651 4484 appellare.
682 4415 768 4469 An
793 4415 840 4468 si
858 4413 1121 4470 ofﬁciose
1152 4415 1474 4470 mentiatur
1498 4414 1775 4485 quisque,

142 4496 455 4569 culpandus
474 4508 567 4558 est
587 4518 601 4569 ;
621 4501 669 4557 si
683 4501 1110 4573 dispensative,
1131 4501 1601 4574 approbandus?
1617 4504 1778 4571 Rogo

144 4588 202 4647 le,
223 4592 541 4647 mentiatur
583 4590 682 4646 ubi
714 4591 952 4661 elegerit
976 4592 1079 4664 qui
1106 4591 1219 4647 hoc
1243 4596 1436 4663 putat:
1462 4592 1603 4663 quia
1633 4596 1687 4646 et
1718 4591 1778 4644 in

142 4671 236 4730 hoc
248 4694 464 4749 magna
485 4680 741 4753 quaestio
764 4686 868 4747 est,
896 4681 1045 4736 sitne
1063 4681 1393 4754 aliquando
1417 4681 1651 4736 mentiri
1675 4680 1778 4736 viri

143 4760 286 4833 boni,
313 4768 435 4824 imo
464 4770 575 4824 viri
602 4770 929 4833 christiani,
970 4770 1253 4842 qualibus
1278 4770 1504 4826 dictum
1545 4775 1655 4837 est,
1686 4770 1775 4826 Sit

141 4851 191 4906 in
218 4870 308 4912 ore
328 4866 541 4925 vestro,
570 4860 697 4925 Est,
725 4867 825 4924 est,
858 4861 1169 4925 Non,non,
1196 4865 1261 4915 ut
1293 4876 1409 4915 non
1433 4859 1539 4914 sub
1549 4859 1778 4929 judicio

140 4939 395 5003 decidalis
427 4948 661 5019 (Iacob.
693 4966 749 5016 v,
786 4951 871 5014 l2,
906 4954 961 5005 et
978 4950 1241 5015 Mal/LV,
1272 4950 1400 5020 37);
1435 4954 1492 5005 et
1516 4950 1778 5021 quicum

144 5028 242 5088 ﬁde
271 5037 545 5103 audiunt,
578 5039 797 5096 Pet-des
821 5053 1018 5095 omnes
1054 5038 1158 5110 qui
1179 5040 1513 5111 loquuntur
1538 5039 1779 5100 menda-

146 5119 277 5176 cium
306 5126 503 5195 (Psal.
548 5144 603 5193 v,
635 5129 717 5198 7).

200 5221 280 5275 22.
313 5223 425 5278 Sed
445 5224 602 5290 haec,
628 5224 839 5290 utdixi,
856 5230 913 5280 et
934 5223 1051 5280 alia
1065 5229 1120 5280 et
1142 5225 1628 5297 magnaquasstio
1652 5229 1772 5292 est;

144 5305 471 5383 eligatquod
488 5312 848 5385 volueritqui
863 5314 977 5369 hoc
989 5314 1413 5376 existimat,ubi
1433 5314 1773 5380 mentiatur;

147 5393 271 5452 dum
310 5403 514 5457 tamen
546 5418 581 5458 a
618 5402 1013 5458 scribentibus
1047 5404 1390 5459 auctoribus
1432 5409 1773 5460 sanctarum

148 5482 588 5557 Scripturarum,
607 5496 660 5547 et
681 5491 938 5546 maxime
952 5493 1403 5558 canonicarum,
1421 5492 1775 5547 inconcusse

150 5573 852 5644 credatur,etdefendatur
869 5580 1115 5636 omnino
1132 5580 1344 5638 abesse
1359 5580 1769 5650 mendacium;

3430 170 3538 227 286

1880 314 1956 356 ne
1986 299 2430 370 dispensatores
2451 296 2685 367 Christi,
2711 296 2785 352 de
2805 296 3026 368 quibus
3040 296 3271 352 dictum
3284 301 3387 362 est,
3422 296 3538 351 Hic

1869 391 2003 459 jam
2018 389 2309 459 quaeritur
2326 389 2484 443 inter
2496 388 3014 457 dispensatores,ut
3027 386 3219 454 ﬁdelis
3232 387 3361 456 quis
3375 386 3539 441 inve-

1879 478 2143 550 niatw-(l
2169 479 2303 533 Cor.
2326 494 2400 541 IV,
2430 482 2503 543 2),
2536 481 2821 548 tanquam
2859 491 3150 544 magnum
3182 474 3408 545 aliquid
3425 474 3537 529 sibi

1883 566 2415 622 ﬁdeliterdidicisse
2430 566 2765 630 videantur,
2795 580 2904 636 pro
2936 563 3199 619 veritatis
3230 564 3539 633 dispensa—

1883 656 2042 711 tione
2056 656 2311 723 mentiri,
2331 671 2467 709 cum
2484 656 2619 725 ipsa
2632 654 2780 708 ﬁdes
2794 654 2867 708 in
2882 653 3064 708 latino
3086 666 3361 707 sermone
3375 650 3453 705 ab
3466 667 3536 704 eo

1881 745 2114 801 dicatur
2127 744 2449 816 appellata,
2469 744 2613 815 quia
2626 743 2865 815 ﬁtquod
2879 743 3110 797 dicitur.
3141 741 3241 797 Ubi
3260 744 3458 797 autem
3474 739 3540 795 ﬁt

1880 834 2045 906 quod
2077 833 2312 900 dicitur,
2334 832 2653 888 mentiendi
2670 833 2874 903 utique
2888 846 3009 886 non
3024 830 3310 885 estlocus.
3328 829 3539 886 Fidelis

1881 924 2060 995 igitur
2098 924 2473 995 dispensator
2511 922 2820 993 apostolus
2861 920 3074 977 Paulus
3113 919 3316 990 procul
3351 919 3537 975 dubio

1883 1013 2055 1067 nobis
2078 1011 2273 1067 exibet
2297 1013 2356 1067 in
2390 1011 2708 1066 scribendo
2729 1010 2942 1075 ﬁdem;
2974 1009 3117 1081 quia
3144 1008 3401 1063 veritatis
3423 1007 3540 1061 dis-

1881 1106 2170 1173 pensator
2186 1106 2331 1165 erat,
2347 1116 2468 1155 non
2483 1098 2774 1156 falsitatis.
2794 1103 2873 1155 Ac
2896 1114 2999 1170 per
3010 1098 3122 1153 hoc
3136 1112 3341 1152 verum
3357 1096 3540 1167 scrip-

1884 1190 1974 1258 sit,
2004 1189 2223 1244 vidisse
2246 1205 2306 1244 se
2327 1189 2563 1244 Petrum
2578 1204 2697 1244 non
2717 1194 2871 1243 recte
2894 1187 3326 1256 ingredientem
3348 1184 3426 1241 ad
3449 1200 3542 1240 ve-

1883 1278 2117 1333 ritatem
2149 1276 2455 1348 Evangelii
2491 1277 2665 1348 eique
2694 1275 2754 1330 in
2782 1275 2997 1331 faciem
3040 1275 3344 1337 restitisse,
3373 1274 3540 1344 quod

1884 1366 2096 1422 Gentes
2121 1372 2358 1436 cogeret
2378 1365 2707 1436 judaizare.
2732 1365 2864 1436 Ipse
2882 1380 3026 1419 vero
3058 1367 3284 1431 Petrus,
3316 1362 3482 1434 quod
3504 1378 3540 1418 a

1886 1456 2065 1512 Paulo
2092 1455 2273 1511 fiebat
2302 1454 2517 1511 utiliter
2562 1454 2823 1509 libertate
2852 1453 3177 1517 charitatis,
3208 1457 3427 1507 sanctae
3468 1466 3541 1507 ac

1885 1545 2161 1613 benignae
2182 1545 2400 1617 pietate
2417 1543 2766 1599 humilitatis
2781 1543 3007 1614 accepit
3022 1560 3034 1597 :
3053 1545 3232 1612 atque
3256 1542 3336 1596 ita
3348 1540 3540 1596 rarius

1885 1641 1941 1690 et
1971 1636 2233 1691 sanctius
2271 1633 2614 1705 exemplum
2643 1633 2895 1704 posteris
2944 1632 3216 1703 praebuit,
3265 1646 3387 1703 quo
3417 1646 3542 1686 non

1885 1724 2371 1794 dedignarentur,
2397 1723 2589 1777 sicubi
2612 1721 2758 1777 forte
2781 1722 2919 1776 recti
2945 1722 3243 1776 tramitem
3274 1719 3544 1792 reliquis-

1885 1817 2035 1878 sent,
2078 1813 2257 1868 etiam
2285 1827 2320 1866 a
2348 1811 2776 1883 posterioribus
2798 1809 3011 1880 corrigi
3035 1826 3053 1879 ;
3081 1825 3265 1881 quam
3296 1808 3538 1880 Paulus,

1884 1917 2006 1973 quo
2032 1900 2398 1957 confidenter
2416 1901 2698 1957 auderent
2720 1900 2897 1955 etiam
2926 1898 3186 1957 minores
3206 1896 3541 1967 majoribus

1884 2004 1993 2060 pro
2026 1988 2405 2044 defendenda
2434 1988 2779 2058 evangelica
2795 1988 3064 2051 veritate,
3094 1986 3257 2041 salva
3280 1985 3542 2041 fraterna

1884 2076 2163 2134 charitate
2185 2077 2474 2132 resistere.
2491 2080 2638 2132 Nam
2662 2092 2801 2132 cum
2823 2076 3009 2132 satius
3026 2076 3100 2130 sit
3120 2092 3155 2130 a
3173 2073 3431 2129 tenendo
3453 2073 3544 2128 iti-

1884 2180 2043 2234 nere,
2078 2168 2137 2221 in
2170 2165 2333 2221 nullo
2358 2181 2541 2237 quam
2575 2166 2633 2219 in
2661 2164 2863 2236 aliquo
2888 2163 3207 2228 declinare,
3244 2161 3430 2216 multo
3455 2165 3545 2217 est

1885 2258 2085 2311 tamen
2118 2254 2455 2310 mirabilius
2482 2259 2537 2309 et
2567 2253 2958 2317 laudabilius,
2989 2253 3242 2307 libenter
3271 2250 3543 2321 accipere

1883 2345 2298 2414 corrigentem,
2331 2359 2517 2415 quam
2545 2345 2829 2398 audacter
2850 2342 3141 2410 corrigere
3171 2340 3537 2395 deviantem.

1885 2436 1982 2489 Est
2009 2432 2145 2489 laus
2173 2434 2374 2504 itaque
2400 2434 2577 2502 justas
2605 2432 2887 2487 libertatis
2915 2431 2974 2486 in
2998 2430 3200 2495 Paulo,
3236 2434 3292 2484 et
3316 2432 3538 2484 sanctas

1881 2522 2231 2578 humilitatis
2244 2522 2304 2577 in
2318 2525 2512 2578 Petro:
2529 2537 2685 2594 quae,
2700 2525 2995 2593 quantum
3013 2519 3154 2574 mihi
3172 2535 3274 2591 pro
3291 2517 3536 2574 modulo

1886 2626 2018 2666 meo
2044 2611 2295 2675 videtur,
2320 2611 2515 2679 magis
2538 2611 2727 2666 fuerat
2745 2610 3031 2666 adversus
3063 2607 3534 2663 calumniantem

1882 2700 2277 2772 Porphyrium
2294 2700 2691 2767 defendenda,
2705 2714 2889 2771 quam
2903 2704 2964 2753 ut
2984 2698 3037 2753 ei
3052 2697 3292 2753 daretur
3310 2696 3538 2752 obtrec-

1883 2788 2039 2844 tandi
2073 2789 2268 2858 major
2292 2788 2530 2844 occasio
2560 2804 2573 2853 ;
2601 2803 2726 2859 qua
2750 2788 2938 2842 multo
2967 2786 3310 2841 mordacius
3343 2783 3539 2840 crimi-

1881 2884 2123 2933 naretur
2147 2877 2517 2933 Christianos
2540 2876 2824 2931 fallaciter
2850 2875 2933 2930 vel
2969 2890 3112 2929 suas
3143 2872 3367 2929 litteras
3399 2871 3538 2927 scri-

1880 2965 2041 3028 bere,
2074 2965 2167 3020 vel
2200 2965 2299 3021 Dei
2333 2966 2424 3020 sui
2448 2970 2823 3021 sacramenta
2850 2969 3106 3035 portare.

1955 3055 2179 3112 CAPUT
2193 3055 2285 3110 lll.
2309 3087 2378 3097 —
2403 3058 2491 3113 23.
2512 3053 2766 3124 Flagitas
2784 3069 2818 3108 a
2832 3069 2927 3108 me
2960 3058 3022 3107 ut
3045 3052 3307 3123 aliquem
3327 3048 3537 3105 saltem

1884 3162 2071 3201 unum
2084 3146 2421 3210 ostendam,
2447 3145 2617 3214 cujus
2642 3143 2703 3198 in
2724 3143 2834 3199 hac
2856 3157 2918 3197 re
2940 3140 3297 3196 sententiam
3322 3138 3436 3193 sim
3450 3153 3538 3193 se-

1880 3241 2218 3301 cutus,cum
2235 3240 2292 3291 tu
2309 3240 2429 3290 tam
2445 3234 2642 3307 plures
2656 3230 3014 3289 nominatim
3026 3243 3536 3286 commemorave-

1880 3326 1979 3391 ris,
2003 3326 2105 3398 qui
2138 3329 2191 3381 te
2211 3326 2271 3381 in
2294 3340 2363 3380 eo
2377 3324 2542 3397 quod
2556 3322 2809 3379 adstruis
2838 3324 3299 3392 praecesserunt;
3328 3321 3536 3389 petens

1884 3416 2019 3471 utin
2050 3415 2207 3481 eo,si
2234 3420 2286 3470 te
2317 3412 2691 3485 reprehendo
2716 3417 3032 3475 errantem,
3059 3408 3253 3480 patiar
3274 3411 3328 3463 te
3342 3422 3537 3462 errare

1883 3520 2018 3560 cum
2050 3504 2286 3569 talibus,
2301 3519 2560 3575 quorum
2572 3515 2703 3571 ego,
2720 3501 2925 3564 fateor,
2953 3498 3254 3553 neminem
3269 3497 3382 3567 legi
3399 3514 3410 3549 :
3430 3496 3537 3552 sed

1884 3609 2021 3648 cum
2048 3594 2162 3649 sint
2188 3592 2373 3647 ferme
2408 3607 2532 3655 sex,
2549 3591 2641 3645 vel
2662 3588 3135 3659 septem,horum
3155 3592 3415 3659 quatuor
3437 3601 3539 3641 au-

1884 3682 2214 3736 ctoritatem
2243 3686 2305 3736 tu
2326 3695 2569 3752 quoque
2596 3678 2895 3747 infringis.
2928 3679 3075 3731 Nam
3110 3675 3537 3740 Laodicenum,

1884 3771 2055 3841 cujus
2094 3784 2315 3825 nomen
2348 3774 2527 3833 taces,
2557 3768 2631 3823 de
2665 3766 2920 3822 Ecclesia
2950 3763 3097 3820 dicis
3126 3776 3308 3834 super
3346 3779 3540 3833 egres-

1885 3874 2015 3914 sum
2043 3877 2055 3924 ;
2090 3857 2489 3915 Alexandrum
2512 3861 2713 3912 autem
2732 3860 2990 3911 veterem
3005 3852 3354 3908 haereticum
3375 3873 3385 3916 ;
3405 3852 3539 3907 Ori-

1885 3961 2099 4018 genem
2113 3961 2245 4001 vero
2277 3961 2346 4001 ac
2371 3941 3094 4016 Didymumreprehensos
3108 3939 3219 3996 abs
3248 3944 3300 3995 te
3316 3938 3452 4009 lego
3476 3938 3539 3994 in

1884 4035 2310 4092 recentioribus
2328 4032 2632 4105 opusculis
2646 4032 2784 4099 tuis,
2804 4035 2860 4088 et
2872 4046 2992 4087 non
3008 4029 3402 4094 mediocriter,
3428 4044 3539 4085 nec

1886 4125 1958 4179 de
1981 4123 2382 4180 mediocribus
2421 4121 2884 4196 quaestionibus,
2915 4119 3194 4192 quamvis
3221 4118 3536 4188 Origenem

1886 4213 2237 4270 mirabiliter
2250 4219 2385 4269 ante
2400 4212 2762 4268 laudaveris.
2784 4213 2931 4267 Cum
2945 4210 3015 4265 iis
3029 4224 3170 4279 ergo
3186 4223 3381 4264 errare
3397 4212 3539 4279 puto

1886 4303 2029 4374 quia
2049 4318 2157 4358 nec
2180 4307 2233 4358 te
2253 4301 2380 4373 ipse
2403 4300 2674 4373 patieris;
2690 4298 2972 4371 quamvis
2985 4298 3097 4353 hoc
3110 4296 3355 4369 perinde
3373 4296 3536 4351 dica-

1887 4397 1999 4457 tur,
2031 4407 2100 4447 ac
2125 4392 2170 4446 si
2188 4392 2247 4446 in
2266 4392 2377 4446 hac
2406 4389 2696 4446 sententia
2714 4404 2835 4444 non
2855 4388 3198 4443 erraverint.
3229 4384 3532 4455 Namquis

1889 4484 1979 4536 est
1998 4480 2101 4553 qui
2118 4496 2178 4534 se
2204 4479 2341 4536 velit
2363 4494 2501 4534 cum
2523 4477 2790 4551 quolibet
2815 4474 3053 4531 errare?
3069 4475 3205 4529 Tres
3227 4473 3411 4543 igitur
3424 4487 3540 4528 res-

1888 4573 2032 4634 tant,
2064 4558 2354 4624 Eusebius
2384 4568 2717 4632 Emisenus,
2750 4564 3097 4621 Theodorus
3144 4562 3537 4628 Heracleotes,

1888 4662 1945 4713 et
1968 4672 2140 4729 quem
2170 4655 2351 4729 paulo
2378 4660 2511 4728 post
2540 4669 2983 4710 commemoras
3012 4655 3271 4709 Joannes
3300 4650 3407 4723 qui
3438 4649 3542 4707 du-

1886 4746 2034 4803 dum
2056 4746 2117 4801 in
2144 4744 2466 4818 pontiﬁcali
2490 4744 2685 4815 gradu
2711 4742 3431 4814 Constantinopolitanam
3453 4754 3542 4796 re-

1886 4836 1970 4891 xit
1993 4834 2329 4892 ecclesiam.

1958 4925 2053 4982 ‘24.
2089 4925 2290 4991 Porro,
2305 4924 2597 4997 siquaaras
2614 4923 2705 4980 vel
2727 4922 2957 4980 recolas
2975 4921 3121 4994 quid
3138 4920 3275 4975 hinc
3291 4915 3539 4973 senserit

1886 5018 2087 5071 noster
2096 5013 2465 5080 Ambrosius,
2480 5013 2627 5085 quid
2642 5018 2840 5069 noster
2851 5012 3056 5067 itidem
3070 5007 3400 5081 Cyprianus
3416 5003 3533 5075 (a);

1886 5104 2152 5160 invenies
2182 5104 2433 5159 fortasse
2463 5118 2573 5159 nec
2626 5103 2800 5158 nobis
2827 5101 3107 5163 defuisse,
3167 5112 3322 5168 quos
3368 5094 3429 5150 in
3466 5109 3536 5151 eo

1884 5194 2050 5266 quod
2064 5193 2383 5249 asserimus
2397 5183 3535 5265 sequeremur.Quanquam,sicutpaulo

1887 5288 2024 5339 ante
2037 5281 2177 5347 dixi,
2197 5282 2617 5337 tantummodo
2633 5277 2945 5350 Scripturis
2968 5274 3272 5331 canonicis
3286 5274 3440 5329 hanc
3454 5274 3540 5329 iu-

1887 5385 2146 5440 genuam
2187 5370 2442 5426 debeam
2483 5369 2840 5431 servitutem,
2874 5379 2995 5435 qua
3032 5379 3135 5418 eas
3168 5362 3329 5417 solas
3352 5363 3432 5419 ita
3456 5378 3539 5418 se-

1948 5527 2018 5587 (a)
2040 5526 2658 5575 Ambros.Commentar.
2695 5522 2750 5571 iu
2764 5520 2996 5587 Epistad
3012 5519 3252 5578 Galatas;
3286 5517 3537 5586 Cyprian.

1886 5588 1939 5636 in
1958 5586 2123 5650 epist.
2161 5589 2215 5638 71
2242 5588 2305 5637 ad
2322 5586 2598 5646 Quintum,
