4040 6174
479 167 587 220 287

476 302 651 359 quar,
687 291 747 343 ut
788 286 1222 356 conscriptores
1255 298 1460 338 earum
1494 280 1638 336 nihil
1678 281 1734 336 in
1767 279 1851 334 eis
1883 279 2131 334 omnino

479 393 728 439 errasse,
751 375 897 430 nihil
915 375 1195 430 fallaciter
1216 372 1486 444 posuisse
1502 387 1617 426 non
1638 369 2132 424 dubitem.Proin-

478 466 574 531 de,
617 482 751 520 cum
778 480 977 535 quaero
1021 463 1278 526 tertium,
1320 466 1382 516 ut
1424 466 1534 516 tres
1576 461 1755 514 etiam
1802 475 1911 529 ego
1943 458 2130 512 tribus

477 569 802 625 opponam,
829 567 1066 622 possem
1098 550 1365 622 quidem,
1398 548 1752 613 utarbitror,
1772 548 1940 603 facile
1962 562 2131 618 repe-

475 643 609 706 rire,
645 642 689 695 si
723 641 910 696 multa
931 640 1235 710 legissem;
1262 646 1679 693 verumtamen
1702 639 1824 709 ipse
1849 636 1992 692 mihi
2023 651 2130 706 pro

474 730 569 785 his
592 729 894 795 omnibus,
924 729 1044 784 imo
1077 745 1260 800 supra
1280 729 1390 783 hos
1417 742 1626 782 omnes
1658 725 1970 798 apostolus
1990 728 2129 780 Pau-

473 818 566 874 lus
595 817 870 874 occurrit.
900 818 982 872 Ad
1011 818 1211 889 ipsum
1242 816 1522 886 confugio
1551 815 1875 888 :‘adipsum
1904 814 1976 870 ab
2003 830 2129 870 om-

473 907 669 976 nibus,
703 907 806 978 qui
829 907 992 962 aliud
1024 906 1304 971 sentiunt,
1331 905 1657 961 litterarum
1688 904 1814 976 ejus
1847 909 2130 975 tractato-

473 997 642 1052 ribus
683 1011 988 1067 provoco;
1030 996 1233 1066 ipsum
1282 995 1656 1065 interrogans
1709 993 2018 1064 interpello
2073 997 2127 1046 et

474 1085 712 1157 requiro
741 1085 797 1138 in
839 1101 908 1138 eo
939 1085 1102 1155 quod
1132 1084 1364 1154 scripsit
1389 1083 1466 1138 ad
1516 1082 1772 1149 Galatas,
1816 1082 2035 1137 vidisse
2068 1097 2128 1137 se

475 1177 706 1229 Petrum
739 1189 857 1229 non
878 1182 1029 1228 recte
1056 1173 1487 1242 ingredientem
1517 1173 1593 1227 ad
1613 1173 1921 1227 veritatem
1948 1174 2126 1226 Evan.

475 1262 627 1332 gelii,
663 1264 837 1332 eique
863 1263 921 1317 in
953 1263 1160 1318 faciem
1178 1267 1493 1334 propterea
1517 1262 1821 1325 restitisse,
1847 1261 2010 1332 quod
2030 1259 2130 1315 illa

474 1351 851 1408 simulatione
870 1351 1087 1408 Gentes
1101 1353 1118 1422 j
1133 1352 1406 1407 udaizare
1419 1350 1690 1420 cogebat,
1709 1357 1905 1405 utrum
1924 1365 2128 1404 verum

476 1441 794 1514 scripserit,
829 1458 906 1497 au
921 1442 1067 1497 forte
1096 1442 1294 1496 nescio
1316 1440 1861 1511 quadispensativa
1881 1439 2128 1494 falsitate

473 1531 758 1586 mentitus
791 1531 883 1585 sit.
916 1533 980 1585 Et
1001 1531 1183 1586 audio
1215 1547 1352 1585 cum
1383 1529 1562 1600 paulo
1591 1529 1864 1599 superius
1891 1530 1950 1583 in
1976 1528 2131 1598 ejus-

471 1619 611 1675 dem
655 1621 1014 1676 narrationis
1040 1619 1286 1674 exordio
1316 1619 1592 1688 religiosa
1629 1634 1773 1672 voce
1833 1617 1976 1672 mihi
2007 1617 2124 1672 cla-

475 1713 779 1763 mantem:
812 1709 950 1776 Qum
976 1714 1171 1764 autem
1196 1707 1387 1763 scribo
1420 1707 1595 1770 vobis,
1624 1722 1753 1762 ecce
1775 1721 1974 1762 coram
1998 1707 2126 1772 Deo,

472 1799 615 1869 quia
644 1814 764 1852 non
792 1798 1045 1853 mentior
1066 1798 1221 1867 (Gal.
1253 1799 1287 1855 i.
1319 1797 1430 1868 20).

545 1890 631 1940 25.
652 1887 1049 1941 Dentveniam
1063 1887 1305 1958 quilibet
1327 1888 1486 1944 aliud
1511 1889 1826 1958 opinantes
1844 1903 1856 1953 ;
1873 1902 1984 1957 ego
2007 1905 2133 1945 ma-

475 1975 565 2043 gis
595 1974 771 2029 credo
804 1978 966 2030 tanto
1001 1975 1276 2046 apostolo
1305 1976 1361 2030 in
1391 1976 1729 2047 suis,etpro
1755 1967 1879 2030 suis
1911 1977 2131 2033 Litteris

467 2062 910 2134 juranti,quam
934 2065 1216 2136 cuiquam
1232 2065 1580 2121 doctissimo
1606 2066 1678 2120 de
1702 2065 1907 2120 alienis
1928 2065 2132 2121 litteris

473 2150 943 2221 disputanti.Nec
959 2152 1075 2207 dici
1093 2152 1290 2217 timeo,
1310 2169 1405 2208 me
1420 2154 1502 2209 sic
1526 2153 1774 2209 Paulum
1790 2153 2129 2218 defendere,

473 2239 637 2312 quod
668 2255 787 2294 non
837 2241 1132 2296 simularit
1160 2259 1429 2298 errorem
1457 2243 1826 2307 Judaaorum,
1856 2243 1952 2297 sed
1997 2260 2131 2299 vere

469 2328 645 2384 fuerit
667 2331 725 2384 in
747 2345 960 2385 errore.
991 2331 1285 2395 Quoniam
1302 2347 1495 2403 neque
1509 2332 1828 2388 simulabat
1847 2349 2126 2402 errorem,

473 2418 576 2490 qui
592 2418 857 2474 libertate
872 2419 1470 2489 apostolica,sicutilli
1489 2421 1725 2492 tempori
1741 2421 2129 2491 congruebat,

477 2511 678 2563 vetera
703 2507 800 2562 illa
820 2515 1218 2573 sacramenta,
1247 2509 1346 2563 ubi
1365 2525 1519 2581 opus
1542 2515 1685 2580 erat,
1710 2511 1946 2580 agendo
1969 2527 2123 2566 com~

473 2596 794 2652 mendabat
808 2612 898 2661 ea,
916 2613 1036 2651 non
1051 2603 1276 2653 satana:
1291 2600 1547 2653 versutia
1561 2599 1928 2671 decipiendis
1943 2600 2128 2654 humi-

477 2684 674 2747 nibus,
713 2686 820 2740 sed
839 2686 934 2741 Dei
952 2687 1328 2758 providentia
1350 2689 1816 2760 praenuntiandis
1845 2689 2021 2743 rebus
2045 2689 2130 2743 fu-

471 2774 616 2830 turis
641 2774 984 2845 prophetice
1003 2776 1322 2831 constituta
1342 2794 1355 2831 :
1373 2793 1479 2832 nec
1495 2793 1628 2832 vere
1644 2778 1834 2832 fuerat
1851 2778 1907 2832 in
1932 2794 2127 2834 errore

469 2862 834 2928 Iudaeorum,
871 2865 970 2935 qui
1004 2879 1122 2919 non
1151 2864 1334 2919 solum
1361 2871 1624 2932 noverat,
1654 2867 1757 2921 sed
1785 2868 1963 2922 etiam
2001 2867 2128 2921 ins-

471 2955 659 3006 tanter
698 2958 754 3006 et
785 2954 994 3006 acriter
1027 2954 1395 3024 praedicabat
1418 2971 1522 3010 eos
1581 2971 1795 3018 errare,
1830 2956 1931 3026 qui
1962 2962 2126 3027 puta-

471 3039 618 3095 bant
649 3041 934 3096 Gentibus
969 3041 1362 3114 imponenda,
1397 3044 1488 3098 vel
1538 3043 1944 3115 justiticationi
1972 3061 2128 3117 quo-

472 3143 872 3202 rumcumque
903 3130 1167 3190 ﬁdelium
1199 3131 1555 3188 necessaria.

542 3220 629 3274 '26.
649 3219 818 3283 Quod
839 3226 1028 3274 autem
1055 3219 1173 3274 dixi
1199 3237 1333 3276 eum
1354 3221 1574 3277 factum
1589 3221 1810 3276 Judaeis
1834 3227 2124 3295 tanquam

471 3306 747 3362 Judaeum
769 3313 824 3362 et
841 3312 1132 3378 tanquam
1160 3309 1440 3377 gentilem
1458 3311 1802 3375 Gentilibus,
1818 3327 1937 3366 non
1961 3329 2120 3367 men-

470 3397 668 3452 tientis
696 3402 849 3467 astu,
882 3398 988 3452 sed
1011 3399 1428 3469 compatientis
1457 3399 1701 3456 affectu:
1730 3404 2123 3473 quemadmo-

469 3484 616 3540 dum
647 3485 896 3540 dixerim
926 3501 1138 3556 parum
1165 3488 1304 3543 mihi
1334 3490 1494 3544 visus
1516 3505 1578 3544 es
1610 3492 1928 3546 attendisse
1957 3509 1969 3557 ;
2001 3493 2122 3548 imo

471 3588 582 3644 ego
618 3573 869 3629 fortasse
917 3589 1037 3630 non
1088 3575 1232 3632 satis
1276 3577 1388 3632 hoc
1443 3577 1763 3650 explanare
1803 3583 2118 3652 potuerim.

469 3664 670 3733 Neque
692 3663 852 3719 enim
883 3665 996 3720 hac
1021 3664 1156 3722 ideo
1182 3665 1324 3732 dixi,
1349 3669 1511 3739 quod
1543 3668 2001 3726 misericorditer
2020 3671 2120 3726 illa

471 3749 839 3807 simulaverit
863 3769 878 3820 ;
911 3753 1014 3808 sed
1038 3755 1173 3822 quia
1200 3755 1284 3810 sic
1315 3773 1436 3812 non
1468 3773 1535 3811 ea
1557 3758 1854 3814 simulavit
1875 3775 2011 3831 quae
2035 3759 2123 3816 fa-

468 3839 663 3896 ciebat
692 3841 907 3898 similia
935 3843 1174 3909 Judaeis,
1203 3844 1742 3915 qummadmodum
1759 3847 2119 3920 necillaqum

469 3927 721 3986 faciebat
751 3931 965 3986 similia
988 3932 1297 3998 Gentibus,
1321 3951 1457 4006 quae
1497 3940 1558 3991 tu
1582 3952 1825 4008 quoque
1861 3953 2122 3993 comme-

469 4019 715 4074 morasti
745 4036 758 4084 ;
794 4025 972 4091 atque
995 4021 1052 4075 in
1081 4037 1151 4076 eo
1186 4039 1300 4087 me,
1329 4024 1492 4094 quod
1508 4040 1626 4079 non
1653 4025 1881 4096 ingrate
1911 4027 2117 4093 fateor,

469 4106 769 4175 adjuvisti.
807 4109 950 4162 Cum
975 4110 1135 4164 enim
1169 4110 1278 4166 abs
1307 4114 1356 4164 te
1388 4113 1739 4181 quaesissem
1774 4115 1831 4169 in
1867 4115 2120 4186 epistola

469 4195 950 4266 mea,quomodo
980 4199 1362 4267 puteturideo
1378 4200 1572 4255 factus
1593 4202 1814 4256 Judmis
1831 4209 2118 4276 tanquam

466 4281 731 4351 Judaeus,
787 4285 929 4356 quia
960 4285 1247 4342 fallaciter
1307 4289 1570 4360 suscepit
1611 4299 1990 4348 sacramenta
2020 4293 2120 4348 Ju-

467 4370 764 4440 daaorum,
793 4390 929 4428 cum
960 4380 1016 4430 et
1046 4375 1322 4432 Gentibus
1344 4382 1630 4450 tanquam
1662 4381 1893 4449 gentilis
1925 4381 2119 4437 factus

469 4460 560 4524 sit,
578 4477 685 4516 nec
713 4467 910 4518 tamen
927 4465 1186 4536 suscepit
1202 4465 1487 4522 fallaciter
1500 4468 1787 4526 sacriﬁcia
1815 4472 2116 4539 Gentium;

469 4553 528 4603 tu
558 4552 936 4621 respondisti,
955 4554 1014 4608 in
1045 4570 1115 4609 eo
1135 4555 1357 4612 factum
1376 4558 1658 4612 Gentibus
1677 4565 1963 4631 tanquam
1981 4577 2121 4633 gen-

471 4637 649 4704 tilem,
682 4641 845 4711 quod
877 4645 1235 4713 praeputium
1265 4649 1566 4717 receperit,
1599 4649 1762 4720 quod
1788 4651 2118 4706 indifferen-

465 4731 554 4782 ter
582 4730 912 4798 permiserit
939 4734 1093 4788 vesci
1123 4734 1270 4790 cibis
1294 4752 1448 4807 quos
1465 4736 1987 4795 damnantJudaai:
2016 4742 2116 4797 ubi

468 4831 580 4887 ego
605 4833 812 4888 quasro
846 4825 1040 4876 utrum
1074 4829 1127 4876 et
1154 4823 1266 4878 hoc
1298 4825 1576 4881 simulate
1609 4826 1840 4883 fecerit:
1882 4831 2046 4901 quod
2072 4832 2118 4887 si

464 4905 965 4964 absurdissimum
997 4915 1174 4982 atque
1208 4910 1588 4969 falsissimum
1617 4922 1704 4970 est
1737 4935 1749 4983 ;
1785 4919 1867 4973 sic
1889 4934 2030 4988 ergo
2064 4926 2119 4976 et

465 4995 562 5053 illa
595 4997 654 5052 in
675 4997 898 5069 quibus
927 4999 1267 5056 Iudaeorum
1299 5005 1719 5060 consuetudini
1751 5008 2119 5079 congruebat

465 5085 734 5142 libertate
749 5088 1043 5158 prudenti,
1061 5103 1181 5144 non
1202 5093 1548 5148 necessitate
1570 5094 1780 5160 servili,
1812 5102 1915 5152 aut
1956 5103 2118 5169 quod

465 5179 552 5230 est
584 5175 916 5246 indignius,
967 5178 1412 5249 dispensatione
1457 5182 1658 5240 fallaci
1692 5185 1888 5256 potius
1928 5203 2114 5257 quam

472 5261 652 5318 ﬁdeli.

540 5357 627 5405 27.
657 5353 950 5410 Fidelibus
982 5357 1160 5420 enim,
1197 5363 1253 5413 et
1281 5358 1349 5414 iis
1367 5361 1891 5430 quicognoveruut
1915 5364 2122 5418 verita-

470 5443 608 5503 tem,
654 5441 802 5496 sicut
830 5444 954 5514 ipse
980 5451 1242 5510 testatur,
1269 5450 1381 5503 nisi
1399 5449 1543 5503 forte
1563 5455 1617 5504 et
1639 5450 1912 5517 hicfallit,
1937 5455 2120 5509 omnis

471 5533 747 5587 creatura
762 5532 867 5588 Dei
888 5532 1029 5590 bona
1052 5543 1155 5604 est,
1171 5540 1223 5593 et
1237 5537 1392 5594 nihil
1407 5539 1801 5611 abjiciendum
1822 5543 1978 5613 quod
1990 5560 2120 5601 cum

1697 210 1705 220 ,
1757 155 1815 210 S.
1861 150 2247 210 AUGUSTINI
2290 151 2614 209 EPISCOPI
3743 169 3835 222 288

2238 279 2568 348 gratiarum
2587 278 3181 350 aetioneaccipiturﬂ
3203 281 3508 354 Tim.iv,li).
3523 287 3663 356 Ergo
3675 290 3838 362 etipsi

2239 366 2418 422 Paulo
2449 382 2567 421 non
2603 368 2795 424 solum
2827 369 2952 424 viro
2982 371 3022 433 ¹,
3051 386 3257 426 verum
3281 375 3451 428 etiam
3477 375 3837 447 dispensatori

2240 456 2495 511 maxime
2529 457 2702 520 fideli,
2744 473 2862 512 non
2897 457 3092 513 solum
3126 461 3426 531 cognitori,
3459 478 3652 519 verum
3683 468 3838 522 etiam

2240 544 2466 600 doctori
2507 547 2775 611 veritatis,
2810 548 3006 602 omnis
3039 549 3311 620 utiquein
3337 551 3477 604 cibis
3502 556 3839 610 creaturaDei

2241 649 2358 688 non
2381 634 2672 700 simulate,
2703 637 2807 690 sed
2830 652 2963 692 vere
2990 636 3147 693 bona
3167 639 3606 709 erat.Curigitur
3627 642 3759 698 nihil
3777 645 3843 698 si-

2240 722 2460 778 mulate
2502 725 2883 796 suscipiendo
2941 743 3248 782 sacrorum
3302 728 3843 802 cerimoniarumque

2240 810 2576 877 Gentilium,
2595 813 2696 868 sed
2711 814 2778 868 de
2797 814 2944 870 cibis
2964 820 3018 870 et
3042 816 3336 888 praeputio
3353 833 3548 872 verum
3570 820 3844 876 sentiendo

2239 916 2308 956 ac
2336 900 2630 967 docendo,
2656 909 2854 959 tamen
2875 911 3160 976 tanquam
3181 906 3411 975 gentilis
3432 906 3612 962 factus
3632 910 3848 963 estGen-

2241 989 2416 1056 tibus,
2441 996 2499 1045 et
2517 1007 2636 1046 non
2657 994 2846 1064 potuit
2891 993 3015 1049 fieri
3057 999 3349 1067 tanquam
3378 995 3609 1050 JUdtBllS
3628 996 3843 1062 Judaeis,

2239 1080 2349 1134 nisi
2371 1079 2658 1136 fallaciter
2678 1082 3057 1154 suscipiendo
3080 1090 3455 1139 sacramenta
3481 1084 3798 1140 Judteorum
3823 1086 3846 1139 ?

2239 1168 2351 1223 Cur
2388 1169 2645 1226 oleastro
2676 1173 2896 1227 inserto
2926 1175 3179 1229 servavit
3209 1173 3662 1246 dispensationis
3696 1191 3841 1230 vera-

2237 1273 2367 1312 cem
2402 1258 2571 1313 fidem
2598 1277 2611 1325 ;
2636 1265 2691 1314 et
2723 1261 3094 1317 naturalibus
3117 1262 3300 1317 ramis
3334 1277 3451 1317 non
3469 1269 3644 1327 extra,
3676 1262 3770 1317 sed
3796 1263 3847 1317 in

2239 1346 2451 1402 arbore
2477 1349 2826 1416 constitutis,
2843 1351 3040 1406 nescio
3054 1351 3216 1422 quod
3235 1351 3677 1423 dispensatoriaa
3691 1352 3847 1406 simu-

2238 1434 2470 1491 lationis
2487 1438 2755 1494 velamen
2778 1439 3084 1495 obtendit?
3106 1440 3422 1495 Curfactus
3441 1448 3714 1512 tanquam
3729 1455 3848 1509 gen-

2239 1524 2352 1580 tilis
2384 1527 2688 1592 Gentibus,
2720 1529 2883 1599 quod
2915 1529 3088 1584 sentit
3119 1530 3310 1594 docet,
3339 1529 3500 1601 quod
3525 1530 3600 1584 ait
3625 1535 3643 1563 ¹
3669 1528 3850 1593 sentit;

2238 1613 2426 1669 factus
2455 1621 2654 1671 autem
2679 1618 3467 1690 tanquamiudmusiudaeis,
3499 1618 3649 1672 aliud
3665 1618 3717 1673 in
3733 1634 3850 1690 pec-

2240 1707 2363 1758 tore
2376 1704 2621 1772 claudil,
2639 1706 2798 1760 aliud
2813 1709 3000 1777 promi
3014 1707 3097 1762 tin
3115 1708 3327 1769 verbis,
3353 1709 3411 1762 in
3429 1706 3604 1771 factis,
3621 1709 3674 1761 in
3695 1708 3852 1778 scrip-

2242 1793 2309 1847 tis
2335 1793 2362 1848 ?
2394 1793 2504 1848 Sed
2546 1793 2699 1849 absit
2726 1794 2840 1850 hoc
2871 1811 3104 1867 sapere.
3136 1796 3408 1868 Utrisque
3438 1797 3590 1851 enim
3622 1795 3854 1851 debebat

2239 1881 2580 1937 charitatem
2599 1884 2669 1938 de
2691 1884 2868 1939 corde
2887 1901 3034 1955 puro
3056 1885 3493 1940 etconscientia
3505 1885 3678 1949 bona,
3693 1885 3855 1940 etfide

2240 1987 2359 2026 non
2393 1972 2530 2026 ficta
2557 1972 2667 2043 (Id.
2701 1989 2736 2032 ι.
2765 1975 2835 2038 5).
2860 1974 2940 2027 Ac
2969 1990 3073 2045 per
3097 1975 3210 2029 hoc
3233 1975 3517 2028 omnibus
3544 1975 3735 2028 omnia
3755 1973 3855 2029 fac-

2241 2065 2454 2129 tusest,
2489 2068 2550 2116 ut
2573 2078 2781 2117 omnes
2802 2063 3396 2136 lucrifaceret(lCor.
3428 2080 3503 2131 ix,
3536 2063 3729 2134 lii-'22),
3752 2077 3853 2116 non

2241 2150 2576 2204 mentientis
2606 2155 2759 2214 astu,
2797 2152 2898 2205 sed
2945 2152 3358 2222 compatientis
3410 2151 3654 2220 aﬁ‘ectu;
3685 2150 3739 2204 id
3784 2156 3856 2205 est

2239 2255 2354 2294 non
2389 2240 2595 2294 omnia
2633 2240 2794 2296 mala
2824 2240 3137 2296 hominum
3177 2241 3463 2297 fallaciter
3495 2239 3737 2313 agendo,
3768 2237 3857 2293 sed

2240 2327 2494 2384 aliorum
2522 2330 2792 2384 omnium
2839 2330 3009 2385 malis
3042 2330 3350 2396 omnibus,
3392 2336 3671 2402 tanquam
3699 2329 3740 2383 si
3765 2344 3858 2382 sua

2238 2425 2453 2483 essent,
2489 2419 2886 2475 misericordis
2933 2419 3245 2475 medicinae
3277 2420 3643 2489 diligentiam
3674 2432 3860 2490 procu-

2238 2507 2449 2562 rando.

2309 2597 2394 2649 28.
2411 2596 2559 2650 Cum
2573 2596 2774 2667 itaque
2790 2597 2888 2652 illa
2899 2597 3260 2653 Testamenti
3273 2597 3499 2652 Veteris
3514 2600 3860 2652 sacramenta

2237 2685 2414 2740 etiam
2435 2685 2544 2739 sibi
2562 2686 2796 2754 agenda
2812 2686 3054 2741 minime
3069 2687 3407 2751 recusabat,
3427 2703 3542 2741 non
3560 2685 3862 2740 misericor-

2237 2773 2385 2827 diter
2416 2772 2676 2838 fallebat,
2730 2775 2834 2828 sed
2876 2775 3124 2829 omnino
3154 2791 3272 2830 non
3301 2774 3538 2843 fallens,
3570 2778 3737 2844 atque
3763 2771 3859 2825 hoc

2235 2863 2419 2917 modo
2445 2879 2480 2918 a
2521 2862 2777 2918 Domino
2810 2866 2926 2918 Deo
2965 2864 3062 2919 illa
3090 2880 3280 2935 usque
3312 2868 3389 2918 ad
3424 2862 3561 2918 certi
3604 2858 3862 2932 temporis

2235 2951 2766 3022 dispensationemj
2780 2969 2916 3007 ussa
2928 2968 3056 3006 esse
3069 2954 3572 3017 commendans,a
3587 2947 3860 3018 sacrilegis

2234 3041 2419 3095 sacris
2435 3041 2708 3096 Gentium
2725 3040 3147 3109 distinguebat.
3164 3042 3325 3095 Tunc
3339 3047 3564 3105 autem,
3588 3054 3702 3094 non
3721 3051 3864 3092 men-

2235 3127 2432 3183 tientis
2481 3127 2748 3194 astu,sed
2792 3128 3207 3200 compatientis
3238 3128 3478 3194 affectu,
3505 3126 3716 3183 Judmis
3743 3128 3863 3178 tan-

2231 3217 2671 3289 quamJudaeus
2697 3218 2892 3284 fiebat,
2909 3217 3157 3290 quando
3180 3233 3283 3273 eas
3307 3218 3387 3274 ab
3411 3218 3508 3274 illo
3533 3228 3861 3286 errore,qu0

2233 3306 2320 3361 vel
2339 3308 2396 3361 in
2421 3307 2718 3363 Christum
2746 3307 2984 3362 credere
3008 3307 3308 3372 nolebant,
3334 3309 3427 3362 vel
3456 3322 3560 3378 per
3590 3309 3862 3360 veterasa-

2233 3395 2495 3451 cerdotia
2519 3397 2540 3431 ³
2565 3413 2674 3452 sua
2687 3397 3271 3469 cerimoniarumque
3285 3396 3749 3463 observationes,
3766 3406 3863 3446 sea

2230 3486 2485 3556 peccatis
2507 3502 2679 3556 posse
2711 3485 3006 3551 mundari,
3051 3485 3296 3557 ﬁerique
3328 3486 3530 3541 salvos
3571 3482 3860 3539 existima-

2230 3573 2390 3639 bant,
2425 3573 2769 3628 siclibcrare
2783 3575 3081 3645 cupiebat,
3101 3580 3392 3646 tanquam
3423 3573 3550 3646 ipse
3569 3572 3664 3628 illo
3682 3584 3858 3626 errore

2229 3668 2551 3732 teneretur;
2574 3663 2822 3732 diligens
2841 3663 3044 3734 utique
3061 3664 3401 3734 proximum
3419 3669 3707 3734 tauquam
3723 3660 3864 3730 seip-

2229 3768 2385 3815 sum,
2418 3757 2472 3807 et
2495 3752 2619 3807 haec
2651 3751 2780 3807 aliis
2801 3751 3046 3816 faciens,
3078 3768 3214 3824 qum
3241 3752 3352 3807 sibi
3383 3752 3608 3809 abaliis
3624 3749 3744 3805 ﬁeri
3769 3747 3863 3802 vel-

2227 3841 2323 3909 let,
2361 3842 2410 3895 si
2431 3842 2544 3897 hoc
2569 3841 2641 3896 illi
2685 3846 3036 3913 opusesset:
3063 3841 3388 3913 quodcum
3438 3840 3728 3898 Dominus
3753 3852 3862 3892 mo-

2228 3930 2472 3996 nuisset,
2502 3930 2796 4000 adjunxit,
2825 3929 2967 3986 Hac
3007 3938 3088 3986 est
3119 3932 3275 3986 enim
3331 3933 3454 3987 Lex
3485 3937 3539 3987 et
3571 3927 3867 3996 Prophetas

2229 4020 2472 4091 (Matth.
2500 4036 2642 4083 xxu,
2679 4021 2789 4090 40).

2299 4110 2389 4165 29.
2408 4111 2572 4164 Hunc
2591 4125 2720 4164 com
2732 4108 3006 4180 patientis
3020 4109 3298 4164 affectum
3316 4109 3376 4164 in
3393 4108 3609 4165 eadem
3626 4102 3869 4178 Epistola

2228 4199 2303 4254 ad
2327 4199 2561 4255 Galatas
2593 4197 2873 4270 praecipit,
2892 4197 3094 4252 dicens
3123 4197 3216 4253 :Si
3239 4192 3870 4267 praeoccupatusfuerit

2229 4288 2475 4344 homoin
2503 4288 2706 4358 aliqua
2737 4286 2949 4343 delicto
2975 4302 3103 4352 ;vos
3117 4286 3220 4358 qui
3243 4287 3589 4355 spirituales
3613 4286 3760 4346 estis,
3791 4282 3870 4335 in-

2228 4380 2438 4432 struite
2455 4378 2532 4433 hu
2530 4376 2798 4447 jusmodi
2813 4378 2872 4431 in
2892 4375 3108 4444 spiritu
3124 4375 3724 4441 tenitatis,intendens
3739 4372 3867 4438 teip-

2227 4483 2377 4533 sum,
2401 4482 2474 4522 ne
2503 4473 2556 4522 et
2588 4474 2646 4521 tu
2677 4465 3083 4535 tenteris(Gat.
3114 4481 3191 4531 Vl,
3219 4466 3286 4536 l).
3307 4465 3450 4520 Vide
3484 4467 3532 4519 si
3559 4480 3680 4519 non
3706 4459 3867 4517 dixit:

2229 4556 2393 4610 Fiere
2419 4556 2440 4590 ⁴
2469 4561 2755 4626 tanquam
2773 4555 2886 4619 ille,
2905 4554 3144 4609 utilium
3163 4553 3525 4609 lucrifacias.
3547 4556 3669 4609 Non
3687 4549 3871 4621 utique

2230 4651 2291 4700 ut
2322 4646 2517 4716 ipsum
2542 4643 3124 4698 dilectumfallaciter
3153 4649 3372 4712 ageret,
3391 4649 3574 4699 autse
3599 4642 3654 4696 id
3669 4639 3871 4696 habere

2230 4732 2557 4798 simularet;
2593 4732 2692 4786 sed
2712 4737 2772 4786 ut
2802 4732 2858 4786 in
2893 4732 3132 4787 alterius
3147 4731 3546 4803 delicto,quid
3573 4730 3753 4785 etiam
3770 4723 3870 4780 sibi

2228 4823 2496 4879 accidere
2509 4827 2720 4895 posset.
2741 4821 3086 4884 attenderet,
3107 4827 3281 4892 atque
3295 4821 3373 4875 ita
3389 4821 3577 4885 alteri,
3599 4826 3870 4888 tanquam

2229 4913 2342 4968 sibi
2369 4913 2446 4968 ab
2473 4912 2656 4967 altero
2680 4910 2871 4976 vellet,
2902 4911 3350 4965 misericorditer
3369 4910 3717 4988 subveniret
3738 4924 3749 4957 :
3771 4904 3871 4958 hoc

2228 5008 2316 5056 est
2335 5017 2451 5056 non
2467 5001 2800 5055 mentientis
2813 5006 2964 5063 astu,
2983 5000 3083 5053 sed
3102 5014 3235 5053 com
3247 5000 3525 5069 patientis
3541 4997 3775 5052 affectu.
3791 4993 3873 5048 Sic

2227 5091 2544 5155 .Iudaao,sic
2557 5089 2873 5159 gcntili,sic
2887 5089 3126 5143 cuilibet
3141 5088 3368 5142 homini
3385 5087 3601 5142 Paulus
3617 5086 3676 5140 in
3690 5095 3874 5139 errore

2292 5244 2307 5274 ¹
2335 5241 2489 5296 Lov.,
2532 5253 2670 5288 vero.
2706 5241 2774 5289 At
2803 5239 2892 5287 alii
2925 5237 3058 5287 Edd.
3097 5241 3150 5287 et
3185 5238 3307 5286 Mss.
3359 5237 3649 5291 sexdecim,
3683 5246 3812 5282 vero.

2291 5304 2308 5333 ³
2338 5304 2395 5352 In
2431 5302 2834 5367 quatuordecim
2863 5301 3008 5357 Mss,
3041 5301 3163 5362 agit.

2293 5367 2310 5394 ³
2346 5365 2468 5414 Mss.
2505 5366 2629 5416 duo.
2663 5365 2942 5428 sacriﬁcia.
3048 5427 3091 5428 η
3201 5425 3251 5428 _,
3514 5423 3526 5428 _
3714 5420 3763 5428 _.

2294 5432 2309 5456 ⁸
2336 5429 2488 5483 Edd.,
2515 5429 2673 5480 Fieri.
2692 5420 2838 5476 Unus
2856 5441 2882 5475 e
2910 5427 3022 5476 Vat.
3045 5427 3168 5474 Mss.
3191 5425 3331 5473 Fias.
3361 5425 3456 5473 Alii
3477 5423 3676 5486 plures,
3705 5420 3874 5486 Fieri:

2231 5493 2377 5556 quod
2402 5481 2565 5556 modo?
2586 5491 2909 5556 imperativo
2939 5491 3015 5539 sic
3051 5493 3278 5551 usurpat
3307 5481 3646 5552 Augustinus
3685 5481 3872 5554 inguliis

2231 5554 2363 5606 locis
2384 5555 2528 5618 apud
2553 5554 2676 5603 Mss.
