3996 6158
163 108 237 168 :89
1356 79 1852 164 EPISTOLAHU’M
1894 105 2181 163 CLASSIS
2227 99 2299 163 lI.

156 225 224 281 vel
249 225 477 295 peccato
507 221 711 294 aliquo
731 221 1076 288 constituto,
1094 238 1212 278 non
1235 223 1576 279 simulando
1594 223 1760 296 quod

153 330 246 370 non
266 318 397 372 erat,
412 311 516 364 sed
537 311 978 382 compatiendo,
1001 313 1285 382 quiaesse
1303 313 1610 384 potuisset,
1633 318 1762 367 tan'

150 418 301 475 quam
327 399 421 472 qui
450 416 510 454 se
543 400 850 455 hominem
892 402 1195 470 cogitaret,
1225 402 1513 457 omnibus
1555 403 1762 457 omnia

151 490 309 545 factus
337 494 440 552 est,
471 496 532 543 ut
558 504 769 544 omnes
791 489 1180 547 lucrifaceret.

204 580 407 634 CAPUT
427 578 516 632 lV.
541 609 608 617 —
631 578 1106 650 30.Teipsum,si
1149 579 1358 649 placet,
1400 580 1652 634 obsecro
1683 583 1758 648 te,

145 667 652 740 paulisperintuere
675 682 688 730 ;
711 667 990 737 teipsum,
1009 667 1278 738 inquam,
1298 684 1439 737 erga
1453 667 1761 738 memetip-

142 761 338 818 5|;m,et
357 755 564 821 recole,
587 755 696 820 vel,
718 756 767 809 si
783 756 968 810 habes
983 756 1340 828 conscripta,
1370 755 1562 825 relege
1580 757 1760 811 verba

141 846 287 899 tuain
305 843 400 898 illa
425 844 683 915 Epistola
705 861 884 915 quam
915 844 1056 899 mihi
1077 861 1181 916 per
1202 846 1443 901 fratrem
1488 851 1760 901 nostrum

134 936 238 1004 jam
253 932 532 1001 collegam
552 947 752 987 meum
776 933 1158 1003 Cyprianum,
1175 934 1502 989 breviorem
1523 934 1757 999 misisti,

138 1039 293 1094 quam
311 1024 522 1090 veraci,
535 1037 720 1093 quam
736 1036 1047 1089 germano,
1062 1038 1246 1093 quam
1265 1023 1439 1094 pleno
1454 1021 1760 1077 charitatis

137 1111 341 1170 affectu,
375 1126 511 1165 cum
539 1109 821 1182 quaedam
840 1126 932 1165 me
955 1111 1013 1164 in
1031 1117 1080 1165 te
1095 1112 1466 1167 commisisse
1480 1118 1763 1182 expostu-

134 1201 288 1255 lasses
306 1198 980 1268 graviter,subjunxisti:
1004 1199 1068 1253 In
1087 1200 1198 1254 hoc
1219 1199 1455 1255 larditur
1479 1201 1757 1266 amicitia,

131 1288 182 1342 in
209 1287 306 1342 hoc
347 1287 791 1344 necessitudinis
826 1290 973 1356 jura
1007 1289 1326 1352 violantur,
1364 1303 1430 1344 ne
1461 1289 1762 1344 videamur

133 1385 332 1432 certare
346 1376 683 1445 pueriliter,
699 1376 1102 1444 etfautoribus
1125 1378 1396 1443 invicem,
1433 1378 1519 1433 vel
1539 1379 1762 1432 detrac-

133 1466 328 1519 toribus
358 1464 567 1519 nostris
597 1464 1174 1521 tribueremateriam
1203 1467 1609 1522 contendendi.
1630 1469 1762 1521 Haec

133 1554 220 1609 abs
234 1562 281 1608 te
297 1555 476 1609 verba
500 1569 619 1608 non
644 1553 840 1609 solum
853 1570 924 1609 ex
939 1555 1140 1609 animo
1155 1555 1313 1610 dicta
1327 1556 1534 1619 sentio,
1555 1571 1759 1611 verum

131 1643 274 1696 etiam
309 1642 574 1710 benigno
597 1641 798 1697 animo
826 1642 902 1696 ad
935 1643 1370 1699 consulendum
1397 1644 1560 1699 mihi.
1591 1644 1762 1700 Deni-

129 1747 221 1802 que
241 1731 427 1793 addis.
465 1729 628 1802 quod
655 1731 883 1786 etiamsi
912 1747 1026 1786 non
1054 1731 1326 1800 adderes,
1350 1739 1683 1804 appareret,
1705 1738 1761 1789 et

131 1819 251 1874 dicis
278 1837 289 1873 :
323 1821 465 1875 Haec
491 1819 701 1889 scribo,
732 1821 873 1890 quia
900 1836 1053 1888 pure
1083 1827 1134 1876 et
1166 1820 1484 1877 Christiane
1509 1823 1762 1893 diligere

131 1915 170 1964 te
183 1909 342 1979 cupio,
377 1924 490 1964 nec
510 1908 835 1980 quidquam
865 1909 924 1962 in
939 1923 1066 1965 mea
1088 1917 1282 1965 mente
1302 1913 1574 1973 retinere,
1606 1913 1762 1982 quod

127 1998 268 2053 distet
296 2014 330 2054 a
373 1997 578 2053 labiis.
609 1999 652 2053 Ο
673 1997 760 2052 vir
789 2003 1012 2067 sancte,
1034 1998 1321 2070 mihique,
1349 2000 1576 2054 utDeus
1606 2001 1762 2056 videt

129 2087 358 2143 animam
406 2102 636 2150 meam,
670 2087 884 2150 veraci,
929 2087 1106 2142 corde
1138 2088 1367 2151 dilecte,
1412 2088 1525 2144 hoc
1559 2090 1758 2161 ipsum

127 2177 257 2247 quod
278 2175 530 2247 posuisti
549 2175 823 2230 inlitteris
842 2176 974 2239 tuis,
999 2176 1163 2247 quod
1180 2182 1232 2231 te
1247 2178 1389 2232 mihi
1413 2179 1759 2235 exhibuisse

127 2279 220 2319 non
243 2265 474 2328 dubito,
507 2265 619 2319 hoc
648 2264 846 2335 ipsum
867 2265 1115 2320 omnino
1142 2265 1483 2336 apostolum
1511 2267 1760 2324 Paulum

127 2353 270 2409 credo
296 2353 642 2408 exhibuisse
660 2353 716 2406 in
743 2353 966 2407 Litteris
985 2353 1130 2417 suis,
1153 2370 1272 2408 non
1295 2356 1760 2413 unicuilibetho-

127 2443 260 2511 mini,
285 2443 387 2497 sed
425 2442 678 2509 ludteis,
710 2449 766 2496 et
804 2443 1037 2506 Graecis,
1074 2449 1128 2497 et
1158 2444 1441 2498 omnibus
1468 2444 1759 2502 Gentibus

125 2531 232 2585 ﬁliis
251 2535 387 2594 suis,
413 2546 580 2603 quos
609 2532 666 2584 in
701 2531 1018 2602 Evangelio
1051 2537 1361 2600 genuerat,
1391 2538 1447 2589 et
1471 2551 1626 2607 quos
1659 2551 1761 2607 pa-

127 2619 326 2673 riendos
350 2618 755 2690 parturiebat;
789 2624 845 2675 et
863 2620 1079 2674 deinde
1108 2627 1484 2692 posterorum
1512 2629 1592 2678 tot
1625 2623 1760 2679 mil-

127 2706 252 2760 libus
274 2708 542 2762 fidelium
566 2708 1058 2774 Christianorum,
1083 2714 1323 2780 propter
1344 2727 1499 2783 quos
1524 2712 1622 2767 illa
1641 2729 1758 2767 me-

130 2797 296 2851 morite
329 2796 744 2851 mandabatur
776 2795 1054 2868 Epistola,
1076 2803 1136 2852 ut
1158 2798 1297 2853 nihil
1332 2799 1392 2854 in
1417 2815 1526 2855 sua
1556 2808 1756 2857 mente

131 2886 365 2941 retineret
393 2885 568 2959 quod
599 2885 842 2942 distaret
873 2903 909 2941 a
938 2886 1134 2942 labiis.

181 2980 253 3030 31.
282 2978 442 3032 Certe
479 2975 680 3030 factus
708 2992 769 3030 es
808 2977 986 3031 etiam
1021 2981 1102 3041 tu,
1138 2980 1420 3048 tanquam
1448 2993 1578 3048 ego,
1635 2996 1758 3036 non

129 3065 428 3119 mentientis
442 3069 605 3130 astu,
631 3063 735 3119 sed
754 3065 1170 3137 compatientis
1184 3064 1418 3132 affectu,
1446 3083 1582 3123 cum
1603 3069 1761 3139 cogi-

131 3158 255 3207 lares
280 3158 394 3208 tam
447 3169 548 3208 me
607 3168 724 3208 non
757 3153 1216 3224 relinquendum
1256 3155 1315 3208 in
1369 3171 1440 3210 ea
1470 3157 1667 3227 culpa,
1699 3157 1759 3212 in

129 3254 282 3309 quam
300 3258 389 3296 me
405 3242 763 3314 prolapsum
777 3240 1141 3304 existimasti,
1158 3257 1342 3313 quam
1359 3258 1466 3298 nec
1490 3249 1542 3298 te
1558 3244 1756 3311 velles,

129 3331 234 3383 sieo
259 3331 435 3386 modo
452 3329 777 3401 prolapsus
809 3345 991 3384 esses.
1009 3329 1167 3385 Unde
1195 3346 1382 3400 agens
1410 3331 1633 3401 gratias
1660 3333 1761 3388 be-

133 3417 324 3472 nevolee
351 3419 544 3474 menti
579 3433 720 3487 erga
753 3434 844 3473 me
866 3421 1003 3483 tuae,
1047 3417 1225 3473 simul
1252 3435 1456 3490 posco,
1494 3421 1758 3477 utetiam

132 3505 246 3560 mihi
273 3523 392 3563 non
419 3522 804 3572 succenseas,
850 3507 1010 3579 quod
1045 3523 1182 3562 cum
1216 3507 1278 3562 in
1309 3509 1613 3580 opusculis
1646 3511 1758 3566 tuis

134 3593 303 3665 aliqua
329 3613 423 3652 me
448 3599 784 3661 moverent,
809 3601 1039 3652 motum
1070 3612 1273 3651 meum
1307 3597 1576 3653 intimavi
1609 3599 1712 3654 tibi
1743 3615 1756 3655 :

132 3679 219 3737 hoc
234 3699 366 3755 erga
399 3703 496 3741 me
523 3685 604 3741 ab
626 3684 908 3740 omnibus
938 3686 1160 3740 servari
1186 3685 1408 3750 volens,
1434 3688 1597 3759 quod
1620 3705 1760 3758 erga

133 3775 173 3824 te
199 3773 310 3844 ipse
337 3774 599 3838 servavi,
637 3778 697 3828 ut
720 3773 1016 3847 quidquid
1042 3774 1511 3845 improbaudum
1549 3781 1761 3848 putant

134 3859 176 3914 in
203 3863 424 3934 scriptis
441 3862 620 3931 meis,
651 3863 1053 3919 neclaudent‘
1089 3863 1347 3920 subdolo
1365 3870 1622 3936 pectore,
1652 3883 1760 3923 nec

134 3948 196 4004 ita
221 3952 657 4024 reprehendant
678 3952 840 4023 apud
862 3953 1030 4022 alios,
1065 3957 1126 4008 ut
1153 3957 1384 4008 taceant
1415 3955 1577 4025 apud
1619 3972 1713 4010 me
1742 3972 1758 4024 ;

131 4035 242 4093 hinc
270 4041 462 4112 potius
494 4041 844 4096 existimans
876 4041 1014 4096 laedi
1055 4042 1380 4097 amicitiam
1413 4050 1464 4098 et
1507 4044 1760 4100 necessi-

131 4127 474 4200 tudinisjura
512 4129 968 4186 violari.Nescio
988 4131 1168 4195 enim,
1199 4137 1399 4186 utrum
1422 4133 1759 4189 christiana;

131 4216 368 4274 amicitia:
399 4219 694 4291 putandae
723 4219 862 4283 sint,
892 4219 948 4273 in
978 4219 1200 4291 quibus
1228 4219 1421 4292 magis
1450 4221 1603 4278 valet
1636 4223 1760 4278 vul-

127 4319 242 4371 gare
260 4308 666 4377 proverbium.
686 4307 1036 4380 Obsequium
1050 4308 1290 4374 amicos,
1323 4309 1538 4366 veritas
1556 4312 1758 4368 odium

126 4397 262 4457 parit
288 4396 631 4465 (Terentius
652 4397 714 4451 in
737 4396 953 4464 Andr.,
969 4403 1078 4452 act.
1107 4399 1152 4463 I,
1175 4413 1346 4454 scena
1369 4400 1440 4468 1),
1469 4416 1652 4472 quam
1668 4417 1756 4456 ec-

127 4482 518 4550 clesiasticum,
553 4486 860 4541 Fideliora
880 4485 1024 4543 sunt
1060 4487 1314 4543 vulnera
1344 4490 1545 4554 amici,
1576 4506 1758 4561 quam

130 4573 436 4629 voluntaria
465 4575 676 4630 oscula
705 4575 930 4631 inimici
971 4575 1170 4646 (Prov.
1206 4592 1372 4646 xxvii,
1406 4580 1478 4647 6).

181 4658 257 4713 32.
284 4663 538 4718 Proinde
561 4662 952 4719 charissimos
967 4671 1222 4731 nostros,
1238 4665 1341 4737 qui
1359 4667 1572 4722 nostris
1586 4665 1758 4723 labo-

129 4746 263 4801 ribus
284 4751 688 4806 sincerissime
709 4751 924 4814 favent,
945 4752 1058 4808 hoc
1077 4753 1274 4824 potius
1305 4761 1533 4825 quanta
1550 4771 1758 4826 possu-

131 4851 239 4890 mus
269 4838 555 4894 instantia
586 4839 934 4904 doceamus,
954 4857 1076 4913 quo
1104 4841 1293 4898 sciant
1326 4842 1450 4897 ﬁeri
1484 4859 1657 4914 posse
1698 4845 1757 4900 in

129 4922 253 4979 inter
280 4927 671 4983 charissitnos
714 4928 940 5001 aliquid
977 4929 1257 4985 alterutro
1305 4947 1580 4986 sermone
1622 4948 1759 4988 con-

132 5012 442 5083 tradicatur,
475 5033 588 5072 nec
620 5021 819 5072 tamen
852 5017 1111 5074 charitas
1140 5019 1269 5090 ipsa
1291 5021 1614 5086 minuatur,
1649 5037 1757 5075 nec

131 5106 316 5158 veritas
353 5106 569 5160 odium
598 5106 809 5177 pariat,
841 5123 975 5178 quas
1007 5107 1258 5162 debetur
1284 5108 1558 5164 amicitiae
1589 5125 1602 5175 ;
1636 5110 1757 5166 sive

133 5185 253 5246 illud
281 5209 484 5250 verum
531 5196 603 5249 sit
630 5197 791 5267 quod
825 5196 1270 5263 contradicitur,
1308 5198 1424 5253 sive
1459 5198 1636 5254 corde
1668 5215 1760 5255 ve-

182 5387 191 5413 ¹
216 5384 328 5433 Mss.
346 5389 776 5451 quatuordecim,
798 5405 885 5438 nec
899 5390 1139 5438 claudant
1169 5389 1382 5438 subdolo
1397 5397 1613 5452 pectore.
1639 5391 1760 5440 For-

134 5447 232 5520 tean
265 5447 425 5520 voluit
461 5451 701 5500 alludere
727 5452 797 5520 ad
825 5465 888 5501 ea
917 5453 1224 5520 Hieronymi
1275 5447 1452 5511 verba,
1486 5467 1574 5503 nec
1615 5454 1756 5517 quid-

133 5519 263 5568 mst
290 5516 345 5560 in
369 5528 480 5564 mea
511 5521 676 5566 mente
699 5516 935 5572 retinere.
968 5518 1074 5571 etc.

1869 224 1991 278 raci
2031 223 2472 294 qualecumque
2530 221 2599 276 sit
2637 221 2871 288 dicitur,
2930 238 3053 278 non
3102 223 3408 279 retinendo
3458 224 3519 280 in

1873 319 2065 367 mente
2091 311 2253 382 quod
2281 311 2452 365 distet
2488 328 2522 366 a
2554 311 2745 366 labiis.
2780 311 3036 366 Credant
3080 312 3277 384 itaque
3310 313 3516 368 fratres

1869 401 2073 464 nostri,
2095 400 2766 472 familiarestui,quibus
2792 401 3198 456 testimonium
3215 401 3514 472 perhibes,

1867 491 2026 562 quod
2055 491 2168 544 sint
2191 505 2336 543 vasa
2368 489 2594 553 Christi,
2633 505 2724 543 me
2767 489 2946 544 invito
2978 490 3224 554 factum,
3252 507 3358 546 nec
3393 506 3516 546 me-

1869 579 2132 634 diocrem
2148 579 2221 632 de
2251 579 2361 633 hac
2384 594 2442 632 re
2468 578 2735 632 dolorem
2759 579 2952 634 inesse
2975 580 3135 634 cordi
3166 596 3321 646 meo,
3349 579 3515 651 quod

1867 668 2071 722 litterae
2105 684 2251 722 mete
2290 667 2450 737 prius
2478 667 2535 720 in
2571 667 2891 721 multorum
2937 684 3150 722 manus
3201 673 3513 734 venerunt,

1868 772 2054 828 quam
2087 756 2162 811 ad
2195 761 2270 820 te,
2301 755 2373 810 ad
2409 771 2588 826 quem
2623 755 2854 825 scriptas
2887 761 3043 820 sunt,
3081 758 3380 826 pervenire
3414 773 3519 826 po—

1870 849 2123 899 tuerunt.
2146 847 2273 910 Quo
2286 850 2483 898 autem
2509 843 2690 898 modo
2710 843 2766 898 id
2793 845 3086 907 acciderit,
3105 844 3413 914 etlongum
3431 850 3517 901 est

1869 947 2131 1004 narrare,
2167 939 2240 996 et,
2282 933 2394 987 nisi
2425 931 2614 995 fallor,
2650 932 3019 1003 superfluum
3055 949 3067 987 :
3101 949 3239 987 cum
3266 933 3518 989 sufﬁciat

1869 1023 1916 1077 si
1952 1023 2097 1094 quid
2131 1022 2274 1076 mihi
2307 1022 2364 1076 in
2413 1021 2526 1076 hoc
2557 1020 2836 1084 creditur,
2870 1036 2986 1075 non
3021 1037 3091 1075 eo
3133 1021 3353 1077 factum
3395 1021 3519 1076 ani-

1870 1127 1970 1166 mo
1997 1128 2117 1182 quo
2154 1116 2392 1180 putatur
2425 1128 2438 1175 ;
2467 1125 2574 1164 nec
2601 1109 2849 1164 omnino
2870 1109 3216 1165 meminisse
3249 1111 3517 1167 volunta-

1870 1201 1940 1256 tis
1972 1212 2074 1254 aut
2100 1199 2528 1270 dispositionis,
2566 1205 2667 1252 aut
2699 1199 3130 1262 consensionis,
3173 1206 3275 1255 aut
3305 1200 3516 1254 saltem

1868 1289 2258 1359 cogitationis,
2293 1294 2352 1342 ut
2395 1287 2578 1341 ﬁeret.
2637 1289 2752 1341 Hoc
2785 1288 2832 1341 si
2872 1303 2992 1341 non
3034 1288 3304 1354 credunt,
3352 1289 3518 1361 quod

1869 1381 2012 1433 teste
2044 1381 2159 1433 Deo
2186 1377 2417 1448 loquor,
2448 1376 2592 1447 quid
2616 1375 2875 1447 amplius
2907 1377 3120 1432 faciam
3151 1394 3269 1432 non
3296 1377 3514 1434 habeo.

1869 1465 1990 1534 Ego
2024 1473 2222 1521 tamen
2251 1465 2406 1521 absit
2438 1471 2498 1519 ut
2519 1481 2622 1520 eos
2651 1464 2892 1520 credam
2922 1465 3047 1520 haec
3079 1471 3192 1521 tuae
3215 1467 3517 1522 Sanctitati

1871 1555 2161 1610 malevola
2186 1560 2379 1609 mente
2403 1570 2718 1624 suggerere
2741 1554 2816 1608 ad
2852 1555 3195 1610 excitandas
3227 1557 3376 1610 inter
3405 1571 3516 1610 nos

1870 1645 2209 1699 inimicitias
2241 1661 2430 1715 ;quas
2467 1643 2878 1698 misericordia
2918 1643 3151 1698 Domini
3201 1643 3296 1699 Dei
3335 1645 3519 1699 nostri

1869 1738 2146 1788 avertata
2171 1731 2342 1787 nobis
2360 1749 2372 1796 ;
2390 1731 2518 1796 sed,
2536 1732 2658 1786 sine
2689 1730 2803 1786 ullo
2824 1731 3320 1797 nocendianimo,
3347 1732 3518 1788 facile

1869 1823 1942 1877 de
1985 1821 2224 1876 homine
2253 1821 2523 1876 humana
2556 1820 2694 1875 vitia
2724 1821 3030 1891 suspicari.
3061 1821 3180 1876 Hoc
3211 1821 3372 1876 enim
3421 1837 3519 1876 me

1868 1911 1942 1967 de
1981 1910 2093 1965 illis
2125 1925 2369 1980 aequum
2392 1915 2478 1963 est
2530 1909 2790 1975 credere,
2824 1910 2871 1963 si
2913 1925 3056 1964 vasa
3105 1914 3244 1963 sunt
3282 1908 3517 1974 Christi,

1869 2016 1990 2056 non
2020 2000 2076 2054 in
2109 1998 2555 2066 contumeliam,
2591 1997 2692 2052 sed
2716 1998 2775 2052 in
2796 1999 3085 2053 honorem
3108 1997 3284 2063 facta,
3320 2003 3377 2054 et
3403 1999 3523 2053 dis-

1870 2089 2059 2160 posita
2086 2089 2143 2142 in
2170 2086 2355 2141 domo
2388 2102 2611 2154 magna
2643 2102 2678 2141 a
2728 2087 2865 2145 Deo.
2899 2087 2954 2141 in
2999 2103 3150 2158 opus
3180 2087 3408 2142 bonum
3451 2087 3520 2156 (ll

1869 2178 2002 2232 Tim.
2038 2193 2096 2239 ll,
2125 2175 2214 2239 20,
2249 2175 2360 2246 2t).
2402 2175 2570 2239 Quod
2600 2174 2648 2228 si
2687 2180 2826 2246 post
2875 2176 3028 2231 hanc
3079 2177 3517 2231 attestationem

1871 2281 2087 2329 meam,
2123 2264 2172 2317 si
2205 2265 2262 2317 in
2289 2263 2560 2318 notitiam
2587 2278 2794 2317 eorum
2823 2265 3064 2329 venerit,
3099 2263 3289 2319 facere
3325 2263 3521 2319 volue-

1869 2356 1986 2410 rint
2027 2369 2040 2418 ;
2074 2368 2262 2424 quam
2290 2367 2410 2406 non
2435 2357 2588 2406 recte
2622 2351 2860 2422 faciant,
2903 2359 2958 2406 et
2997 2359 3058 2407 tu
3089 2352 3274 2409 vides.

1940 2445 2026 2498 33.
2057 2440 2227 2507 Quod
2255 2457 2398 2496 sane
2421 2441 2794 2511 scripseram,
2812 2440 3041 2496 nullum
3063 2440 3391 2496 melibrum
3413 2440 3522 2496 ad-

1869 2548 2078 2588 versus
2110 2536 2162 2586 te
2183 2531 2436 2585 Romam
2465 2529 2718 2594 misisse,
2737 2530 2869 2584 ideo
2891 2529 3273 2600 scripseram,
3301 2531 3446 2600 quia
3466 2534 3522 2586 et

1867 2619 2000 2675 libri
2028 2635 2249 2674 nomen
2268 2617 2461 2673 abilla
2475 2616 2725 2688 epistola
2741 2617 3177 2682 diseeruebam,
3211 2618 3368 2672 unde
3394 2633 3522 2674 om-

1869 2709 2012 2764 nino
2044 2707 2240 2763 nescio
2262 2707 2406 2778 quid
2439 2704 2602 2761 aliud
2634 2711 2685 2760 te
2715 2706 2957 2760 audisse
2990 2706 3471 2761 existimaveram
3502 2721 3518 2772 ;

1868 2803 1924 2854 et
1950 2801 2198 2852 Romam
2223 2796 2546 2866 necipsam
2573 2794 2907 2865 epistolam,
2926 2795 3029 2849 sed
3057 2796 3160 2851 tibi
3193 2795 3477 2851 miseram
3506 2814 3519 2863 ;

1867 2890 1926 2941 et
1953 2885 2306 2940 adversuste
2334 2898 2452 2937 non
2468 2897 2598 2937 esse
2620 2882 2977 2950 arbitrabar,
3002 2884 3166 2953 quod
3189 2884 3522 2939 sinceritate

1867 2974 2145 3030 amicitiae
2172 2972 2292 3026 sive
2322 2972 2398 3027 ad
2439 2971 2913 3035 admonendum,
2951 2973 3074 3026 sive
3102 2973 3176 3027 ad
3211 2977 3263 3027 te
3302 2973 3392 3027 vel
3422 2988 3518 3028 me

1868 3063 1977 3118 abs
2007 3068 2062 3118 te
2093 3061 2513 3129 corrigendum
2546 3060 2754 3117 fecisse
2788 3076 2882 3115 me
2910 3076 3216 3116 noveram.
3244 3062 3520 3131 Exceptis

1868 3155 2070 3207 autem
2102 3148 2494 3205 familiaribus
2528 3150 2659 3213 tuis,
2695 3149 2948 3220 teipsum
2978 3148 3232 3204 obsecro
3256 3164 3359 3219 per
3389 3163 3523 3218 gra-

1868 3240 2013 3296 tiam
2026 3237 2451 3310 quaredempti
2468 3253 2698 3304 sumus,
2721 3243 2780 3292 ut
2800 3253 3198 3309 quaecumque
3221 3245 3319 3292 tua
3333 3237 3515 3308 bona,

1867 3344 2001 3401 quas
2029 3327 2130 3382 tibi
2160 3327 2422 3382 bonitate
2457 3326 2688 3382 Domini
2720 3341 3011 3381 concessa
3036 3333 3192 3390 sunt,
3227 3327 3286 3381 in
3311 3325 3518 3382 litteris

1871 3419 2017 3474 meis
2054 3418 2244 3490 posui,
2291 3433 2410 3471 non
2445 3432 2537 3472 me
2565 3416 2865 3472 existimes
2908 3417 3194 3472 insidioso
3231 3416 3521 3472 blandilo-

1869 3508 2011 3580 quio
2033 3506 2327 3579 posuisse.
2372 3507 2426 3562 Si
2455 3505 2599 3578 quid
2632 3511 2829 3561 autem
2862 3506 2922 3560 in
2952 3512 3003 3561 te
3029 3505 3293 3578 peccavi,
3327 3506 3522 3561 dimit-

1870 3601 1958 3653 tas
1986 3596 2152 3651 mihi.
2189 3596 2306 3650 Nec
2336 3593 2478 3650 illud
2525 3594 2688 3667 quod
2751 3594 2826 3648 de
2884 3597 3088 3650 nescio
3115 3595 3285 3665 cujus
3330 3599 3519 3666 poetae

1868 3685 2025 3741 facto
2053 3684 2310 3755 ineptius
2351 3684 2600 3738 fortasse
2630 3699 2814 3754 quam
2838 3682 3148 3738 litteratius
3177 3700 3213 3738 a
3233 3699 3329 3738 me
3361 3699 3523 3738 com-

1871 3780 2274 3829 memoratum
2290 3777 2396 3835 est,
2420 3771 2680 3842 amplius
2710 3787 2895 3842 quam
2917 3771 3060 3836 dixi,
3090 3771 3167 3826 ad
3194 3776 3246 3825 te
3274 3772 3475 3826 trahas
3505 3787 3517 3825 :

1869 3879 2006 3917 cum
2030 3861 2315 3917 continuo
2338 3859 2694 3930 subjecerim
2719 3875 2837 3914 non
2856 3860 2969 3914 hoc
2995 3858 3130 3914 ideo
3164 3875 3256 3912 me
3279 3858 3522 3928 dixisse,

1871 3956 1932 4006 ut
1957 3950 2154 4006 oculos
2194 3948 2390 4005 cordis
2422 3948 2732 4020 reciperes,
2767 3964 2921 4020 quos
2950 3947 3106 4003 absit
3139 3963 3409 4019 unquam
3461 3951 3524 4003 ut

1869 4039 2142 4095 amiseris
2178 4037 2320 4104 ;sed
2351 4041 2410 4092 ut
2435 4039 2773 4092 adverteres
2817 4053 2969 4108 quos
3000 4051 3177 4092 sanos
3216 4051 3286 4091 ac
3317 4035 3524 4105 vigiles

1867 4128 2138 4184 haberes.
2175 4127 2415 4198 Propter
2441 4126 2628 4182 solam
2666 4141 2808 4196 ergo
2841 4121 3179 4197 παλινῳδίαν,
3227 4127 3273 4180 si
3297 4124 3526 4197 aliquid

1869 4216 2283 4289 scripserimus
2308 4215 2470 4287 quod
2503 4216 2720 4287 scripto
2746 4216 3069 4286 posteriore
3100 4215 3402 4269 destruere
3425 4213 3524 4268 de-

1868 4307 2121 4362 beamus
2147 4305 2248 4376 (a),
2279 4304 2654 4368 imitandam,
2680 4319 2800 4360 non
2824 4302 3392 4375 propterStesichori
3417 4318 3527 4357 caa-

1868 4396 2125 4458 citatem,
2159 4410 2346 4466 quam
2379 4393 2540 4447 cordi
2575 4398 2674 4447 tuo
2707 4409 2816 4447 nec
2848 4393 3046 4457 tribui,
3079 4407 3186 4446 nec
3220 4393 3408 4460 timui,
3444 4395 3528 4446 at-

1870 4484 2221 4554 tingendum
2240 4482 2386 4537 illud
2414 4482 2743 4537 existimavi
2765 4497 2777 4546 ;
2804 4489 2982 4552 atque
3004 4480 3326 4535 identidem
3347 4495 3521 4550 rogo,

1873 4579 1933 4629 ut
1965 4590 2058 4628 me
2107 4571 2357 4626 ﬁdenter
2387 4571 2674 4641 corrigas,
2736 4569 2835 4624 ubi
2876 4570 3018 4624 mihi
3059 4570 3172 4624 hoc
3201 4585 3356 4641 opus
3394 4585 3525 4626 esse

1870 4660 2264 4735 perspexeris.
2298 4660 2656 4730 Quanquam
2679 4658 2839 4713 enim
2865 4658 3195 4714 secundum
3222 4658 3523 4715 honorum

1871 4749 2160 4807 vocabula
2178 4748 2449 4820 quaajam
2469 4746 2736 4802 Ecclesiae
2753 4764 2895 4802 usus
2917 4747 3194 4814 obtinuit,
3211 4750 3526 4820 episcopa-

1872 4847 1963 4896 tus
1999 4837 2369 4910 presbyterio
2402 4837 2593 4908 major
2625 4838 2696 4892 sit
2737 4853 2749 4891 :
2785 4843 2985 4892 tamen
3016 4837 3074 4892 in
3104 4837 3307 4891 multis
3342 4837 3522 4891 rebus

1869 4927 2230 4998 Augustinus
2259 4926 2619 4999 Hieronymo
2647 4927 2840 4982 minor
2859 4934 2942 4982 est
2965 4973 2983 4998 ,
3002 4927 3136 4982 licet
3166 4927 3342 4981 etiam
3363 4945 3396 4978 a
3419 4923 3527 4978 mi-

1870 5033 2013 5072 nore
2044 5015 2312 5088 quolibet
2341 5031 2462 5070 non
2502 5018 2573 5071 sit
2611 5016 2984 5086 refugienda,
3016 5015 3107 5070 vel
3141 5011 3522 5083 dedignanda

1869 5105 2172 5162 correctio.

1929 5205 2001 5264 (α)
2025 5203 2253 5273 Denique
2269 5203 2626 5273 Hieronymus
2651 5200 3164 5273 accessisse'videtur
3185 5199 3251 5273 and
3273 5197 3526 5273 Augusti-

1868 5268 1922 5314 ni
1955 5263 2274 5315 sententiam
2287 5266 2340 5313 in
2358 5263 2484 5313 lib.l
2508 5265 2765 5314 adversus
2783 5265 3108 5326 Pelagianos,
3127 5276 3170 5310 c.
3204 5264 3248 5316 8,
3274 5263 3362 5310 ubi
3387 5263 3525 5326 inter

1867 5331 2148 5401 episcopos
2161 5329 2677 5401 irreprehensibilem
2690 5333 2782 5376 aut
2803 5324 3006 5401 nullum
3021 5329 3438 5401 nut‘rarum'esse
3451 5324 3528 5371 di-

1868 5387 1936 5441 cit
1960 5406 1970 5439 :
1995 5387 2192 5454 quippe
2223 5387 2345 5454 cum
2365 5392 2444 5438 vel
2469 5392 2774 5454 ipsel’etrus
2797 5390 2956 5454 juxta
2974 5387 3278 5454 apostolum
3302 5387 3522 5454 Paulum

1867 5449 2540 5514 reprehensibilist‘ueritfa
2568 5452 2694 5510 Quis
2722 5449 3104 5514 indignabitur,
3125 5451 3315 5514 inquit,
3344 5449 3394 5514 id
3423 5449 3523 5514 sibi

1870 5534 1896 5565 α
1921 5511 2190 5580 denegari,
2223 5515 2367 5580 quod
2394 5515 2643 5579 princeps
2679 5511 3059 5579 Apostolorum
3088 5511 3417 5565 non"habuit
3443 5511 3469 5561 i
3496 5529 3526 5563 ι
