3996 6158
470 112 569 168 294
1748 96 1809 158 s.
1849 90 2235 157 AUGUSTINI
2274 94 2594 155 EPISCOPI
3722 110 3819 169 292

550 234 777 293 CAPUT
796 235 861 291 ν.
881 265 946 276 -
972 237 1058 291 34.
1090 235 1166 287 De
1191 228 1672 302 interpretatione
1698 232 1798 286 tua
1824 229 1952 300 jam
1975 223 2118 280 mihi

472 325 845 399 persuasisti,
879 339 1000 395 qua
1028 321 1269 376 utilitate
1303 319 1636 389 Scripturas
1661 316 1914 374 volueris
1930 322 2119 370 trans-

472 413 621 471 ferre
648 414 721 469 de
748 412 1023 474 Hebraeis,
1058 414 1120 463 ut
1142 407 1359 463 scilicet
1386 422 1476 477 ea,
1510 424 1644 478 quae
1668 423 1704 463 a
1730 405 1948 462 Judaais
1970 417 2117 475 pree-

472 503 764 569 termissa,
808 500 896 555 vel
926 503 1201 569 corrupta
1227 501 1382 563 sunt,
1410 496 1697 569 proferres
1726 495 1785 549 in
1825 492 2114 550 medium.

473 592 585 647 Sed
599 590 898 645 insinuare
911 587 1171 657 digneris
1184 591 1341 659 peto,
1367 602 1403 641 a
1429 584 1898 657 quibusJudaeis,
1917 588 2117 637 utrum

472 681 549 736 ab
570 679 652 734 eis
682 678 828 749 ipsis
860 678 961 749 qui
984 682 1119 732 ante
1137 676 1460 732 adventum
1491 675 1726 730 Domini
1754 669 2113 744 interpretati

470 771 646 834 sunt;
678 771 734 823 et
765 766 813 821 si
836 766 916 822 ita
948 771 1056 831 est,
1088 765 1308 838 quibus
1338 764 1427 819 vel
1456 780 1718 836 quonam
1749 777 1955 818 eorum
1991 776 2005 812 :
2039 774 2117 814 an

468 856 546 914 ab
578 856 701 912 istis
728 856 1042 927 posterius,
1078 854 1181 926 qui
1212 857 1526 926 propterea
1545 852 1738 925 putari
1768 853 2018 923 possunt
2042 846 2117 901 de

468 945 778 1002 codicibus
804 944 1012 1015 graecis
1041 944 1129 998 vel
1159 943 1546 1008 subtraxisse,
1580 942 1639 996 in
1670 941 1762 996 vel
1789 940 1872 995 eis
1914 952 2117 993 corru-

469 1036 649 1107 pisse,
678 1050 753 1089 ne
776 1033 887 1088 illis
910 1031 1264 1088 testimoniis
1283 1031 1355 1086 de
1380 1030 1706 1087 christiana
1729 1029 1845 1084 ﬁde
1872 1026 2119 1084 convin-

469 1127 760 1179 cerentur.
792 1121 879 1177 Illi
912 1126 1109 1176 autem
1141 1119 1466 1176 anteriores
1505 1135 1608 1174 cur
1630 1118 1745 1173 hoc
1785 1117 1978 1173 facere
2019 1129 2119 1169 vo-

469 1211 706 1281 luerint,
734 1227 850 1267 non
870 1209 1131 1265 invenio.
1152 1208 1370 1263 Deinde
1395 1208 1569 1264 nobis
1590 1207 1809 1272 mittas,
1842 1205 2115 1268 obsecro,

469 1297 1019 1370 interpretationem
1052 1300 1218 1351 tuam
1267 1294 1342 1350 de
1383 1295 1791 1365 Septuaginta,
1841 1306 2028 1363 quam
2064 1294 2116 1344 te

471 1387 725 1442 edidisse
752 1385 1117 1441 nesciebam.
1162 1384 1403 1439 Librum
1432 1398 1675 1455 quoque
1708 1386 1898 1447 tuum,
1939 1378 2115 1450 cujus

468 1475 831 1532 mentionem
864 1474 1071 1540 fecisti,
1100 1474 1173 1528 de
1204 1473 1440 1545 Optimo
1470 1487 1685 1541 genere
1724 1471 2118 1541 interpretan-

468 1566 547 1635 di,
582 1564 762 1637 cupio
790 1564 1003 1632 legere,
1057 1568 1112 1617 et
1150 1562 1349 1617 adhuc
1380 1576 1558 1616 nosse
1611 1558 1921 1633 quomodo
1969 1572 2117 1613 coas—

468 1652 799 1725 quandasit
826 1651 886 1707 in
911 1651 1227 1721 interprete
1251 1649 1462 1719 peritia
1487 1648 1854 1718 linguarum,
1884 1646 2116 1716 conjec-

467 1745 527 1799 tu
536 1742 611 1796 ris
625 1756 833 1797 eorum
845 1741 948 1811 qui
976 1739 1303 1810 Scripturas
1319 1737 1699 1793 edisserenda
1724 1738 2116 1808 pertractant;

466 1845 621 1902 quos
668 1844 908 1886 necesse
954 1832 1061 1892 est,
1092 1827 1323 1882 etiamsi
1348 1831 1518 1881 rectae
1558 1830 1737 1897 atque
1770 1824 1945 1879 unius
1976 1822 2114 1879 ﬁdei

464 1919 701 1983 fuerint,
738 1918 931 1973 varias
983 1930 1192 1987 parere
1224 1917 1281 1970 in
1310 1914 1634 1970 multorum
1674 1914 1943 1969 locorum
1973 1912 2113 1969 obs-

466 2009 709 2064 curitate
738 2006 1060 2062 sententias
1087 2023 1099 2060 :
1134 2004 1414 2075 quamvis
1446 2019 1831 2076 nequaquam
1862 2003 1996 2075 ipsa
2016 2018 2114 2058 va-

465 2096 640 2153 rietas
682 2096 760 2152 ab
800 2094 1063 2166 ejusdem
1114 2092 1251 2148 ﬁdei
1309 2092 1528 2148 unitate
1578 2092 1876 2147 discordet
1918 2109 1930 2159 ;
1966 2091 2115 2148 sicut

466 2186 647 2242 etiam
665 2201 821 2240 unus
845 2188 1147 2249 tractator,
1165 2183 1495 2237 secundum
1513 2181 1790 2237 eamdem
1806 2181 1981 2236 ﬁdem
2008 2181 2108 2237 ali-

464 2281 549 2332 ter
579 2281 756 2347 atque
807 2274 974 2329 aliter
1004 2274 1285 2328 eumdem
1337 2271 1533 2327 locum
1565 2274 1758 2341 potest
1792 2286 2111 2343 exponere,

463 2364 607 2436 quia
631 2364 744 2418 hoc
774 2363 904 2434 ejus
935 2360 1266 2417 obscuritas
1306 2360 1542 2431 patitur.

536 2457 621 2509 35.
640 2452 779 2507 Ideo
791 2456 990 2506 autem
1004 2449 1277 2504 desidero
1291 2448 1838 2519 interpretationem
1857 2452 2019 2502 tuam
2040 2447 2114 2501 de

464 2539 872 2611 Septuaginta,
892 2543 954 2592 ut
974 2544 1029 2591 et
1058 2542 1221 2591 tanta
1247 2536 1564 2590 latinorum
1588 2535 2114 2606 interpretum,qui

463 2628 936 2700 qualescumque
967 2626 1080 2680 hoc
1108 2625 1242 2679 ausi
1273 2629 1430 2687 sunt,
1461 2628 1759 2695 quantum
1791 2639 2113 2695 possumus

462 2716 760 2788 imperitia
784 2729 1099 2770 careamus
1132 2730 1144 2768 ε
1182 2718 1239 2768 et
1269 2712 1328 2768 hi
1354 2712 1456 2784 qui
1489 2728 1583 2767 me
1612 2711 1875 2768 invidere
1906 2716 2115 2784 putant

463 2802 1028 2861 utilibuslaboribus
1046 2803 1180 2867 tuis,
1198 2802 1437 2857 tandem
1455 2800 1857 2873 aliquando,si
1872 2801 1995 2855 ﬁeri
2014 2817 2113 2872 po.

465 2900 591 2965 test,
609 2892 958 2962 intelligant,
973 2897 1395 2963 pr0ptereame
1418 2890 1572 2945 nolle
1595 2896 1758 2946 tuam
1777 2906 1849 2946 ex
1871 2889 2110 2946 hebraao

461 2982 1010 3055 interpretationem
1035 2980 1092 3035 in
1111 2981 1374 3036 ecclesiis
1396 2978 1531 3051 legi,
1549 2995 1621 3034 ne
1639 2985 1847 3035 contra
1867 2980 2109 3052 Septua.

461 3073 625 3145 ginta
646 3071 1076 3134 auctoritatem.
1096 3076 1384 3138 tanquam
1414 3084 1637 3125 novum
1663 3068 1889 3141 aliquid
1920 3069 2111 3140 profe-

461 3168 675 3225 rentes,
695 3175 918 3230 magno
936 3158 1216 3215 seandalo
1232 3159 1646 3228 perturbemus
1659 3157 1862 3229 plebes
1877 3157 2108 3221 Christi,

460 3266 719 3322 quarum
748 3265 923 3305 aures
956 3253 1009 3303 et
1030 3248 1212 3302 corda
1239 3246 1399 3303 illam
1430 3247 1975 3317 interpretationem
2003 3263 2110 3303 au-

461 3339 589 3395 dire
620 3343 1080 3400 consueverunt,
1109 3352 1242 3405 quas
1268 3336 1448 3390 etiam
1478 3336 1555 3391 ab
1576 3336 1872 3406 Apostolis
1894 3351 2111 3407 appro-

459 3427 604 3483 bata
638 3431 748 3481 est.
796 3426 961 3481 Unde
1010 3428 1069 3479 et
1113 3424 1254 3478 illud
1304 3424 1465 3495 apud
1520 3425 1733 3479 Jonam
1784 3425 2106 3493 virgultum

458 3514 821 3587 (Jonwivﬁ),
848 3513 895 3567 si
920 3513 977 3567 in
1002 3513 1229 3567 hebran
1257 3527 1363 3566 nec
1393 3512 1613 3567 hedera
1640 3517 1746 3579 est,
1771 3527 1879 3567 nec
1905 3528 2111 3567 cucur-

458 3603 723 3667 bita,sed
756 3601 955 3657 nescio
985 3601 1126 3673 quid
1153 3600 1513 3671 aliud,quod
1540 3606 1749 3656 trunco
1763 3617 1872 3657 suo
1898 3602 2108 3659 nixum

459 3691 637 3747 nullis
666 3690 1126 3746 sustentandum
1153 3688 1533 3744 adminiculis
1563 3690 2107 3759 erigatur;mallem

451 3781 581 3853 jam
614 3781 673 3835 in
704 3779 988 3835 omnibus
1016 3778 1214 3835 latinis
1239 3777 1611 3834 cucurbitam
1642 3778 1920 3848 legi.Non
1948 3780 2107 3835 enim

457 3870 676 3926 frustra
706 3869 820 3924 hoc
846 3874 989 3941 puto
1022 3867 1408 3939 Septuaginta
1435 3867 1855 3938 posuisse,nisi
1886 3869 2028 3939 quia
2052 3874 2109 3925 et

456 3959 597 4015 huic
629 3957 819 4013 simile
848 3957 1133 4013 sciebant.

527 4051 615 4103 36.
643 4047 793 4102 Satis
820 4061 938 4110 me,
956 4046 1077 4099 imo
1101 4044 1351 4101 fortasse
1377 4044 1510 4115 plus
1526 4060 1712 4115 quam
1734 4045 1897 4111 satis,
1917 4046 2105 4101 tribus

456 4135 720 4206 epistolis
766 4132 908 4198 tuis,
946 4134 1326 4203 respondisse
1368 4132 1623 4188 arbitror
1667 4135 1745 4204 (a)
1782 4153 1795 4199 ς
1846 4150 2105 4205 quarum

456 4223 609 4279 duas
634 4238 737 4293 per
760 4222 1121 4294 Cyprianum
1142 4221 1365 4292 accepi,
1382 4235 1566 4275 unam
1580 4237 1684 4292 per
1698 4222 1980 4277 Firmum.
2006 4224 2106 4278 Re-

455 4312 647 4367 scribe
660 4310 822 4383 quod
840 4311 1027 4364 visum
1046 4308 1217 4364 fuerit
1230 4309 1307 4364 ad
1322 4324 1430 4364 nos
1441 4310 1533 4363 vel
1546 4308 2106 4366 aliosinstruendos.

453 4400 622 4457 Dabo
639 4405 838 4456 autem
851 4414 1097 4470 operam
1120 4397 1874 4471 diligentiorem,quantum
1894 4416 1991 4455 me
2008 4401 2107 4456 ad-

450 4490 621 4561 juvat
639 4488 943 4553 Dominus,
964 4494 1023 4542 ut
1046 4487 1249 4543 litterae
1271 4503 1425 4558 quas
1447 4486 1518 4543 ad
1547 4493 1597 4543 te
1613 4487 1829 4556 scribo,
1846 4488 2007 4560 prius
2028 4488 2107 4545 ad

455 4584 511 4635 te
542 4576 1089 4651 perveniantquam
1112 4576 1187 4631 ad
1201 4592 1647 4648 quemquam,a
1672 4576 2107 4649 quolatiusdis-

455 4672 800 4740 pergantur.
817 4668 1027 4722 Fateor
1052 4664 1359 4734 enim,nec
1386 4666 1530 4720 mihi
1558 4666 1671 4721 hoc
1700 4666 1829 4723 ﬁeri
1861 4667 2004 4723 velle
2030 4668 2105 4723 de

455 4755 571 4812 tuis
604 4756 681 4811 ad
714 4771 828 4820 me,
857 4754 1021 4826 quod
1052 4753 1126 4808 de
1157 4754 1305 4808 meis
1334 4754 1409 4808 ad
1440 4760 1491 4809 te
1521 4754 1746 4811 factum
1774 4756 2101 4826 justissime

450 4843 1060 4915 expostulas.Tamen
1087 4842 1318 4914 placeat
1344 4842 1519 4898 nobis
1551 4844 1801 4899 invicem
1828 4862 1947 4900 non
1982 4853 2105 4902 tan-

454 4942 578 4991 tum
628 4930 911 4998 charitas,
948 4947 1150 4986 verum
1196 4931 1375 4986 etiam
1414 4931 1655 4988 libertas
1706 4934 1997 4999 amicitiae,
2031 4950 2105 4989 ne

450 5026 611 5095 apud
646 5038 742 5079 me
770 5025 992 5085 taceas,
1028 5020 1112 5075 vel
1146 5035 1255 5090 ego
1286 5020 1451 5092 apud
1487 5026 1563 5091 te,
1595 5023 1756 5093 quod
1797 5024 1857 5079 in
1888 5026 2103 5079 nostris

449 5115 654 5169 litteris
682 5112 947 5168 vicissim
978 5126 1089 5167 nos
1136 5116 1353 5173 movet,
1389 5125 1460 5164 eo
1507 5110 1727 5167 scilicet
1765 5112 1967 5168 animo
1998 5114 2101 5184 qui

451 5202 641 5257 oculis
666 5202 767 5257 Dei
789 5202 849 5256 in
874 5201 1134 5256 fraterna
1154 5196 1466 5255 dilectione
1488 5214 1608 5255 non
1636 5200 2098 5272 displicet.0uod

452 5288 501 5343 si
534 5290 682 5346 inter
715 5307 829 5346 nos
861 5291 985 5345 ﬁeri
1016 5304 1191 5361 pOsse
1223 5288 1351 5343 sine
1385 5288 1571 5360 ipsius
1602 5288 1937 5345 dilectionis
1976 5307 2104 5361 per-

452 5376 681 5434 niciosa
708 5378 1039 5435 offensione
1086 5393 1208 5434 non
1246 5382 1461 5450 putas;
1493 5393 1616 5435 non
1644 5377 1769 5436 ﬁat.
1801 5378 1903 5437 Illa
1940 5380 2101 5438 enim

513 5498 588 5562 (a)
612 5498 787 5562 Epist.
813 5499 896 5558 72,
928 5501 990 5550 75
1017 5502 1071 5551 et
1095 5500 1175 5549 81.

2230 224 2487 281 charitas
2517 241 2699 299 quam
2730 229 2921 283 tecum
2951 225 3172 283 habere
3196 225 3426 296 vellem,
3450 231 3690 302 profecto
3719 253 3823 294 ma-

2225 312 2321 383 jor
2368 317 2456 368 est
2492 330 2507 379 ;
2567 314 2675 370 sed
2732 313 2949 370 melius
3000 316 3015 349 ¹
3067 314 3197 370 haec
3238 315 3431 373 minor
3473 333 3641 390 quam
3684 323 3827 381 nulla

2228 406 2341 458 est.

2656 494 2983 550 EPISTOLA
3022 493 3273 550 LXXXIII
3300 495 3315 512 '
3348 495 3447 566 (a).

2226 580 2271 635 A
2284 582 2593 651 ugustinus
2616 582 2818 653 Alypio
2830 584 3179 654 signiﬁcans
3198 584 3381 640 aliam
3394 599 3452 640 se
3462 584 3528 641 de
3548 584 3825 658 bonisque

2296 672 2541 739 fuerunt
2574 673 2874 727 Honorati
2890 687 2965 729 ea:
2994 672 3384 743 Thagastensi
3414 676 3826 745 monachopres-

2301 760 2493 830 byteri
2542 760 2909 827 Thiavensis,
2966 761 3168 819 iniisse
3219 764 3584 830 sententiam,
3636 765 3826 836 sibique

2297 849 2531 906 demum
2570 852 2756 906 satius
2805 850 2995 907 videri
3040 858 3102 906 ut
3143 866 3213 907 ea
3261 854 3456 907 omnia
3494 853 3817 910 hareditario

2298 939 2486 994 veluti
2493 941 2639 1009 jure
2665 940 2892 1005 cedant,
2926 956 3043 997 non
3070 941 3425 997 monasterio
3462 939 3811 1011 Thagastensi,

2296 1027 2398 1083 sed
2435 1027 2752 1085 Thiavensi
2778 1028 3071 1086 Ecclesia.

2228 1116 2481 1172 Domino
2517 1117 2866 1173 beatissimo
2898 1124 2952 1173 et
2982 1117 3397 1173 venerabiliter
3426 1116 3747 1172 charissimo
3768 1133 3822 1174 ac

2298 1204 2852 1261 desiderantissimo
2880 1206 3043 1263 fratri
3084 1212 3138 1262 et
3168 1206 3523 1278 coepiscOpo
3560 1211 3757 1270 Auno,
3781 1211 3829 1263 et

2297 1294 2400 1364 qui
2428 1299 2624 1350 tecum
2655 1300 2794 1350 sunt
2823 1294 3121 1361 fratribus,
3145 1301 3514 1361 Aucusrmus,
3534 1299 3587 1350 et
3613 1295 3704 1367 qui
3731 1312 3832 1351 me-

2298 1398 2434 1437 cum
2467 1386 2609 1439 sunt
2638 1383 2872 1449 fratres,
2902 1384 2961 1439 in
2992 1384 3242 1439 Domino
3274 1384 3547 1439 salutem.

2302 1476 2348 1526 l.
2371 1472 2625 1528 Tristitia
2649 1472 2995 1528 Thiavensis
3025 1478 3045 1510 ³
3077 1472 3349 1529 Ecclesiae
3379 1488 3479 1528 cor
3511 1487 3693 1527 meum
3718 1486 3834 1525 con-

2224 1562 2529 1633 quiescere
2556 1577 2677 1616 non
2704 1562 3007 1633 permittit,
3045 1561 3238 1617 donec
3264 1577 3367 1617 eos
3404 1565 3592 1616 tecum
3622 1560 3833 1616 audiam

2224 1650 2284 1704 in
2315 1650 2631 1722 pristinum
2662 1650 2934 1705 animum
2967 1651 3295 1717 restitutos;
3329 1650 3493 1721 quod
3522 1650 3631 1705 cito
3650 1648 3836 1704 facien-

2224 1739 2371 1794 dum
2406 1744 2516 1794 est.
2560 1739 2614 1795 Si
2646 1740 2805 1795 enim
2843 1740 2916 1795 de
2956 1740 3200 1795 homine
3245 1756 3364 1794 uno
3399 1744 3620 1794 tantum
3652 1736 3836 1806 sategit

2224 1828 2547 1899 Apostolus
2571 1828 2794 1896 dicens,
2817 1830 2909 1885 Ne
2936 1831 3165 1899 majore
3195 1829 3441 1884 tristitia
3466 1827 3833 1889 absorbeatur,

2225 1916 2328 1988 qui
2356 1916 2651 1986 ejusmodi
2676 1925 2758 1972 est
2780 1938 2803 1986 ,-
2834 1916 2939 1972 ubi
2982 1918 3157 1973 etiam
3190 1918 3288 1982 ait,
3331 1917 3404 1973 Ut
3434 1932 3550 1971 non
3576 1914 3836 1984 possidea-

2223 2021 2357 2061 mur
2383 2021 2420 2061 a
2445 2013 2691 2070 satana;
2722 2021 2839 2061 non
2864 2005 3017 2061 enim
3044 2007 3393 2077 ignoramus
3417 2004 3625 2061 mentes
3653 2005 3764 2073 eius
3782 2002 3834 2072 (II

2225 2095 2356 2151 Cor.
2390 2110 2450 2160 ιι,
2484 2096 2534 2159 7,
2574 2095 2659 2165 tt)
2694 2109 2705 2149 :
2733 2100 2962 2166 quanto
2994 2095 3189 2164 magis
3221 2110 3341 2150 non
3369 2098 3599 2165 oportet
3620 2091 3834 2162 vigilan-

2225 2190 2308 2239 ter
2333 2199 2529 2253 agere,
2564 2200 2636 2239 ne
2664 2184 2777 2239 hoc
2806 2184 2867 2238 in
2898 2187 3019 2239 toto
3050 2199 3227 2253 grege
3260 2183 3636 2255 plangamus,
3651 2187 3704 2237 et
3732 2196 3835 2237 ma-

2222 2275 2379 2329 xime
2409 2274 2469 2328 in
2491 2273 2574 2329 eis
2604 2273 2705 2344 Qui
2734 2288 2892 2327 nunc
2923 2274 2943 2307 ³
2975 2271 3280 2328 catholicae
3312 2273 3446 2344 paci
3477 2272 3832 2331 accesserunt,

2222 2366 2279 2417 et
2307 2378 2461 2433 quos
2501 2361 2662 2416 nullo
2701 2361 2882 2416 modo
2916 2360 3247 2432 relinquere
3278 2377 3555 2433 possum.
3588 2359 3691 2414 Sed
3719 2356 3838 2429 quia

2224 2451 2508 2522 temporis
2540 2465 2660 2505 non
2702 2449 2839 2505 sivit
2880 2450 3178 2518 angustia,
3213 2456 3277 2504 ut
3316 2449 3493 2504 simul
3534 2448 3695 2504 nobis
3721 2444 3836 2500 inde

2220 2539 2533 2608 diligenter
2559 2538 2949 2593 deliberatam
2968 2537 3168 2593 liceret
3196 2537 3463 2609 eliquare
3489 2536 3836 2597 sententiam;

2220 2627 2365 2699 quid
2398 2625 2547 2681 mihi
2583 2632 2719 2696 post
2756 2624 3093 2695 digressum
3135 2630 3411 2682 nostrum
3459 2626 3561 2681 diu
3590 2621 3839 2693 cogitanti

2221 2715 2525 2787 placuerit,
2557 2715 2813 2786 accipiat
2839 2714 3132 2771 Sanctitas
3161 2720 3263 2770 tua
3292 2728 3304 2767 :
3335 2722 3393 2771 et
3425 2715 3474 2770 si
3500 2713 3603 2770 tibi
3628 2724 3839 2784 quoque

2222 2804 2433 2873 placet,
2462 2804 2590 2874 jam
2623 2802 2829 2859 litteris
2860 2819 3014 2875 quas
3048 2803 3126 2859 ad
3158 2819 3259 2859 eos
3292 2802 3600 2859 communi
3628 2798 3837 2857 nomine

2221 2894 2431 2964 scripsi
2463 2893 2561 2964 (b),
2600 2893 2727 2947 sine
2752 2892 3036 2948 dilatione
3069 2894 3398 2949 mittantur.

2289 2986 2342 3036 ‘2.
2380 2982 2579 3036 Dixisti
2605 2985 2669 3035 ut
2692 2981 3011 3036 dimidium
3035 2981 3316 3052 habeant,
3333 2986 3392 3037 et
3418 2981 3662 3037 alterum
3691 2976 3840 3033 dimi-

2219 3071 2387 3127 dium
2404 3073 2487 3126 eis
2502 3088 2539 3127 a
2553 3086 2645 3126 me
2661 3071 3081 3142 undecumque
3096 3071 3648 3142 provideretur.Ego
3662 3073 3837 3123 autem

2219 3166 2365 3231 puto
2391 3161 2533 3233 quia
2560 3160 2611 3215 si
2639 3164 2828 3215 totum
2855 3159 2940 3215 eis
2970 3159 3321 3227 auferretur,
3336 3166 3498 3216 esset
3524 3156 3682 3231 quod
3709 3156 3840 3211 dice-

2219 3265 2420 3305 remur
2442 3265 2561 3305 non
2583 3248 2658 3305 de
2681 3248 2936 3320 pecunia
2952 3263 3085 3317 nos,
3100 3249 3204 3303 sed
3226 3248 3302 3305 de
3313 3248 3547 3321 justitia
3565 3250 3839 3316 tantopere

2215 3338 2537 3394 laborasse.
2551 3341 2695 3395 Cum
2710 3352 2851 3392 vero
2868 3336 3186 3392 dimidium
3203 3337 3287 3392 eis
3301 3337 3706 3402 concedimus,
3724 3336 3839 3387 eteo

2222 3428 2401 3484 modo
2424 3444 2560 3482 cum
2583 3427 2665 3481 eis
2690 3425 3050 3497 quandoque
3067 3426 3514 3497 componimus,
3530 3425 3666 3481 satis
3683 3434 3843 3493 appa-

2216 3518 2367 3573 rebit
2382 3522 2646 3573 nostram
2665 3531 2873 3571 curam
2898 3514 3225 3573 nihilaliud
3246 3532 3436 3588 quam
3462 3510 3841 3587 pecuniariam

2218 3606 2429 3672 fuisse;
2460 3609 2518 3660 et
2542 3606 2709 3660 vides
2736 3619 2869 3675 quae
2897 3605 3187 3674 pernicies
3210 3609 3633 3675 consequatur.
3658 3603 3718 3655 Et
3747 3596 3841 3652 illis

2217 3695 2376 3750 enim
2406 3694 2740 3749 videbimur
2760 3693 3015 3748 alienam
3053 3708 3179 3747 rem
3200 3692 3521 3749 dimidiam
3552 3690 3743 3747 tulisse
3768 3703 3779 3753 ;
3800 3692 3845 3741 et

2214 3784 2296 3839 illi
2321 3782 2680 3839 videbuntur
2710 3780 2884 3837 nobis
2920 3780 3229 3837 inhoneste
3257 3788 3313 3835 et
3337 3781 3543 3853 inique
3564 3797 3622 3835 se
3652 3790 3843 3850 passos

2217 3873 2421 3937 fuisse,
2469 3880 2530 3927 ut
2577 3872 3009 3942 adjuvarentur
3055 3869 3129 3924 de
3173 3869 3445 3934 dimidio,
3481 3869 3645 3941 quod
3674 3872 3840 3922 totum

2216 3976 2551 4032 pauperum
2565 3960 2926 4015 fuerat.Nam
2950 3960 3114 4030 quod
3143 3957 3366 4023 dixisti,
3396 3958 3728 4015 Cavendum
3750 3959 3840 4015 est.

2214 4066 2289 4107 ne
2312 4066 2443 4107 cum
2488 4064 2609 4106 rem
2658 4047 2901 4104 dubiam
2953 4047 3257 4104 emendari
3304 4049 3598 4114 volumus,
3630 4045 3841 4114 majora

2216 4142 2469 4197 vulnera
2487 4138 2802 4208 faciamus,
2838 4135 3211 4192 tantumdem
3241 4135 3481 4207 valebit,
3518 4136 3565 4190 si
3592 4136 3673 4190 eis
3693 4130 3843 4187 dimi-

2215 4228 2384 4283 dium
2403 4227 2784 4283 concedatur.
2811 4226 3052 4295 PrOpter
3065 4224 3263 4296 ipsum
3281 4226 3509 4297 quippe
3524 4221 3840 4283 dimidium,

2216 4318 2298 4373 illi
2318 4331 2575 4389 quorum
2605 4314 2973 4370 conversioni
3000 4313 3307 4369 consulere
3328 4314 3349 4348 ‘
3364 4314 3728 4378 volumus,ut
3746 4310 3844 4364 hoc

2215 4405 2489 4477 exemplo
2506 4420 2710 4460 secum
2739 4410 2971 4472 agatur,
2988 4418 3183 4457 rerum
3200 4417 3446 4458 suarum
3462 4401 3843 4458 venditionem

2214 4512 2320 4569 per
2350 4510 2552 4551 moras
2583 4494 2713 4550 illas
2741 4492 3147 4548 excusatorias
3173 4491 3410 4548 dilaturi
3442 4497 3602 4547 sunt.
3644 4486 3844 4544 Deinde

2216 4585 2435 4640 mirum
2475 4583 2522 4637 si
2544 4583 2617 4638 de
2648 4598 2709 4638 re
2735 4581 2921 4637 dubia
2943 4586 3028 4635 est
3059 4580 3235 4636 totius
3266 4580 3455 4652 plebis
3483 4586 3607 4636 tam
3636 4573 3843 4649 grande

2214 4674 2589 4741 scandalum,
2621 4688 2759 4728 cum
2784 4670 3098 4741 episcopos
3132 4685 3291 4736 suos,
3324 4685 3479 4742 quos
3511 4685 3620 4741 pro
3645 4677 3845 4736 magno

2273 4819 2287 4849 ¹
2326 4815 2477 4869 lidd.,
2507 4814 2705 4861 melior.
2739 4813 2803 4861 At
2838 4812 2985 4866 Mss.,
3013 4811 3209 4859 melius.

2275 4881 2292 4900 ’
2322 4867 2548 4939 Reperta
2560 4876 2735 4925 solum
2749 4876 2802 4923 in
2820 4876 2939 4923 Mss.
2955 4873 3019 4922 cb
3032 4879 3083 4923 et
3096 4872 3306 4939 duobus
3322 4876 3573 4939 v.pr£eter
3584 4869 3718 4939 Edit.
3734 4867 3844 4939 Lov.

2243 4942 2347 5015 _(a)
2382 4930 2635 5049 Alia502539
2675 4953 2685 4987 :
2719 4951 2837 5002 quae
2871 4941 3053 4987 autem
3088 4938 3146 4986 83
3177 4939 3305 4992 erat,
3340 4930 3481 4985 nunc
3513 4936 3623 4983 224.
3661 4930 3846 4992 Scripta

2243 5018 2350 5049 11⁸Οᾶ
2373 5016 2465 5049 an-
2499 5014 2523 5049 4
2602 5040 2611 5049 .

2211 5014 2350 5054 Circa
2373 5016 2441 5051 8.11
2454 5044 2465 5055 .
2499 5014 2589 5049 4υῦ
2602 5040 2611 5049 .

2271 5071 2289 5101 ι
2301 5052 2959 5121 Ι.ον.,“Τ1ιὶαηεηεὶ.ς.νεὶιιε
2976 5061 3141 5111 codex
3156 5059 3525 5122 Corb.praafert
3550 5052 3845 5122 Thiavensis.

2251 5143 2371 5178 uem
2384 5115 2648 5176 scribendi
2662 5126 2883 5174 modum
2902 5125 3071 5189 magis
3085 5115 3375 5187 probamus
3390 5138 3401 5178 ;
3415 5122 3542 5189 quia
3554 5122 3607 5169 iu
3625 5115 3845 5189 lndiculo

2251 5144 2371 5178 uem
2384 5144 2648 5176 scrmenui
2662 5144 2883 5174 [nouum
2902 5144 3071 5189 tua.ng
3086 5144 3375 5187 prumuuus
3390 5144 3401 5178 ς
3415 5144 3542 5185 quia
3555 5144 3607 5169 lu
3625 5144 3845 5168 ιυυιυυιυ

2210 5144 3609 5261 gessidiiapudMss.exemplariacensen-torquendam
3626 5177 3846 5261 epistola:

2216 5245 2599 5307 Thiavensibus,
2620 5266 2711 5300 seu
2725 5265 2842 5300 com
2850 5245 2938 5298 mu
2946 5254 3055 5299 tato
3067 5265 3095 5297 υ
3110 5251 3163 5297 in
3175 5250 3224 5305 b,
3246 5245 3612 5296 Thiabensibus
3623 5245 3841 5306 scriptae.

2272 5317 2291 5346 ³
2314 5317 2391 5365 Ita
2416 5316 2539 5363 Mss.
2559 5317 2627 5363 At
2643 5316 2765 5362 Lov.
2793 5313 2970 5370 habet,
2999 5313 3085 5375 qui
3101 5313 3223 5377 jam
3255 5310 3530 5364 catholicis,
3559 5312 3659 5358 etc.

2246 5377 2673 5443 ,(b)Haa_li_tterae
2693 5378 3076 5443 non_exstant.
3142 5437 3153 5443 _
3428 5434 3440 5443 _
3548 5432 3592 5443 __
3746 5425 3822 5443 --η

2272 5428 2291 5473 δ
2318 5428 2478 5504 Apud
2509 5439 2639 5491 Lov.
2671 5439 2955 5496 omittitur,
2979 5437 3239 5489 consulere
3260 5434 3519 5500 ;quodex
3547 5432 3682 5481 Mss.
3710 5428 3848 5479 resti-

2210 5504 2436 5555 tuimus.
