3996 6158
176 76 251 137 193
1367 60 1875 126 EPISTOLARUM
1914 62 2202 124 CLASSIS
2248 66 2320 123 ΙΙ.

172 203 371 269 habent,
404 197 633 255 sordida
673 196 923 253 avaritia
962 194 1297 252 maculatos
1350 196 1581 265 putant,
1620 192 1768 247 dum

171 290 388 358 maligna
413 286 630 359 species
659 302 782 341 non
818 286 1054 341 vitatur.

218 386 261 435 3.
292 382 424 433 Nam
450 392 584 431 cum
611 376 867 447 quisque
906 374 984 430 ad
1018 372 1447 429 monasterium
1479 368 1766 426 converti-

160 479 251 535 tur,
279 468 323 522 si
351 465 536 521 veraci
562 464 742 519 corde
770 463 1147 528 convertitur,
1196 461 1342 516 illud
1376 476 1497 515 non
1524 460 1762 529 cogitat,

160 558 383 615 maxime
413 553 748 611 admonitus
771 558 1069 625 quantum
1099 551 1323 606 malum
1350 550 1440 605 sit.
1476 550 1533 604 Si
1566 555 1765 604 autem

158 647 306 703 fallax
340 650 439 708 est,
488 650 542 699 et
591 658 701 699 sua
748 642 978 714 quaerit,
1022 657 1142 696 non
1184 656 1319 712 quas
1366 641 1509 695 Jesu
1558 637 1762 693 Christi

155 736 409 807 (Philipp.
442 748 498 797 ιι,
531 732 645 803 21),
675 747 793 787 non
834 731 1015 786 habet
1048 730 1249 802 utique
1294 728 1667 784 charitatem.
1704 729 1766 781 Et

153 823 274 895 quid
302 824 347 876 ei
379 820 635 893 prodest,
662 819 710 874 si
728 818 1092 874 distribuerit
1118 818 1324 873 omnia
1345 833 1455 871 sua
1485 816 1767 887 pauperi-

150 914 261 978 bus,
284 917 331 965 et
351 909 653 965 tradiderit
676 925 897 980 corpus
912 926 1087 963 suum
1116 906 1459 975 utardeat(l
1490 905 1620 961 Cor.
1641 921 1763 971 xm,

152 1002 234 1070 3)?
258 1001 369 1053 Huc
398 998 646 1061 accedit,
676 998 820 1069 quia
849 997 1020 1061 illud,
1046 997 1198 1052 sicut
1218 996 1343 1066 jam
1378 994 1651 1050 collocuti
1677 1009 1767 1048 su-

152 1105 282 1156 mus,
306 1087 583 1156 deinceps
612 1087 778 1141 vitari
800 1092 1009 1158 potest,
1037 1090 1093 1140 et
1122 1085 1218 1155 agi
1238 1100 1376 1139 cum
1402 1099 1470 1139 eo
1502 1082 1598 1154 qui
1629 1096 1769 1137 con-

151 1177 434 1241 vertitur,si
449 1192 568 1231 non
586 1175 861 1245 potestad
873 1175 1016 1230 mitti
1033 1174 1109 1230 ad
1131 1173 1472 1229 societatem
1492 1171 1763 1235 fratrum,

150 1271 437 1336 antequam
455 1280 517 1318 se
541 1263 826 1320 omnibus
846 1263 960 1319 illis
982 1262 1424 1334 impedimentis
1442 1262 1686 1324 exuerit,
1713 1263 1768 1315 et

148 1370 204 1410 ex
230 1354 337 1410 otio
366 1353 644 1408 tendatur
673 1368 811 1408 cum
843 1353 971 1423 ejus
1009 1368 1103 1407 res
1129 1352 1255 1422 jam
1296 1365 1428 1406 esse
1457 1348 1763 1405 destiterit.

150 1446 458 1498 Haecautem
485 1438 1767 1510 morsinfirmorum,ettantumimpedimen-

146 1534 249 1589 tum
273 1530 472 1585 salutis
506 1545 738 1593 eorum,
776 1545 882 1600 pro
913 1530 1138 1602 quibus
1190 1536 1496 1598 tantopere
1532 1527 1767 1582 labora-

148 1636 256 1674 mus
292 1624 349 1673 ut
377 1634 479 1673 eos
524 1618 835 1673 catholicae
866 1618 998 1688 paci
1037 1617 1360 1682 lucremur,
1396 1616 1562 1671 aliter
1591 1614 1760 1671 vitari

142 1724 239 1765 non
251 1712 452 1780 potest,
470 1708 585 1762 nisi
609 1711 670 1762 ut
689 1708 1061 1779 apertissime
1084 1706 1432 1776 intelligant,
1449 1705 1613 1761 nullo
1635 1720 1766 1760 mo-

143 1796 205 1853 do
225 1814 321 1853 nos
346 1797 418 1851 de
443 1797 703 1867 pecunia
723 1800 994 1865 satagere
1021 1796 1077 1850 in
1102 1796 1317 1850 talibus
1346 1796 1559 1851 causis.
1592 1796 1760 1859 Quod

144 1886 277 1940 nullo
298 1886 475 1941 modo
504 1884 857 1940 intellecturi
888 1889 1046 1949 sunt,
1077 1884 1187 1939 nisi
1221 1884 1382 1939 illam
1412 1900 1537 1939 rem
1577 1899 1764 1955 quam

141 1990 341 2045 semper
370 1973 699 2045 presbyteri
729 1989 857 2028 esse
897 1978 1272 2043 putaverunt,
1306 1988 1514 2029 eorum
1551 1973 1761 2028 usibus

144 2062 517 2134 relinquamus
545 2079 559 2129 ;
595 2062 736 2134 quia
774 2063 882 2117 etsi
912 2063 1042 2132 ejus
1070 2078 1191 2118 non
1219 2068 1363 2128 erat,
1397 2063 1511 2119 hoc
1536 2062 1614 2118 ab
1656 2061 1762 2117 ini-

144 2152 203 2205 tio
223 2153 355 2207 scire
380 2151 741 2207 debuerant.

196 2242 241 2294 4.
274 2241 520 2295 Videtur
552 2241 752 2311 itaque
770 2240 913 2295 mihi
944 2240 1073 2296 haec
1099 2240 1304 2312 regula
1333 2256 1461 2295 esse
1502 2242 1561 2295 in
1584 2240 1762 2296 rebus

139 2326 515 2400 hujuscemodi
532 2329 933 2396 retinenda,ut
950 2330 1242 2401 quidquid
1260 2345 1328 2384 eo
1338 2330 1471 2400 jure
1485 2345 1606 2402 quo
1625 2329 1764 2386 talia

144 2418 653 2488 possidentur,ejus
668 2417 841 2472 fuerit
868 2418 972 2490 qui
1002 2417 1217 2473 alicubi
1252 2418 1501 2474 clericus
1521 2419 1765 2474 ordina-

145 2511 231 2574 tur,
258 2506 325 2560 ad
352 2521 489 2562 eam
528 2505 821 2577 pertineat
850 2505 1168 2562 Ecclesiam
1198 2507 1256 2561 in
1269 2522 1392 2578 qua
1417 2508 1753 2563 ordinatur.

142 2594 301 2665 Usque
327 2595 477 2650 adeo
502 2600 707 2650 autem
731 2596 941 2650 eodem
961 2595 1094 2665 jure
1123 2595 1454 2668 presbyteri
1480 2596 1762 2653 Honorati

141 2682 354 2738 estillud
388 2684 555 2739 unde
575 2684 791 2753 agitur,
818 2689 878 2739 ut
903 2699 1021 2739 non
1048 2684 1242 2739 solum
1265 2684 1405 2740 alibi
1429 2685 1761 2750 ordinatus,

142 2771 222 2824 sed
234 2772 420 2828 adhuc
439 2774 498 2828 in
518 2772 911 2841 Thagastensi
936 2773 1299 2828 monasterio
1314 2774 1685 2839 constitutus,
1715 2774 1762 2829 si

138 2871 187 2914 re
204 2876 298 2915 sua
321 2876 439 2916 non
453 2862 839 2927 vendita,nec
854 2877 957 2932 per
973 2860 1356 2917 manifestam
1369 2862 1757 2919 donationem

136 2945 531 3020 inquempiam
554 2949 841 3005 translata
860 2956 1206 3014 moreretur,
1222 2950 1465 3006 nonnisi
1490 2950 1760 3007 haeredes

138 3036 241 3103 ejus
269 3038 322 3092 in
343 3054 474 3092 eam
520 3037 925 3103 succederent,
959 3038 1305 3095 sicutfrater
1326 3038 1681 3095 Aﬁmilianus
1700 3055 1761 3095 1n

138 3122 243 3181 illos
255 3127 482 3196 triginta
498 3126 729 3183 solidos
743 3128 903 3183 fratri
919 3128 1148 3184 Privato
1162 3129 1611 3184 successit.Hmc
1624 3144 1763 3200 ergo

142 3219 248 3268 ante
281 3215 684 3286 praecavenda
722 3222 861 3272 sunt
894 3233 907 3271 :
941 3217 988 3272 si
1019 3223 1222 3273 autem
1272 3222 1576 3290 praecauta
1640 3235 1763 3275 non

141 3299 529 3375 fuerit,eajura
543 3305 628 3360 eis
651 3320 886 3360 servare
900 3310 1293 3378 oportet,quas
1308 3306 1524 3362 talibus
1544 3306 1764 3363 haben-

143 3387 305 3447 disvel
332 3408 451 3449 non
476 3392 782 3449 habendis
807 3394 1137 3450 secundum
1161 3394 1397 3451 civilem
1419 3396 1764 3452 societatem

146 3484 260 3534 sunt
283 3482 549 3539 instituta
582 3499 597 3549 ;
617 3487 679 3537 ut
704 3482 781 3537 ab
802 3482 965 3538 omni
989 3497 1110 3538 non
1132 3482 1326 3539 solum
1348 3499 1430 3549 re,
1455 3485 1556 3540 sed
1582 3486 1762 3540 etiam

145 3570 303 3637 specie
331 3571 621 3641 maligna,
648 3574 942 3642 quantum
964 3586 1309 3642 possumus,
1334 3588 1444 3628 nos
1466 3572 1766 3629 abstinea-

141 3669 266 3723 mus,
297 3665 349 3715 et
372 3664 601 3716 bonam
633 3659 854 3715 famam
884 3659 1313 3729 custodiamus,
1337 3661 1763 3733 dispensationi

140 3752 318 3803 nostr-re
334 3749 593 3804 multum
610 3748 1230 3814 necessariam.Quam
1246 3766 1381 3806 vero
1396 3751 1625 3821 species
1643 3768 1763 3809 ma-

139 3829 267 3903 ligna
282 3836 652 3902 sit,advertat
667 3842 871 3893 sancta
891 3837 1215 3909 prudentia
1230 3840 1613 3909 tua.Excepta
1638 3840 1762 3895 illo-

139 3934 244 3978 rum
260 3924 686 3998 tristitiaquam
716 3925 937 3996 experti
970 3942 1198 3992 sumus,
1223 3928 1457 3999 nequid
1470 3926 1615 3984 forte
1633 3928 1763 4000 ipse

139 4006 354 4078 fallerer,
384 4014 539 4069 sicut
565 4011 691 4068 ﬁeri
724 4013 894 4077 solet,
917 4013 1064 4069 dum
1086 4014 1146 4070 in
1169 4016 1529 4072 sententiam
1560 4032 1760 4073 meam

138 4100 415 4165 proclivior
433 4117 593 4165 erro,
611 4102 843 4157 narravi
855 4118 1097 4158 causam
1110 4102 1273 4159 fratri
1288 4109 1346 4160 et
1366 4104 1607 4176 collegas
1627 4121 1763 4162 nos-

139 4190 207 4240 tro
226 4188 521 4247 Samsucio
545 4192 647 4260 (a),
681 4190 952 4246 nondum
984 4190 1192 4247 dicens
1214 4194 1380 4265 quod
1406 4194 1553 4249 mihi
1577 4194 1761 4251 modo

139 4274 345 4345 videtur,
371 4281 477 4335 sed
492 4279 640 4335 illud
663 4280 863 4352 potius
877 4280 974 4352 adj
988 4296 1175 4350 ugens
1187 4282 1353 4353 quod
1374 4284 1607 4357 utrique
1626 4300 1758 4339 nos-

139 4367 462 4424 trumvisum
483 4370 583 4435 sit,
616 4367 887 4424 cumillis
918 4370 1356 4426 resisteremus:
1379 4371 1761 4429 vehementer

136 4452 421 4521 exhorruit,
437 4460 496 4511 et
517 4455 695 4511 nobis
707 4455 822 4511 hoc
843 4456 1034 4512 visum
1050 4473 1178 4513 esse
1195 4458 1447 4515 miratus
1460 4464 1546 4516 est
1562 4476 1576 4528 ;
1592 4460 1761 4517 nulla

134 4540 293 4597 realia
316 4551 645 4615 permotus,
681 4545 793 4599 nisi
820 4544 948 4617 ipsa
977 4547 1169 4618 specie
1197 4547 1354 4605 foeda
1376 4564 1497 4605 non
1530 4556 1755 4617 nostra,

135 4629 216 4684 sed
229 4635 539 4705 cujuslibet
554 4635 692 4700 vita,
719 4649 787 4690 ac
806 4639 1074 4692 moribus
1098 4637 1541 4708 indignissima.

192 4720 480 4779 5.Proinde
496 4725 751 4779 obsecro
776 4728 828 4779 te
852 4729 912 4779 ut
933 4726 1247 4797 epistolam
1270 4743 1456 4799 quam
1486 4729 1569 4783 eis
1596 4745 1758 4785 com-

136 4808 524 4868 muninomine
546 4812 780 4884 scripsi,
808 4813 1207 4887 subscriptam
1226 4831 1346 4871 non
1361 4816 1606 4873 differas
1626 4820 1757 4875 mit-

135 4897 310 4954 tere.Et
322 4901 366 4955 si
381 4901 531 4958 forte
546 4902 660 4957 illic
675 4901 822 4957 illud
833 4902 1059 4973 justum
1073 4907 1443 4975 apertissime
1459 4909 1752 4978 pervides,

134 4996 231 5040 non
254 4996 538 5058 cogantur
565 4991 785 5046 infirmi
817 4992 997 5049 modo
1023 4992 1250 5049 discere
1272 4996 1436 5067 quod
1467 5012 1576 5069 ego
1598 5014 1754 5054 non-

134 5070 614 5149 dumintelligo,ut
644 5082 758 5136 hoc
783 5082 1051 5137 circaeos
1080 5084 1135 5138 in
1152 5084 1263 5139 hac
1283 5102 1466 5141 causa
1490 5095 1754 5144 servetur

133 5163 266 5229 quod
285 5166 563 5224 Dominus
576 5169 687 5224 ait:
707 5170 902 5226 Multa
921 5171 1103 5227 habeo
1117 5173 1274 5228 vobis
1288 5175 1619 5248 dicere,sed
1638 5194 1751 5233 non

134 5257 334 5338 potestis
344 5256 455 5313 illa
466 5264 715 5327 portare
726 5259 898 5315 modo
910 5259 1104 5332 (Joan.
1124 5278 1237 5327 xvi,
1254 5264 1367 5334 i2).
1382 5265 1502 5319 Tali
1520 5266 1750 5338 quippe

136 5333 423 5401 inﬁrmitati
439 5362 714 5417 parcens,
736 5348 919 5405 etiam
935 5348 1081 5405 illud
1098 5350 1173 5406 de
1196 5350 1415 5409 tributo
1437 5333 1744 5424 solvendo,

187 5443 244 5507 i“l
268 5446 524 5516 Episcopo
547 5453 818 5503 Turrensi.

3427 78 3535 139 294

1878 190 1982 256 ait,
1999 191 2160 262 Ergo
2176 193 2349 249 liberi
2369 200 2509 249 sunt
2518 195 2665 267 ﬁlii;
2683 198 2783 253 sed
2794 213 2861 255 ne
2873 201 3340 260 scandalizemus
3354 210 3536 262 eos.et

1876 284 2112 347 caetera,
2153 282 2400 353 quando
2432 284 2663 340 Petrum
2696 287 2871 352 misit,
2898 293 2958 344 ut
2982 290 3367 349 didrachmas
3393 310 3530 367 quas

1876 373 2015 423 tunc
2027 369 2419 439 exigebantur
2434 374 3261 449 solverent(Matth.xvn,26).
3279 384 3535 439 Noverat

1874 459 2033 553 enim
2049 458 2340 553 aliudjus,
2358 477 2479 533 quo
2493 461 2636 518 nihil
2651 464 2761 518 tale
2775 465 3034 522 debebat
3053 484 3067 533 ;
3085 469 3191 523 scd
3209 470 3308 541 eoj
3322 488 3421 527 ure
3439 473 3534 553 tri,

1875 545 2089 601 butum
2116 548 2166 601 ei
2196 548 2289 602 ille
2320 550 2606 615 solvebat,
2640 553 2909 622 quojure
2940 555 3195 611 diximus
3225 545 3531 616 haeredem

1876 635 2203 706 presbyteri
2254 639 2532 694 Honorati
2578 657 2993 699 successurum
3032 644 3237 712 fuisse,
3286 648 3335 702 si
3369 654 3534 705 ante-

1873 738 2059 794 quam
2073 740 2199 780 rem
2214 743 2385 782 suam
2415 727 2505 782 vel
2529 728 2799 796 donaret,
2827 730 2916 785 vel
2945 734 3240 800 venderet,
3277 752 3533 793 morere—

1878 817 1983 867 tur.
2011 814 2443 886 Quauquamin
2459 816 2590 888 ipso
2614 818 2881 874 Ecclesiae
2901 820 3032 891 jure
3050 823 3264 879 Paulus
3289 830 3532 897 aposto-

1872 902 1965 956 lus
1980 903 2512 972 parcitintirmis,et
2526 906 2795 963 debitum
2812 909 3174 979 stipendium
3192 928 3313 968 non
3327 915 3528 989 exigit,

1874 997 2069 1046 certus
2084 992 2623 1067 conscientiaquod
2637 997 2964 1052 rectissime
2978 1000 3369 1072 exigeret;sed
3385 1004 3531 1058 nihil

1875 1079 2039 1135 aliud
2077 1097 2262 1152 quam
2296 1083 2699 1154 suspicionem
2731 1085 3022 1153 devitans,
3054 1088 3285 1145 bonum
3320 1091 3534 1147 Christi

1874 1167 2121 1222 odorem
2139 1169 2560 1237 turbantem,et
2578 1172 2654 1226 ab
2677 1172 2775 1228 illa
2792 1173 3053 1244 maligna
3069 1177 3266 1247 specie
3281 1194 3408 1233 sese
3428 1179 3535 1235 ab-

1876 1257 2122 1325 stinens,
2141 1258 2201 1312 in
2227 1258 2311 1313 eis
2325 1259 2691 1328 regionibus,
2718 1261 2821 1317 ubi
2847 1264 2960 1318 hoc
2985 1271 3233 1321 noverat
3253 1273 3530 1338 oportere

1875 1346 1919 1415 (Ι
1940 1348 2164 1413 Θονκιχ,
2192 1348 2369 1419 1-23),
2405 1354 2460 1403 et
2485 1348 2633 1405 forte
2657 1355 2983 1423 antequam
3009 1353 3307 1411 tristitiam
3334 1356 3533 1412 homi-

1874 1449 2022 1490 num
2052 1434 2255 1491 fuisset
2279 1441 2581 1507 expertus.
2609 1440 2719 1494 Sed
2740 1455 2850 1495 nos
2867 1440 3173 1509 tardiores,
3194 1444 3285 1499 vel
3303 1446 3530 1517 experti

1873 1522 2259 1591 corrigamus,
2288 1525 2453 1595 quod
2482 1526 2807 1596 praevidere
2838 1528 3178 1585 debuimus.

1886 1675 1907 1682 _
1948 1614 1998 1665 6.
2021 1613 2320 1667 Postremo
2359 1614 2502 1684 quia
2528 1615 2732 1670 omnia
2763 1616 2957 1683 timeo,
2991 1622 3047 1673 et
3078 1619 3323 1674 memini
3347 1620 3405 1676 in
3436 1621 3529 1677 di-

1873 1711 2080 1767 gressu
2092 1704 2297 1756 nostro
2309 1701 2456 1773 quid
2468 1705 3039 1777 proposueris,quod
3054 1723 3148 1762 me
3164 1707 3371 1763 fratres
3385 1709 3532 1766 Tha-

1874 1794 2184 1857 gastenses
2226 1794 2461 1846 teneant
2485 1791 2817 1849 debitorem
2854 1794 3104 1851 dimidio
3126 1795 3282 1852 illius
3310 1799 3478 1869 pretii
3510 1816 3526 1866 ;

1875 1878 1920 1931 si
1934 1876 2047 1931 hoc
2054 1879 2285 1948 justum
2299 1895 2429 1934 esse
2443 1880 2668 1952 liquido
2684 1883 3526 1953 perspicis,eaduntaxatcon-

1874 1965 2098 2022 ditione
2122 1983 2241 2022 non
2264 1969 2488 2034 abnuo,
2515 1974 2575 2024 ut
2597 1985 2735 2025 cum
2756 1971 3025 2028 habuero
3055 1974 3328 2040 reddam,
3359 1977 3417 2031 id
3442 1982 3531 2033 est

1873 2071 2009 2111 cum
2025 2056 2251 2127 aliquid
2269 2061 2496 2113 tantum
2509 2058 3199 2132 obveneritHipponensi
3223 2072 3530 2121 monaste-

1873 2145 1983 2209 rio,
2015 2145 2115 2200 ubi
2142 2146 2255 2200 hoc
2283 2146 2407 2200 sine
2437 2148 2718 2215 angustia
2746 2149 2871 2204 ﬁeri
2895 2152 3083 2222 possit
3115 2168 3128 2206 :
3158 2158 3221 2207 ut
3251 2156 3419 2210 tanta
3444 2156 3528 2212 ibi

1874 2235 2403 2304 summadetracta,
2437 2250 2559 2290 non
2589 2237 2786 2292 minus
2802 2254 2988 2310 quam
3012 2240 3265 2311 aequalis
3292 2258 3401 2314 pro
3421 2260 3529 2299 nu-

1874 2338 2039 2378 mero
2082 2322 2553 2379 cohabitantium
2594 2341 2733 2396 pars
2790 2327 2865 2382 ad
2907 2333 3143 2385 nostros
3192 2332 3525 2402 perveniat.

2321 2413 2652 2470 EPISTOLA
2677 2414 2922 2471 LXXXIV
2954 2416 3094 2489 '(a).

1870 2501 2105 2557 Novato
2157 2501 2423 2572 episcopo
2475 2503 2864 2573 Augustinus,
2911 2522 3205 2565 excusans
3249 2511 3407 2581 quod
3446 2512 3528 2568 ad

1943 2591 2135 2659 ipsum
2186 2607 2306 2647 non
2354 2592 2541 2647 mittat
2588 2608 2938 2662 germanum
2985 2597 3175 2665 ipsius
3231 2600 3527 2657 Lucillum

1943 2679 2275 2746 diaconum,
2307 2696 2422 2752 quo
2454 2681 2655 2737 latinas
2689 2683 2908 2753 linguae
2934 2687 3126 2752 perito
3167 2701 3369 2745 carere
3408 2704 3524 2746 non

1941 2774 2173 2837 possent
2194 2769 2476 2826 Ecclesia
2505 2770 2768 2827 diaecesis
2799 2772 3202 2842 Hipponensis.

1871 2857 2124 2914 Domino
2168 2857 2516 2914 beatissimo
2546 2863 2602 2914 et
2644 2861 2959 2916 venerabili
3013 2878 3083 2918 ac
3137 2863 3524 2922 desiderabili

1942 2946 2105 3002 fratri
2120 2952 2297 3001 etcon
2308 2947 2602 3002 sacerdoti
2619 2951 2848 3005 Novuo
2867 2952 2884 3013 (
2891 2951 3149 3023 b),et3qui
3168 2958 3362 3009 tecum
3387 2960 3527 3011 sunt

1944 3034 2249 3100 fratribus,
2282 3036 2656 3102 AUGUSTINUS,
2689 3038 2861 3109 etqui
2888 3054 3124 3094 mecum
3150 3045 3289 3098 sunt
3312 3041 3524 3099 fratres

1944 3124 2004 3179 in
2037 3123 2294 3180 Domino
2324 3124 2597 3180 salutem.

1950 3219 1966 3267 t
1984 3252 1996 3265 .
2014 3215 2079 3269 Et
2107 3228 2217 3283 ego
2232 3214 2415 3269 sentio
2435 3229 2623 3286 quam
2646 3215 2665 3249 ¹
2688 3214 2875 3270 durus
2893 3214 3118 3282 videar,
3146 3222 3202 3273 et
3229 3216 3526 3290 meipsum

1872 3302 1970 3358 vix
1985 3302 2129 3368 fero,
2149 3302 2313 3375 quod
2326 3302 2515 3358 tilium
2533 3318 2734 3358 meum
2748 3303 2962 3361 diacon
2974 3321 3075 3361 um
3093 3306 3375 3363 Lucillum
3394 3322 3527 3377 ger-

1874 3408 2125 3447 manum
2140 3397 2309 3447 tuum
2325 3391 2628 3448 Sanctitati
2645 3396 2761 3449 tum
2775 3408 2897 3448 non
2911 3394 3081 3450 mitto
3100 3399 3279 3468 atque
3292 3397 3530 3467 permit-

1871 3480 2070 3537 to.Sed
2101 3480 2379 3553 cumipse
2396 3496 2639 3554 quoque
2668 3481 3132 3554 aliquos,extuis
3151 3485 3529 3542 nutrimentis

1871 3569 2042 3625 valde
2056 3569 2443 3626 charissimos
2457 3574 2636 3644 atque
2649 3571 3055 3639 dulcissimos,
3072 3574 3529 3631 necessitatibus

1871 3659 2264 3714 Ecclesiarum
2283 3658 2461 3728 longe
2476 3660 2809 3730 positarum
2828 3660 2940 3717 abs
2963 3666 3037 3729 te,
3062 3665 3390 3719 concedere
3407 3680 3529 3720 coe-

1871 3746 2028 3819 peris
2053 3765 2067 3817 ;
2086 3751 2225 3801 tunc
2239 3747 2456 3802 senties
2468 3746 2689 3820 quibus
2708 3748 3141 3805 desideriorum
3166 3751 3421 3805 stimulis
3438 3751 3531 3806 fo-

1870 3834 2186 3908 diar,quod
2199 3833 2444 3907 quidam
2467 3834 2612 3890 mihi
2630 3836 2897 3891 maxima
2917 3836 3333 3893 etdulcissima
3358 3839 3528 3894 fami-

1869 3924 2121 3980 liaritate
2145 3922 2465 3993 conjuncti,
2492 3938 2614 3979 non
2633 3930 2770 3979 sunt
2792 3925 2969 3982 etiam
2994 3925 3382 3997 corporaliter
3402 3943 3528 3983 me-

1870 4027 2028 4067 cum.
2059 4014 2206 4067 Nam
2237 4016 2301 4067 ut
2331 4012 2511 4081 longe
2544 4012 2778 4067 mittam
2809 4013 3233 4083 cogitationem
3266 4018 3287 4051 ²
3320 4021 3522 4083 tuam;

1868 4099 2309 4173 quantumlibet
2356 4099 2550 4155 valeat
2572 4102 2935 4170 germanitas
2951 4103 3029 4157 tui
3063 4104 3523 4175 sanguinis,non

1870 4188 2050 4243 vincit
2068 4188 2345 4245 amicitias
2366 4188 2693 4258 vinculum,
2717 4206 2837 4262 quo
2860 4191 3038 4247 nobis
3061 4192 3315 4248 invicem
3338 4209 3448 4263 ego
3469 4199 3526 4251 et

1869 4276 2048 4333 frater
2062 4279 2310 4334 Severus
2322 4277 2608 4334 inhaerem
2620 4296 2686 4334 us
2703 4295 2716 4333 :
2734 4285 2786 4333 et
2803 4285 3003 4336 tamen
3018 4282 3173 4336 ηοεῐὶ
3188 4298 3372 4353 quam
3386 4299 3524 4339 raro

1869 4382 2007 4423 cum
2022 4365 2373 4421 mihividere
2387 4368 2712 4436 contingat.
2738 4370 2928 4441 Atque
2956 4369 3070 4425 hoc
3096 4370 3229 4426 fecit
3262 4387 3382 4426 non
3415 4372 3517 4427 uti-

1866 4472 1983 4528 que
2005 4454 2279 4510 voluntas
2292 4454 2385 4509 vel
2403 4470 2540 4510 mea
2558 4455 2820 4512 velillius
2850 4471 2863 4522 ;
2883 4457 2988 4511 sed
3019 4459 3164 4513 dum
3186 4459 3397 4514 matris
3420 4461 3523 4514 Ec-

1866 4543 2060 4600 clesiae
2074 4542 2476 4611 necessitates,
2505 4548 2744 4613 propter
2774 4543 3041 4601 futurum
3057 4546 3366 4612 saeculum,
3396 4562 3521 4620 quo

1865 4633 2183 4690 nobiscum
2198 4630 2675 4701 inseparabiliter
2687 4635 3285 4699 convivemus,nostri
3300 4640 3523 4710 tempo-

1865 4724 1944 4778 ris
1956 4720 2413 4777 necessitatibus
2428 4721 3115 4792 anteponimus.Quanto
3128 4740 3271 4795 ergo
3283 4729 3520 4798 aequius

1865 4817 1920 4869 te
1938 4810 2187 4867 tolerare
2218 4812 2467 4880 oportet,
2504 4825 2614 4881 pro
2632 4810 3076 4884 utilitateipsius
3093 4816 3297 4871 matris
3330 4816 3520 4871 Eccle-

1864 4901 1965 4957 sire
2002 4900 2131 4971 ejus
2158 4897 2354 4954 fratris
2383 4898 2744 4966 absentiam,
2798 4916 2937 4959 cum
2968 4918 3090 4975 quo
3142 4919 3263 4960 non
3287 4904 3516 4960 tamdiu

1924 5026 1939 5053 ί
1961 5024 2044 5089 §ic
2078 5022 2337 5089 ex_tribus
2372 5023 2503 5089 Mss.
2533 5024 2893 5089 [quanquam].

1920 5090 1939 5120 ι
1963 5088 2116 5135 Forte
2142 5086 2267 5148 163.,
2301 5086 2677 5148 cognationem.

1922 5150 1950 5183 ί
2245 5150 2298 5197 et
2328 5148 2551 5198 LXXXV
2571 5150 2874 5213 Recognitte
2905 5149 3113 5200 suntad
3146 5149 3231 5203 cb.
3262 5162 3342 5199 vc.
3378 5149 3515 5201 duos

1942 5226 1969 5259 e
2022 5225 2073 5259 a'
2163 5225 2252 5259 ov-
2918 5238 2921 5241 ‹

1857 5227 1908 5261 ν.
1942 5216 1995 5262 et
2022 5216 2089 5261 ad
2121 5216 2252 5264 Lov.
2918 5238 2921 5241 η

1918 5278 1988 5337 (α)
2024 5274 2296 5339 ᾼΙὶαδμειὲ
2330 5290 2344 5323 :
2376 5287 2495 5337 quae
2538 5277 2719 5323 autem
2755 5275 2814 5321 84
2838 5276 2966 5331 erat,
3009 5286 3155 5339 nunc
3190 5274 3267 5323 19.
3300 5274 3517 5339 Scripta

1854 5338 1989 5387 forte
2014 5338 2156 5387 circa
2184 5336 2283 5387 hoc
2314 5336 2546 5391 tempus,
2582 5351 2675 5385 seu
2705 5340 2829 5385 ante
2863 5348 2956 5389 an.
3008 5337 3119 5385 411.

1918 5352 1989 5387 rte
2014 5352 2156 5387 circa
2184 5352 2283 5387 noc
2314 5352 2419 5386 rem
2464 5352 2546 5391 us,
2582 5352 2675 5385 seu
2705 5352 2829 5385 ante
2863 5352 2956 5389 an.
3008 5352 3119 5385 su.

1918 5400 1988 5473 ςὸ)
2012 5399 2291 5473 Collationi
2306 5352 2708 5473 Cartgaginensi
2732 5398 2976 5473 interfuit
2993 5399 3230 5473 Novatus
3246 5398 3511 5473 Sitifensis

1851 5461 2153 5527 episcOpus,
2169 5462 2378 5514 fortean
2400 5461 2545 5511 idem
2557 5462 2671 5525 ipse
2686 5462 2773 5512 cui
2793 5461 2908 5512 haec
2927 5462 3157 5526 epistola
3178 5463 3385 5529 scripta
3403 5467 3514 5515 est.
