3996 6158
481 168 586 230 299

483 310 686 377 (Num.
712 327 825 374 xv1,
859 306 1068 377 31-35).
1101 299 1250 358 Illud
1281 317 1422 373 ergo
1453 297 1649 357 scelus
1681 299 1759 355 ad
1790 298 2130 372 exemplum

480 400 782 456 devitandi
818 396 1099 452 Dominus
1134 395 1284 448 Deus
1315 390 1591 462 praesenti
1626 389 1920 460 supplicio
1952 389 2134 443 deno-

485 490 642 553 tavit,
682 493 742 542 ut
791 502 926 540 cum
961 483 1178 539 talibus
1235 479 1660 552 patientissime
1711 478 1916 549 parcit,
1959 478 2134 548 quale

482 577 688 630 ultimo
728 574 956 644 judicio
989 577 1264 635 reservet,
1304 569 1662 624 ostenderet.
1718 570 1916 638 Neque
1973 566 2133 621 enim

478 663 972 735 reprehendimus
995 663 1253 716 rationes
1284 663 1529 723 vestras,
1558 657 1602 710 si
1631 673 1702 712 eo
1727 663 1990 726 tempore
2012 671 2133 727 quo

475 767 704 806 vesana
755 751 1014 820 potentia
1054 749 1245 803 furere
1274 747 1614 816 jactabatur
1659 746 1930 815 Optatus,
1993 759 2131 799 cum

475 840 600 911 ejus
626 845 937 895 accusator
967 843 1122 892 esset
1156 837 1330 891 totius
1364 833 1570 888 Africae
1616 834 1883 903 gannitus
1915 847 2133 901 conge-

478 929 865 984 miscentibus
920 926 1111 991 vobis,
1165 927 1209 978 si
1256 932 1453 979 tamen
1497 922 1630 977 talis
1671 937 1757 985 es,
1799 922 2045 993 qualem
2078 929 2132 976 te

474 1017 758 1088 praedicat
814 1016 996 1079 fama,
1030 1015 1193 1086 quod
1249 1013 1355 1066 scit
1389 1015 1539 1067 Deus
1594 1027 1688 1066 me
1718 1016 1775 1066 et
1803 1011 2042 1065 credere
2075 1016 2131 1066 et

473 1105 657 1160 velle:
695 1120 813 1159 non
846 1119 987 1172 ergo
1020 1101 1521 1174 reprehendimus
1557 1102 1604 1154 si
1633 1116 1702 1154 eo
1735 1106 2023 1170 tempore,
2057 1115 2130 1154 ne

474 1196 697 1250 multos
717 1210 920 1247 secum
935 1192 1492 1247 excommunicatus
1511 1190 1848 1255 traheret,et
1864 1205 2132 1244 commu-

474 1286 716 1339 nionem
742 1288 998 1337 vestram
1017 1281 1358 1335 schismatis
1393 1279 1587 1333 furore
1611 1278 1972 1349 prtecideret,
1994 1294 2130 1332 eum

474 1389 670 1428 excom
683 1372 986 1426 municare
1001 1370 1293 1425 noluistis.
1307 1369 1415 1424 Sed
1431 1369 1541 1423 hoc
1559 1367 1744 1438 ipsum
1761 1367 2010 1438 estquod
2030 1383 2132 1422 vos

477 1463 672 1531 arguit
694 1461 991 1530 injudicio
1019 1459 1135 1523 Dei,
1153 1457 1326 1512 frater
1341 1458 1607 1522 Emerite,
1627 1457 1790 1527 quod
1814 1471 1952 1510 cum
1979 1456 2132 1510 vide-

475 1552 611 1605 retis
627 1558 745 1604 tam
763 1564 984 1617 magnu
998 1565 1053 1601 m
1072 1546 1294 1601 malum
1309 1545 1650 1611 esse,dividi
1665 1551 1882 1615 partem
1901 1546 2128 1610 Donati,

477 1645 538 1694 ut
568 1641 816 1711 Optatus
833 1638 1028 1708 potius
1052 1637 1108 1690 in
1128 1636 1551 1690 communione
1581 1635 2130 1690 tolerandusexisti-

474 1734 757 1791 maretur,
775 1743 960 1798 quam
983 1726 1126 1780 illud
1145 1727 1579 1793 admitteretur;
1604 1725 1964 1794 permanetis
1980 1725 2037 1778 in
2057 1739 2128 1778 eo

475 1817 654 1882 malo,
683 1815 843 1887 quod
879 1817 936 1870 in
967 1814 1293 1868 dividenda
1324 1813 1585 1868 Ecclesia
1608 1813 1819 1868 Christi
1851 1828 1886 1869 a
1921 1813 2125 1869 vestris

474 1905 804 1976 majoribus
837 1910 1246 1975 perpetratum
1271 1910 1378 1958 est.

542 1999 592 2049 5.
630 1994 724 2048 Hic
749 1993 1000 2049 fortasse
1021 1991 1421 2062 respondendi
1444 1991 1721 2059 angustia
1739 1992 1992 2048 tentabis
2019 1992 2124 2048 de-

468 2083 706 2139 fendere
734 2083 1036 2152 Optatum.
1067 2080 1210 2144 Noli,
1244 2079 1440 2146 frater,
1463 2081 1580 2134 noli
1604 2081 1890 2147 obsecro;
1916 2097 2034 2137 non
2068 2089 2120 2137 te

467 2173 719 2237 decet,et
734 2172 782 2226 si
798 2171 1059 2242 aliquem
1077 2170 1260 2224 alium
1279 2170 1424 2224 forte
1439 2169 1718 2234 deceat,si
1735 2178 1930 2225 tamen
1950 2171 2121 2240 quid-

465 2277 649 2332 quam
668 2263 835 2315 decet
856 2260 1068 2323 malos,
1090 2259 1411 2314 Emeritum
1428 2263 1582 2313 certe
1600 2275 1714 2314 non
1731 2260 1898 2314 decet
1915 2260 2114 2315 defen-

465 2351 604 2405 dere
619 2349 1044 2421 Optatum.Sed
1060 2348 1311 2403 fortasse
1330 2363 1436 2402 nec
1456 2349 1848 2404 accusare.lta
1863 2351 1937 2403 sit
1951 2365 2116 2404 sane.

465 2441 630 2494 Utere
662 2454 804 2492 voce
836 2437 1052 2501 media,
1093 2443 1147 2491 et
1178 2437 1273 2490 dic
1308 2453 1319 2490 :
1357 2437 1774 2508 Unusquisque
1818 2438 2119 2493 sarcinam

465 2544 638 2581 suam
655 2525 1264 2596 portat(Gat.v1,5).'l‘u
1280 2527 1412 2595 quis
1426 2525 1646 2595 es,quij
1659 2525 1864 2580 udicas
1880 2542 2118 2582 servum

477 2616 626 2671 alien
639 2632 669 2668 u
682 2631 734 2668 m
756 2614 1070 2684 (Rom.x1v,
1086 2614 1139 2682 4)
1161 2611 1188 2666 ‘i
1209 2613 1262 2668 Si
1276 2628 1416 2680 ergo
1431 2614 1506 2667 ad
1524 2614 1930 2669 testimonium
1947 2616 2121 2671 totius

473 2703 699 2768 Africae,
718 2702 839 2756 imo
865 2717 1002 2756 vero
1025 2707 1313 2756 terrarum
1337 2702 1608 2756 omnium
1630 2717 2122 2774 quaquaversum

474 2790 734 2848 Gildonis
757 2790 918 2844 fama
937 2788 1222 2852 fervebat,
1239 2789 1414 2843 simul
1429 2790 1585 2844 enim
1601 2791 1761 2845 etille
1785 2799 1959 2847 notus
1973 2800 2116 2859 erat,

469 2896 589 2936 non
614 2880 741 2935 ausi
761 2881 903 2934 estis
922 2895 1187 2949 unquam
1204 2879 1276 2932 de
1290 2879 1800 2949 Optatojudicare,
1817 2898 1888 2935 ne
1906 2888 2122 2938 temere

467 2971 541 3025 de
559 2969 1261 3039 incognitisjudicaretis;
1289 2983 1396 3022 nos
1411 2969 1654 3023 tandem
1679 2986 2004 3040 possumus
2020 2978 2121 3026 aut

464 3059 754 3114 debemus
768 3058 840 3112 de
856 3057 925 3111 iis
939 3058 1037 3128 qui
1055 3063 1189 3111 ante
1204 3072 1313 3111 nos
1331 3058 1706 3120 vixerunt,ad
1721 3065 1980 3113 vestrum
1997 3067 2123 3114 tan-

461 3148 774 3204 tummodo
805 3146 1231 3210 testimonium,
1268 3147 1650 3201 temerariam
1682 3148 1756 3200 de
1798 3147 2119 3216 incognitis

462 3237 611 3291 ferre
639 3238 1015 3299 sententiam,
1054 3240 1112 3288 ut
1138 3250 1352 3304 parum
1389 3235 1458 3289 sit
1481 3235 1646 3305 quod
1669 3251 1773 3290 vos
1798 3237 2122 3304 ignotacri-

465 3325 799 3386 minamini,
832 3324 942 3377 nisi
967 3328 1146 3377 etnos
1173 3323 1733 3394 ignotajudicemus
1757 3324 1783 3379 ?
1808 3328 1931 3380 Non
1957 3328 2117 3382 enim

465 3416 768 3484 Optatum,
785 3411 1014 3467 etiamsi
1034 3410 1175 3465 forte
1192 3411 1342 3466 falsa
1360 3412 1725 3482 periclitatur
1747 3414 1991 3480 invidia,
2015 3417 2118 3471 sed

468 3507 521 3556 te
555 3500 844 3568 defendis,
878 3517 1015 3554 cum
1062 3499 1246 3555 dicis:
1295 3503 1506 3568 lgnoro
1539 3501 1736 3572 qualis
1769 3504 1874 3557 iste
1923 3503 2115 3559 fuerit.

469 3591 705 3654 Quanto
720 3590 911 3657 magis
925 3605 1065 3664 ergo
1079 3589 1286 3660 quales
1304 3589 1516 3643 fuerint
1529 3589 1669 3654 Afri,
1686 3607 1836 3661 quos
1859 3593 2115 3663 ignotio-

467 3694 560 3732 res
578 3679 798 3747 arguis,
817 3678 1126 3732 Orientalis
1149 3679 1309 3732 orbis
1331 3678 1608 3746 ignorat?
1626 3695 1660 3734 a
1683 3681 2120 3750 quibustamen

472 3767 762 3832 Ecclesiis,
785 3755 1041 3839 quarum
1059 3767 1306 3822 nomina
1321 3769 1506 3822 habes
1526 3767 1586 3822 in
1605 3770 1790 3824 Libris
1805 3776 1860 3824 et
1888 3773 2117 3836 recitas,

467 3856 695 3912 nefaria
712 3857 1082 3911 dissensione
1096 3857 1211 3926 disj
1224 3858 1545 3926 ungeris.Si
1559 3858 2120 3928 Thamugadensem

468 3946 818 4016 episcopum
893 3954 1154 4000 vestrum
1223 3945 1691 4001 famosissimum
1751 3954 1806 4002 et
1865 3951 2121 4018 pessime

467 4034 867 4097 diffamatum,
899 4050 1018 4088 non
1073 4035 1205 4088 dico
1252 4035 1656 4100 Caesariensis,
1697 4038 1796 4089 sed
1833 4037 2121 4092 Sitifensis

465 4123 694 4192 collega
719 4124 848 4193 ejus
871 4124 1262 4193 ejusdemque
1288 4124 1576 4193 temporis
1607 4127 1941 4193 ignorabat,
1977 4144 2123 4199 quo-

467 4212 649 4267 modo
663 4212 972 4267 traditores
991 4212 1179 4279 Afros,
1195 4213 1563 4283 quicumque
1579 4213 1654 4267 illi
1672 4214 1906 4282 fuerint,
1933 4218 2122 4272 Eccle-

467 4300 553 4356 sia
611 4301 1071 4363 Corinthiorum,
1152 4302 1568 4371 Ephesiorum,
1647 4304 2119 4376 Colossensium,

470 4389 970 4461 Philippensium,
1026 4389 1663 4455 Thessalonicensium,
1723 4393 2120 4449 Antiochena-

467 4495 624 4544 rum,
662 4479 846 4546 Ponti,
882 4478 1141 4543 Galatiae,
1197 4480 1613 4550 Cappadociae,
1647 4487 2119 4554 ceterarumque

469 4567 630 4621 orbis
649 4569 903 4638 partium
928 4570 1004 4622 ab
1020 4567 1316 4639 Apostolis
1331 4569 1390 4623 in
1407 4570 1636 4624 Christo
1661 4571 2088 4628 tediticatarum
2103 4613 2116 4638 ,

469 4663 573 4711 aut
594 4674 768 4712 nosse
800 4658 1007 4728 potuit,
1037 4663 1139 4712 aut
1160 4657 1494 4716 damnaria
1517 4660 1686 4715 vobis
1719 4663 1953 4729 meruit,
1977 4664 2121 4734 quia

468 4760 590 4799 non
641 4746 871 4817 potuit?
923 4751 978 4801 et
1011 4753 1208 4801 tamen
1245 4748 1327 4802 eis
1378 4765 1498 4804 non
1532 4752 2017 4816 communicatis,
2065 4756 2121 4806 et

468 4834 665 4890 dicitis
699 4851 819 4889 non
865 4851 992 4889 esse
1042 4837 1436 4901 Christianos,
1478 4845 1534 4894 et
1592 4856 1695 4895 eos
1754 4842 2120 4913 rebaptizare

467 4925 790 4981 conamini.
843 4925 995 4988 Quid
1039 4925 1285 4980 dicam?
1332 4927 1478 4998 quid
1531 4930 1800 5000 querar?
1833 4937 1935 4985 aut
1975 4931 2120 5002 quid

466 5017 795 5070 exclamem
811 5012 838 5066 Ῠ
865 5013 918 5068 Si
939 5030 1071 5066 cum
1087 5014 1328 5070 homine
1343 5017 1588 5072 cordato
1603 5018 1834 5090 loquor,
1851 5020 2122 5088 indigna-

469 5106 642 5159 tionis
681 5105 860 5174 hujus
902 5105 1141 5158 aculeos
1181 5110 1378 5158 tecum
1422 5107 1728 5177 participo.
1781 5112 1924 5163 Nam
1960 5109 2122 5177 vides

469 5195 732 5262 profecto
763 5210 898 5265 qua:
932 5194 1210 5256 dicerem,
1241 5195 1284 5247 si
1316 5195 1524 5249 vellem
1551 5175 1762 5251 dicere.
1992 5175 2007 5187 ⁸

542 5285 591 5334 6.
615 5289 699 5336 An
725 5284 870 5336 forte
902 5283 1160 5337 fecerunt
1183 5285 1332 5338 inter
1364 5300 1426 5338 se
1461 5287 1716 5356 majores
1732 5288 1904 5341 vestri
1930 5289 2125 5342 conci-

470 5366 636 5434 lium,
662 5377 716 5422 et
738 5373 1181 5427 damnaverunt
1205 5381 1415 5442 praeter
1431 5391 1491 5428 se
1513 5381 1698 5428 totum
1725 5376 1928 5430 orbem
1946 5377 2127 5430 chris-

471 5456 911 5512 tianum?ltane
935 5463 1008 5514 ad
1040 5462 1150 5517 hoc
1177 5466 1460 5533 perducta
1483 5470 1569 5518 est
1592 5481 1789 5520 rerum
1827 5467 2128 5523 existima-

473 5543 572 5612 tio,
585 5545 971 5601 utconcilium
986 5551 1668 5624 Maximianensium,qui
1681 5553 1756 5610 de
1773 5563 1967 5612 vestra
1979 5572 2130 5628 prai-

2121 4202 2160 4232 ς

1748 159 1807 219 S.
1848 157 2239 222 AUGUSTI!“
2271 155 2590 220 EPISCOPI
3728 163 3816 226 300

2244 299 2464 354 cisione
2482 295 2885 369 praecisisunt,
2909 293 3055 367 quia
3089 293 3262 350 vobis
3295 297 3600 368 comparati
3625 301 3826 370 paucis-

2246 389 2378 443 simi
2395 394 2552 451 sunt,
2576 401 2696 441 non
2715 386 2909 440 valeat
2923 385 3214 440 adversus
3232 399 3332 439 vos
3350 391 3429 451 ;et
3449 392 3682 442 vestrum
3708 405 3824 444 con-

2245 478 2447 532 cilium
2472 477 2663 532 valeat
2695 474 2980 529 adversus
3013 481 3218 543 gentes
3241 473 3619 530 haereditatem
3633 477 3823 543 Christi,

2244 572 2300 621 et
2330 567 2775 637 possessionem
2808 565 2938 634 ejus
2971 564 3256 618 terminos
3278 569 3436 618 terra:
3465 565 3638 632 (Psat.
3668 581 3717 629 ιι,
3745 569 3824 636 8)?

2245 657 2416 709 Miror
2439 657 2484 708 si
2508 653 2690 709 habet
2724 654 3046 723 incorpore
3073 651 3445 722 sanguinem,
3477 653 3570 723 qui
3590 654 3758 709 dehac
3778 671 3826 710 re

2244 759 2364 799 non
2377 743 2690 798 erubescit.
2721 741 2993 797 Rescribe
3007 741 3083 796 ad
3112 741 3245 805 ista,
3271 755 3499 812 quasso:
3523 742 3826 796 anonnullis

2243 833 2420 897 enim,
2453 831 2673 904 quibus
2704 846 2825 886 non
2855 831 3018 900 potui
3047 845 3166 885 non
3195 829 3450 900 credere,
3479 829 3659 884 audivi
3683 835 3822 885 teres-

2241 921 2590 991 cripturum,
2607 919 2652 974 si
2669 918 2772 973 tibi
2787 919 3130 972 scriberem.
3152 919 3283 973 .Iam
3303 917 3477 972 etiam
3501 917 3701 986 pridem
3717 919 3819 972 misi

2245 1025 2424 1064 unam
2456 1009 2797 1080 epistolam,
2820 1023 3008 1078 quam
3035 1013 3232 1061 utrum
3262 1006 3556 1077 acceperis
3577 1007 3653 1060 vel
3677 1007 3717 1060 ei
3735 1023 3825 1061 res-

2243 1098 2545 1170 ponderis.
2566 1105 2619 1152 et
2643 1097 2786 1152 forte
2809 1111 2920 1166 ego
2954 1103 3118 1151 tuam
3135 1111 3254 1150 non
3285 1095 3622 1166 acceperim,
3650 1096 3827 1151 nescio.

2244 1190 2394 1242 Num
2427 1187 2660 1242 interim
2690 1193 2828 1258 peto
2859 1185 2935 1241 ad
2958 1185 3084 1239 haec
3115 1184 3477 1255 respondere
3507 1199 3574 1238 ne
3599 1187 3831 1254 graveris,

2241 1275 2406 1348 quod
2429 1275 2531 1331 tibi
2566 1275 2814 1330 videtur.
2849 1274 2961 1329 Sed
2993 1272 3113 1329 noli
3145 1281 3197 1328 te
3218 1275 3276 1328 in
3308 1273 3456 1328 alias
3478 1273 3660 1327 tollere
3675 1288 3836 1342 quies-

2242 1365 2466 1431 tiones;
2501 1365 2639 1419 hinc
2679 1365 2838 1419 enim
2873 1368 3053 1433 caput
3083 1367 3171 1417 est
3201 1362 3643 1418 ordinatissimae
3679 1361 3840 1432 inqui-

2243 1454 2494 1516 sitionis,
2527 1469 2633 1508 cur
2660 1453 2924 1507 schisma
2942 1451 3165 1507 factum
3198 1454 3288 1506 sit.

2311 1547 2363 1598 7.
2396 1543 2546 1597 Nam
2578 1549 2633 1597 et
2664 1547 2917 1597 terrenas
2950 1544 3273 1612 potestates
3303 1555 3442 1595 cum
3473 1538 3844 1594 schismaticos

2240 1638 2698 1704 persequuntur,
2719 1647 2790 1686 ea
2810 1632 3018 1699 regula
3031 1647 3094 1684 se
3110 1627 3840 1700 defendunt,quadicitapo-

2240 1721 2423 1776 stolus
2450 1738 2460 1774 :
2493 1719 2605 1787 Qui
2627 1721 2906 1788 potestati
2926 1718 3163 1780 resistit,
3198 1719 3303 1774 Dei
3329 1717 3682 1774 ordinationi
3703 1715 3844 1771 resis-

2238 1814 2306 1866 tit
2324 1829 2343 1875 ;
2360 1811 2463 1881 qui
2475 1817 2668 1866 autem
2686 1809 3106 1878 resistunt,ipsi
3117 1808 3228 1864 sibi
3236 1811 3263 1878 j
3268 1809 3528 1864 udicium
3543 1807 3842 1878 acquirunt.

2236 1901 2546 1969 Principes
2570 1900 2723 1955 enim
2743 1915 2859 1954 non
2877 1906 3013 1953 sunt
3027 1899 3227 1953 timori
3240 1897 3391 1953 bono
3407 1897 3684 1966 operi,sed
3694 1895 3844 1950 malo.

2245 1991 2337 2044 Vis
2363 1997 2558 2045 autem
2599 2005 2715 2044 non
2748 1988 2954 2043 timere
2983 1990 3326 2055 potestatem
3349 1985 3377 2039 ?
3423 1987 3647 2041 Bonum
3671 1985 3778 2052 fac,
3805 1989 3847 2038 et

2233 2079 2469 2135 habebis
2495 2079 2729 2134 laudem
2746 2093 2820 2134 ea:
2841 2079 2952 2132 illa
2969 2094 2989 2140 ;
3009 2079 3112 2132 Dei
3133 2077 3286 2132 enim
3308 2076 3576 2132 minister
3590 2078 3666 2130 est
3692 2073 3783 2128 tibi
3801 2073 3850 2127 in

2231 2169 2466 2224 bonum.
2498 2168 2654 2232 Quod
2675 2168 2726 2222 si
2742 2168 2968 2222 malum
2981 2166 3218 2235 feceris,
3245 2166 3423 2222 time:
3447 2181 3562 2220 non
3574 2164 3714 2220 enim
3723 2163 3853 2232 frus-

2239 2261 2331 2313 ινα
2364 2258 2635 2328 gladium
2659 2261 2896 2327 portat;
2921 2258 3028 2310 [)ei
3063 2255 3215 2310 enim
3245 2255 3513 2310 minister
3540 2261 3638 2318 est,
3673 2252 3854 2308 vindex

2238 2347 2302 2402 in
2355 2347 2512 2403 iram
2560 2350 2613 2404 ei
2638 2349 2743 2418 qui
2789 2347 2948 2401 male
2985 2348 3109 2415 agit
3171 2346 3357 2413 (Rom.
3390 2361 3512 2409 xui,
3568 2345 3695 2413 2-4).
3741 2344 3858 2396 Tota

2230 2436 2406 2506 igitur
2435 2437 2691 2508 quaestio
2721 2442 2828 2500 est,
2869 2440 3066 2489 utrum
3107 2433 3252 2489 nihil
3295 2434 3435 2489 mali
3493 2433 3566 2487 sit
3607 2431 3854 2492 schisma,

2231 2533 2332 2580 aut
2366 2535 2562 2580 utrum
2587 2526 2851 2579 schisma
2875 2539 2994 2578 non
3025 2522 3294 2592 feceritis,
3322 2529 3385 2578 ut
3404 2539 3512 2593 pro
3539 2523 3692 2576 bono
3709 2534 3859 2590 opere

2233 2614 2627 2686 potestatibus
2664 2613 2967 2678 resistatis,
3004 2627 3120 2666 non
3173 2627 3280 2683 pro
3317 2611 3498 2675 malo,
3537 2609 3689 2665 unde
3718 2608 3860 2663 vobis

2233 2705 2554 2775 acquiratis
2571 2702 2887 2773 judicium.
2910 2704 3224 2771 Propterea
3244 2701 3756 2770 providentissime
3779 2698 3865 2751 Do-

2233 2794 2432 2848 minus
2463 2809 2580 2848 non
2613 2793 2726 2847 ait:
2751 2791 2925 2846 Beati
2950 2790 3053 2862 qui
3077 2789 3548 2859 persecutionem
3581 2787 3865 2858 patiuntur

2233 2889 2500 2947 tantum;
2545 2883 2650 2936 sed
2682 2880 2933 2948 addidit,
2961 2885 3205 2950 propter
3220 2878 3531 2949 justitiam
3559 2876 3783 2950 (Matth.
3818 2890 3863 2937 v,

2239 2972 2340 3040 l0).
2365 2971 2422 3027 Si
2437 2970 2821 3041 ergojustitia
2840 2976 2928 3024 est
2947 2985 3130 3039 quam
3151 2969 3377 3039 operati
3414 2968 3561 3023 estis
3586 2967 3644 3022 in
3662 2966 3751 3020 illa
3769 2963 3865 3018 dis-

2233 3061 2530 3129 sensione,
2583 3059 2643 3114 in
2673 3075 2796 3130 qua
2837 3059 3013 3113 etiam
3038 3058 3422 3129 permanetis,
3451 3056 3772 3112 secundum
3805 3068 3862 3108 ea

2231 3165 2367 3221 quas
2386 3164 2568 3220 supra
2581 3148 2721 3212 dixi,
2758 3163 2930 3202 nosse
2945 3148 3054 3202 abs
3078 3154 3130 3201 te
3149 3146 3346 3217 cupio.
3366 3148 3425 3202 Si
3452 3153 3651 3202 autem
3666 3143 3860 3214 iniqui-

2233 3245 2322 3293 tas
2356 3238 2664 3292 estorbem
2688 3236 3079 3291 christianum
3098 3235 3388 3290 damnare
3413 3234 3764 3296 inauditum,
3787 3227 3863 3283 vel

2231 3328 2374 3398 quia
2402 3341 2520 3380 non
2547 3326 2774 3380 audivit
2804 3340 2939 3396 quas
2963 3340 3066 3378 vos
3099 3324 3373 3392 audistis,
3402 3324 3493 3378 vel
3516 3324 3659 3394 quia
3684 3334 3794 3376 non
3823 3318 3862 3372 ei

2231 3416 2551 3487 probatum
2566 3420 2656 3469 est
2680 3415 2843 3486 quod
2863 3419 3077 3488 temere
3093 3412 3459 3480 credidistis,
3475 3413 3714 3468 autsine
3728 3414 3863 3464 certo

2231 3505 2591 3559 documento
2619 3507 2965 3566 accusastis,
2994 3508 3050 3556 et
3075 3501 3210 3557 ideo
3240 3503 3614 3574 rebaptizare
3642 3499 3779 3555 velle
3802 3501 3867 3551 tot

2235 3594 2521 3649 Ecclesias
2559 3593 2747 3664 ipsius
2782 3592 3036 3660 Domini,
3086 3609 3224 3646 cum
3259 3593 3352 3646 hic
3389 3592 3596 3647 adhuc
3626 3596 3776 3645 esset
3817 3587 3864 3640 in

2230 3699 2427 3746 carne,
2452 3688 2503 3736 et
2531 3681 2946 3753 Apostolorum
2975 3683 3106 3751 ejus
3138 3682 3572 3751 praedicatione
3605 3696 3673 3735 ac
3689 3678 3868 3734 labore

2231 3771 2538 3827 fundatas:
2556 3773 2699 3842 quia
2719 3772 2892 3825 vobis
2905 3770 3055 3834 licet,
3081 3778 3184 3825 aut
3200 3770 3426 3825 nescire
3442 3771 3621 3826 Afros
3636 3769 3869 3835 collegas

2231 3868 2457 3918 vestros
2501 3862 2691 3916 malos
2723 3860 2898 3914 simul
2950 3863 3237 3923 viventes,
3285 3860 3466 3915 simul
3501 3860 3871 3916 Sacramenta

2235 3957 2587 4015 tractantes;
2621 3956 2724 4004 aut
2755 3949 2933 4004 etiam
2967 3949 3140 4011 scire,
3177 3951 3280 4003 sed
3318 3949 3602 4013 tolerare,
3647 3964 3719 4002 ne
3751 3959 3871 4015 pars

2232 4040 2438 4094 Donati
2469 4039 2802 4107 dividatur;
2833 4038 2942 4092 illis
2977 4044 3175 4092 autem
3205 4038 3264 4092 in
3298 4038 3444 4094 orbe
3488 4035 3873 4092 remotissimo

2231 4128 2583 4192 constitutis,
2611 4143 2727 4181 non
2753 4128 2888 4181 licet
2914 4127 3139 4181 nescire
3167 4127 3332 4197 quod
3370 4144 3478 4182 vos
3509 4127 3588 4182 de
3617 4125 3766 4180 Afris
3789 4125 3876 4176 aut

2232 4218 2419 4272 nostis
2451 4224 2554 4272 aut
2583 4216 2836 4282 creditis,
2868 4223 2969 4270 aut
2996 4215 3264 4280 audistis,
3291 4221 3395 4271 aut
3433 4217 3716 4286 ﬁngitis?
3751 4213 3875 4278 Quae

2232 4314 2396 4362 tanta
2420 4311 2505 4362 est
2539 4306 2892 4376 perversitas
2924 4304 3202 4375 amplecti
3224 4321 3396 4359 suam
3416 4305 3878 4378 iniquitatem,et

2231 4401 2593 4467 potestatum
2627 4409 2907 4449 accusare
2935 4394 3310 4448 severitatem
3338 4395 3366 4448 ‘i

2300 4489 2353 4540 8.
2380 4490 2446 4539 At
2475 4486 2636 4538 enim
2657 4483 2920 4538 etmalos
2934 4483 3281 4538 Christianis
3295 4499 3416 4537 non
3435 4483 3584 4538 licet.
3601 4478 3878 4554 persequi.

2231 4574 2388 4638 Esto,
2420 4589 2538 4627 non
2575 4572 2743 4627 liceat
2768 4571 2902 4636 ;sed
2934 4572 3231 4642 numquid
3258 4572 3372 4627 hoc
3391 4565 3877 4642 potestatibusad

2230 4664 2551 4732 hocipsum
2568 4661 2856 4716 ordinatis
2877 4659 2967 4715 fas
2993 4668 3078 4715 est
3101 4660 3405 4730 objicere?
3419 4662 3514 4716 An
3534 4658 3882 4732 Apostolunl

2229 4752 2568 4807 delebimus
2599 4751 2626 4803 ‘I
2654 4757 2756 4805 aut
2788 4765 2908 4804 non
2941 4750 3164 4805 habent
3225 4749 3467 4804 codices
3537 4750 3716 4805 vestri
3764 4757 3883 4818 quas

2232 4841 2413 4913 paulo
2443 4848 2580 4896 ante
2610 4841 3080 4895 commemoravi
3111 4838 3141 4890 ?
3173 4839 3288 4894 Sed
3323 4840 3741 4911 vos,inquies,
3775 4833 3888 4890 tali-

2231 4932 2345 4986 bus
2374 4932 2821 4985 communicare
2853 4944 2971 4983 non
2996 4929 3252 4985 debetis.
3303 4929 3461 4993 Quid
3520 4943 3671 4998 ergo
3706 4929 3734 4984 Ῡ
3791 4927 3887 4977 V08

2235 5021 2514 5077 Flaviano
2541 5018 2851 5091 quondam
2880 5017 3122 5081 vicario,
3175 5017 3362 5088 partis
3392 5027 3614 5074 vestrm
3647 5012 3889 5077 homini,

2232 5111 2374 5182 quia
2431 5110 2662 5176 legibus
2712 5108 2990 5172 serviens,
3039 5113 3322 5161 nocentes
3377 5123 3539 5178 quos
3591 5107 3891 5161 invenerat

2234 5199 2561 5262 occidebat,
2575 5214 2690 5252 non
2705 5196 3233 5252 communicastis?
3250 5197 3361 5253 Sed
3377 5212 3411 5251 a
3426 5192 3889 5267 vobis,inquies,

2237 5289 2485 5342 Romani
2519 5286 2816 5357 principes
2845 5285 3166 5339 adversum
3187 5301 3298 5339 nos
3317 5290 3758 5354 provocantur.
3777 5283 3890 5335 lmo

2237 5393 2272 5433 a
2305 5378 2467 5432 vobis
2507 5377 2823 5431 adversum
2855 5391 2960 5430 vos
2989 5375 3170 5446 ipsos,
3202 5376 3304 5446 qui
3341 5374 3698 5437 Ecclesiam,
3731 5374 3891 5440 cujus

2235 5467 2373 5532 illic,
2405 5469 2554 5521 sicut
2585 5471 2749 5521 tanto
2775 5472 2910 5521 ante
2940 5466 3414 5536 prmdictumest,
3447 5464 3588 5532 jam
3624 5461 3895 5518 membra

2239 5562 2375 5610 sunt
2403 5555 2499 5626 (de
2532 5557 2760 5612 Christo
2791 5556 2951 5612 enim
2989 5555 3220 5610 dictum
3257 5559 3370 5621 est,
3425 5552 3505 5608 Et
3571 5552 3892 5610 adorabun
