3996 6158
148 164 217 254 id
1321 174 1712 253 summa

1862 188 2155 259 CLASSIS
2196 198 2267 262 Il.

142 310 239 378 eum
265 332 435 375 omnes
464 330 627 389 reges
663 320 837 375 (me
886 317 1262 390 (Psal.r.xx1,
1293 318 1404 391 it),
1439 323 1494 376 et
1517 320 1733 392 praeci-

140 412 265 465 sione
290 408 497 463 laniare
535 406 668 462 ausi
699 407 862 473 estis,
882 414 937 461 et
959 406 1329 478 rebaptizare
1350 409 1733 480 pertinaciter

136 496 339 555 audetis.
368 496 551 553 Nostri
582 502 781 553 autem
815 496 1107 552 adversus
1134 496 1366 553 illicitas
1390 503 1446 554 et
1466 499 1729 571 privatas

134 593 416 643 vestrorum
444 584 773 652 violentias,
799 602 952 659 quas
966 591 1022 642 et
1052 602 1158 641 vos
1187 585 1292 653 ibi,
1313 588 1416 658 qui
1440 588 1579 644 talia
1606 605 1726 645 non

131 676 299 742 facitis,
329 674 531 731 doletis
560 680 617 731 et
642 675 896 748 gemitis,
929 692 965 731 a
994 676 1389 747 potestatibus
1434 677 1725 734 ordinatis

127 764 387 822 tuitionem
420 769 646 836 petunt,
680 780 798 819 non
819 780 944 836 qua
969 780 1074 820 vos
1101 769 1560 837 persequantur,
1619 766 1722 823 sed

124 870 220 927 qua
245 870 298 909 se
316 853 635 909 defendant
666 872 679 922 ;
709 852 1187 923 sicutapostolus
1201 853 1418 911 Paulus
1433 854 1725 911 adversus

122 942 321 999 Iudaeos
364 942 746 1014 conjurantes
788 948 849 998 ut
888 959 1026 999 eum
1063 948 1346 1000 necarent
1376 944 1530 1015 (Act.
1562 961 1721 1013 xxm,

122 1033 209 1103 21),
233 1036 540 1103 antequam
558 1036 712 1088 esset
740 1034 1080 1088 Romanum
1111 1032 1431 1103 imperium
1458 1032 1725 1091 christia-

120 1136 253 1187 num,
282 1121 391 1191 egit
415 1127 478 1176 ut
507 1120 622 1176 sibi
664 1119 833 1176 tuitio
860 1121 1041 1177 etiam
1069 1125 1442 1177 armatorum
1457 1122 1718 1177 daretur.

122 1210 211 1267 Sed
236 1209 308 1265 illi
330 1209 626 1282 principes
651 1208 920 1281 qualibet
948 1209 1265 1266 occasione
1294 1217 1723 1282 cognoscentes

118 1299 289 1354 vestris
313 1298 645 1354 schismatis
676 1298 863 1363 nefas,
898 1298 1265 1354 constituunt
1295 1298 1585 1354 adversus
1612 1315 1722 1355 vos

116 1402 200 1457 pro
226 1403 324 1443 sua
376 1386 779 1443 sollicitudine
832 1402 902 1443 ac
934 1390 1231 1458 potestate
1271 1386 1437 1458 quod
1496 1386 1717 1443 volunt.

116 1476 213 1530 Non
248 1474 394 1530 enim
412 1474 633 1530 frustra
663 1474 934 1545 gladium
975 1479 1215 1546 portant
1251 1491 1265 1540 ;
1301 1475 1397 1531 Dei
1431 1476 1591 1531 enim
1616 1475 1721 1531 mi-

113 1562 243 1618 nistri
266 1568 416 1628 sunt,
434 1562 703 1619 vindices
728 1564 787 1618 in
816 1563 968 1619 iram
995 1564 1056 1618 in
1082 1578 1188 1619 eos
1202 1563 1305 1635 qui
1325 1565 1482 1620 male
1510 1569 1717 1634 agunt.

113 1654 365 1707 Postremo
403 1652 586 1708 etiam
611 1651 663 1707 si
692 1651 885 1724 aliquit
906 1658 1249 1708 nostrorum
1283 1668 1405 1709 non
1437 1652 1717 1708 christia-

112 1757 175 1795 na
202 1740 599 1798 moderatione
621 1742 736 1798 ista
758 1742 1002 1805 faciunt,
1037 1740 1313 1813 displicet
1345 1741 1521 1798 nobis
1568 1759 1581 1809 ;
1615 1740 1721 1797 sed

110 1834 268 1885 tamen
299 1844 414 1886 non
447 1836 695 1902 propter
732 1845 837 1886 eos
896 1829 1297 1903 relinquimus
1353 1830 1718 1886 catholicam

111 1917 407 1986 Ecclesiam,
439 1921 489 1974 si
519 1936 653 1975 eam
694 1922 831 1975 ante
875 1918 1151 1975 ultimum
1185 1925 1420 1991 tempus
1471 1919 1722 1975 ventila-

111 2005 249 2063 tionis
271 2025 303 2063 a
330 2007 508 2079 palea
537 2022 797 2078 purgare
839 2022 958 2062 non
992 2023 1338 2079 possumus,
1391 2008 1639 2080 quando
1666 2011 1723 2064 et

108 2108 189 2151 vos
210 2103 437 2169 propter
465 2097 777 2167 Optatum,
807 2112 946 2152 cum
984 2112 1123 2151 eum
1158 2095 1374 2168 pellere
1404 2112 1523 2152 non
1539 2094 1720 2153 aude-

108 2184 245 2249 batis,
276 2190 508 2257 partem
539 2184 749 2241 Donati
783 2200 904 2240 non
934 2184 1278 2257 reliquistis.

160 2274 207 2327 9-
228 2280 289 2330 At
313 2274 471 2331 enim
486 2273 684 2331 dicitis
702 2289 715 2327 :
730 2275 922 2339 Quare
936 2288 1046 2329 nos
1068 2272 1309 2345 adjungi
1326 2273 1497 2329 vobis
1517 2274 1716 2340 vultis,

106 2360 144 2415 si
159 2362 398 2427 scelerati
412 2360 671 2418 sumus?
691 2363 841 2429 Quia
864 2362 1056 2418 vivitis
1069 2362 1290 2427 adhuc,
1307 2366 1363 2418 et
1384 2362 1599 2434 corrigi
1615 2379 1721 2435 po-

106 2450 525 2513 testissivelitis.
551 2454 701 2508 Cum
730 2452 893 2508 enim
916 2451 1089 2507 nobis
1123 2452 1584 2523 conjungimini,
1603 2453 1719 2509 hoc

105 2546 172 2594 est
193 2541 446 2597 Ecclesia
478 2540 605 2607 Dei,
620 2540 947 2605 hmreditati
969 2539 1206 2607 Christi,
1231 2541 1406 2613 cujus
1424 2542 1720 2610 possessio

106 2630 445 2685 sunttermini
463 2636 658 2694 terrm,
686 2644 796 2691 vos
811 2629 1179 2699 corrigimini
1196 2629 1328 2683 utin
1349 2628 1546 2685 radice
1564 2630 1721 2687 viva-

106 2715 176 2770 tis.
194 2716 263 2773 De
285 2719 468 2774 ramis
497 2718 659 2773 enim
676 2716 887 2777 fractis
910 2716 992 2773 sic
1015 2719 1096 2773 ait
1119 2717 1436 2790 Apostolus
1462 2735 1474 2774 :
1504 2719 1719 2775 Potens

106 2811 165 2859 est
182 2808 315 2861 enim
353 2808 520 2863 Deus
546 2806 764 2862 iterum
785 2805 1043 2865 inserere.
1071 2807 1210 2863 illos
1249 2805 1440 2878 (Rom.
1482 2823 1563 2872 χι,
1592 2807 1709 2878 23).

106 2889 193 2947 Vos
214 2908 343 2963 ergo
369 2895 691 2950 mutamini
722 2909 793 2949 ex
823 2909 894 2950 ea
908 2900 1209 2967 partequa
1235 2894 1715 2963 dissentiebatis;

103 2982 335 3051 quamvis
363 2985 756 3041 Sacramenta
786 2998 922 3054 quae
954 2983 1295 3052 habebatis.
1332 2999 1470 3040 cum
1502 2984 1715 3041 eadem

106 3069 191 3126 sint
212 3071 264 3126 in
283 3073 595 3139 omnibus,
621 3076 829 3128 sancta
858 3072 999 3127 sint.
1037 3074 1412 3144 Quapropter
1443 3088 1548 3127 vos
1579 3088 1717 3130 mu-

100 3159 179 3213 tari
198 3160 464 3217 volumus
490 3176 530 3216 a
560 3160 965 3232 perversitate,
994 3160 1053 3215 id
1076 3166 1181 3227 est,
1216 3166 1277 3216 ut
1303 3160 1503 3223 denuo
1552 3160 1713 3217 radi-

98 3254 228 3304 cetur
252 3257 441 3306 vestra
473 3250 777 3322 praecisio.
810 3252 959 3305 Nam
994 3252 1381 3305 Sacramenta
1414 3266 1553 3321 quin
1591 3266 1711 3311 non

100 3339 352 3404 mutastis,
384 3339 543 3396 sicut
563 3338 820 3404 habetis,
850 3339 1266 3410 approbantur
1302 3355 1337 3394 a
1368 3338 1544 3394 nobis
1589 3356 1605 3406 ;
1640 3355 1713 3405 ne

98 3424 213 3482 forte
237 3445 364 3484 cum
397 3434 664 3485 vestram
696 3428 1047 3499 pravitatem
1076 3429 1367 3498 corrigere
1409 3428 1708 3500 volumus,

98 3512 182 3571 illis
195 3519 466 3589 mysteriis
481 3517 722 3584 Christi,
737 3533 873 3590 quae
888 3517 946 3573 in
967 3523 1160 3573 vestra
1175 3518 1464 3589 pravitate
1496 3518 1710 3590 depra-

99 3611 202 3661 vata
254 3623 366 3663 non
425 3612 592 3673 sunt,
634 3606 990 3678 sacrilegam
1049 3605 1342 3662 faciamus
1394 3607 1706 3678 injuriam.

97 3694 255 3767 Neque
279 3698 434 3753 enim
453 3704 512 3753 et
530 3695 671 3753 Saul
698 3696 1131 3768 depravaverat
1161 3697 1505 3754 unctionem
1520 3713 1704 3769 quam

95 3794 358 3856 acceperat
388 3789 515 3852 ;cui
534 3784 802 3841 unctioni
819 3790 1048 3841 tantum
1068 3785 1364 3842 honorem
1388 3802 1489 3841 rex
1524 3786 1707 3842 David

96 3870 200 3941 pius
227 3876 314 3931 Dei
345 3892 559 3932 servus
590 3874 881 3930 exhibuit.
936 3877 1250 3947 Propterea
1277 3891 1419 3946 ergo
1453 3891 1554 3931 vos
1586 3892 1705 3932 non

95 3961 513 4034 rebaptizamus,
530 3963 678 4035 quia
699 3963 962 4019 radicem
978 3963 1149 4018 vobis
1162 3963 1411 4019 reddere
1428 3965 1563 4036 cupi
1574 3980 1707 4020 mus

96 4046 306 4108 formam
323 4059 526 4110 tamen
543 4052 773 4123 praecisi
787 4051 1095 4118 sarmenti,
1122 4052 1171 4107 si
1196 4068 1316 4108 non
1343 4058 1571 4109 mutata
1597 4058 1704 4119 est,

95 4143 463 4210 approbamus
486 4157 661 4213 :quaa
694 4146 894 4196 tamen
924 4142 1203 4212 quamvis
1239 4142 1491 4211 integra,
1541 4141 1707 4198 nullo

95 4228 241 4285 modo
259 4238 361 4297 est,
402 4231 535 4286 sine
583 4228 776 4285 radice
818 4229 1290 4286 fructuosa.Alia
1334 4230 1587 4302 qumstio
1618 4236 1709 4287 est

92 4314 148 4371 de
173 4319 697 4388 persecutionibus,
729 4334 877 4391 quas
907 4335 1014 4374 vos
1049 4319 1242 4375 dicitis
1277 4320 1398 4389 pati
1431 4318 1491 4373 in
1544 4325 1709 4375 tanta

94 4408 515 4464 mansuetudine
546 4413 605 4463 et
631 4406 869 4463 lenitate
894 4412 1255 4473 nostrorum,
1283 4424 1421 4462 cum
1443 4423 1573 4463 vere
1600 4408 1709 4463 illi-

92 4494 177 4549 cite
196 4514 260 4553 ac
283 4498 567 4570 privatim
625 4497 799 4553 vestri
857 4497 1077 4553 faciant
1126 4497 1405 4567 graviora
1436 4515 1450 4567 ;
1486 4497 1601 4553 alia
1634 4498 1707 4554 de

91 4580 434 4657 Baptismate,
466 4586 636 4658 quod
674 4600 794 4641 non
824 4585 1152 4657 qumrimus
1185 4586 1285 4641 ubi
1326 4586 1419 4651 sit,
1475 4587 1579 4641 sed
1614 4586 1707 4642 ubi

90 4674 260 4739 prosit.
290 4678 437 4732 Nam
470 4675 840 4745 ubicumque
865 4680 972 4743 est,
1022 4674 1221 4745 ipsum
1258 4680 1349 4731 est
1396 4694 1409 4743 ;
1443 4676 1545 4731 sed
1588 4692 1708 4732 non

90 4760 331 4821 etiamille
343 4765 448 4837 qui
462 4764 580 4819 hoc
594 4762 1204 4835 accipit,ubicumque
1223 4763 1462 4835 est,ipse
1476 4770 1583 4820 est.
1602 4765 1709 4819 Ita-

88 4863 179 4919 que
192 4852 479 4923 privatam
505 4852 819 4908 hominum
842 4851 1211 4925 impietatem
1235 4852 1610 4909 detestamur
1647 4854 1708 4908 in

91 4938 401 5009 schismate;
422 4941 794 5013 baptismum
822 4958 963 4997 vero
979 4941 1190 4997 Christi
1218 4942 1440 5014 ubique
1468 4958 1711 4997 venera-

90 5041 197 5083 mur
222 5045 234 5082 :
264 5032 406 5104 quia
437 5030 489 5086 si
529 5030 863 5086 desertores
893 5047 1096 5086 secum
1128 5030 1509 5103 Imperatoris
1538 5030 1711 5101 signa

89 5117 506 5183 traducant,illis
523 5118 611 5174 vel
624 5119 1011 5176 damnatione
1028 5119 1363 5191 punitis,vel
1400 5120 1713 5190 indulgen-

91 5201 445 5275 tiacorrectis,
466 5208 635 5264 salva
650 5210 819 5282 signa
833 5209 1216 5281 recipiuntur,
1235 5209 1279 5263 si
1300 5208 1465 5264 salva
1481 5224 1716 5265 manse-

91 5302 221 5349 runt.
246 5300 381 5353 Etsi
423 5298 573 5371 quid
605 5298 681 5353 de
712 5298 819 5354 hac
854 5314 915 5354 re
954 5298 1296 5366 diligentius
1316 5298 1713 5369 qumrendum

90 5387 182 5450 est,
208 5385 315 5443 alia
334 5395 445 5455 est,
482 5394 545 5442 ut
569 5387 713 5455 dixi,
765 5386 1038 5460 quaestio.
1060 5388 1180 5442 Hoc
1203 5387 1363 5442 enim
1388 5387 1716 5443 observan-

90 5470 211 5527 dum
224 5483 303 5530 est
316 5476 372 5531 in
390 5476 487 5531 his
505 5476 703 5542 rebus,
725 5476 889 5548 quod
913 5475 1192 5531 observat
1215 5476 1478 5531 Ecclesia
1515 5475 1637 5531 Dei.

147 5563 223 5615 to.
248 5565 541 5629 Qumritur
568 5571 764 5621 autem
797 5569 998 5621 utrum
1040 5571 1257 5631 vestra,
1303 5580 1382 5622 an
1413 5571 1615 5623 nostra
1638 5564 1717 5621 sit

3380 182 3489 279 302"

1840 325 2531 398 EcclesiaDeiQumritur
2543 340 2741 395 autem
2758 343 2957 398 utrum
2970 350 3271 413 vestra,an
3286 351 3490 405 nostra

1839 414 1910 469 sit
1935 416 2190 505 Ecclesia
2218 419 2337 476 Dei.
2357 424 2731 498 QuaprOpter
2753 428 2897 485 illud
2922 435 3315 505 quaerendum
3337 442 3428 492 est
3452 453 3490 494 a

1838 504 2050 596 capite,
2067 523 2171 563 cur
2187 510 2448 569 schisma
2466 513 2739 572 feceritis.
2758 519 2946 576 Sinon
2969 524 3361 595 rescripseris,
3378 541 3488 596 ego

1836 595 1999 663 apud
2012 596 2521 672 Deum,quantum
2539 605 2737 676 credo,
2752 606 2987 665 facilem
3001 627 3245 668 causam
3260 595 3487 680 habeo;

1835 682 1977 753 quia
2010 686 2157 752 viro,
2178 704 2358 760 quem
2381 691 2601 759 audivi,
2622 702 2868 768 excepto
2891 699 3228 766 schismate,
3253 703 3484 759 bonum

1835 774 1889 825 et
1919 770 2237 831 liberaliter
2264 778 2641 847 instructum,
2673 785 3055 855 paciﬁcantes
3086 790 3307 846 litteras
3333 792 3486 847 misi.

1833 860 1916 914 Tu
1931 861 2146 919 videris
2163 867 2309 938 quid
2329 868 2911 946 illirespondeas,cuj
2924 893 2990 931 us
3011 894 3169 933 nunc
3185 879 3492 937 laudanda

1834 949 2205 1019 patientia,in
2219 955 2338 1012 ﬁne
2355 974 2497 1015 vero
2517 961 2779 1018 timenda
2793 966 3082 1021 sententia
3094 973 3199 1022 est.
3218 968 3274 1022 Si
3291 974 3493 1026 autem

1832 1040 2205 1129 rescripseris
2235 1062 2307 1102 ea
2326 1064 2628 1121 cura,qua
2656 1051 2753 1107 tibi
2781 1054 3066 1126 scriptum
3092 1056 3278 1123 vides,
3305 1060 3498 1129 aderit

1832 1128 2241 1218 misericordia
2278 1137 2394 1200 Dei.
2427 1144 2487 1194 ut
2524 1140 2854 1212 aliquando
2899 1160 3062 1200 error
3086 1146 3187 1218 qui
3220 1163 3329 1203 nos
3357 1128 3493 1204 diri;

1831 1216 1957 1285 mit,
1986 1226 2041 1275 et
2062 1236 2266 1277 amore
2290 1227 2451 1295 pacis
2473 1232 2528 1282 et
2551 1230 2779 1284 ratione
2806 1232 3063 1287 veritatis
3092 1216 3356 1291 intereat.
3381 1239 3490 1293 Me-

1832 1312 2033 1396 mento
2053 1312 2216 1380 quod
2240 1312 2315 1368 de
2336 1316 2767 1383 Rogatensibus
2789 1320 2805 1354 ¹
2828 1335 2948 1374 non
2966 1320 3238 1389 dixerim,
3253 1326 3358 1396 qui
3378 1342 3484 1381 vos

1834 1394 2161 1453 Firmianos
2183 1401 2487 1473 appellare
2509 1404 2969 1474 dicuntur,sicut
2989 1425 3100 1465 nos
3123 1394 3487 1471 Maca—rianos

1829 1485 2160 1555 appellatis.
2191 1492 2391 1561 Neque
2431 1496 2504 1548 de
2536 1495 2853 1550 Rucatensi
2897 1499 2919 1532 ³
2954 1499 3238 1571 episcopo
3270 1507 3483 1571 vestro,

1828 1574 2099 1644 quicum
2142 1575 2333 1634 Firmo
2375 1587 2584 1651 pactus
2624 1584 2972 1654 perhibetur
3013 1587 3483 1648 incolumitatem

1830 1677 2097 1729 suorum,
2134 1670 2193 1720 ut
2218 1666 2269 1723 ei
2303 1676 2487 1738 portas
2518 1672 2975 1742 aperirentur,et
3003 1676 3059 1730 in
3086 1678 3483 1734 vastationem

1829 1748 2115 1807 darentur
2153 1755 2453 1828 Catholici,
2487 1765 2541 1814 et
2591 1759 2706 1816 alia
2754 1762 3242 1823 innumerabilia.
3278 1768 3487 1824 Desine

1830 1854 1971 1909 ergo
1992 1841 2138 1898 locis
2158 1848 2583 1904 communibus
2598 1865 2962 1921 exaggerare
2977 1853 3131 1910 facta
3143 1855 3485 1925 hominum,

1828 1927 1921 1984 vel
1943 1932 2166 1998 audita,
2202 1933 2289 1989 vel
2319 1938 2573 2006 cognita.
2611 1938 2782 1994 Vides
2816 1940 2973 1996 enim
3002 1959 3138 2014 quae
3169 1943 3243 1999 de
3277 1948 3486 2001 vestris

1830 2021 2082 2089 taceam,
2107 2028 2170 2078 ut
2191 2023 2264 2078 de
2286 2025 2509 2097 origine
2529 2028 2887 2095 schismatis,
2914 2030 3012 2086 ubi
3036 2036 3159 2087 tota
3175 2049 3359 2091 causa
3379 2041 3486 2101 est,

1827 2121 1920 2161 res
1960 2114 2188 2178 agatur.
2232 2113 2516 2169 Dominus
2553 2119 2704 2171 Deus
2745 2117 2990 2189 inspiret
3036 2118 3137 2175 tibi
3184 2122 3488 2192 cogitatio-

1827 2210 1967 2251 nem
1999 2199 2333 2269 paciﬁcam,
2365 2202 2777 2260 desiderabilis
2805 2212 2859 2260 et
2903 2205 3111 2263 dilecte
3143 2209 3338 2265 frater.

2244 2292 2575 2348 EPISTOLA
2608 2297 2891 2351 LXXXVIII
2924 2297 2940 2312 '
2969 2299 3067 2367 (α).

1830 2373 2051 2432 Clerici
2064 2378 2469 2447 Hipponenses
2482 2382 2764 2439 catholici
2775 2385 2854 2439 ad
2873 2386 3485 2459 Januarium(b)epis-

1899 2480 2108 2535 copam
2141 2468 2521 2542 donastitam,
2549 2475 2996 2540 expostulantes
3027 2475 3099 2531 de
3126 2475 3485 2534 Circumcel-

1901 2555 2125 2612 lionum
2148 2558 2375 2615 saevitia
2395 2558 2456 2615 in
2466 2561 2823 2617 Catholicos.
2838 2563 3026 2618 Stilus
3040 2570 3120 2619 est
3136 2567 3482 2637 Augustini,

1899 2659 2244 2717 quanquam
2276 2650 2574 2705 communi
2610 2651 2961 2709 clericorum
2993 2654 3229 2711 nomine
3256 2656 3485 2726 scripta

1899 2739 1983 2789 est
2003 2735 2271 2804 epistola.

1824 2823 2094 2879 hamulo
2136 2824 2338 2881 Clerici
2384 2827 2658 2883 catholici
2699 2829 2960 2899 regionis
2990 2832 3491 2903 Hipponensium-

2487 2919 2823 2987 Regiorum.

1898 3001 1949 3055 1.
1972 3000 2172 3057 Clerici
2192 3008 2249 3058 et
2270 3003 2789 3061 Circumcelliones
2815 3009 2991 3064 vestri
3018 3010 3155 3065 novi
3179 3013 3411 3081 generis
3433 3019 3490 3069 et

1824 3089 2105 3147 inauditae
2132 3092 2499 3149 crudelitatis
2530 3097 2941 3167 persecutione
2974 3098 3034 3153 in
3068 3114 3178 3153 nos
3211 3102 3484 3158 smviunt.

1825 3179 1935 3246 Qui
1959 3178 2009 3235 si
2033 3183 2263 3237 malum
2292 3199 2398 3254 pro
2426 3183 2584 3239 malo
2610 3185 2945 3253 redderent,
2963 3188 3142 3243 etiam
3170 3188 3252 3244 sic
3276 3197 3485 3249 contra

1822 3268 2013 3340 legem
2038 3270 2297 3326 facerent
2320 3272 2552 3328 Christi.
2576 3276 2740 3329 Nunc
2760 3290 2919 3340 vero,
2945 3277 3337 3334 consideratis
3357 3295 3485 3335 om-

1823 3358 1999 3415 nibus
2042 3359 2212 3415 factis
2246 3362 2463 3417 nostris
2495 3367 2552 3419 et
2583 3364 2803 3431 vestris,
2848 3366 3187 3421 invenimur
3215 3366 3327 3422 hoc
3360 3368 3482 3439 pati

1818 3449 1983 3520 quod
1998 3450 2285 3521 scriptum
2299 3452 2837 3516 est,itetribuebant
2856 3456 3004 3511 mihi
3014 3457 3179 3512 mala
3193 3473 3301 3525 pro
3318 3457 3481 3514 bonis

1818 3540 2008 3618 (Psal.
2036 3556 2235 3601 xxxrv,
2279 3545 2400 3608 12);
2433 3547 2486 3597 et
2518 3541 2576 3596 in
2610 3542 2725 3598 alio
2756 3543 2989 3614 psalmo
3018 3561 3031 3599 :
3070 3544 3215 3601 Cum
3256 3546 3347 3602 his
3380 3548 3484 3619 qui

1817 3628 2070 3684 oderant
2092 3643 2319 3696 pacem,
2339 3645 2500 3686 eram
2522 3632 2842 3701 paciﬁcus;
2867 3648 2998 3688 cum
2975 3634 3312 3712 loquebar
3334 3636 3476 3703 illis,

1817 3716 2302 3774 debellabantme
2314 3718 2708 3790 gratis(Psal.
2727 3735 2853 3774 cxix
2867 3762 2880 3785 ,
2897 3714 2979 3789 7)(
2996 3722 3143 3777 Nam
3161 3739 3297 3777 cum
3315 3725 3394 3777 sis
3417 3726 3475 3780 in

1820 3812 1938 3861 tam
1964 3806 2176 3875 grandi
2203 3808 2562 3862 constitutus
2580 3812 2771 3873 aetate,
2796 3810 3158 3864 arbitramur
3178 3816 3229 3865 te
3252 3812 3476 3881 optime

1818 3911 1999 3951 nosse
2021 3895 2186 3966 quod
2208 3911 2346 3967 pars
2370 3896 2597 3959 Donati,
2615 3912 2750 3968 quae
2774 3898 2968 3968 primo
2993 3898 3155 3968 apud
3169 3898 3477 3969 Carthagi-

1816 4001 1956 4040 nem
1978 4001 2117 4058 pars
2149 3985 2416 4057 Majorini
2438 3986 2770 4053 dicebatur,
2792 3986 2941 4042 ultro
2965 3989 3274 4044 accusavit
3305 3990 3475 4045 Caeci-

1816 4074 2066 4139 lianum,
2095 4080 2236 4131 tunc
2274 4077 2629 4149 episcopum
2662 4076 2934 4133 Ecclesia!
2967 4076 3471 4147 Carthaginensis,

1819 4166 1981 4237 apud
2012 4163 2432 4236 imperatorem
2459 4166 2624 4222 illum
2652 4168 2967 4240 antiquum
2993 4169 3471 4224 Constantinum.

1819 4257 1930 4311 Sed
1959 4272 2032 4312 ne
2063 4256 2209 4313 forte
2240 4263 2343 4312 aut
2381 4256 2568 4312 oblita
2603 4256 2719 4312 hoc
2749 4258 2820 4312 sit
2850 4258 3107 4328 gravitas
3135 4263 3259 4321 tua,
3287 4264 3392 4314 aut
3423 4264 3476 4314 te

1880 4390 1894 4417 ¹
1931 4387 2062 4440 Lov.
2098 4387 2481 4436 Rucatensibus.
2518 4388 2616 4436 Sed
2645 4387 2837 4435 melius
2858 4386 2983 4436 Bad.
3012 4389 3128 4437 Am.
3160 4388 3243 4435 Er.
3272 4392 3323 4437 et
3344 4389 3471 4438 Mss.

1818 4464 2023 4509 omnes,
2033 4450 2471 4512 Rogatensibus,id
2487 4455 2567 4499 est
2579 4449 2931 4498 sectatoribus
2950 4448 3136 4512 Rogati
3150 4450 3336 4498 Carten
3346 4465 3475 4500 nen-

1818 4514 1890 4562 sis
1907 4514 1963 4560 in
1994 4511 2311 4562 Mauritania
2335 4513 2662 4567 Cmsariensi,
2687 4512 2762 4559 uti
2780 4511 3116 4575 rexqepisty93
3137 4512 3471 4575 intelligitur,

1818 4576 2051 4645 episc0pi
2069 4590 2079 4631 ;
2094 4575 2185 4638 qui
2202 4575 2330 4623 olim
2348 4588 2471 4623 cum
2484 4589 2515 4645 ει
2532 4574 2818 4622 Donatistis
2830 4573 3130 4630 defecisset,
3144 4573 3472 4626 multa'acer-

1818 4637 1886 4686 ba
1915 4637 1981 4686 ab
2010 4641 2141 4689 ipsis
2158 4650 2350 4689 passus
2375 4640 2472 4689 est.
2495 4640 2717 4689 iuvante
2748 4650 2933 4684 eorum
2960 4640 3137 4689 partes
3164 4638 3339 4687 Firmo
3370 4640 3472 4689 Tv-

1818 4649 1886 4686 Da
1915 4649 1981 4686 an
2010 4652 2141 4747 Ἐειε
2158 4650 2350 4700 passus
2375 4649 2472 4691 est.
2494 4649 2717 4699 iuvante
2748 4650 2933 4684 eorum
2960 4649 3137 4699 partes
3164 4649 3339 4687 ινιτωο
3370 4649 3473 4703 'l‘y-

1818 4712 1987 4762 ranno
2060 4699 2253 4748 ildonis
2282 4699 2461 4748 fratre.
2501 4699 2649 4762 Unde
2684 4698 3018 4762 Augustinus
3050 4700 3103 4748 in
3140 4700 3232 4750 lib.
3262 4703 3291 4749 2
3326 4706 3475 4757 cont.

1814 4761 1912 4810 litt.
1944 4762 2201 4816 Petiliani,
2228 4775 2271 4810 c.
2297 4763 2356 4811 83
2389 4776 2401 4809 :
2431 4778 2456 4807 α
2487 4761 2632 4820 Quis,
2650 4762 2739 4816 ait,
2765 4775 3187 4811 commemorare
3213 4763 3464 4817 sufﬁciat.

1817 4841 1842 4871 ι
1869 4824 2007 4874 bello
2029 4824 2427 4933 Firmianoquaa
2450 4837 2480 4873 a
2502 4824 2652 4872 vobis
2672 4824 2906 4886 Rogatus
2927 4825 3140 4873 Maurus
3159 4827 3379 4888 pertulit
3401 4828 3426 4873 ἢ
3446 4844 3470 4870 ι

1877 4890 1896 4921 ²
1929 4887 2012 4935 Sic
2043 4887 2165 4935 Lov.
2190 4887 2255 4934 At
2276 4886 2313 4935 E
2354 4886 2404 4933 d.
2428 4888 2758 4937 antiauiores
2781 4891 2834 4935 et
2851 4887 2976 4935 Mss.
3001 4891 3234 4937 Quatuor
3255 4888 3468 4937 habent.

1877 4902 1896 4921 ι
1929 4902 2012 4935 mc
2043 4902 2165 4935 ων.
2190 4902 2255 4934 At
2276 4902 2404 4935 non.
2428 4902 2758 4950 antiquiores
2781 4902 2834 4935 BI.
2851 4902 2976 4935 mss.
3001 4902 3234 4950 quatuor
3255 4902 3468 4942 nanent.

1819 4950 2168 5022 ﬂusicazensi.
2192 4949 2294 4999 Alii
2320 4954 2555 5012 quatuor
2580 4950 2758 5011 proba:
2778 4950 3275 5012 notaniuﬁcatensi.
3302 4950 3468 5003 Alius,

1821 5013 2187 5061 Rusicarsensi.

1880 5076 1899 5092 ⁴
1922 5075 2055 5123 Huic
2070 5073 2420 5123 emendandae
2435 5087 2592 5137 Opem
2609 5074 2963 5122 attulerunta.
2985 5073 3069 5134 bg.
3098 5073 3164 5137 bl.
3186 5086 3327 5137 ego.
3348 5071 3389 5137 ti'
3419 5086 3470 5135 ε.

1821 5152 1907 5201 gv.
1933 5152 1985 5185 n.
2007 5151 2054 5186 r.
2090 5151 2168 5185 vc.
2188 5136 2295 5201 duo
2318 5137 2397 5183 sb.
2429 5133 2534 5184 duo
2560 5141 2596 5182 t.
2622 5147 2853 5201 quatuor
2875 5150 2926 5183 ν.
2957 5133 3071 5181 Am.
3100 5134 3220 5201 Bad‘.
3241 5133 3322 5201 Er.
3349 5133 3472 5201 bov.

1882 5202 1954 5263 (a)
1980 5201 2121 5249 Alias
2165 5200 2223 5246 68
2261 5212 2433 5263 :rqum
2458 5202 2639 5247 autem
2680 5199 2739 5245 88
2786 5202 2914 5253 erat,
2948 5210 3091 5244 nunc
3132 5198 3237 5243 156.
3270 5198 3476 5259 Scripta

1823 5262 2381 5329 postiam-al.1406-
2456 5322 2466 5329 .
2761 5320 2833 5329 ..
2894 5320 2933 5329 -.
3242 5320 3251 5329 .

1885 5326 1957 5386 (b)
1990 5326 2113 5373 Erat
2140 5324 2225 5371 ille
2256 5322 2498 5372 Casensis
2528 5321 2801 5386 Nigrensis
2822 5320 2874 5367 in
2893 5320 3142 5386 Numidia
3171 5320 3473 5386 episcopus,

1823 5382 1978 5453 mtate
2002 5386 2249 5453 superior
2276 5390 2401 5453 tunc
2439 5384 2800 5453 temporisuet
2839 5382 3039 5453 primas
3088 5382 3261 5453 dictus
3314 5382 3477 5453 partis

1824 5451 2013 5498 Donati
2036 5445 2091 5497 in
2110 5447 2331 5497 l’ossidii
2358 5445 2616 5497 Indiculo.
2644 5458 2687 5492 c.
2718 5445 2860 5501 3,(|ui
2883 5446 2935 5508 in
2954 5446 3239 5508 Bagaitano
3258 5446 3474 5508 quidem

1822 5512 2046 5561 concilio
2075 5512 2202 5559 unni
2233 5512 2342 5565 394,
2372 5508 2678 5558 nominatur
2695 5508 2883 5570 quinto
2912 5507 3067 5556 loco:
3101 5511 3154 5556 at
3182 5509 3233 5556 iu
3263 5507 3477 5557 Cartha-

1823 5574 2032 5639 ginensi
2060 5574 2361 5629 collatione,
2379 5573 2503 5620 ante
2521 5569 2847 5621 Primianum
2863 5570 3155 5636 ipsummet
3170 5570 3463 5623 subscribit
