4040 6174
446 165 549 223 303

441 286 635 347 nosse
669 291 1029 358 dissimules,
1058 294 1159 348 aut
1211 289 1407 353 etiam,
1441 289 1607 363 quod
1637 305 1760 347 non
1790 298 2100 362 putamus,

441 379 691 437 forsitan
717 381 966 445 nescias,
993 379 1333 450 exemplum
1363 380 1665 435 relationis
1694 384 1829 436 tunc
1860 380 2102 435 Anulini

442 470 839 540 proconsulis,
866 485 1047 540 quem
1073 484 1212 540 pars
1238 467 1498 539 Majorini
1522 475 1662 523 tunc
1687 468 2099 539 interpellavit,

440 565 503 613 ut
527 575 598 613 ea
616 558 865 613 crimina
890 574 1026 629 quae
1053 557 1373 628 objicieliat
1405 557 1741 623 Caeciliano,
1769 559 1844 612 ad
1874 572 2101 612 memo-

439 653 634 702 ratum
672 646 1094 717 imperatorem
1127 647 1204 702 ab
1258 646 1471 702 eodem
1522 646 1878 717 proconsule
1916 647 2105 701 mitte-

440 740 663 799 rentur,
687 734 781 788 his
801 734 1021 790 nostris
1047 734 1249 790 litteris
1272 734 1615 789 inserimus.

466 820 543 877 Ἀ.
590 824 748 879 GGG.
790 826 929 879 NNN
979 824 1085 894 (a).
1154 826 1427 878 ANULINUS
1468 823 1557 879 VC
1598 823 1703 895 (b),
1746 822 2069 895 proconsul

901 921 908 928 '
1156 911 1386 966 Africae.

514 1000 569 1055 2.
609 1001 829 1071 Scripta
866 999 946 1071 (ο)
979 1002 1229 1057 coelestia
1284 1000 1581 1069 Majestatis
1637 1004 1832 1056 vestras
1884 1002 2105 1070 accepta

440 1094 604 1161 atque
632 1090 879 1154 adorata,
914 1090 1207 1144 Caeciliano
1235 1093 1287 1143 et
1318 1088 1400 1143 his
1431 1091 1533 1160 qui
1568 1090 1668 1144 sub
1699 1089 1879 1145 eodem
1910 1095 2099 1160 agunt,

442 1180 641 1250 quique
674 1178 861 1232 clerici
890 1178 1263 1248 appellantur,
1320 1178 1529 1233 devotio
1568 1194 1690 1232 mea
1719 1178 1865 1245 apud
1912 1180 2054 1232 Acta
2080 1178 2098 1213 ¹

437 1269 731 1339 parvitatis
761 1282 897 1322 mea
924 1268 1213 1321 insinuare
1245 1268 1487 1331 curavit,
1528 1267 1839 1337 eosdemque
1880 1267 2104 1322 hortata

439 1360 518 1413 est
543 1362 624 1423 ut,
654 1358 868 1410 unitate
892 1372 1152 1411 consensu
1184 1357 1431 1410 omnium
1459 1358 1631 1424 facta,
1658 1371 1781 1409 cum
1811 1357 1963 1409 omni
1992 1370 2103 1409 om-

436 1446 571 1500 nino
599 1460 827 1499 munere
846 1444 1198 1513 indulgentia
1216 1444 1517 1513 Majestatis
1539 1448 1734 1499 vestras
1755 1444 1980 1498 liberati
1994 1459 2101 1497 esse
2120 1487 2127 1495 κ

432 1534 742 1598 videantur,
786 1533 1069 1588 Catholica
1095 1532 1389 1596 custodita,
1418 1534 1715 1587 sanctitati
1749 1532 1879 1601 legis
1919 1531 2101 1585 debila

436 1624 747 1678 reverentia
782 1637 847 1675 ac
876 1623 895 1655 ²
944 1622 1148 1675 divinis
1181 1622 1337 1675 rebus
1384 1622 1708 1675 inserviant.
1759 1622 1948 1675 Verum
1982 1623 2100 1690 post

434 1727 633 1781 paucos
658 1711 769 1765 dies
807 1712 1137 1764 exstiterunt
1172 1709 1395 1780 quidam
1429 1709 1672 1763 adunata
1703 1725 1884 1764 secum
1912 1709 2099 1779 populi

436 1798 814 1862 multitudine,
843 1800 939 1869 qui
965 1798 1267 1853 Camillano
1309 1797 1792 1853 contradicendum
1814 1802 2095 1868 putarent,

436 1890 635 1959 quique
656 1887 979 1957 fasciculum
998 1888 1053 1940 in
1071 1887 1229 1940 aluta
1248 1891 1526 1956 signatum
1544 1891 1595 1941 et
1618 1887 1869 1942 libellum
1887 1887 2007 1940 sine
2023 1889 2099 1940 si-

435 1993 539 2046 gno
561 1977 875 2031 obtulerunt
903 1975 1172 2029 dicationi
1191 1990 1346 2039 meae,
1374 1982 1531 2046 atque
1559 1974 1836 2043 impendio
1856 1975 2099 2043 postula-

439 2070 592 2133 runt,
608 2068 668 2118 ut
680 2064 984 2119 adsacrum
1000 2067 1051 2117 et
1077 2064 1442 2118 venerabilem
1459 2065 1781 2118 comitatum
1796 2063 2053 2119 Numinis
2075 2066 2094 2097 ³

438 2156 601 2209 vestri
620 2154 935 2224 dirigerent,
960 2167 1083 2223 quae
1115 2156 1370 2207 manente
1398 2152 1692 2208 Caeciliano
1719 2154 1780 2207 in
1805 2157 1953 2207 statu
1976 2169 2092 2218 suo,

432 2242 688 2304 subiectis
700 2242 1011 2297 earumdem
1023 2245 1107 2295 act
1117 2243 1182 2304 is,
1197 2257 1301 2312 quo
1319 2246 1516 2296 cuncta
1530 2243 1777 2313 Majestas
1797 2247 1970 2297 vestra
1979 2259 2097 2313 pos-

432 2331 506 2386 sit
526 2331 858 2401 dignoscere,
880 2331 1123 2401 parvitas
1144 2347 1265 2384 mea
1285 2330 1521 2399 dirigere
1539 2332 1771 2385 curavit.
1800 2332 2098 2387 Transmisi

433 2422 642 2477 libellos
656 2422 687 2474 d
695 2437 808 2484 uos,
830 2438 900 2474 un
909 2438 1001 2474 um
1015 2423 1074 2474 in
1086 2420 1242 2474 aluta
1256 2423 1693 2491 suprascriptum
1708 2422 1729 2456 ⁴
1740 2424 1822 2475 ita
1836 2439 1856 2476 .·
1872 2444 1897 2470 ‹‹
1924 2422 2097 2477 Libel-

434 2511 515 2565 lus
537 2510 791 2565 Ecclesiae
817 2508 1119 2573 catholicae,
1149 2510 1447 2562 criminum.
1472 2509 1778 2575 Caeciliani,
1805 2510 2041 2565 traditus
2062 2529 2098 2567 a

426 2602 584 2670 parte
603 2598 861 2667 Majorini
872 2614 891 2660 ;
909 2618 931 2647 υ
952 2600 1085 2651 item
1099 2598 1275 2650 alium
1296 2599 1414 2651 sine
1431 2597 1617 2666 sigillo
1636 2598 2006 2653 cohaerentem
2019 2601 2093 2654 ei-

431 2686 555 2742 dem
583 2687 769 2741 alutae.
806 2686 1007 2739 Datum
1037 2686 1123 2740 die
1152 2685 1360 2740 decimo
1387 2688 1610 2757 septimo
1640 2687 1853 2741 calend.
1895 2690 2091 2754 maias,

433 2775 785 2844 Carthagine,
822 2775 1050 2830 Domino
1092 2778 1275 2829 nostro
1312 2772 1666 2829 Constantino
1704 2776 1943 2846 Augusto
1985 2781 2089 2832 ter-

435 2867 577 2922 tium
611 2867 732 2922 Cos.

506 2958 557 3010 3.
588 2953 725 3008 Post
751 2952 906 3008 hanc
935 2951 1290 3007 relationem
1318 2951 1396 3007 ad
1418 2967 1479 3007 se
1503 2952 1753 3008 missam
1777 2953 1956 3024 jussit
1979 2956 2097 3010 lm-

493 3076 738 3139 (a)Hasce
750 3078 906 3123 notas
920 3088 1025 3137 prae
1035 3074 1212 3123 terunt
1224 3074 1913 3139 Msseasqueﬁervasianus
1925 3076 2094 3127 codex

433 3137 509 3190 ad
532 3138 1249 3200 margineminterpretatur,
1274 3138 1314 3184 Α
1328 3143 1505 3199 ugusto
1525 3137 1884 3200 Constantino.
1902 3139 1996 3187 Cui
2018 3141 2095 3188 in-

433 3152 500 3190 aa
532 3152 833 3200 marginem
851 3152 987 3185 inter
1028 3152 1249 3195 retarur,
1274 3152 1505 3199 augusto
1525 3152 1996 3187 uonstanuno.uu1
2018 3154 2093 3188 m-

431 3203 803 3266 terpretationi
830 3152 1068 3266 favet
1103 3198 1159 3266 _C.
1186 3200 1445 3266 Henricus
1480 3199 1738 3266 Valesius,
1769 3200 1873 3266 hac
1907 3202 2093 3251 eadem

432 3261 689 3315 relatione
711 3263 853 3311 edita
868 3276 992 3310 cum
1025 3261 1332 3323 hujusmodi
1355 3262 1716 3324 inscriptione,
1752 3263 2095 3313 Constantino

432 3329 659 3379 Maximo
692 3326 917 3387 Augusto
945 3324 1328 3387 Anulinus,otc.
1346 3325 1418 3387 At
1439 3326 1492 3371 in
1520 3325 2093 3387 Carthaginensicolla-

432 3391 577 3439 tione
623 3390 669 3443 3,
718 3386 785 3437 n.’
823 3388 913 3433 216
945 3386 1268 3440 inscribitur,
1318 3386 1560 3447 Augustis
1608 3386 1799 3434 nostris
1839 3388 2093 3447 ;fortean

434 3450 774 3512 exscriptoris
796 3461 993 3512 errore.
1012 3448 1218 3510 Quippe
1237 3447 1586 3512 Constantino
1613 3451 1826 3497 tertium
1856 3452 2094 3506 consule,

434 3514 487 3561 id
514 3510 769 3581 est—anno
801 3510 1011 3581 Chri_sti_
1029 3510 1500 3581 3t3,nquo_relatio
1531 3510 1622 3581 illa
1651 3512 1849 3581 scripta
1873 3517 1971 3568 est,
1999 3514 2096 3561 im-

437 3575 953 3639 perabantuAugusti
984 3572 1109 3639 duo,
1146 3571 1541 3639 constantinus
1565 3577 1617 3639 et
1664 3571 1897 3623 Licinius
1934 3591 1946 3633 ;
1984 3589 2092 3625 non

439 3634 565 3692 tres,
602 3641 661 3685 ut
693 3636 755 3684 iis
790 3634 932 3685 notis
953 3635 1464 3697 subintelligendum
1498 3634 1781 3685 videretur.

496 3700 567 3763 (b)
604 3698 1242 3763 Εάὶῐὶηῃαηελρνοσοῃειιι.
1270 3698 1369 3763 Sed
1395 3697 1740 3763 meliusMss.
1774 3703 1825 3748 et
1856 3699 2096 3749 Valesius

439 3758 655 3825 habent.
665 3775 744 3817 vc,
764 3761 815 3809 id
842 3766 921 3809 est
927 3758 984 3823 ju
994 3765 1083 3825 xta
1095 3759 1474 3808 Gemeticensis
1486 3758 1683 3825 codicis
1709 3762 2098 3825 interpretatio-

440 3839 600 3895 nem._
613 3823 699 3895 Vir
710 3824 993 3895 consularis
1008 3823 1047 3885 :j
1059 3826 1351 3895 uxta‘exem
1364 3824 1512 3895 plum
1529 3823 1583 3871 in
1598 3823 1866 3895 Cartagin'.
1896 3825 2094 3895 collat.,

450 3887 543 3935 Vir
557 3888 912 3950 clarissimus;
935 3900 1058 3950 qua:
1079 3887 1340 3948 posterior
1366 3887 1733 3950 interpretatio
1755 3889 2098 3950 exscriptoris

444 3950 610 4014 errori
640 3948 1122 4014 tri_buenda.'Enim
1149 3961 1271 4014 vero
1299 3948 1585 4014 proconsul
1614 3948 2099 4014 scribenslmpera-

446 4014 546 4062 tori
581 4011 996 4073 haudquaquam
1022 4024 1076 4073 se
1114 4011 1287 4073 virum
1308 4010 1666 4073 clarissimum
1693 4011 1931 4060 dixisset.

511 4076 571 4133 (e)
596 4071 803 4135 Scripta
828 4071 939 4135 haec
950 4071 1111 4135 refert
1132 4072 1389 4135 Eusebius
1416 4073 1469 4119 in
1485 4074 1783 4122 Ecclesiast.
1802 4073 1986 4125 histor.
2005 4074 2097 4123 lib.

454 4136 531 4191 10,
559 4133 860 4196 c.7,quibus
879 4133 1426 4196 v'idelicetlmperator
1442 4135 1827 4184 vultclericos:
1845 4137 1911 4185 ab
1933 4138 2103 4185 omni-

454 4213 481 4243 ι
514 4197 613 4245 bus
626 4195 845 4244 omnino
864 4197 1088 4256 publicis
1104 4195 1468 4244 {unctionibus
1493 4197 1759 4245 immunes
1779 4200 2099 4255 conservari,

453 4276 479 4307 ι
510 4273 576 4307 ne
589 4272 769 4321 errore
783 4259 982 4321 aliquo,
996 4262 1229 4321 autcasu
1248 4258 1719 4321 sacrilego,acultu
1737 4261 2100 4310 summaadivi-

451 4338 477 4369 «
497 4322 662 4386 γοὶἲᾶιί
692 4319 1276 4386 debito‘abstrabantur
1304 4335 1315 4375 ;
1341 4319 1527 4386 sedj'ut
1556 4322 1737 4386 potius
1760 4322 1962 4386 absque
1994 4324 2101 4373 ulla

448 4400 474 4455 ς
493 4383 864 4455 inquietudine
876 4382 1109 4455 propriae
1123 4381 1603 4455 legideserviantf»
1618 4381 2101 4455 Verbasuntpons-

448 4445 659 4501 tantini,
699 4446 821 4494 huic
860 4445 1105 4494 relationi
1142 4445 1472 4495 illustrandae
1507 4448 1809 4497 necessario
1839 4448 2093 4503 adducta.

508 4512 522 4542 ί
561 4509 688 4557 Edd.
725 4509 998 4565 omittunt,
1031 4522 1142 4556 mea
1164 4508 1303 4569 apud
1326 4515 1454 4568 aeta,
1487 4524 1607 4572 qua:
1628 4509 1790 4559 verba
1822 4510 1924 4559 huc
1952 4525 2101 4561 revo-

448 4572 688 4621 cavimus
723 4585 786 4620 ex
821 4572 943 4619 Mss.

509 4637 527 4666 ³
550 4634 638 4681 Ed.
673 4634 872 4683 habent
893 4635 969 4683 sic
993 4648 1003 4681 2
1032 4633 1372 4694 Indulgentiae
1394 4635 1676 4696 majestatis
1700 4642 1878 4684 vestris
1895 4635 2102 4684 liberati

449 4710 550 4744 esse
578 4696 851 4744 videantur
871 4696 1121 4751 catholici,
1141 4696 1394 4759 custodita
1415 4698 1682 4745 sanctitate
1707 4698 1825 4759 tegis
1841 4698 2010 4747 debita
2025 4713 2103 4746 re-

448 4759 677 4806 verentia
719 4759 927 4813 divinis,
966 4762 1064 4807 etc.
1107 4758 1443 4807 Praetulimus
1473 4759 1697 4809 alteram
1728 4758 2007 4811 lectionem
2046 4762 2099 4810 in

358 4860 363 4863 .
448 4821 755 4885 quindecim
786 4821 908 4869 Mss.
927 4824 1224 4885 repertam:

508 4885 527 4915 ³
561 4883 712 4948 Etlth
734 4883 959 4948 nominis
984 4883 1160 4948 vestri.
1195 4882 1296 4931 Sed
1312 4883 1517 4948 ‘mclius
1552 4884 1672 4933 Mss.
1703 4885 1958 4948 quinque,
1981 4899 2101 4935 nec-

447 4960 555 4996 non
587 4946 827 4994 Valesius
858 4949 908 4994 et
925 4946 1230 5007 exemplum
1246 4944 1423 4994 collat.
1454 4948 1647 5000 Cartli.,
1675 4944 1903 4995 numinis
1925 4949 2095 4996 vestri.

508 5013 524 5041 ⁴
552 5009 673 5057 Bad.
707 5013 821 5056 Am.
848 5008 929 5057 Er.
964 5012 1016 5056 et
1036 5008 1157 5056 Lov.
1191 5022 1201 5054 :
1242 5008 1549 5061 Transmissi
1577 5010 1734 5057 libelli
1752 5010 1869 5064 duo,
1888 5025 2022 5057 unus
2044 5012 2099 5059 in

446 5073 591 5120 aluta
614 5072 945 5133 subscriptus,
963 5074 1084 5129 etc,
1105 5083 1266 5133 quem
1283 5070 1459 5119 locum
1479 5072 1544 5119 ad
1565 5073 1685 5119 Mss.
1711 5072 1888 5127 ﬁdem,
1905 5075 2097 5133 partim

444 5135 604 5183 etiam
635 5135 701 5183 ad
728 5133 1032 5196 exemplum
1068 5133 1245 5181 collat.
1280 5133 1523 5196 Carthag.
1543 5133 2096 5192 correximus.l’orro,

445 5197 671 5245 alterum
689 5197 946 5251 libellum,
962 5197 1051 5259 qui
1065 5196 1239 5257 sigillo
1255 5197 1489 5244 caruisse
1502 5198 1717 5252 dicitur,
1736 5198 1973 5245 Valesius
1988 5198 2100 5246 alii-

446 5272 549 5367 q'ue
565 5263 753 5330 putant
776 5275 889 5327 esse
906 5258 1143 5331 libellum
1166 5260 1480 5323 supplicat),
1496 5274 1656 5322 quem
1677 5260 1912 5322 episcopi
1931 5262 2097 5333 partis

499 5333 685 5367 morini
700 5322 763 5367 ad
784 5324 1189 5367 Constantinum
1215 5326 1490 5367 miserunt.
1518 5326 1755 5367 ualentes
1775 5326 1831 5367 ut
1846 5337 1909 5367 ex
1928 5323 2097 5367 Gallia

499 5321 685 5385 ajorini
700 5322 763 5369 ad
784 5323 1189 5385 Constantinum
1215 5321 1490 5376 miserunt,
1517 5321 1755 5385 petentes
1775 5326 1831 5370 ut
1846 5321 1909 5370 ex
1928 5321 2097 5372 Gallia

447 5382 960 5448 sibijudicesjdaret.
997 5386 1086 5447 qui
1105 5386 1246 5448 inter,
1262 5385 1406 5448 ipsos
1430 5397 1489 5432 ac
1509 5382 1847 5448 Caecilianum
1871 5385 2093 5448 ejusque

447 5400 764 5443 SIDIJUOICBS
790 5400 960 5437 daret.
997 5400 1086 5447 (μιι
1105 5400 1274 5431 Inter]
1319 5400 1406 5432 SOS
1430 5400 1489 5432 ἃς
1509 5400 1847 5433 υωοιιιᾶηυιι]
1871 5400 2092 5448 ejusque

445 5443 997 5518 colle‘gusjudicarcnt
1023 5460 1033 5493 :
1058 5448 1211 5509 cujus
1237 5400 1399 5518 ligelli
1426 5448 1732 5518 exemplum
1754 5447 1913 5518 refert
1938 5447 2092 5518 Opta-

444 5510 538 5574 t_us_
577 5507 629 5574 in
654 5508 754 5574 lib.
793 5509 1104 5574 l,_ejusque
1127 5507 1463 5574 intentionem
1504 5507 1629 5559 iacit
1675 5507 2007 5574 Augustinus
2037 5513 2091 5561 in

444 5566 612 5639 Epist.
643 5570 721 5625 43,
753 5583 815 5621 n.
846 5566 977 5619 l3'et
1008 5566 1084 5629 76,
1117 5585 1178 5621 n.
1210 5573 1257 5620 2.

1714 166 1779 222 S.
1804 162 2231 223 'AUGUSTINI-
2249 164 2583 222 EPISCOPI

3707 164 3811 224 3M

2209 296 2373 347 rator
2401 289 2607 347 venire
2635 292 2835 363 partes
2861 288 2938 345 ad
2959 285 3297 359 episcopale
3322 287 3597 360 judicium
3617 290 3671 349 in
3688 296 3817 354 urbe

2212 380 2400 435 Roma
2428 378 2802 443 faciendum;
2833 377 2935 432 ubi
2961 376 3473 448 quemadmodum
3494 394 3661 436 causa
3683 381 3818 440 dicta

2212 473 2392 540 atque
2422 468 2589 523 ﬁnita
2629 468 2721 532 sit,
2768 472 2825 522 et
2863 466 3214 523 Caecilianus
3255 463 3529 522 innocens
3551 468 3818 537 judicatus

2214 557 2307 621 sit,
2341 557 2610 612 indicant
2638 558 2815 613 Gesta
2864 554 3281 611 ecclesiastica.
3322 556 3445 609 lam
3491 556 3676 627 utique
3704 565 3820 630 post

2212 646 2530 717 paciﬁcum
2587 646 2972 701 moderamen
3014 643 3223 715 judicii
3263 643 3620 715 episcopalis,
3650 649 3821 703 omnis

2211 734 2610 791 contentionis
2632 734 3098 791 etanimositatis
3120 733 3441 806 pertinacia
3456 732 3696 790 debebat
3713 751 3819 791 exs-

2211 824 2421 895 tingui.
2451 824 2560 880 Sed
2602 839 2810 879 rursus
2840 823 3099 891 majores
3126 822 3304 877 vestri
3332 819 3409 876 ad
3438 820 3818 892 Imperatorem

2211 914 2535 979 redierunt,
2564 919 2622 968 et
2652 928 2773 967 non
2804 916 2958 967 recte
3000 910 3359 982 judicatum,
3394 925 3581 982 neque
3608 926 3821 967 omnem

2212 1017 2457 1058 causam
2508 1001 2778 1057 auditam
2828 1016 2956 1055 esse
3000 998 3310 1071 conquesti
3366 1002 3521 1053 sunt.
3562 998 3711 1055 Unde
3744 999 3823 1056 ille

2213 1091 2464 1147 alterum
2511 1090 2849 1162 episcopale
2884 1089 3179 1160 judicium
3218 1087 3379 1143 dedit
3416 1086 3739 1143 habendum
3773 1090 3823 1143 in

2212 1180 2536 1235 Arelatensi
2564 1179 2761 1236 Galliae
2790 1179 3045 1243 civitate,
3076 1177 3179 1233 ubi
3215 1176 3381 1232 multi
3403 1178 3595 1239 vestri,
3621 1192 3760 1233 vana
3779 1182 3827 1234 et

2211 1268 2511 1323 diabolica
2540 1268 2904 1323 dissensione
2938 1267 3253 1331 damnata,
3286 1281 3420 1320 cum
3461 1265 3750 1321 Caeciliano
3776 1266 3826 1321 in

2212 1359 2596 1413 concordiam
2642 1356 2943 1412 redierunt
2974 1377 2985 1419 ;
3033 1355 3132 1411 alii
3163 1370 3305 1410 vero
3332 1354 3757 1426 pertinacissimi
3782 1358 3829 1410 et

2211 1446 2619 1517 litigiosissimi
2652 1446 2723 1500 ed
2755 1446 3038 1501 eumdem
3062 1445 3484 1516 imperatorem
3512 1442 3828 1514 appellave-

2209 1540 2365 1590 runt.
2401 1538 2605 1590 Postea
2657 1540 2714 1589 et
2740 1535 2864 1607 ipse
2892 1539 3132 1590 coactus
3167 1531 3565 1605 episcopalem
3611 1546 3827 1586 causam

2210 1624 2360 1679 inter
2385 1628 2583 1695 partes
2609 1624 2909 1693 cognitam
2936 1622 3294 1687 terminavit,
3324 1627 3380 1676 et
3406 1621 3631 1693 primus
3649 1625 3829 1675 contra

2210 1719 2468 1768 vestram
2490 1718 2717 1785 partem
2745 1712 2936 1782 legem
2960 1712 3280 1777 constituit,
3300 1715 3361 1765 ut
3382 1710 3509 1766 loca
3534 1724 3827 1778 congrega-
3915 1730 3921 1739 -

2210 1803 2438 1857 tionum
2481 1809 2812 1858 vestrarum
2860 1801 3005 1857 ﬁsco
3056 1800 3547 1855 vindicarentur:
3596 1812 3829 1870 quarum

2206 1891 2481 1946 omnium
2511 1907 2710 1947 rerum
2742 1891 3110 1946 documenta
3153 1890 3201 1944 si
3250 1888 3535 1944 vellemus
3575 1886 3826 1950 inserere,

2206 1980 2456 2035 nimium
2515 1979 2727 2048 longas
2782 1979 3010 2035 litteras
3062 1977 3416 2034 faceremus.
3474 1976 3615 2031 Illud
3652 1980 3828 2030 tamen

2205 2069 2370 2124 nullo
2394 2069 2574 2124 modo
2596 2067 3165 2140 praetermittendum
3194 2071 3307 2131 est,
3330 2065 3633 2139 quomodo
3655 2062 3829 2119 Felicis

2207 2158 2628 2230 Aptungensis,
2661 2173 2843 2229 quem
2873 2156 3097 2212 fontem
3147 2157 3424 2211 omnium
3474 2154 3749 2209 malorum
3777 2152 3825 2207 in

2205 2247 2458 2304 concilio
2488 2246 2960 2319 Carthaginensi,
2987 2246 3066 2302 ab
3094 2245 3371 2301 Secundo
3400 2244 3705 2315 Tigisitano
3732 2241 3830 2315 pri-

2207 2342 2383 2403 mate,
2400 2343 2597 2409 patres
2613 2336 2789 2391 vestri
2809 2334 2991 2390 fuisse
3013 2335 3312 2398 dixerunt,
3331 2332 3670 2405 urgentibus
3689 2328 3829 2400 apud
3896 2356 3903 2361 ι

2206 2429 2628 2498 imperatorem
2642 2425 2873 2490 vestris,
2888 2425 3128 2497 publico
3146 2424 3375 2492 judicio
3397 2424 3831 2479 causadiscussa

2204 2522 2383 2588 atque
2415 2516 2580 2572 ﬁnita
2610 2515 2701 2571 sit.
2730 2517 2877 2570 Nam
2906 2518 3272 2569 memoratus
3306 2515 3628 2585 imperator
3654 2511 3709 2565 in
3735 2508 3830 2563 hac

2204 2604 2335 2678 ipsa
2361 2621 2545 2661 causa
2573 2609 2800 2660 vestrm
2828 2603 2991 2674 apud
3015 2618 3076 2657 se
3106 2607 3491 2658 accusatores
3513 2608 3566 2655 et
3586 2597 3829 2655 assiduos

2206 2694 2671 2765 interpellatores
2705 2693 2904 2748 litteris
2932 2692 3053 2747 suis
3088 2690 3270 2747 fuisse
3303 2694 3570 2752 testatur,
3600 2700 3830 2760 quarum

2204 2783 2545 2855 exemplum
2580 2782 2734 2838 intra
2765 2780 3141 2852 scripsimus.

2205 2875 2559 2945 Imperatores
2584 2873 2844 2937 Caesares,
2872 2872 3109 2926 FLAVIUS
3130 2870 3552 2925 Cossnurmus
3575 2869 3830 2929 Mutuus,

2273 2967 2326 3019 et
2376 2965 2649 3017 VALERIUS
2691 2964 2949 3026 LlClNIUS,
2991 2958 3061 3014 ad
3101 2959 3447 3028 PROBIANUM,
3484 2953 3833 3028 proconsulem

2275 3054 2507 3122 Africae.

2275 3142 2327 3196 4.
2371 3141 2629 3196 ιΕιὶαηαδ
2659 3140 3020 3209 praedecessor
3051 3142 3199 3205 tuus,
3232 3140 3454 3203 merito,
3487 3136 3615 3191 dum
3637 3136 3715 3189 vir
3737 3147 3842 3203 per-

2198 3231 2555 3301 fectissimus,
2618 3231 2797 3293 Verus,
2853 3228 3093 3284 vicarius
3145 3228 3553 3298 praefectorum.
3604 3228 3725 3279 tunc
3762 3235 3843 3292 per

2204 3322 2457 3387 Africam
2484 3327 2724 3373 nostram
2772 3322 2789 3353 ¹
2832 3315 3171 3372 incommoda
3212 3315 3531 3371 valetudine
3571 3314 3841 3374 teneretur,

2203 3409 2443 3479 ejusdem
2480 3409 2729 3479 partibus
2757 3410 2998 3477 functus,
3028 3407 3174 3460 inter
3197 3412 3403 3460 caetera
3429 3406 3595 3460 etiam
3623 3401 3675 3456 id
3701 3413 3844 3469 nego-

2202 3500 2344 3552 tium
2372 3498 2454 3553 vel
2479 3496 2766 3560 invidiam,
2789 3510 2911 3566 quae
2930 3495 2995 3550 de
3022 3494 3318 3550 Cacitiano
3344 3496 3587 3564 episcopo
3612 3488 3838 3546 Ecclesia!

2203 3586 2486 3642 catholicae
2502 3586 2717 3640 videtur
2735 3600 2845 3639 esse
2861 3588 3153 3651 commota,
3174 3582 3244 3638 ad
3264 3597 3505 3638 examen
3525 3595 3682 3635 suum
3705 3579 3843 3647 atque

2199 3677 2499 3745 jussionem
2524 3674 2758 3730 credidit
2787 3688 2900 3729 esse
2931 3672 3311 3729 revocandam.
3348 3672 3567 3726 Etenim
3604 3686 3719 3724 cum
3738 3666 3843 3735 jam

2208 3764 2496 3836 Superium
2544 3764 2944 3827 centurionem,
2977 3767 3028 3817 et
3069 3761 3438 3817 Caecilianum
3478 3759 3841 3827 magistratum

2208 3856 2718 3926 Aptungitanorum,
2750 3856 2805 3906 et
2848 3850 3217 3906 Salaminam
3260 3854 3645 3905 excuratorem
3683 3846 3773 3915 (a),
3800 3846 3844 3896 et

2211 3944 2481 3999 Calibium
2498 3943 2797 4012 juniorem,
2818 3941 3056 4011 ejusdem
3076 3940 3317 3994 civitatis
3346 3947 3671 4000 curatorem,
3701 3937 3843 4004 atque

2209 4035 2457 4090 Solonem
2483 4048 2702 4088 servum
2726 4031 3005 4100 publicum
3022 4031 3418 4100 suprascripta
3445 4027 3703 4091 civitatis,
3722 4036 3843 4094 prte-

2207 4128 2381 4179 sentes
2411 4138 2523 4178 esse
2551 4123 2783 4189 fecisset,
2807 4119 3152 4175 audientiam
3168 4120 3412 4190 przbuit
3440 4116 3840 4187 competentem:

2208 4213 2340 4267 adeo
2370 4220 2449 4275 ut,
2472 4228 2592 4265 cum
2626 4209 2917 4266 Caeciliano
2940 4209 3136 4277 fuisset
3166 4206 3442 4277 objectum
3465 4204 3607 4277 quod
3634 4220 3663 4257 a
3690 4199 3843 4255 Felice

2209 4302 2384 4357 eidem
2400 4306 2736 4370 episcopatus
2756 4297 3035 4352 videretur
3055 4311 3162 4351 esse
3179 4295 3419 4361 delatus,
3433 4296 3530 4350 cui
3548 4292 3843 4348 divinarum

2270 4446 2285 4478 ¹
2319 4443 2471 4499 Edd.,
2500 4446 2740 4494 vestram.
2781 4440 2907 4489 Mss.
2932 4439 3134 4494 decem,
3163 4443 3422 4487 nostram.
3487 4499 3493 4500 γ
3704 4492 3748 4500 »_
3814 4490 3823 4500 .

2272 4508 2345 4567 (a)
2366 4492 2560 4555 Hic'ille
2576 4508 2660 4554 est
2677 4492 2911 4567 Calidius
2936 4515 3031 4551 seu
3047 4492 3302 4567 Claudius
3320 4498 3719 4567 Saturianus,ut
3734 4492 3844 4553 legi-

2210 4562 2297 4618 tur
2311 4562 2455 4631 apud
2472 4568 2724 4631 Optatum
2742 4568 2795 4614 in
2812 4566 2901 4615 lib.
2921 4568 2963 4620 1.
2978 4562 3844 4631 qui‘curatorcivitatisjptungeu;

2210 4613 2286 4681 iis;
2295 4613 2467 4680 rﬁ‘éEJt
2483 4613 2723 4693 iéiifp‘t;
2736 4613 3119 4693 persecu'tipnis
3135 4624 3525 4693 tradendorum
3537 4613 3844 4693 Codicumi‘dg

2210 4646 2281 4681 sns
2295 4644 2467 4680 iuerat
2484 4644 2720 4693 tempore
2774 4644 3119 4677 ersecuuonis
3135 4644 3525 4674 trauenuorum
3537 4644 3844 4688 υυωυυιιεμιτ

2208 4700 2289 4743 est
2310 4694 2635 4743 Diocletiano
2662 4644 2772 4739 Viri
2798 4695 2849 4740 et
2874 4690 3196 4753 Maximiano
3216 4687 3474 4736 VIlCoss.
3502 4698 3644 4734 anno
3668 4680 3844 4753 pluris}!

2209 4740 2300 4805 363
2358 4740 2509 4819 isque
2524 4740 2723 4819 ideirco
2735 4755 2789 4802 in
2801 4752 3062 4819 judicium
3082 4752 3456 4819 inductusest.
3473 4753 3531 4797 ut
3542 4761 3611 4819 ex
3624 4746 3743 4819 ejus
3758 4740 3843 4819 ﬁde

2209 4769 2331 4810 303;
2359 4770 2509 4819 isque
2524 4769 2789 4804 ideircom
2828 4769 3062 4801 udicium
3082 4769 3333 4800 inuucws
3354 4769 3456 4803 est.
3473 4769 3531 4797 υι
3547 4769 3611 4797 ex
3633 4769 3743 4817 ejus
3758 4769 3843 4790 ιιυυ

2208 4824 2260 4869 et
2273 4833 2337 4869 ex
2349 4819 2513 4867 Gestis
2532 4769 2945 4881 municipalibus
2956 4813 3098 4878 apud
3116 4814 3292 4881 ipsum
3302 4810 3684 4881 olinconl‘ectis
3696 4816 3846 4881 inves-

2207 4884 2468 4945 tigaretur
2488 4873 2836 4945 utrumiFelix
2853 4873 3150 4945 episcopus
3166 4875 3430 4945 Caeciliani
3454 4873 3727 4945 ordinatur
3740 4878 3845 4945 pre:

2208 4929 2431 4993 didisset
2456 4957 2636 4992 sacros
2657 4929 2899 4990 Codices:
2913 4929 3169 4989 Eanfdem
3195 4938 3513 5003 obgcausam
3537 4933 3705 5003 vocati
3734 4929 3846 5003 sunt

2208 5008 2463 5070 Superius
2481 5006 2740 5070 centurio,
2769 5004 2896 5067 quia
2919 5004 3173 5070 uim_iru_m_
3192 5001 3453 5070 militibus
3471 5001 3843 5070 (et-centurione

2209 5062 2498 5119 utebantur
2510 5062 2854 5130 magistratus
2872 5079 2995 5114 cum
3008 5066 3357 5130 Scripturas‘a
3372 5062 3688 5130 Christianis
3706 5062 3844 5130 vier-

2206 5119 3265 5196 torquerent,etKlﬁusCzeciIianus,quod
3279 5125 3525 5196 eiusdem
3540 5119 3844 5196 persecuti?-

2206 5198 2290 5244 nis
2304 5182 2541 5258 tempore
2555 5194 3034 5258 magistratumseu
3047 5182 3213 5237 duum
3225 5189 3454 5258 viratum
3472 5182 3743 5258 municipii
3754 5182 3845 5258 ap;

2204 5238 3048 5321 (sigma?gggﬁsgiquodque
3070 5249 3433 5321 examinanda
3449 5251 3591 5321 esset
3605 5238 3843 5321 3953959

2204 5308 2429 5369 Felicem
2449 5308 2690 5379 epistola.
2712 5308 2942 5379 Cali‘bius
2962 5308 3085 5363 vero
3110 5315 3294 5379 junior
3312 5313 3407 5375 qui
3434 5310 3580 5379 apud
3603 5308 3841 5379 thatuul

2204 5382 2435 5433 Calidius
2458 5376 2740 5432 Gratianus
2760 5376 3441 5441 appellatur,q'uiacura_tor
3461 5376 3575 5422 erat
3586 5376 3698 5441 ejus
3710 5378 3841 5441 ann}.

2200 5430 2405 5495 scilicet
2422 5430 2660 5508 ἐνακιαο
2680 5430 2985 5508 agitabatur
2999 5430 3307 5508 quaistiode
3324 5437 3523 5506 Felice,
3542 5430 3841 5508 accituspfji

2199 5494 2337 5559 forte
2364 5511 2425 5555 ut
2448 5494 2585 5556 Acta'
2605 5494 2948 5567 municipalia
2979 5494 3270 5565 superioris
3296 5494 3557 5562 temporis
3579 5494 3841 5558 magistra-

2198 5574 2353 5621 tuum
2382 5570 2660 5633 proferret.
