3996 6158
196 126 266 188 δας
1360 82 2196 171 ΕριδτοιΑΒυθνὶ’ί’ρῐλΑεεΙδ
2238 116 2305 173 11.

184 252 530 321 Scripturarum
554 246 793 321 proditio
816 250 978 317 atque
1001 244 1215 300 exustio
1244 242 1524 299 videretur
1541 240 1765 310 objecta,

179 344 465 397 innocentem
494 338 555 393 de
592 353 652 393 eo
692 334 926 392 Felicem
971 335 1141 403 fuisse
1169 331 1492 387 constiterit.
1527 330 1768 401 Denique

174 449 268 487 cum
289 428 530 484 tlmimus
556 427 863 498 lugentium
888 423 1233 478 decurionem
1258 420 1613 491 Ziquentium
1632 421 1767 475 civi-

170 523 291 583 tatis,
316 516 584 589 epistolam
615 516 903 572 Cmciliani
939 512 1297 570 exduumviri
1326 512 1341 546 ¹
1374 510 1600 578 fatsasse
1641 524 1765 563 con-

168 609 384 672 tenderet,
420 605 662 661 eumdem
695 606 874 673 ipsum
918 604 1226 673 lugentium
1254 615 1570 672 suspensum
1618 598 1763 652 Actis

164 697 524 769 quasuberant,
538 694 896 765 pervidimus,
917 696 969 747 et
986 692 1104 747 ideo
1125 691 1355 745 minime
1373 692 1598 752 tortum,
1624 686 1763 758 quod

160 803 203 841 se
218 786 528 841 decurionem
543 784 889 854 Ziquensium
913 782 1152 837 civitatis
1172 778 1578 835 asseveraverit.
1611 778 1763 832 Unde

161 875 363 929 volumus
391 878 447 927 ut
475 872 721 927 eumdem
757 871 938 942 ipsum
967 870 1378 940 Ingentium(a)
1426 867 1525 922 sub
1565 866 1759 921 idonea

156 963 481 1035 prosecutione
509 960 578 1016 ad
598 962 920 1016 comitatum
942 975 1122 1014 meum
1153 958 1500 1013 Constantini
1528 960 1562 1011 Α
1574 956 1763 1024 ugusti

156 1055 326 1115 mittas,
348 1057 404 1106 ut
420 1050 530 1105 illis
559 1050 656 1121 qui
676 1065 733 1103 in
757 1049 1183 1120 praesentiarum
1202 1051 1392 1117 agunt,
1425 1050 1587 1117 atque
1609 1046 1760 1100 diur-

156 1142 223 1195 nis
249 1141 268 1176 ²
292 1140 466 1195 diebus
491 1139 845 1208 interpellare
878 1153 985 1192 non
1026 1136 1301 1203 desinunt,
1330 1136 1678 1191 audientibus
1710 1140 1762 1190 et

154 1246 300 1285 coram
327 1228 699 1283 assistentibus
724 1242 992 1297 apparere
1034 1230 1085 1280 et
1116 1226 1372 1280 intimari
1396 1227 1585 1296 possit,
1616 1228 1761 1295 frus-

154 1324 222 1374 tra
241 1335 316 1375 eos
346 1318 634 1375 Caciliano
664 1318 907 1387 episcopo
936 1314 1199 1369 invidiam
1234 1329 1569 1384 comparare,
1600 1318 1763 1384 atque

153 1408 368 1462 adversus
419 1421 543 1461 eum
585 1404 845 1460 violenter
885 1402 1169 1475 insurgere
1205 1401 1456 1458 voluisse.
1499 1404 1580 1458 Ita
1618 1406 1761 1457 enim

150 1497 223 1567 ﬁet
246 1500 297 1551 ut
324 1497 552 1559 omissis,
582 1498 724 1549 sicut
749 1500 975 1564 oportet,
1004 1493 1271 1563 ejusmodi
1297 1493 1758 1556 contentionibus,

152 1587 339 1655 papulas
365 1587 479 1639 sine
503 1584 834 1639 dissensione
862 1584 1051 1654 aliqua
1081 1581 1338 1653 religioni
1365 1582 1609 1653 propriae
1638 1598 1762 1636 cum

150 1674 295 1729 debita
318 1674 652 1728 veneratione
678 1672 967 1728 deserviat.

204 1763 247 1816 5.
279 1766 402 1817 Haec
426 1778 567 1817 cum
599 1760 805 1816 videas
836 1761 917 1815 ita
948 1776 1011 1816 se
1042 1758 1283 1824 habere,
1308 1759 1451 1833 quid
1483 1767 1567 1815 est
1596 1763 1760 1833 quod

154 1852 295 1907 nobis
309 1850 379 1906 de
400 1851 478 1905 im
488 1849 1248 1922 peratorumjussionibus,
1273 1866 1408 1920 quas
1427 1856 1633 1905 contra
1658 1867 1761 1905 vos

152 1942 569 2007 constituantur,
595 1939 881 1995 invidiam
904 1939 1230 2004 concitatis,
1260 1955 1397 1993 cum
1425 1940 1539 1993 hoc
1575 1944 1759 1994 totum

152 2045 235 2084 vos
252 2032 429 2101 potius
455 2046 533 2085 an
544 2033 639 2085 tea
656 2026 947 2083 feceritis?
969 2029 1024 2084 Si
1040 2026 1184 2082 nihil
1204 2027 1425 2083 debent
1440 2026 1499 2083 in
1514 2029 1605 2083 his
1624 2045 1761 2083 oau-

153 2120 604 2190 sisimperatores
612 2119 842 2190 jubere,
868 2119 915 2172 si
940 2118 1017 2172 ad
1062 2117 1454 2187 imperatores
1490 2118 1763 2173 christia-

153 2222 237 2262 nos
259 2208 376 2263 hiec
389 2225 539 2264 cura
555 2207 844 2279 pertinere
862 2222 979 2261 non
995 2206 1191 2270 debet,
1209 2206 1345 2277 quis
1368 2206 1620 2275 urgebat
1640 2224 1762 2262 ma-

147 2297 268 2366 jores
282 2303 500 2352 vestros
521 2312 772 2351 causam
801 2295 1092 2351 Caiciliani
1110 2295 1186 2350 ad
1219 2298 1640 2365 Imperatorem
1660 2312 1763 2367 per

150 2387 531 2454 proconsulem
571 2386 817 2449 mittere,
850 2390 905 2440 et
933 2385 1291 2456 episcopum
1339 2390 1549 2440 contra
1579 2384 1825 2456 quemv’

151 2474 417 2530 absentem
441 2476 580 2547 jam
616 2474 939 2528 sententias
967 2489 1215 2545 quoquo
1248 2472 1428 2528 modo
1463 2474 1758 2538 dixeratis,

152 2554 327 2619 iterum
344 2564 505 2635 apud
539 2565 965 2634 Imperatorem
980 2578 1262 2617 accusare
1281 2579 1294 2627 ;
1311 2563 1762 2633 quoinnocente

153 2654 514 2722 pronuntiato,
532 2650 862 2707 ordinatori
876 2651 1002 2721 ejus
1020 2650 1361 2708 Felicialias
1388 2651 1550 2721 apud
1597 2668 1764 2706 eum-

150 2740 259 2795 deni
287 2741 708 2814 imperatorem
739 2740 1070 2795 calumnias
1093 2741 1419 2795 machinari
1445 2741 1472 2796 ?
1514 2743 1573 2795 lit
1602 2755 1763 2795 nunc

151 2829 266 2899 quid
287 2830 438 2886 aliud
470 2846 661 2904 quam
695 2830 882 2900 ipsius
911 2829 1154 2901 majoris
1203 2829 1571 2884 Constantini
1608 2829 1764 2898 judi-

152 2920 278 2975 cium
307 2925 511 2976 contra
555 2926 816 2974 vestram
850 2925 1079 2991 partem
1114 2920 1273 2985 vivit,
1306 2920 1468 2991 quod
1505 2918 1763 2990 majores

154 3010 297 3063 vestri
322 3009 654 3081 elegerunt,
683 3009 846 3080 quod
880 3008 1137 3064 assiduis
1188 3008 1763 3080 interpellationibus

148 3102 500 3166 extorserunt,
520 3097 693 3170 quod
711 3097 1038 3169 episcopali
1065 3097 1291 3169 judicio
1324 3097 1710 3169 praetulerunt
1736 3098 1763 3152 ?

150 3186 189 3240 Si
212 3186 506 3258 displicent
536 3186 875 3259 imperialia
906 3186 1132 3257 judicia
1166 3204 1179 3253 ;
1208 3187 1309 3260 qui
1345 3187 1616 3258 primitus
1648 3186 1763 3240 im-

149 3284 410 3346 peratores
458 3277 537 3332 ad
573 3292 648 3332 ea
678 3275 846 3331 vobis
889 3276 1206 3331 excitanda
1245 3280 1571 3345 coegerunt
1609 3274 1636 3329 ?
1671 3275 1761 3331 Sic

146 3368 271 3419 enim
286 3367 459 3423 modo
474 3371 693 3422 contra
713 3366 1075 3421 Catholicam
1101 3365 1391 3431 clamatis,
1417 3366 1473 3418 in
1497 3364 1591 3419 his
1623 3381 1760 3436 quas

147 3459 317 3511 contra
331 3472 426 3511 vos
441 3456 520 3512 ab
548 3453 1019 3526 imperatoribus
1033 3453 1759 3525 decernuntur,quemad—

146 3544 351 3600 modum
383 3546 429 3600 si
462 3544 685 3601 vellent
708 3543 994 3599 adversus
1016 3541 1319 3599 Danielem
1343 3543 1626 3608 clamare,
1652 3543 1756 3615 qui

142 3630 349 3689 liberato
400 3634 498 3690 illo
554 3634 783 3688 eisdem
830 3632 1104 3688 leonibus
1154 3631 1549 3687 consumendi
1594 3632 1756 3687 missi

144 3727 266 3788 sunt,
292 3723 568 3795 aquibus
602 3738 741 3777 eum
794 3722 903 3794 ipsi
935 3722 1206 3793 primitus
1247 3721 1522 3776 consumi
1562 3720 1756 3776 volue-

143 3818 247 3866 runt
275 3830 286 3869 :
313 3814 604 3882 scriptum
636 3816 724 3866 est
753 3810 933 3871 enim,
965 3810 1140 3866 Nihil
1169 3810 1405 3866 interest
1456 3811 1613 3867 inter
1650 3812 1754 3865 mi-

141 3913 225 3955 nas
256 3904 400 3971 regis
431 3908 485 3958 et
520 3903 677 3955 iram
714 3899 894 3956 leonis
926 3899 1123 3971 (Prov.
1163 3916 1277 3965 nux,
1312 3900 1749 3969 l2).Danielem

141 3986 431 4045 calumnios
445 3987 748 4046 inimiciin
765 3988 961 4044 lacum
975 3988 1217 4043 leonum
1238 3990 1383 4043 mitti
1400 3995 1748 4058 coegerunt:

139 4076 245 4132 vicit
291 4078 633 4135 innocentia
672 4078 801 4146 ejus
848 4076 1085 4133 illorum
1148 4076 1438 4132 malitiam
1491 4077 1753 4146 ;illaasus

140 4163 248 4219 inde
276 4167 497 4224 levatus
526 4173 649 4233 est;
683 4166 796 4237 ipsi
814 4165 952 4222 illuc
987 4166 1152 4221 missi
1185 4166 1503 4237 perierunt.
1539 4167 1753 4223 Simili-

140 4259 205 4307 ter
220 4256 459 4327 majores
480 4258 665 4312 vestri
678 4255 1055 4311 Caecilianum
1084 4254 1205 4325 etej
1218 4273 1283 4310 us
1304 4255 1650 4311 societatem
1667 4272 1750 4311 re-

138 4343 225 4409 gie
248 4344 335 4400 iraa
360 4343 842 4400 consumendam
866 4343 1236 4414 objecerunt,
1275 4343 1447 4415 cujus
1471 4343 1753 4399 innocen-

181 4485 195 4515 ¹
220 4483 357 4541 Edd.,
379 4500 440 4534 ea:
454 4485 653 4547 divino,
661 4486 798 4547 jure.
819 4484 941 4533 Mss.
961 4483 1218 4547 plerique,
1245 4497 1306 4533 ea:
1329 4484 1633 4533 duumviris.
1653 4485 1753 4535 Sed

137 4542 381 4611 legendum
432 4547 583 4611 haud
627 4542 791 4611 dubie?
817 4560 923 4611 uno
964 4542 1510 4611 verb6,_exduumviri
1540 4549 1757 4611 ;agitur

137 4610 500 4672 nempedeAlﬂi
532 4609 797 4659 Cmciliani
816 4609 1042 4667 epistola
1058 4611 1126 4657 ab
1154 4609 1271 4672 ipso
1301 4613 1422 4672 post
1448 4608 1758 4672 duumvira-

136 4670 451 4736 tnm'scripta.
481 4678 543 4722 ut
580 4675 808 4736 patetex
834 4672 1005 4720 Gestis
1030 4670 1372 4736 purgationis
1396 4671 1597 4736 Felicis.

183 4736 243 4791 (a)
258 4733 439 4785 Censet
455 4736 719 4798 Duronius
732 4733 869 4783 hanc
884 4733 1163 4798 epistulam
1178 4735 1243 4783 ad
1262 4734 1580 4783 Probianum
1595 4736 1755 4798 scrip-

137 4795 225 4841 tam
237 4809 339 4860 esse
352 4802 472 4846 ante
488 4796 803 4860 Arelatense
820 4795 1106 4860 concilium
1124 4798 1249 4845 anni
1264 4798 1374 4853 314,
1388 4799 1436 4845 et
1452 4795 1755 4860 lugentium

138 4858 329 4908 concilio
355 4860 475 4909 huic
496 4859 798 4909 eahibitum
822 4859 962 4908 dicit.
998 4858 1197 4908 Contra
1224 4860 1479 4908 Henricus
1519 4858 1757 4908 Valesius

138 4918 337 4987 affirmat
353 4924 539 4987 datum
567 4922 850 4987 epistolam
875 4921 1159 4987 consulatu
1190 4921 1523 4987 Constantini
1540 4926 1608 4987 _et
1631 4922 1761 4971 Lici-

142 4982 197 5027 nii
217 4982 291 5039 ιν,
318 4985 368 5033 id
397 4990 479 5034 est
498 4982 646 5035 anno
662 4986 784 5048 31‘5,
803 4998 909 5048 quo
933 4998 1077 5033 anno
1105 4984 1407 5048 Petronium
1440 4984 1757 5048 Probianum

141 5048 483 5112 proconsulem
506 5048 695 5112 Africae
715 5046 879 5096 fuisse
896 5050 1124 5104 constat,
1140 5060 1345 5112 CIIIIle
1361 5046 1549 5094 Codice
1560 5046 1755 5112 Theod.

141 5108 181 5151 in
215 5108 267 5174 tit
305 5110 365 5158 de
391 5110 655 5174 Appellat.
675 5113 797 5174 tum
836 5122 901 5157 ex
935 5122 998 5158 eo
1034 5108 1178 5174 quod
1219 5108 1476 5174 (Eminus,
1509 5109 1760 5174 qui_ejus

142 5170 565 5234 pgmdecesso’rhic
582 5173 793 5225 dicitur.
817 5170 1257 5234 proconsulatum
1278 5170 1467 5220 Africre
1499 5170 1761 5220 sustinue-

143 5232 197 5279 rit
219 5235 485 5284 consulatu
522 5234 797 5285 Volusiani
820 5232 879 5283 et
911 5234 1158 5288 Anniani,
1204 5232 1255 5280 id
1304 5236 1382 5281 est
1416 5246 1503 5282 an.
1553 5235 1660 5281 314.
1698 5234 1763 5281 At

142 5305 229 5353 quo
256 5310 444 5369 mense.
465 5297 905 5369 proconsulatum
945 5294 1471 5369 adierit‘Pro‘b‘ianus,
1495 5299 1557 5368 _et
1583 5300 1761 5369 utrum

142 5367 230 5403 non
247 5364 359 5407 ante
379 5356 590 5408 initium
612 5361 757 5409 an.3t
770 5361 814 5415 5,
840 5360 1058 5407 minime
1077 5356 1312 5407 ostendit
1334 5358 1762 5407 Valesius.Porro

143 5423 287 5469 exstat
307 5421 634 5471 Constantini
660 5422 977 5472 constitutio
1003 5421 1070 5467 ad
1104 5420 1349 5483 Probum,
1378 5420 1535 5469 datat
1561 5420 1760 5483 aprilis,

142 5493 211 5529 an.
228 5484 583 5539 3M,ubiGode
601 5486 679 5535 rid
689 5499 750 5533 us
774 5484 1063 5544 legendum
1081 5481 1312 5544 conjicit,
1330 5483 1397 5531 ad
1425 5481 1762 5531 Probianum.

195 5544 742 5605 'Lov.,diuturnis.Alii
753 5544 1113 5601 Cillconstan
1119 5546 1425 5606 ter,diurnis
1434 5544 1759 5613 [diuturnis].

3421 130 3528 187 306

1878 239 1956 295 tia
1986 238 2257 307 liberata,
2293 243 2369 298 ab
2391 243 2619 302 eisdem
2654 248 2892 317 regibus
2910 250 3125 308 eadem
3156 267 3261 309 vos
3297 254 3530 324 patimi-

1875 330 1954 394 ni,
1985 345 2118 401 quae
2141 330 2270 385 illos
2305 334 2478 389 vestri
2502 337 2619 406 pati
2649 338 2959 394 voluerunt
2986 357 2999 406 ;
3023 342 3314 412 quoniam
3349 344 3529 415 scrip-

1874 421 2001 472 tum
2034 424 2159 473 est:
2196 420 2306 485 Qui
2328 430 2510 489 parat
2541 426 2815 493 proximo
2841 429 3101 496 foveam,
3145 430 3269 498 ipse
3300 433 3524 489 incidet

1872 506 1933 561 in
1961 522 2083 562 eam
2115 508 2322 575 (Eccti.
2355 527 2533 578 xxvn,
2568 515 2682 585 29).

1942 600 1992 651 6.
2014 598 2088 651 De
2117 598 2288 652 nobis
2310 614 2452 667 ergo
2486 604 2649 672 quod
2671 606 3009 675 queramini
3041 622 3159 661 non
3180 607 3522 675 habetis;et

1873 690 2069 739 tamen
2096 686 2365 741 Ecclesiae
2379 688 2683 745 catholicas
2706 694 3128 758 mansuetudo,
3144 695 3321 751 etiam
3336 698 3413 753 ab
3429 698 3519 751 his

1868 773 2676 847 imperatorumjussionibus
2691 781 2941 835 omnino
2955 785 3389 853 conquieverat,
3408 785 3518 841 nisi

1870 863 2040 916 vestri
2058 862 2250 918 clerici
2266 871 2319 918 et
2340 866 2875 927 Circumcelliones.
2895 886 2997 939 per
3010 871 3517 928 suasimmauissi-

1870 951 2085 1005 masim
2099 953 2419 1022 probitates
2435 954 2809 1027 furiosasque
2826 957 3401 1031 violentiasquietem
3418 978 3517 1016 no-

1869 1041 2479 1112 stramperturbantes
2511 1049 2691 1117 atque
2720 1051 3043 1113 vastantes,
3072 1047 3203 1103 haec
3222 1049 3278 1103 in
3300 1064 3403 1103 vos
3428 1066 3518 1103 re-

1868 1128 2000 1184 colli
2063 1137 2118 1185 et
2173 1134 2446 1186 renovari
2515 1134 2872 1202 coegissent.
2942 1139 3089 1191 Nam
3161 1138 3515 1209 priusquam

1867 1220 2223 1273 recentiores
2243 1220 2419 1289 leges
2439 1223 2564 1276 istae
2597 1222 2670 1276 de
2694 1224 2919 1294 quibus
2953 1225 3135 1279 modo
3158 1226 3504 1295 querimini,

1866 1310 2166 1363 venissent
2197 1308 2255 1362 in
2288 1309 2566 1374 Africam,
2595 1311 2843 1366 insidias
2877 1313 2936 1366 in
2960 1312 3269 1368 itineribus
3299 1314 3521 1369 nostris

1866 1398 2163 1468 episcopis
2184 1398 2943 1463 tetenderunt,conclericos
2960 1407 3194 1457 nostros
3214 1403 3401 1473 plagis
3415 1404 3525 1459 im-

1843 1485 2237 1541 'manissimis
2267 1494 2728 1557 quassaveruut,
2768 1489 2932 1544 laicis
2954 1507 3197 1562 quoque
3220 1497 3278 1545 et
3309 1491 3522 1564 plagas

1868 1576 2259 1644 gravissimas
2282 1574 2643 1635 inﬂixerunt.
2664 1582 2721 1631 et
2746 1578 3073 1645 intulerunt
3111 1595 3319 1634 eorum
3341 1580 3524 1635 aediﬁ-

1794 1726 1800 1739 ε
1868 1663 2284 1719 ciisinoendia.
2319 1664 2738 1735 Presbyterum
2769 1666 2947 1721 etiam
3005 1668 3333 1739 quemdam
3380 1670 3526 1740 quia

1870 1754 2113 1825 propria
2124 1758 2176 1805 et
2190 1751 2376 1808 libera
2390 1751 2689 1809 voluntate
2708 1755 2991 1810 unitatem
3019 1762 3235 1812 nostra:
3255 1773 3526 1813 commu-

1871 1841 2063 1896 nionis
2095 1840 2376 1910 elegit,de
2408 1841 2590 1897 domo
2622 1858 2732 1898 sua
2762 1850 3024 1914 raptum,
3059 1850 3116 1899 et
3148 1860 3255 1916 pro
3275 1846 3521 1902 arbitrio

1870 1930 2209 1986 immaniter
2231 1946 2453 1985 cassum
2486 1930 2545 1985 in
2564 1930 2794 2000 gurgite
2816 1933 2991 1987 etiam
3017 1949 3264 1989 caenoso
3294 1934 3520 1990 voluta-

1872 2025 2018 2085 tum,
2058 2019 2243 2075 buda‘
2282 2020 2577 2087 vestitum,
2611 2035 2747 2075 cum
2778 2020 3169 2091 quibusdam,
3192 2023 3521 2078 dolendum

1867 2108 2235 2182 quibusdam
2260 2108 2579 2164 ridendum
2610 2109 2668 2163 in
2702 2125 2927 2180 pompa
2969 2111 3059 2165 sui
3115 2111 3398 2167 facinoris
3431 2128 3522 2167 os-

1871 2203 2216 2263 tentassent,
2242 2197 2567 2252 abductum
2592 2198 2726 2252 inde
2757 2214 2879 2269 quo
2914 2199 3230 2254 voluerunt
3262 2201 3357 2255 vix
3388 2205 3523 2272 post

1818 2332 1825 2380 ηηξ
1870 2287 1997 2343 dies
2020 2286 2340 2341 duodecim
2371 2286 2747 2342 dimiserunt.
2779 2288 2940 2342 Unde
2969 2294 3299 2344 conventus
3329 2290 3523 2344 muni-

1870 2376 2165 2448 cipalibus
2211 2374 2402 2431 Gestis
2432 2382 2695 2430 anostro
2745 2378 3029 2447 episcOpo
3078 2378 3520 2443 Proculeianus,

1869 2482 2006 2521 cum
2030 2469 2107 2520 ab
2149 2464 2505 2535 inquirenda
2534 2480 2717 2519 causa
2743 2465 3199 2530 dissimulasset,
3231 2473 3287 2521 et
3308 2467 3522 2521 iterum

1869 2554 2154 2610 continuo
2171 2558 2500 2608 conventus
2515 2553 2844 2617 esset,nihil
2860 2569 2923 2608 se
2940 2552 3242 2609 dicturum
3262 2554 3522 2625 amplius

1872 2644 2055 2700 Gestis
2086 2643 2391 2714 expressit.
2413 2642 2663 2698 Ethodie
2686 2642 2770 2696 illi
2786 2642 2888 2714 qui
2903 2642 3016 2697 hoc
3040 2641 3323 2707 fecerunt,
3357 2660 3519 2713 pres-

1869 2734 2061 2805 byteri
2090 2734 2264 2787 vestri
2289 2738 2445 2797 sunt,
2480 2730 2678 2787 adhuc
2709 2747 2819 2786 nos
2856 2732 3105 2802 insuper
3160 2733 3518 2799 territantes,

1869 2828 1921 2877 et
1955 2824 2105 2877 sicut
2136 2821 2901 2894 potuerintpersequentes.

1939 2912 1991 2965 7.
2027 2913 2140 2965 Nec
2164 2915 2362 2963 tamen
2393 2908 2467 2964 de
2498 2909 2589 2963 his
2620 2908 2851 2977 injuriis
2905 2913 2959 2962 et
2997 2909 3518 2979 persecutionibus

1871 3014 2023 3070 quas
2055 2997 2317 3052 Ecclesia
2343 2996 2637 3051 catholica
2657 2995 2715 3048 in
2729 2995 2970 3063 regione
3004 3000 3205 3049 nostra
3233 3000 3372 3051 tunc
3391 3013 3520 3066 per-

1874 3087 2022 3151 tulit,
2076 3084 2535 3155 imperatoribus
2602 3088 2966 3154 conquestus
3046 3089 3132 3137 est
3197 3084 3517 3154 episcopus

1869 3182 2090 3231 noster.
2122 3173 2237 3231 Sed
2264 3173 2421 3229 facto
2469 3171 2723 3227 concilio
2760 3172 2839 3243 (a)
2886 3170 3111 3242 placuit
3171 3178 3230 3225 ut
3268 3173 3513 3242 paciﬁca

1866 3264 2353 3328 conveniremini,
2382 3278 2523 3334 quo,
2546 3261 2592 3316 si
2613 3260 2743 3315 fieri
2774 3265 2992 3331 posset,
3038 3260 3335 3315 haberetis
3368 3261 3519 3316 inter

1870 3371 1977 3411 vos
2011 3359 2030 3390 ³
2069 3352 2472 3416 collationem,
2504 3356 2561 3406 et
2591 3365 2788 3405 errore
2804 3348 3063 3414 sublato,
3086 3348 3348 3404 fraterna
3379 3350 3516 3405 cha-

1868 3445 2010 3500 ritas
2042 3444 2205 3514 pacis
2238 3440 2471 3497 vinculo
2501 3439 2867 3494 laetaretur'.
2906 3440 2969 3493 Et
3001 3438 3060 3493 in
3099 3437 3232 3510 ipsa
3265 3453 3514 3494 conven-

1868 3534 2025 3590 tione
2062 3533 2204 3605 quid
2232 3529 2651 3586 Proculeianus
2681 3528 2877 3599 primo
2936 3526 3328 3598 responderit,
3351 3527 3518 3601 quod

1866 3621 2183 3678 concilium
2224 3620 2434 3675 facturi
2475 3617 2700 3683 essetis,
2752 3622 2807 3671 et
2836 3615 2955 3670 illic
3004 3615 3186 3671 visuri
3214 3615 3360 3689 quid
3392 3632 3514 3671 res-

1865 3711 2125 3785 pondere
2155 3708 2446 3764 deberetis
2471 3722 2483 3773 ;
2512 3705 2727 3761 deinde
2748 3704 2894 3775 quid
2921 3708 3147 3775 postea,
3179 3721 3312 3758 cum
3337 3719 3517 3776 prop-

1864 3808 1949 3858 ter
1961 3816 2130 3855 suam
2151 3798 2604 3870 promissionem
2621 3794 2820 3849 denuo
2836 3796 3161 3847 conventus
3175 3792 3513 3855 esset,Actis

1861 3888 2237 3962 expresserit,
2267 3900 2547 3941 recusans
2585 3882 2897 3955 paciﬁcam
2928 3880 3330 3948 collationem,
3384 3881 3516 3951 ipsa

1864 3982 2035 4037 Gesta
2064 3979 2360 4032 instruant
2386 3975 2739 4030 Gravitatem
2759 3976 2944 4026 tuam.
2974 3969 3195 4024 Deinde
3222 3985 3359 4024 cum
3379 3985 3516 4024 ves-

1864 4076 2088 4126 trorum
2121 4063 2470 4121 clericorum
2514 4068 2569 4117 et
2619 4058 3164 4116 circumcellionum
3195 4058 3511 4114 notissima

1860 4158 2148 4216 omnibus
2171 4169 2291 4211 non
2323 4148 2971 4213 cessaretimmanitas,
2996 4148 3156 4204 dicta
3186 4164 3369 4204 causa
3398 4152 3506 4214 est,

1860 4265 1997 4304 cum
2013 4247 2132 4302 Cris
2145 4242 2343 4315 pinusj
2357 4242 2626 4297 udicatus
2643 4239 3091 4305 hmreticus,nec
3108 4253 3288 4309 poena
3300 4237 3509 4293 decem

1858 4337 2148 4392 librarum
2190 4332 2318 4388 auri
2348 4346 2483 4401 quae
2510 4330 2570 4383 in
2602 4327 2907 4382 htereticos
2937 4326 3015 4382 ab
3046 4324 3510 4396 imperatoribus

1860 4426 2053 4481 fuerat
2082 4420 2419 4483 constituta,
2448 4433 2554 4489 per
2589 4414 3113 4471 mansuetudinem
3145 4412 3502 4469 catholicam

1862 4514 2017 4571 feriri
2065 4508 2390 4582 permissus
2453 4514 2558 4569 est,
2608 4509 2663 4559 et
2730 4508 2930 4558 tamen
2989 4502 3068 4556 ad
3121 4502 3511 4572 imperatores

1923 4615 1937 4643 ί
1955 4610 2013 4658 In
2026 4606 2255 4660 excusis,
2285 4603 2466 4652 barda.
2487 4602 2545 4650 In
2567 4600 2737 4649 tribus
2761 4599 2898 4654 Mss,
2921 4598 3176 4646 bsuda.At
3195 4598 3247 4645 in
3268 4597 3386 4661 aliis
3408 4597 3513 4661 ple-

1863 4675 2042 4735 risque
2060 4665 2489 4735 scribitur,_buda
2506 4664 2805 4735 isicetiam
2903 4663 3056 4735 epist.
3081 4660 3423 4733 105,.ubiille}
3447 4661 3512 4710 de

1863 4725 1971 4800 quo
1987 4732 2182 4800 agitur,
2206 4728 2484 4800 presbyter
2504 4725 3245 4800 RestitutusAVictorianensi‘s
3256 4725 3514 4800 .no‘inina-

1863 4786 1971 4849 t'ur.
2002 4786 2135 4855 Qvuid
2158 4786 2335 4843 autem
2353 4786 2423 4838 sit
2440 4789 2605 4844 buda,
2619 4787 3120 4855 docetAugustinus
3134 4786 3191 4855 _in
3212 4786 3351 4855 lib._3
3369 4789 3511 4855 cont.

1863 4848 2205 4911 Crescbnium
2237 4869 2286 4903 c.
2327 4855 2403 4909 48,
2429 4867 2548 4900 cum
2587 4850 2832 4900 eamdem
2863 4853 3104 4898 retexens
3134 4848 3419 4911 historiam?
3441 4848 3514 4894 ait

1866 4910 2191 4973 Restitutum
2220 4917 2388 4966 fuisse
2418 4913 3220 4976 amictujunceodehonestatum.
3241 4910 3333 4976 _E_st
3350 4910 3515 4976 igitur

1866 4970 1960 5035 aut
1988 4985 2204 5046 juncus,
2233 4983 2326 5029 aut
2350 4981 2491 5046 certe
2509 4970 2685 5046 storea
2705 4989 2772 5046 _ex
2790 4974 2975 5046 junco,
3008 4974 3162 5045 juxta
3190 4972 3310 5046 Isid.
3344 4970 3511 5046 Closs.

1867 4990 1960 5035 aut
1988 4990 2204 5046 juncus,
2233 4990 2326 5029 aut
2350 4990 2491 5027 certe
2509 4990 2685 5026 srorea
2709 4990 2975 5086 exiginco,
3008 4990 3162 5045 juxta
3190 4990 3309 5019 isiu.
3344 4990 3511 5018 uiuas.

1867 5049 1919 5096 in
1951 5060 2059 5110 quo
2078 5049 2256 5093 tamen
2278 5054 2438 5103 prave
2464 5040 2676 5103 legitur,
2702 5038 2770 5109 bu
2841 5075 2855 5093 ,
2873 5039 3107 5092 historia,
3131 5048 3224 5097 pro
3242 5036 3511 5104 eststorea.

1870 5111 2027 5156 Porro
2058 5108 2297 5156 Donatus
2330 5104 2384 5152 in
2414 5102 2616 5151 1Eneid.
2646 5102 2691 5155 2,
2725 5103 2799 5149 ait
2826 5099 3047 5148 «ulvam
3078 5110 3109 5145 a
3131 5096 3394 5156 plerisque
3413 5092 3515 5143 dlCl

1870 5111 2027 5159 Porro
2058 5111 2297 5156 Donatus
2330 5111 2384 5152 in
2414 5111 2616 5151 Aﬁneid.
2646 5111 2691 5155 2,
2725 5111 2799 5149 ait
2826 5111 3047 5148 curvam
3078 5111 3109 5145 a
3131 5111 3204 5158 pie

1870 5191 1895 5219 ι
1932 5184 2072 5239 eam"
2086 5182 2202 5239 esse
2229 5180 2393 5239 quam
2424 5160 3136 5239 vulgqnbudammappellant.
3179 5173 3204 5202 ›

1934 5235 2002 5293 (a)
2038 5224 2375 5292 Carthagine,
2410 5224 2646 5280 an.'403,
2686 5224 2769 5272 die
2797 5224 2856 5270 25
2891 5235 3015 5293 aug.

1930 5299 1949 5329 ¹
1980 5294 2108 5343 Edd.
2143 5309 2153 5340 :
2180 5290 2444 5340 Haberetis
2468 5289 2601 5352 inter
2621 5301 2712 5334 nos
2732 5285 3075 5352 collationem.
3104 5282 3185 5352 Ἀρ
3208 5280 3332 5352 Μεεπιἶ
3351 5293 3516 5351 prope

1869 5371 2075 5412 omnes,
2112 5357 2249 5403 inter
2282 5368 2391 5404 vos.
2429 5351 2634 5417 Scilicet
2666 5361 2774 5395 non
2806 5346 2886 5417 _de
2916 5359 2993 5417 se,
3030 5343 3221 5417 sedﬂde
3253 5343 3517 5406 episc0pis

1868 5407 2153 5470 Catholicis
2182 5421 2234 5465 et
2272 5413 2561 5464 Donatistis
2592 5411 2889 5473 loquuntur
2912 5407 3095 5459 Clerici
3128 5407 3516 5471 Hipponenses,

1870 5484 2201 5595 “Wﬁﬁeﬁsez
2225 5479 2398 5592 iniri.
2424 5536 2570 5595 Msa,
2587 5533 2862 5599 ligaretur.
