3996 6158
492 103 601 197 .307

487 227 917 303 appellandum
942 226 1171 300 putavit
1201 225 1305 296 (a).
1342 222 1517 294 Cujus
1556 222 1942 296 appellationi
1971 221 2139 295 quod

486 321 565 375 ita
595 334 954 391 responsum
1014 319 1120 378 est,
1157 330 1355 369 nonne
1415 316 1745 369 vestrorum
1789 314 2136 385 praecedens

486 408 932 480 improbitas,et
959 403 1174 459 eadem
1211 402 1398 474 ipsius
1447 400 1768 472 appellatio
1814 402 2034 457 extorsi
2076 404 2139 456 ut

486 496 649 551 ﬂeret
689 494 716 549 ‘t
754 510 861 548 nec
893 499 1090 548 tamen
1119 491 1295 546 etiam
1332 495 1468 561 post
1510 490 1709 560 ipsum
1756 492 2135 562 rescriptum,

488 581 983 640 intercedentibus
1028 582 1187 653 apud
1223 582 1647 652 Imperatorem
1672 579 1887 635 nostris
1916 580 2143 651 episco-

490 673 606 744 pis,
639 671 850 726 eadem
893 671 1022 726 auri
1060 668 1563 725 condemnatione
1599 668 1885 723 multatus
1928 672 2031 722 cst.
2059 669 2140 722 Ex

490 759 740 817 concilio
763 761 841 832 (b)
870 765 1069 815 autem
1097 759 1279 814 nostri
1308 757 1574 830 episcopi
1595 757 1819 826 legatos
1851 756 1928 813 ad
1959 755 2141 812 comi-

489 854 677 906 tatum
709 850 1017 916 miserunt,
1049 849 1150 920 qui
1210 848 1596 917 impetrarent
1666 854 1875 901 utnon
1922 860 2133 901 omnes

488 940 753 1013 episcopi
767 946 821 994 et
835 938 1026 994 clerici
1042 938 1223 1008 partis
1242 935 1552 1001 vestree,ad
1570 936 1845 991 eamdem
1859 934 2137 990 condem-

488 1030 791 1085 nationem
815 1029 1019 1083 decem
1036 1026 1320 1082 librarum
1336 1026 1635 1097 auri,qum
1651 1026 1708 1079 in
1732 1039 1943 1079 omnes
1956 1023 2139 1079 heare-

490 1119 634 1175 ticos
663 1118 983 1173 constituta
1012 1120 1121 1182 est,
1151 1120 1487 1171 tenerentur
1513 1131 1525 1181 ;
1552 1114 1653 1169 sed
1686 1114 1743 1169 hi
1773 1113 1877 1167 soli
1898 1113 1955 1168 in
1985 1128 2138 1184 quo-

488 1225 621 1263 rum
634 1207 777 1263 locis
791 1206 1025 1278 aliquas
1042 1221 1075 1259 a
1093 1206 1302 1259 vestris
1318 1204 1630 1259 violentias
1656 1202 1918 1258 Ecclesia
1931 1201 2139 1257 catho-

492 1297 604 1352 lica
634 1295 1040 1368 pateretur(c).
1062 1293 1170 1349 Sed
1190 1310 1323 1348 cum
1359 1292 1533 1360 legati
1554 1295 1806 1348 Romam
1824 1297 2136 1359 venerunt,

478 1386 605 1456 jam
650 1384 951 1441 cicatrices
1010 1383 1278 1455 epiSCOpi
1331 1381 1603 1437 catholici
1653 1382 1736 1453 (ά)
1788 1380 2130 1451 Bagaitani1

482 1474 794 1530 horrendae
827 1490 896 1527 ac
922 1472 1338 1528 recentissimae
1382 1474 1809 1542 Imperatorem
1869 1484 2134 1524 commo-

482 1567 712 1628 verant,
747 1568 809 1617 ut
839 1563 998 1630 leges
1026 1562 1173 1616 tales
1200 1564 1587 1624 mitterentur,
1620 1559 1830 1631 quales
1851 1563 1909 1613 et
1937 1559 2133 1613 missas

484 1658 642 1709 sunt.
679 1652 904 1717 Quibus
933 1652 994 1706 in
1040 1650 1297 1705 Africam
1327 1648 1721 1713 venientibus,
1756 1665 1892 1703 cum
1929 1649 2132 1719 utique

485 1756 608 1796 non
640 1740 715 1796 ad
751 1740 996 1804 malum,
1032 1738 1135 1793 sed
1160 1737 1236 1793 ad
1270 1738 1494 1792 bonum
1552 1736 1879 1806 crepissetis
1914 1737 2131 1805 urgeri,

484 1830 629 1903 quid
646 1829 835 1885 facere
846 1827 1159 1884 debebatis
1172 1827 1283 1882 nisi
1297 1832 1469 1881 etvos
1486 1827 1708 1881 mittere
1722 1824 1800 1881 ad
1816 1825 2133 1897 episcopos

483 1926 742 1985 nostros,
770 1924 830 1974 ut
859 1918 1169 1991 quomodo
1185 1916 1849 1987 vosipsiconvenerant,
1881 1914 1966 1968 sic
1994 1930 2129 1970 con-

482 2009 819 2063 venirentur
836 2024 872 2062 a
886 2006 1075 2071 vobis,
1092 2012 1147 2061 et
1162 2006 1359 2077 potius
1379 2004 1692 2060 collatione
1712 2005 1928 2059 veritas
1941 2020 2132 2075 appa-

482 2102 636 2151 reret
660 2096 688 2150 ‘?

552 2185 604 2239 8.
634 2188 757 2240 Non
778 2183 970 2240 solum
1002 2186 1201 2238 autem
1230 2196 1349 2237 non
1372 2179 1733 2245 fecistis,sed
1750 2179 1951 2252 pejora
1973 2180 2133 2237 mala

479 2274 652 2330 nobis
682 2273 855 2329 vestri
883 2287 1040 2327 nunc
1068 2270 1315 2326 faciunt.
1338 2272 1463 2324 Non
1483 2274 1712 2325 tantum
1744 2285 1852 2324 nos
1877 2268 2129 2324 fustibus

477 2360 1052 2434 quassantferroque
1065 2357 1418 2423 concidunt;
1436 2373 1640 2413 verum
1656 2358 1832 2413 etiam
1849 2357 1906 2412 in
1923 2359 2129 2412 oculos

475 2450 942 2519 exstinguendos
963 2448 1189 2504 calcem
1221 2447 1405 2502 mixto
1420 2451 1587 2503 aceto
1606 2446 1935 2501 incredibili
1954 2462 2130 2501 exco-

476 2540 759 2612 gitatione
791 2537 1022 2593 sceleris
1064 2536 1317 2591 mittunt.
1364 2538 1584 2590 Domus
1610 2534 1854 2604 insuper
1886 2541 2126 2589 nostras

476 2628 896 2700 compilantes,
919 2642 1090 2683 arma
1102 2624 1216 2681 sibi
1232 2625 1495 2694 ingentia
1512 2629 1568 2679 et
1583 2622 1862 2678 terribilia
1878 2622 2127 2678 fabrica-

495 2722 648 2784 runt,
665 2716 885 2789 quibus
898 2715 1110 2772 armati
1125 2730 1229 2786 per
1242 2713 1483 2768 diversa
1508 2713 1862 2777 discurrunt,
1881 2712 2127 2767 commi-

478 2812 689 2864 nantes
722 2811 900 2877 atque
922 2803 1271 2859 anhelantes
1296 2802 1509 2867 caedes,
1533 2802 1799 2870 rapinas,
1828 2801 2123 2866 incendia,

478 2896 787 2952 caseitates.
810 2894 1036 2961 Quibus
1065 2892 1243 2948 rebus
1273 2890 1905 2962 compulsisumustibi
1925 2890 2127 2962 primi-

486 2991 577 3042 tus
614 2985 921 3057 conqueri,
944 2988 1007 3039 ut
1049 2981 1669 3039 consideretGravitas
1707 2986 1903 3036 vestra
1938 2996 2127 3053 quam

483 3075 654 3132 multi
681 3078 969 3137 vestrum,
1000 3072 1120 3127 imo
1153 3088 1251 3127 vos
1269 3087 1494 3139 omnes,
1529 3070 1631 3141 qui
1656 3086 1758 3125 vos
1779 3070 1903 3141 pati
1934 3069 2128 3124 dicitis

482 3164 980 3237 persecutionem,
1010 3160 1281 3232 subipsis
1303 3159 1480 3233 quasi
1500 3158 1859 3214 terribilibus
1875 3158 2129 3229 impera-

480 3258 679 3310 torum
742 3251 1174 3308 catholicorum
1240 3249 1472 3317 legibus
1523 3248 1581 3303 in
1633 3246 2127 3318 possessionibus

480 3344 685 3398 vestris
711 3348 767 3398 et
787 3340 992 3397 alienis
1021 3339 1213 3393 securi
1228 3338 1509 3401 sedeatis.
1529 3342 1583 3392 et
1598 3352 1707 3391 nos
1728 3354 1763 3392 a
1779 3337 1985 3391 vestris
2008 3342 2128 3392 tam

476 3432 745 3486 inaudita
760 3429 918 3484 mala
931 3428 1251 3498 patiamur.
1275 3429 1389 3480 Vos
1408 3424 1599 3480 dicitis
1619 3424 1739 3496 pati
1766 3425 2127 3493 persecutio-

480 3534 617 3575 nem
644 3536 657 3583 ;
682 3522 737 3573 et
763 3533 872 3572 nos
885 3516 962 3571 ab
982 3514 1227 3570 armatis
1245 3514 1451 3569 vestris
1469 3512 1726 3569 fustibus
1747 3512 1968 3567 etferro
1991 3529 2129 3568 con-

480 3606 755 3664 cidimur.
790 3608 909 3662 Vos
925 3603 1118 3660 dicitis
1151 3605 1273 3676 pati
1302 3601 1808 3675 persecutionem;
1836 3606 1890 3656 et
1911 3608 2128 3658 nostra

480 3696 700 3753 domus
735 3694 812 3752 ab
843 3696 1088 3750 armatis
1116 3694 1328 3749 vestris
1375 3690 1763 3764 compilando
1794 3695 2126 3748 vastantur.

482 3790 593 3843 Vos
639 3784 829 3841 dicitis
863 3785 988 3857 pati
1015 3783 1520 3855 persecutionem;
1553 3785 1609 3836 et
1631 3781 1819 3836 nostri
1851 3781 2008 3836 oculi
2054 3782 2127 3837 ab

484 3876 724 3933 armatis
757 3874 960 3929 vestris
989 3872 1150 3928 calce
1181 3878 1237 3927 et
1264 3878 1430 3927 aceto
1451 3869 1930 3937 exstinguuntur.
1958 3870 2128 3924 Insu-

486 3981 591 4036 per
622 3965 799 4021 etiam
819 3963 1036 4034 siquas
1066 3966 1283 4017 mortes
1302 3960 1412 4016 ~sibi
1446 3960 1593 4014 ultro
1624 3958 1928 4029 ingerunt,
1958 3959 2131 4014 nobis

492 4048 1203 4114 voluntesseinvidiosas,
1240 4048 1405 4104 vobis
1430 4047 1739 4117 gloriosas.
1767 4047 1936 4112 Quod
1962 4047 2133 4102 nobis

488 4140 732 4205 faciunt,
768 4139 882 4194 sibi
917 4154 1037 4193 non
1067 4138 1401 4208 imputant;
1438 4142 1493 4190 et
1527 4136 1689 4206 quod
1731 4134 1845 4189 sibi
1886 4135 2129 4204 faciunt,

490 4228 660 4285 nobis
720 4228 1039 4299 imputant.
1093 4225 1301 4280 Vivunt
1346 4230 1406 4279 ut
1444 4224 1727 4292 latrones,
1800 4225 2135 4280 moriuntur

490 4325 553 4374 ut
609 4315 1139 4379 circumcelliones,
1215 4314 1588 4370 honorantur
1637 4318 1699 4367 ut
1768 4317 2062 4385 martyres
2119 4335 2132 4380 ;

486 4414 543 4464 et
572 4412 772 4464 tamen
805 4421 912 4461 nec
950 4403 1211 4460 latrones
1259 4402 1589 4474 aliquando
1643 4401 1985 4458 audivimus
2035 4419 2138 4458 eos

485 4513 639 4571 quos
663 4494 989 4567 deprmdati
1022 4498 1179 4559 sunt,
1223 4507 1569 4548 excaecasse.
1595 4491 1833 4548 Occisos
1861 4492 2139 4549 auferunt

487 4586 627 4650 luci,
665 4602 784 4641 non
826 4586 848 4619 ²
880 4582 1024 4638 vivis
1050 4582 1329 4638 auferunt
1352 4581 1567 4637 lucem.

558 4680 611 4730 9.
626 4678 740 4730 Nos
753 4673 985 4728 interim
1000 4672 1050 4726 si
1064 4671 1312 4744 quando
1327 4675 1549 4725 vestros
1563 4674 2002 4735 tenemus,cum
2019 4688 2141 4727 ma-

550 4816 623 4877 (a)
654 4814 786 4863 Vide
821 4814 910 4877 lib.
938 4814 966 4862 3
996 4815 1138 4862 cont.
1164 4812 1409 4862 Crescon.
1442 4825 1486 4860 c.
1520 4812 1599 4868 46,
1631 4812 1781 4866 n.50,
1814 4815 1867 4861 et
1900 4828 1945 4861 c.
1974 4813 2051 4867 47,
2085 4826 2137 4861 n.

492 4881 568 4936 51,
597 4882 649 4929 et
678 4876 899 4933 Possid.,
934 4889 978 4924 c.
1016 4878 1093 4924 12.

574 4943 623 5003 b)
652 4940 961 5002 Carthagin.
999 4936 1186 5003 concil.
1219 4936 1384 5003 diem
1403 4936 1678 5003 juniihan.
1711 4938 1819 4986 404.

574 5000 616 5116 cf)
646 5000 962 5075 Videepist:
996 5002 1102 5055 185,
1129 5011 1247 5062 cap.
1283 5000 1331 5056 7,
1368 5013 1421 5047 n.
1455 5001 1532 5057 25,
1564 5000 1643 5047 26.

615 5083 623 5111 ι
657 5067 986 5116 Mammium.

615 5083 623 5111 ἱ
658 5078 986 5117 manmtam.

553 5070 623 5127 (da
657 5070 986 5117 Maximiani.

552 5133 568 5163 ί
601 5130 753 5192 Apud
786 5129 906 5178 Lov.
941 5130 996 5192 et
1011 5126 1124 5192 Er.,_
1144 5123 1402 5192 Vagitani.
1430 5125 1569 5192 Atin
1597 5124 1725 5192 Mss_._
1740 5127 1942 5192 septem
1963 5124 2141 5192 probae

492 5196 631 5241 notae
648 5186 918 5247 scribitur,
964 5187 1258 5251 Bagaitani,
1292 5201 1388 5235 nec
1411 5187 1637 5235 multum
1663 5186 1814 5251 aliter
1839 5187 1890 5232 in
1918 5187 2139 5251 caeteris,

493 5254 692 5301 scilicet
717 5255 769 5303 in
795 5254 963 5303 tribus
991 5248 1181 5307 vane,
1211 5250 1491 5310 ltagaetani
1522 5263 1540 5307 ;
1566 5254 1615 5295 in
1652 5248 1755 5297 alio
1787 5250 1922 5310 item,
1942 5248 2139 5303 Vatic.,

495 5314 784 5369 Baqartani
814 5332 831 5377 ;
860 5318 912 5365 in
948 5316 1183 5369 Cisterc.,
1223 5312 1538 5377 Bigaitani;
1576 5311 1786 5377 in_Edd.
1827 5309 1955 5377 Bad.
1996 5312 2141 5365 Am.,

494 5378 787 5430 Bacaitani.
814 5374 1020 5428 Confer
1056 5378 1146 5426 lib.
1178 5378 1204 5424 3
1229 5374 1369 5425 cont.
1400 5374 1763 5427 Cresconium,
1795 5386 1841 5420 c.
1879 5374 1954 5420 43.

553 5439 821 5547 ἶὶὲὲθὲρά.
856 5441 1006 5489 deest
1051 5456 1158 5489 non
1191 5454 1202 5495 ;
1238 5453 1357 5503 qua:
1394 5437 1608 5511 negatio
1643 5435 1907 5511 reperitur
1950 5436 2003 5483 in
2042 5436 2145 5484 Mss

727 5515 816 5547 im.

493 5513 816 5577 quindecm).

1759 94 1813 153 S.
1855 90 2243 154 AUGUSTINI
2283 91 2603 151 EPISCOPI

3752 101 3843 165 308

2251 220 2613 291 gnadilectis
2634 223 3203 294 servamusillessos,
3230 224 3525 299 loquimur
3540 225 3663 295 illis,
3700 231 3750 283 et
3780 227 3846 286 le-

2250 312 2448 381 gimus
2479 311 2704 371 omnia,
2740 312 2962 385 quibus
2992 330 3159 370 error
3187 315 3310 385 ipse
3354 314 3721 380 convincitur,
3759 316 3846 388 qui

2252 400 2511 455 fratresa
2536 400 2817 457 fratribus
2840 411 3074 475 separat
3108 421 3121 472 ;
3149 404 3567 475 facimusquod
3596 405 3847 460 Dominus

2252 506 2357 561 per
2372 489 2586 545 Isaiam
2610 491 2967 561 pr0phetam
2986 494 3286 564 praecepit,
3302 493 3499 548 dicens
3514 508 3525 548 :
3552 496 3589 546 A
3603 492 3747 548 udite
3762 493 3850 565 qui

2248 578 2474 645 pavetis
2486 578 2726 633 verbum
2753 581 2990 636 Domini
3008 581 3233 651 ;dicite,
3265 581 3505 637 Fratres
3524 580 3845 647 nostricstis,

2251 666 2340 723 his
2353 668 2451 739 qui
2469 684 2566 723 vos
2584 669 2836 724 oderunt
2851 676 2903 725 et
2916 672 3021 742 qui
3034 687 3129 726 vos
3152 677 3555 735 exsecrantur,
3570 677 3630 723 ut
3667 685 3845 727 nomen

2254 756 2488 813 Domini
2523 756 2970 826 honoriﬁcetur,
2986 766 3041 815 et
3062 758 3491 829 appareatiltis
3520 759 3577 813 in
3598 759 3845 827 jucundi-

2250 851 2372 901 tatc
2395 868 2414 916 ,-
2440 846 2555 915 ipsi
2587 854 2783 903 autem
2810 847 3156 904 erubescant
3189 849 3357 920 (Isai.
3394 864 3542 913 1.x",
3583 847 3652 918 5).
3677 849 3743 901 Ac
3769 848 3835 902 sic

2248 934 2482 1007 aliquos
2512 952 2718 991 eorum
2746 937 3190 993 considerantes
3220 937 3576 993 evidentiam
3608 935 3835 1002 veritatis,

2248 1027 2305 1078 et
2330 1022 2834 1095 pulchritudinem
2857 1027 3041 1098 pacis,
3071 1042 3190 1082 non
3227 1026 3530 1099 Baptismo
3556 1041 3717 1098 quem
3738 1024 3838 1095 jatn

2249 1112 2400 1167 sicut
2448 1113 2710 1184 regalem
2764 1115 3167 1171 characterem
3223 1122 3511 1188 tanquam
3561 1114 3845 1168 desertores

2248 1204 2741 1273 acceperant,sed
2756 1205 2889 1261 ﬁdei
2911 1221 3046 1277 quas
3074 1205 3190 1260 illis
3222 1205 3431 1271 defuit,
3458 1208 3511 1259 et
3539 1203 3609 1259 de
3634 1202 3848 1274 Spiritus

2248 1293 2437 1348 sancti
2470 1292 2738 1350 charitati
2771 1300 2827 1350 et
2855 1295 3064 1351 Christi
3090 1296 3323 1367 corpori
3356 1295 3664 1351 sociemus.
3691 1294 3851 1365 Scrip-

2246 1386 2369 1436 tum
2412 1389 2497 1436 est
2526 1382 2708 1449 enim,
2750 1384 2894 1441 Fide
2922 1385 3221 1441 mandans
3251 1384 3438 1441 corda
3486 1399 3675 1440 eorum
3717 1382 3851 1451 (Act.

2244 1486 2335 1537 xv,
2356 1471 2411 1543 9)
2454 1488 2467 1537 ;
2502 1471 2763 1545 itemque
2795 1474 3080 1546 scriptum
3112 1478 3220 1540 est,
3282 1473 3564 1530 Charitas
3622 1471 3847 1540 cooperit

2244 1561 2685 1617 multitudinem
2710 1568 3090 1631 peccatorum
3123 1564 3164 1633 (Ι
3192 1562 3348 1619 Petr.
3383 1579 3459 1625 iv,
3492 1560 3569 1632 8).
3596 1563 3649 1617 Si
3679 1566 3854 1615 autem

2242 1648 2329 1703 vel
2363 1650 2546 1704 nimia
2576 1651 2816 1714 duritia,
2849 1651 2940 1706 vel
2966 1651 3200 1723 pudore
3241 1667 3363 1707 non
3396 1650 3646 1706 ferentes
3676 1664 3855 1704 eorum

2242 1736 2707 1806 insultationem,
2749 1756 2888 1795 cum
2917 1740 3137 1813 quibus
3177 1747 3388 1796 contra
3428 1755 3536 1795 nos
3555 1744 3669 1794 tam
3697 1736 3858 1792 multa

2241 1826 2392 1881 falsa
2413 1827 2721 1897 jactabant
2750 1833 2805 1883 et
2832 1835 2950 1885 tam
2994 1829 3179 1885 multa
3226 1828 3387 1885 mala
3449 1826 3853 1897 excogitabant,

2243 1915 2333 1971 vel
2363 1918 2552 1988 magis
2580 1918 2807 1988 timore,
2828 1934 2898 1972 ne
2929 1917 3134 1990 qualia
3164 1918 3342 1973 nobis
3362 1923 3539 1974 antea
3567 1914 3853 1979 faciebant,

2244 2005 2380 2061 talia
2406 2006 2717 2061 nobiscum
2738 2008 2865 2078 jam
2894 2009 3222 2079 patiuntur,
3250 2008 3465 2063 unitati
3509 2004 3709 2063 Christi
3741 2018 3856 2059 con-

2241 2095 2455 2149 sentire
2486 2094 2801 2162 noluerint,
2836 2096 2989 2151 sicut
3040 2096 3205 2151 illmsi
3255 2095 3463 2151 retenti
3518 2099 3671 2160 sunt,
3724 2093 3853 2147 sica

2238 2182 2413 2238 nobis
2461 2183 2827 2239 dimittentur
2880 2185 3046 2241 illaasi
3086 2202 3098 2240 :
3153 2184 3267 2241 hoc
3313 2190 3609 2257 quantum
3673 2196 3859 2254 possu-

2241 2288 2375 2326 mus
2392 2273 3095 2329 monemusetiamlaicos
3125 2278 3380 2337 nostros,
3432 2278 3493 2328 ut
3525 2288 3626 2327 eos
3668 2270 3856 2326 illaasos

2239 2365 2496 2425 teneant,
2514 2366 2570 2415 et
2594 2361 2765 2416 nobis
2798 2362 3205 2432 corripiendos
3233 2361 3729 2432 instruendosque
3748 2372 3858 2429 per-

2236 2448 2479 2505 ducant.
2498 2450 2609 2507 Sed
2624 2446 2806 2523 aliqui
2824 2467 2931 2505 nos
2945 2451 3219 2519 audiunt,
3235 2457 3289 2506 et
3303 2451 3348 2504 si
3364 2453 3615 2523 possunt
3629 2447 3853 2503 faciunt:

2236 2537 2332 2594 alii
2351 2556 2485 2593 cum
2503 2539 3148 2610 illisquemadrnodum
3167 2557 3303 2595 cum
3320 2538 3652 2595 latronibus
3671 2539 3857 2608 agunt,

2234 2630 2491 2700 quiaeos
2521 2644 2728 2683 revera
2747 2628 2890 2683 tales
2916 2630 3229 2700 patiantur.
3266 2628 3463 2699 Aliqui
3492 2629 3640 2683 ictus
3670 2638 3852 2680 eorum

2237 2716 2362 2773 suis
2396 2717 2748 2788 corporibus
2774 2719 3151 2774 imminentes
3175 2718 3435 2774 feriendo
3460 2716 3761 2788 repellunt,
3798 2726 3859 2768 ne

2236 2805 2313 2861 ab
2327 2805 2409 2861 eis
2448 2812 2582 2862 ante
2599 2807 2881 2863 feriantur
2914 2824 2925 2862 :
2952 2805 3135 2878 aliqui
3165 2801 3859 2878 apprehensosjudicihus

2235 2894 2510 2961 offerunt,
2552 2911 2660 2951 nec
2701 2896 2873 2950 nobis
2922 2895 3423 2951 intercedentibus
3486 2895 3569 2949 eis
3614 2895 3858 2965 parcunt,

2235 2984 2381 3038 dum
2408 2984 2485 3039 ab
2514 2985 2596 3039 eis
2630 2982 2749 3056 pati
2785 2983 2944 3040 mala
2979 2984 3269 3040 immania
3324 2983 3767 3056 pertimescunt.
3806 2978 3859 3032 In

2235 3073 2461 3146 quibus
2478 3073 2762 3129 omnibus
2786 3072 2865 3129 illi
2896 3090 3015 3128 non
3048 3073 3357 3145 deponunt
3382 3072 3540 3128 facta
3562 3071 3859 3132 latronum.

2237 3167 2294 3219 et
2318 3162 2608 3218 honorem
2641 3162 2751 3217 sibi
2782 3163 3027 3231 exigunt
3054 3169 3409 3234 martyrum.

2315 3256 2395 3307 to.
2427 3252 2547 3306 Hoc
2572 3259 2658 3306 est
2683 3267 2824 3322 ergo
2853 3251 3215 3307 desiderium
3246 3257 3541 3321 nostrum,
3577 3247 3735 3323 quod
3765 3251 3861 3301 tua:

2238 3340 2517 3397 Gravitati
2552 3357 2650 3413 per
2669 3341 2777 3397 has
2805 3341 3042 3410 litteras,
3072 3346 3129 3395 et
3161 3356 3264 3411 per
3294 3339 3530 3410 fratres,
3562 3355 3713 3412 quos
3730 3334 3866 3392 misi-

2241 3447 2391 3499 mus,
2419 3429 2772 3499 allegamus.
2790 3429 3049 3484 Primum
3066 3430 3110 3484 si
3126 3429 3250 3485 ﬁeri
3269 3434 3484 3501 potest,
3516 3435 3581 3484 ut
3605 3444 3734 3483 cum
3761 3424 3862 3495 epi-

2238 3520 2431 3591 scopis
2446 3520 2661 3574 nostris
2681 3518 2926 3589 pacifice
2943 3519 3276 3582 conferatis,
3309 3525 3369 3574 ut
3389 3519 3447 3573 in
3466 3519 3683 3592 quibus
3716 3512 3865 3570 fuerit

2238 3610 2533 3674 inventus,
2569 3624 2689 3663 non
2720 3607 3017 3674 homines,
3053 3608 3155 3664 sed
3175 3624 3338 3663 error
3365 3607 3493 3679 ipse
3521 3606 3753 3664 tollatur
3777 3620 3790 3669 ;
3813 3604 3863 3655 ut

2237 3696 2511 3754 homines
2525 3713 2642 3752 non
2660 3696 3007 3768 puniantur,
3029 3698 3131 3753 sed
3149 3698 3554 3769 corrigantur;
3575 3702 3635 3752 ut
3650 3712 3746 3750 vos
3762 3706 3870 3747 mo-

2239 3787 2318 3842 do
2331 3786 2867 3857 conveniatis,quia
2878 3802 3078 3842 eorum
3093 3786 3556 3842 conventionem
3570 3790 3869 3841 anteacon-

2240 3875 2827 3948 tempsistis.Quauto
2844 3875 3055 3930 melius
3079 3875 3236 3930 enim
3255 3874 3370 3930 hoc
3386 3874 3543 3931 inter
3562 3890 3670 3930 vos
3702 3869 3869 3927 facitis

2242 3964 2479 4037 utquod
2492 3964 2648 4034 egeri
2659 3964 2725 4019 tis
2737 3965 3144 4037 conscriptum
3155 3970 3207 4019 et
3223 3964 3623 4035 subscriptum
3642 3964 3719 4018 Im
3731 3973 3872 4032 pera-

2247 4054 2351 4110 tori
2385 4052 2850 4125 mittatis,quam
2881 4061 2941 4108 ut
2972 4053 3083 4109 hoc
3107 4054 3551 4125 apudterrenas
3578 4052 3871 4125 potestates

2243 4143 2366 4207 ﬁat,
2398 4158 2533 4216 quae
2557 4158 2675 4196 non
2693 4142 3206 4213 possuntnisijam
3224 4142 3378 4198 datis
3399 4149 3607 4197 contra
3635 4156 3731 4197 vos
3749 4135 3874 4206 legi-

2245 4233 2352 4288 bus
2382 4231 2664 4287 inservire
2691 4232 2706 4266 ¹
2743 4228 2771 4285 7
2802 4230 2982 4286 Vestri
3004 4232 3166 4287 enim
3187 4232 3425 4305 collegas
3456 4232 3561 4305 qui
3587 4230 3873 4299 navigave-

2244 4327 2397 4384 rant,
2415 4320 2574 4393 apud
2604 4320 2689 4391 (a)
2711 4319 3021 4392 praefectos
3047 4320 3323 4377 dixerunt
3346 4338 3407 4377 se
3436 4320 3631 4377 audiri
3645 4318 3872 4373 venisse.

2248 4414 2310 4466 Et
2331 4410 2791 4466 nominaverunt
2822 4414 3096 4465 sanctum
3124 4417 3347 4481 patrem
3389 4414 3665 4465 nostrum
3700 4404 3876 4461 catho-

2245 4500 2427 4556 licum
2445 4499 2797 4570 episcopum
2827 4497 3221 4565 Valentinum,
3247 4499 3348 4572 qui
3366 4504 3507 4554 tunc
3528 4498 3589 4553 in
3613 4496 3875 4553 comitatu

2247 4593 2391 4657 erat,
2422 4588 2686 4643 dicentes
2725 4603 2864 4642 cum
2894 4586 2994 4643 illo
3023 4604 3082 4643 se
3131 4587 3275 4643 velle
3318 4587 3557 4643 audiri:
3601 4584 3761 4658 quod
3803 4580 3874 4635 eis

2247 4694 2367 4734 non
2411 4680 2640 4749 poterat
2665 4676 2851 4746 judex
2891 4676 3238 4742 concedere,
3271 4678 3372 4748 qui
3391 4677 3520 4746 jam
3566 4671 3877 4731 secundum

2247 4767 2429 4839 leges,
2462 4781 2596 4838 quas
2626 4771 2834 4820 contra
2858 4780 2963 4820 vos
2996 4768 3331 4821 constitutae
3360 4771 3518 4830 sunt,
3550 4760 3874 4836 judicabat;

2249 4873 2355 4913 nec
2391 4855 2482 4911 ille
2510 4854 2832 4925 episcopus
2881 4854 2960 4909 ita
3015 4860 3276 4921 venerat,
3329 4861 3432 4909 aut
3484 4851 3733 4925 aliquod
3779 4847 3879 4903 tale

2251 4947 2603 5001 mandatum
2636 4959 2670 4998 a
2694 4943 2821 4997 suis
2840 4943 3138 5015 episcopis
3154 4949 3485 5015 acceperat.
3500 4945 3736 5008 Quanto
3754 4950 3881 5007 ergo

2312 5121 2426 5169 tSic
2455 5120 2507 5168 in
2536 5118 2789 5168 tredecim
2812 5119 2933 5182 Mss.
2960 5120 3023 5166 At
3044 5119 3094 5167 in
3114 5118 3260 5182 prius
3284 5118 3413 5167 Edd.
3433 5118 3678 5182 habetur,
3703 5113 3882 5182 sepire

2312 5186 2385 5243 (a)
2418 5183 2526 5229 Huc
2552 5185 2797 5242 spectant
2819 5181 2973 5230 Gesta
2994 5177 3130 5244 quae
3150 5182 3520 5244 producuntur
3544 5180 3597 5227 in
3634 5177 3884 5244 Carthagi-

2253 5240 2402 5295 nensi
2434 5240 2715 5293 collatione
2746 5245 2791 5298 3,
2826 5258 2882 5296 η,
2921 5240 3028 5299 121,
3055 5262 3079 5290 ε
3106 5240 3160 5292 in
3186 5244 3388 5306 judicio
3418 5243 3605 5293 habita
3628 5240 3885 5306 prmfectut

2254 5326 2277 5354 α
2315 5323 2402 5362 τω,
2436 5308 2526 5355 ubi
2557 5322 2610 5355 se
2643 5320 2763 5369 pars
2799 5306 3040 5361 adversa,
3080 5308 3128 5354 id
3168 5300 3249 5355 est
3278 5300 3697 5369 Donatistarum,
3728 5300 3883 5369 auditi

2256 5391 2277 5414 ε
2312 5375 2588 5432 tantopere
2625 5361 2881 5432 ﬂagitavit
2916 5385 2969 5423 ς)
2993 5383 3179 5431 quaeve
3206 5370 3259 5417 in
3290 5370 3476 5432 eadem
3505 5368 3686 5417 collat.
3710 5361 3881 5432 n_._m,

2255 5424 2509 5481 notantur
2538 5424 2778 5481 confecta
2810 5424 3090 5485 Ravennae,
3123 5432 3207 5480 die
3232 5435 3260 5479 3
3290 5431 3385 5480 cal.
3424 5431 3554 5479 febr.
3589 5426 3810 5478 Arcadio
3841 5424 3885 5469 et

2254 5496 2425 5557 Probo
2455 5495 2519 5543 1V
2544 5496 2709 5547 Coss.,
2745 5493 2797 5542 id
2833 5498 2914 5547 est
2938 5508 3030 5555 an,
3069 5494 3261 5547 Christi
3294 5495 3402 5545 406.
