3996 6158
184 122 257 179 309
1365 101 1865 166 EPISTOLARUI
1904 103 2192 162 CLASSIS
2231 105 2301 162 Il.

174 245 343 302 melius
369 245 487 317 ipse
511 245 852 315 imperator,
884 240 984 313 qui
1007 253 1128 295 non
1159 241 1247 293 est
1273 236 1501 292 eisdem
1529 233 1765 304 legibus

167 335 419 398 subditus,
450 338 503 389 et
535 334 632 404 qui
662 331 917 388 habetin
938 333 1228 401 potestate
1260 327 1410 381 alias
1439 325 1595 397 leges
1618 324 1767 378 ferre

163 441 274 479 cum
304 425 349 478 ei
379 422 610 478 collatio
644 426 842 476 vestra
869 419 1042 474 fuerit
1073 417 1340 480 recitata,
1383 415 1457 470 de
1485 419 1606 469 tota
1637 413 1768 483 ipsa

160 528 312 567 causa
343 513 549 578 poterit
586 510 874 582 judicare,
936 506 1358 580 quamvisjam
1419 504 1561 559 olim
1610 502 1770 559 dicta

156 601 302 657 fuerit
331 600 677 656 terminata?
706 601 810 655 Sec
838 598 974 652 ideo
998 611 1100 651 vos
1129 597 1144 631 ¹
1171 594 1437 650 conferre
1468 591 1765 646 volumus.

157 706 256 745 non
282 696 534 745 utcausa
553 691 763 744 iterum
788 687 1028 742 ﬁniatur
1045 703 1063 751 ;
1079 685 1184 741 sed
1207 684 1363 740 uteis
1380 683 1482 755 qui
1499 682 1770 736 nesciunt

149 781 252 849 jam
288 778 444 834 ﬁnita
474 784 852 833 monstretur.
887 775 1059 842 Quod
1114 775 1159 829 si
1202 774 1314 828 hoc
1354 772 1547 828 facere
1596 770 1769 826 vestri

153 867 387 938 episcopi
419 865 729 932 voluerint,
781 865 927 938 quid
958 865 1100 920 inde
1127 863 1395 934 perditis,
1429 867 1484 916 et
1516 877 1634 916 non
1667 877 1770 932 po-

153 959 244 1012 tius
273 955 592 1027 acquiritis,
643 956 787 1026 quia
854 954 1129 1010 voluntas
1190 958 1388 1008 vestra
1431 952 1766 1016 innotescit,

150 1044 536 1101 nedifﬁdentia
561 1047 770 1101 merito
785 1041 1297 1116 reprehendatur?
1329 1041 1576 1096 Anforte
1604 1047 1768 1111 puta-

150 1136 208 1190 tis
235 1150 346 1190 non
375 1134 545 1189 licere
566 1133 710 1198 fieri,
745 1150 882 1189 cum
913 1149 1029 1187 non
1066 1149 1164 1186 vos
1179 1132 1355 1186 lateat
1376 1130 1539 1201 quod
1569 1129 1770 1184 Domi-

148 1240 243 1279 nus
270 1223 524 1278 Christus
553 1226 732 1279 etiam
764 1239 901 1278 cum
952 1221 1194 1277 diabolo
1236 1221 1310 1275 de
1358 1222 1504 1288 Lege
1538 1220 1770 1274 locutus

150 1319 220 1368 est
243 1313 467 1384 (Matth.
500 1330 574 1378 iv,
617 1314 672 1384 4)
707 1312 904 1384 ;quod
929 1328 1064 1366 cum
1106 1309 1292 1365 Paulo
1341 1309 1614 1380 apostolo
1647 1325 1769 1364 non

147 1402 308 1457 solum
333 1402 540 1466 Judaei,
597 1401 702 1457 sed
743 1403 921 1456 etiam
976 1401 1048 1455 de
1098 1401 1307 1455 haeresi
1349 1399 1682 1454 Stoicorum
1717 1404 1772 1453 et

150 1491 546 1562 Epicureorum
566 1491 907 1564 philosophi
928 1493 1201 1547 Gentium
1216 1489 1595 1544 contulerunt
1614 1489 1768 1558 (Act.

150 1597 257 1645 xvn,
293 1582 373 1650 l8)
402 1580 429 1634 ‘I
457 1596 537 1636 an
567 1580 711 1635 forte
744 1582 868 1635 istas
897 1581 1056 1648 leges
1077 1579 1478 1649 Imperatoris,
1515 1593 1616 1632 vos
1647 1593 1766 1631 non

148 1672 467 1740 permittunt
491 1676 732 1725 nostros
760 1671 1077 1741 episcopos
1111 1672 1341 1723 vestros
1385 1668 1489 1739 qui
1537 1672 1677 1720 sunt
1713 1667 1772 1720 in

148 1760 358 1828 regione
400 1760 793 1831 Hipponensi,
823 1760 925 1815 ubi
967 1776 1001 1815 a
1030 1759 1234 1813 vestris
1253 1762 1419 1812 tanta
1449 1757 1605 1812 mala
1628 1757 1776 1827 pati-

151 1865 278 1911 mur,
309 1851 645 1905 convenite.
683 1852 918 1916 Quanto
950 1849 1112 1904 enim
1133 1848 1411 1903 licentius
1437 1851 1493 1901 et
1524 1846 1772 1901 liberius

149 1937 209 1992 ad
237 1953 360 2004 nos,
394 1954 500 2010 per
534 1945 761 1994 vestros
786 1945 974 1994 vestra
1023 1938 1262 2008 scripta,
1314 1953 1499 2008 quam
1565 1951 1773 1991 eorum

150 2042 290 2081 arma
314 2028 675 2098 perveniunt
700 2028 727 2082 ‘I

211 2117 281 2170 lt.
316 2119 624 2172 Postremo
640 2118 898 2187 peristos
922 2117 1083 2187 ipsos
1113 2116 1321 2171 fratres
1344 2120 1601 2172 nostros.
1621 2128 1774 2186 quos

151 2203 212 2258 ad
224 2220 315 2260 vos
329 2207 634 2270 misimus,
661 2205 804 2260 talia
817 2205 1134 2261 rescribite.
1159 2205 1216 2261 Si
1230 2209 1430 2260 autem
1450 2204 1629 2258 ethoc
1655 2219 1773 2258 non

153 2293 538 2358 vultis,saltem
555 2311 696 2351 cum
717 2296 969 2350 vestrisa
995 2294 1208 2365 quibus
1225 2296 1362 2350 talia
1392 2295 1650 2366 patimur
1664 2309 1773 2347 nos

153 2383 666 2441 audite.Ostendite
693 2384 865 2440 nobis
879 2385 1207 2451 veritatem,
1230 2399 1337 2455 pro
1370 2399 1491 2454 qua
1521 2399 1623 2437 vos
1657 2382 1775 2452 pati

151 2473 314 2527 dicitis
329 2476 830 2544 persecutionem,
851 2490 990 2528 cum
1007 2474 1305 2544 patiamur
1319 2489 1427 2528 nos
1445 2477 1776 2527 vestrorum

153 2565 345 2615 tantam
362 2562 801 2617 crudelitatem.
825 2564 881 2618 Si
899 2566 1057 2617 enim
1074 2578 1182 2616 nos
1195 2579 1326 2616 esse
1355 2563 1411 2616 in
1428 2577 1623 2616 errore
1641 2576 1778 2616 con-

154 2649 392 2714 viceritis,
411 2651 566 2706 forte
581 2651 917 2706 concedetis
944 2651 1115 2706 nobis
1131 2657 1192 2706 ut
1208 2667 1322 2706 non
1341 2651 1778 2722 rebaptizemur

151 2755 176 2791 a
207 2740 629 2810 vobis,justum
645 2741 1052 2795 existimantes
1070 2746 1131 2794 ut
1147 2739 1313 2794 nobis
1329 2741 1440 2794 hoc
1465 2740 1775 2810 praestetis,

148 2828 229 2897 qui
254 2828 535 2898 baptizati
565 2846 776 2884 sumus
805 2830 882 2884 ab
897 2829 978 2883 eis
1003 2845 1156 2901 quos
1183 2828 1582 2899 nullojudicio
1613 2829 1779 2882 dam-

150 2918 320 2983 nastis,
355 2919 526 2990 quod
562 2919 910 2988 praestitistis
932 2919 1017 2972 eis
1049 2934 1203 2989 quos
1238 2918 1562 2973 Felicianus
1589 2918 1782 2973 Musti-

149 3009 290 3060 tauus
319 3015 373 3061 et
405 3008 793 3062 Prwtestatus
824 3009 1208 3062 Assurinatus
1234 3023 1337 3078 per
1377 3011 1496 3061 tam
1532 3007 1778 3076 longum

149 3099 354 3167 tempus
368 3096 1103 3168 baptizaverant,quando
1117 3112 1218 3151 eos
1238 3112 1343 3167 per
1367 3095 1576 3166 judicu
1590 3114 1640 3149 in
1655 3097 1674 3166 j
1688 3112 1781 3150 us-

151 3185 277 3240 sade
291 3186 561 3241 basilicis
587 3185 802 3255 pellere
833 3185 1396 3257 conabamini,quia
1426 3185 1782 3241 Maximiano

151 3276 686 3340 communicabant,
713 3291 850 3329 cum
881 3291 1005 3346 quo
1027 3292 1063 3330 a
1093 3275 1260 3330 vobis
1289 3275 1346 3329 in
1367 3275 1619 3330 concilio
1662 3274 1780 3329 Ba-

151 3365 366 3431 gaitano
383 3381 673 3436 expresse
688 3363 1164 3435 nominatimque
1176 3363 1443 3419 damnati
1472 3370 1626 3418 sunt.
1644 3365 1784 3428 Quae

153 3455 328 3508 omnia
344 3455 571 3524 Gestisj
585 3453 937 3508 udicialibus
953 3461 1008 3508 et
1027 3453 1486 3524 municipalibus
1507 3453 1786 3508 demons-

152 3547 371 3608 tramus,
403 3543 502 3598 ubi
532 3550 587 3596 et
617 3544 814 3613 ipsum
841 3543 1160 3597 concilium
1178 3549 1437 3597 vestrum
1465 3542 1782 3612 allegastis,

153 3629 274 3685 dum
301 3632 806 3704 vultisjudicibus
835 3631 1145 3686 ostendere
1171 3631 1334 3704 quod
1369 3631 1786 3686 schisinaticos

159 3727 355 3776 vestros
387 3724 463 3775 de
493 3721 759 3777 basilicis
788 3721 1100 3792 pelleretis.
1135 3724 1412 3775 Ettamen
1435 3721 1536 3791 qui
1558 3721 1635 3774 ab
1657 3720 1788 3790 ipso

155 3811 357 3867 semine
379 3812 666 3874 Abrahae,
695 3811 752 3865 in
779 3827 900 3882 quo
929 3826 1141 3865 omnes
1176 3821 1380 3878 gentes
1414 3809 1788 3864 benedicun-

157 3904 229 3954 tur
255 3901 414 3971 (Gen.
474 3917 622 3963 xxii,
665 3901 765 3971 l8),
828 3901 1093 3955 schisma
1145 3899 1383 3962 fecistis,
1420 3899 1492 3952 de
1526 3897 1792 3953 basilicis

158 3989 274 4058 pelli
302 4008 421 4046 non
448 3990 651 4056 vultis,
684 4005 803 4044 non
839 4005 941 4060 per
961 3989 1218 4061 judices,
1275 3989 1426 4042 sicut
1456 3987 1791 4042 schismati-

156 4079 226 4132 cis
259 4083 461 4135 vestris
503 4095 612 4134 vos
637 4078 876 4143 fecistis,
909 4078 1011 4133 sed
1043 4095 1144 4148 per
1198 4079 1361 4148 ipsos
1390 4091 1558 4145 reges
1598 4082 1790 4143 terrm,

156 4169 242 4236 qui
283 4169 590 4241 completa
620 4167 931 4240 prophetia
961 4169 1260 4223 Christum
1307 4165 1586 4231 adorant,
1629 4165 1793 4238 apud

157 4271 290 4326 quos
315 4259 705 4314 Caecilianum
735 4266 1087 4312 accusantes
1122 4256 1254 4311 victi
1289 4255 1637 4310 recessistis.

219 4350 297 4401 l2.
327 4350 381 4404 Si
410 4353 743 4404 autemnec
765 4346 971 4400 audire
999 4344 1336 4400 necdocere
1365 4360 1470 4400 nos
1487 4344 1682 4413 vultis,
1704 4360 1798 4398 ve-

159 4435 264 4490 nite
293 4443 394 4491 aut
421 4436 632 4492 mittite
681 4435 995 4490 nobiscum
1022 4436 1083 4490 in
1117 4435 1422 4503 regionem
1458 4433 1800 4504 Hipponen-

159 4525 317 4590 sium,
347 4527 454 4598 qui
497 4525 738 4580 videant
781 4530 1079 4580 armatum
1124 4523 1448 4578 exercitum
1485 4528 1748 4576 vestrum
1785 4538 1799 4587 ;

160 4617 421 4684 quamvis
459 4613 662 4670 nullus
707 4613 873 4668 miles
906 4629 1156 4668 numero
1196 4628 1504 4668 armorum
1553 4627 1800 4666 suorum

161 4704 364 4759 calcem
397 4711 455 4760 et
489 4709 726 4758 acetum
753 4703 984 4757 addidit
1006 4701 1303 4757 adoculos
1320 4699 1801 4756 barbarorum.Si

165 4806 340 4863 neque
354 4794 470 4848 hoc
489 4791 683 4856 vultis,
705 4791 909 4846 saltem
925 4790 1160 4845 scribite
1192 4789 1267 4845 ad
1288 4789 1438 4852 illos,
1467 4790 1670 4858 utjam
1691 4790 1804 4844 ista

164 4896 268 4936 non
295 4881 541 4945 faciant,
573 4887 632 4935 ut
654 4882 785 4952 jam
810 4895 871 4935 se
893 4897 928 4934 a
954 4879 1225 4934 caedibus
1248 4877 1486 4941 nostris,
1516 4894 1551 4932 a
1577 4877 1803 4947 rapinis

166 4969 642 5027 abexcmcatione
656 4974 1061 5040 compescant.
1078 4967 1365 5024 Nolumus
1383 4968 1608 5022 dicere:
1637 4967 1807 5020 Dam-

166 5065 289 5116 nate
310 5061 462 5116 illos.
493 5062 603 5115 Vos
632 5058 792 5114 enim
811 5058 1074 5112 videritis
1095 5056 1404 5129 quomodo
1436 5071 1539 5110 vos
1574 5071 1693 5108 non
1726 5054 1803 5108 in-

168 5150 420 5218 quinent,
451 5164 606 5220 quos
629 5147 810 5202 modo
831 5147 1207 5202 ostendimus
1229 5144 1285 5198 in
1321 5149 1513 5198 vestra
1536 5159 1808 5199 commu-

170 5236 331 5292 nione
363 5239 646 5302 latrones,
703 5243 760 5292 et
807 5251 916 5290 nos
950 5235 1260 5305 inquinent
1307 5249 1460 5303 quos
1495 5247 1809 5301 nunquam

225 5345 239 5373 ¹
263 5341 370 5390 Edd
401 5357 411 5388 :
443 5342 540 5390 Sed
567 5342 678 5389 ideo
695 5355 785 5388 nos
801 5341 1048 5390 conferre.
1069 5341 1132 5388 At
1159 5337 1281 5386 Mss.
1307 5350 1414 5390 sex.
1438 5350 1542 5385 vos.
1575 5336 1638 5384 Et
1654 5338 1811 5389 recte,

176 5403 435 5452 referende
477 5405 538 5453 al
568 5405 848 5466 episcopos
877 5397 1593 5466 Catholicos_et_Donat_istas
1627 5412 1642 5466 :_
1677 5397 1816 5446 vide-

180 5469 356 5532 turque
391 5481 498 5532 non
531 5461 897 5532 posthabendi:
939 5479 1123 5532 eorum
1173 5462 1302 5532 C_dd.
1342 5462 1528 5532 lectio,
1556 5461 1668 5532 qui,
1692 5472 1814 5532 mox

179 5521 357 5580 habent
384 5545 393 5576 :
414 5521 557 5588 Quod
577 5530 620 5577 si
637 5530 728 5577 hoc
758 5529 922 5594 facere
941 5528 1107 5578 nostri
1128 5524 1350 5590 episcopi
1373 5521 1634 5572 noluerint
1650 5521 1806 5587 [nos].

3422 107 3527 164 3l0

1879 249 2156 319 potuistis
2186 251 2499 307 ostendere
2523 253 2856 310 traditores.
2893 257 2972 310 Ex
2992 255 3085 310 his
3118 252 3402 310 omnibus
3433 252 3530 307 eli-

1879 339 1993 407 gite
2016 339 2176 410 quod
2209 340 2523 396 volueritis.
2561 343 2615 397 Si
2649 349 2845 399 autem
2871 344 3142 415 querelas
3164 349 3366 398 nostra
3390 357 3528 397 con-

1879 428 2253 497 tempseritis,
2289 445 2396 484 nos
2431 431 2673 486 minime
2707 433 3015 503 paenitebit
3040 433 3247 488 ordine
3280 429 3529 503 paciﬁco

1880 532 2056 585 agere
2073 517 2342 572 voluisse.
2364 519 2560 574 Aderit
2577 523 2862 576 Dominus
2877 521 3148 576 Ecclesia:
3166 537 3312 582 sum,
3342 525 3402 573 ut
3424 534 3528 572 vos

1880 606 2076 676 potius
2091 606 2481 662 humilitatem
2501 614 2762 663 nostram
2779 610 3210 680 contempsisse
3227 608 3527 679 pmniteat.

2311 697 2642 753 EPISTOLA
2686 699 2950 753 Lxxx1.\"
2999 700 3097 770 (a).

1879 784 2244 853 Augustinus
2276 786 2460 848 Festo,
2497 787 2706 842 docens
2731 794 2878 843 recte
2903 790 3117 858 legibus
3149 786 3391 857 reprimi
3414 785 3528 839 Do-

1951 875 2201 928 natistas
2230 880 2324 941 ,-et
2357 875 2624 931 indicans
2648 878 2708 930 in
2742 881 2972 946 regione
2996 877 3364 943 Hipponensi
3386 889 3528 927 non-

1950 962 2088 1016 dum
2117 978 2204 1017 eos
2237 963 2395 1017 Festi
2426 964 2634 1019 litteris
2676 973 2988 1031 correctos,
3020 965 3121 1020 sed
3151 964 3349 1019 adhuc
3375 963 3528 1015 into-

1953 1051 2268 1106 lerabiliter
2289 1056 2577 1120 grassari.

1882 1140 2134 1195 Domino
2166 1141 2552 1197 dilectissimo
2593 1147 2649 1197 et
2679 1142 3014 1198 honorabili
3047 1158 3116 1197 ac
3145 1138 3531 1211 suscipiendo

1981 1229 2101 1283 tilio
2141 1231 2334 1292 Fesro,
2364 1234 2741 1297 AUGUSTINUS,
2776 1233 2833 1286 in
2869 1233 3119 1287 Domino
3154 1230 3429 1284 salutem.

1959 1326 2002 1374 l.
2037 1320 2090 1374 Si
2108 1336 2215 1390 pro
2238 1336 2432 1374 errore
2455 1321 2728 1376 homines
2746 1325 2801 1375 et
2822 1317 3531 1375 damnabilidissensione

1882 1416 1935 1464 et
1976 1410 2245 1463 convicta
2279 1410 2473 1463 modis
2504 1411 2790 1464 omnibus
2833 1410 3080 1465 falsitate
3117 1414 3280 1463 tanta
3308 1421 3533 1478 praesu-

1883 1503 2073 1562 munt,
2093 1503 2153 1551 ut
2170 1514 2375 1552 eorum
2393 1498 2642 1552 salutem
2669 1499 2985 1570 requirenti
3006 1497 3314 1553 catholicae
3346 1493 3533 1548 Eccle-

1883 1589 1986 1642 site
2009 1593 2127 1642 tam
2152 1587 2435 1642 audacter
2459 1587 2725 1642 insidiari
2759 1588 3092 1658 minarique
3118 1601 3236 1642 non
3261 1588 3530 1647 cessent;

1884 1683 2108 1748 quanto
2128 1677 2320 1744 magis
2345 1692 2586 1746 aequum
2619 1682 2726 1740 est,
2764 1683 2817 1731 et
2848 1680 3080 1746 oportet
3109 1691 3210 1729 eos
3241 1673 3342 1744 qui
3371 1671 3532 1741 pacis

1884 1765 2199 1821 etunitatis
2223 1765 2553 1820 christiana:
2589 1770 2864 1819 asserunt
2890 1765 3214 1826 veritatem,
3251 1761 3534 1815 omnibus

1885 1855 2062 1910 etiam
2086 1853 3105 1909 dissimulantibusetcohibentibus
3132 1851 3531 1913 manifestam,

1886 1950 2153 2013 satagere
2189 1944 2474 1998 instanter
2507 1949 2685 2013 atque
2735 1943 3006 2012 impigre,
3045 1957 3162 1996 non
3199 1939 3393 1994 solum
3429 1951 3534 2007 pro

1886 2049 2092 2088 eorum
2142 2033 2471 2086 munimine
2503 2033 2606 2103 qui
2651 2033 2778 2102 jam
2807 2031 3083 2086 catholici
3119 2033 3278 2093 sunt,
3325 2041 3535 2081 verum

1886 2122 2065 2176 etiam
2113 2137 2220 2192 pro
2251 2137 2458 2175 eorum
2500 2121 2861 2175 correctione
2893 2119 2994 2190 qui
3027 2117 3296 2173 nondum
3326 2117 3465 2168 sunt
3506 2112 3534 2167 ‘f

1888 2213 2029 2266 Nam
2051 2211 2096 2265 si
2123 2210 2444 2281 pertinacia
2471 2209 2905 2279 insuperabiles
2933 2210 3080 2262 vires
3113 2206 3334 2261 habere
3359 2218 3536 2258 cona-

1885 2302 2275 2371 tur,quantas
2307 2299 2472 2353 decet
2503 2298 2721 2353 habere
2753 2296 3178 2364 constantiam,
3217 2310 3352 2365 quae
3381 2292 3441 2346 in
3465 2306 3536 2346 eo

1885 2391 2047 2446 bono
2070 2388 2231 2461 quod
2265 2394 2710 2459 perseveranter
2735 2391 2915 2458 atque
2946 2382 3388 2453 infatigabiliter
3418 2380 3540 2449 agit

1889 2486 1944 2536 et
1978 2477 2339 2549 Deoplacere
2371 2492 2430 2531 se
2464 2475 2647 2541 novit,
2670 2481 2721 2530 et
2753 2474 2958 2546 procul
2982 2473 3166 2528 dubio
3200 2487 3320 2526 non
3345 2472 3541 2541 potest

1887 2568 2236 2624 hominibus
2266 2565 2659 2637 prudentibus
2699 2563 3008 2634 displicere
3039 2561 3068 2615 ἳ

1959 2663 2010 2712 2.
2055 2657 2207 2722 Quid
2230 2662 2429 2710 autem
2464 2654 2753 2709 infelicius
2786 2658 2965 2724 atque
2993 2650 3354 2722 perversius,
3385 2647 3541 2702 sicut

1893 2748 2212 2803 Donatistae
2259 2745 2498 2807 faciunt,
2547 2744 2648 2813 qui
2699 2759 2760 2797 se
2794 2741 3270 2814 persecutionem
3315 2737 3540 2808 perpeti

1889 2837 2236 2906 gloriantur,
2261 2851 2442 2905 quam
2463 2833 2535 2887 de
2553 2833 2906 2886 coercitione
2927 2827 3250 2900 iniquitatis
3275 2843 3398 2881 sum
3419 2840 3538 2880 non

1891 2927 2084 2980 solum
2118 2924 2346 2978 nescire
2382 2921 2688 2983 confundi,
2728 2919 2831 2974 sed
2867 2921 3046 2973 etiam
3078 2917 3225 2971 velle
3259 2914 3491 2971 laudari
3523 2933 3536 2982 ;

1890 3010 2506 3083 ignorantesceecitate
2527 3007 2801 3071 mirabili,
2839 3007 2927 3061 vel
2954 3005 3337 3060 animositate
3370 3002 3542 3057 dam-

1893 3102 2075 3159 nabili
2104 3118 2163 3156 se
2196 3099 2342 3154 scire
2361 3097 2826 3158 dissimulantes,
2856 3094 3017 3166 quod
3049 3099 3340 3164 martyres
3370 3107 3541 3145 veros

1893 3209 2011 3248 non
2028 3191 2209 3247 faciat
2236 3203 2435 3260 paena,
2457 3186 2561 3241 sed
2580 3201 2761 3240 causa
2781 3183 2808 3238 ?
2839 3186 2898 3238 Et
2924 3184 3035 3237 hoc
3056 3181 3300 3253 quidem
3333 3181 3540 3236 advero

1897 3299 1998 3336 sus
2029 3297 2131 3336 eos
2154 3279 2434 3342 dicerem,
2467 3290 2621 3347 quos
2655 3274 2782 3330 sola
2813 3272 3002 3340 caligo
3029 3269 3287 3326 hmretici
3326 3267 3542 3323 erroris

1895 3370 2239 3432 involveret,
2269 3382 2377 3439 pro
2417 3381 2538 3437 quo
2570 3363 2877 3431 sacrilegio
2910 3376 3119 3432 pennas
3159 3357 3543 3426 dignissimas

1895 3461 2144 3523 luerent,
2170 3474 2277 3513 nec
2294 3464 2488 3511 tamen
2507 3453 2625 3508 ulla
2646 3466 3018 3524 queinquam
3038 3447 3294 3505 violenta
3316 3446 3547 3501 insania

1895 3550 2109 3605 laedere
2128 3543 2741 3602 anderent.Adversus
2764 3545 2963 3596 autem
2984 3539 3122 3593 istos
3148 3536 3292 3608 quid
3323 3535 3544 3599 dicam,

1897 3655 2154 3711 quorum
2179 3644 2298 3690 tam
2322 3633 2651 3704 perniciosa
2670 3630 3044 3701 perversitas,
3071 3627 3160 3682 vel
3183 3627 3548 3681 damnorum

1901 3736 2118 3785 terrore
2132 3729 2453 3786 coercetur,
2471 3719 2814 3774 veldocetur
2839 3715 3049 3771 exsilio
3071 3715 3293 3787 quam'
3325 3712 3551 3782 ubique

1901 3817 2118 3872 diffusa
2141 3815 2214 3868 sit
2238 3809 2512 3878 Ecclesia,
2536 3809 2686 3862 sicut
2709 3806 2905 3861 futura
2928 3804 3213 3876 praedicta
3239 3808 3344 3865 est,
3364 3815 3552 3871 quam

1903 3907 2133 3962 malunt
2158 3914 2508 3972 oppugnare
2535 3913 2710 3969 quam
2737 3908 3064 3964 agnoscere
3094 3892 3122 3947 ‘I
3155 3894 3220 3945 Et
3250 3890 3295 3944 si
3321 3904 3392 3943 ea
3415 3903 3553 3957 quas

1904 4011 2008 4067 per
2021 3988 2643 4049 misericordissimam
2658 3983 3036 4054 disciplinam
3053 3982 3377 4052 patiuntur,
3395 3991 3557 4030 com-

1903 4065 2190 4157 parentur
2206 4081 2288 4134 eis
2313 4078 2479 4133 factis
2507 4091 2640 4147 quae
2663 4073 2889 4129 furiosa
2932 4071 3258 4127 temeritate
3281 4065 3559 4122 commit-

1907 4179 2057 4239 tunt,
2085 4170 2220 4243 quis
2251 4184 2370 4224 non
2404 4167 2617 4230 videat,
2651 4163 2752 4234 qui
2785 4162 2979 4231 magis
3019 4162 3427 4232 persecutores
3452 4169 3557 4209 vo-

1907 4263 2083 4321 candi
2121 4260 2304 4314 sunt?
2331 4259 2690 4325 Quanquam
2742 4251 2844 4306 filii
2891 4249 3029 4304 mali
3061 4264 3132 4303 eo
3173 4250 3406 4302 tantum
3437 4258 3559 4314 quo

1909 4352 2132 4424 perdite
2158 4343 2615 4411 vivunt,etiamsi
2632 4341 2825 4396 nullas
2846 4339 3131 4394 violenter
3156 4335 3411 4390 inferant
3437 4347 3559 4386 ma-

1909 4458 2046 4506 nus,
2107 4442 2420 4510 parentum
2473 4431 2753 4503 pietatem
2805 4428 3045 4496 gravius
3090 4428 3557 4494 persequuntur,

1910 4509 2261 4601 quamcum
2293 4523 2423 4578 illos
2455 4527 2621 4591 pater
2651 4523 2752 4573 aut
2777 4522 2984 4579 mater,
3012 4520 3240 4585 quanto
3295 4509 3557 4580 amplius

1911 4597 2184 4688 diligunt,
2211 4617 2371 4667 tanto
2401 4607 2660 4678 amplius
2693 4605 2768 4660 ad
2806 4604 3030 4659 bonam
3061 4602 3244 4657 vitam
3280 4599 3405 4654 sine
3439 4597 3560 4653 ulla

1912 4701 2387 4763 dissimulatione
2418 4694 2801 4766 compellunt.

1986 4801 2038 4850 3.
2072 4794 2312 4847 Exstant
2339 4785 2717 4860 publicorum
2739 4784 3264 4838 monumentorum
3297 4775 3566 4831 ﬁrmissi-

1918 4902 2012 4941 ma
2055 4885 2438 4941 documenta,
2471 4891 2606 4946 quas
2635 4878 2803 4944 potes
2827 4871 3020 4940 legere
3053 4869 3100 4924 si
3131 4867 3409 4930 volueris,
3444 4866 3566 4918 imo

1917 4980 2055 5047 peto
2082 4979 2142 5026 et
2169 4970 2371 5024 hortor
2393 4971 2454 5020 ut
2480 4965 2680 5033 legas;
2705 4961 2924 5032 quibus
2948 4953 3415 5047 probaturquod
3443 4967 3567 5006 ma-

1914 5043 2075 5135 iores
2090 5075 2294 5116 eorum
2312 5055 2413 5128 qui
2427 5053 2601 5126 primi
2617 5067 2676 5107 se
2691 5052 2768 5107 ab
2783 5050 3051 5105 Ecclesiae
3065 5062 3206 5118 pace
3219 5043 3564 5108 diviserunt,

1985 5219 1997 5233 ο
2025 5202 2101 5251 Ad
2133 5217 2178 5249 a.
2215 5199 2302 5262 bg.
2334 5198 2409 5262 bl.
2443 5211 2486 5244 c.
2521 5209 2596 5244 cc.
2632 5193 2683 5262 α’.
2714 5207 2764 5262 8,.
2797 5206 2888 5262 gv.
2922 5202 2975 5262 13‘.
3013 5202 3052 5262 ις.
3081 5201 3130 5262 ξε
3153 5184 3231 5262 8ὗέ
3260 5181 3466 5262 tlduos
3487 5194 3570 5230 vc.

1922 5247 2158 5331 qua-tuor
2184 5247 2462 5331 v.‘_c_o_llata
2491 5261 2587 5312 est,
2614 5247 2759 5331 @an
2798 5247 3338 5331 §211§%d.‘§X:-I:2:.
3369 5307 3472 5331 an:

1987 5308 2220 5391 (hi—alias
2256 5308 2340 5391 1:677
2380 5337 2390 5369 :
2439 5333 2557 5383 qum
2577 5308 2770 5367 autem
2805 5317 2862 5362 89
2899 5316 3025 5367 erat,
3064 5323 3210 5359 nunc
3232 5309 3339 5357 157.
3369 5308 3575 5370 Scripta

1925 5393 2065 5442 circa
2095 5390 2234 5436 idem
2271 5390 2500 5444 tempus.
2775 5439 2787 5444 _
2861 5438 2908 5444 __
3049 5435 3076 5444 Α
3129 5435 3143 5444 _
3307 5434 3316 5444 ,
3404 5433 3413 5443 ,
3519 5432 3530 5443 ,

1988 5435 2272 5514 ίνῐήηηρῆυε
2291 5435 2441 5500 Edd.,
2469 5456 2620 5514 gitana
2658 5439 2788 5514 quod
2821 5438 3024 5514 ubique;
3048 5435 3146 5508 Sed
3170 5435 3496 5514 coqcinnin‘s.
3519 5435 3572 5482 in

1935 5498 2316 5566 Mss—.is'ublato
2348 5498 2497 5577 quod,
2525 5498 2767 5559 habetur,
2791 5498 2941 5567 quam
2970 5500 3156 5563 ubique
3185 5498 3388 5564 diffusa,
3418 5501 3517 5547 etc.
