3996 6158
487 106 586 161 311

488 212 642 269 ultro
668 225 773 284 per
800 209 1119 267 Anulinum
1151 209 1290 262 tunc
1310 198 1724 275 proconsulem
1759 197 1918 272 apud
1954 200 2134 253 Cons-

488 301 787 358 tantinum
808 300 1224 369 imperatorem
1253 307 1535 347 accusare
1558 289 1687 346 ausi
1720 294 1859 343 sunt
1879 284 2134 342 Caecilia-

488 406 655 447 num.
698 390 761 443 In
793 403 913 460 quo
937 386 1138 456 utique
1164 381 1391 452 judicio
1423 382 1472 436 si
1511 380 1805 443 vicissent,
1840 375 1989 447 quid
2014 379 2135 430 erat

488 479 829 536 Cascilianus
861 474 938 530 ab
971 476 1327 544 lmperatore
1368 485 1681 542 passurus,
1730 467 1835 521 nisi
1867 464 2031 537 quod
2074 464 2134 518 in

488 570 629 623 istos
665 571 1058 636 posteaquam
1084 561 1216 615 victi
1251 563 1392 613 sunt
1424 554 1876 629 pronuntiavit?
1907 552 2022 608 Sed
2057 552 2137 607 vi-

489 655 695 710 delicet
726 653 771 707 si
802 653 886 707 eis
909 648 1331 706 accusantibus
1362 651 1540 719 atque
1564 643 1983 717 superantibus
2016 645 2133 697 Cae-

489 743 740 799 cilianus
766 742 1016 812 ejusque
1040 738 1281 805 collegis
1307 736 1661 807 pellerentur
1685 732 1948 798 sedibus,
1980 746 2134 804 quas

488 832 794 894 tenebant,
812 828 903 883 vel
930 829 1105 883 etiam
1127 828 1184 881 in
1212 841 1321 880 sua
1339 821 1781 896 conspiratione
1813 820 2133 875 durantes1

493 922 734 991 gravius
760 918 1114 991 punirentur
1155 928 1373 986 (neque
1400 915 1560 968 enim
1617 916 1842 983 poterat
1875 910 2057 964 victos
2085 913 2139 963 et

491 1012 831 1066 resistentes
876 1008 1033 1076 regia
1073 1020 1327 1059 censura
1376 1003 1774 1069 contemnere)
1812 1015 1826 1065 ;
1868 1004 2008 1054 tunc
2047 998 2139 1052 isti

492 1100 895 1173 provisionem
915 1112 1084 1150 suam
1102 1100 1157 1149 et
1182 1109 1285 1164 pro
1311 1091 1569 1147 Ecclesia
1590 1089 1902 1145 sollicitam
1931 1103 2140 1142 curam

492 1186 939 1261 prmdicandam
992 1182 1272 1239 laudibus
1333 1180 1696 1235 ventilarent.
1730 1181 1895 1234 Nunc
1938 1182 2142 1232 autem

493 1275 639 1348 quia
670 1274 783 1346 ipsi
814 1273 1072 1345 superati
1108 1276 1264 1335 sunt,
1297 1269 1441 1342 quia
1465 1284 1535 1323 ea
1566 1284 1703 1339 quas
1732 1265 2141 1330 intendebant,

492 1364 748 1435 probare
784 1363 1027 1417 minime
1048 1364 1389 1432 potuerunt,
1416 1357 1461 1411 si
1493 1357 1635 1429 quid
1659 1372 1763 1427 pro
1794 1372 1901 1411 sua
1933 1354 2145 1426 iniqui-

493 1458 608 1509 tate
639 1452 963 1523 patiunlur,
992 1448 1465 1521 persecutionem
1485 1452 1701 1501 vocant
1734 1462 1748 1511 ;
1779 1460 1886 1500 nec
1913 1450 2145 1499 tantum

478 1541 753 1596 furorem
775 1541 1070 1611 perditum
1097 1537 1343 1591 minime
1362 1536 1709 1607 reprimunt,
1737 1549 1939 1588 verum
1964 1532 2142 1587 etiam

494 1630 782 1685 honorem
804 1634 1135 1699 martyrum
1154 1630 1432 1697 quaerunt
1455 1623 1657 1697 :quasi
1676 1639 1815 1677 vero
1848 1620 2147 1677 christiani

496 1718 771 1773 catholici
794 1718 1182 1788 imperatores
1198 1714 1491 1769 adversus
1520 1729 1726 1767 eorum
1752 1710 2148 1783 pertinacissi-

498 1824 665 1862 mam
699 1807 1065 1877 iniquitatem
1087 1804 1247 1858 aliud
1271 1808 1599 1874 sequantur
1619 1817 1803 1873 quam
1820 1799 2147 1855 Constanti-

498 1895 884 1969 nijudicium,
915 1894 1075 1965 apud
1093 1909 1275 1965 quem
1299 1892 1450 1947 ultro
1464 1890 2148 1947 Cmcilianiaccusatores

498 1985 757 2050 fuerunt,
778 1984 950 2055 cujus
980 1982 1392 2037 auctoritatem
1419 1980 1703 2036 omnibus
1732 1976 2149 2033 transmarinis

499 2073 799 2144 episcopis
818 2071 1222 2144 praetulerunt,
1251 2076 1311 2124 ut
1335 2084 1453 2126 non
1479 2068 1555 2123 ad
1573 2067 1723 2132 illos,
1745 2066 1848 2121 sed
1876 2067 1951 2121 ad
1984 2065 2150 2121 illum

500 2158 1340 2217 Ecclesimcausamdeferrent
1368 2176 1381 2223 ;
1416 2157 1569 2212 utab
1599 2172 1668 2212 eo
1690 2156 1897 2211 datum
1930 2155 1989 2209 in
2007 2154 2151 2209 urbe

500 2248 1411 2322 Romaepiscopalejudicium,in
1427 2263 1548 2319 quo
1565 2246 1821 2317 primum
1839 2243 1973 2299 victi
1989 2248 2148 2309 sunt,

499 2356 708 2396 rursus
736 2338 898 2409 apud
935 2338 1101 2393 illum
1134 2341 1483 2391 accusarent
1526 2352 1539 2402 ;
1576 2340 1635 2389 ut
1666 2334 1743 2389 ab
1774 2333 1957 2388 altero
1988 2331 2151 2404 apud

500 2429 801 2484 Arelatum
832 2428 974 2482 dato
1003 2424 1573 2497 episcOpalijudicio
1605 2423 1683 2479 ad
1704 2422 1866 2477 illum
1886 2420 2150 2493 appella-

499 2522 629 2572 rent
661 2534 673 2571 :
701 2516 862 2588 apud
891 2531 1067 2587 quem
1088 2521 1285 2569 tamen
1300 2512 1620 2569 novissime
1639 2512 1919 2583 superati,
1950 2510 2013 2566 in
2044 2526 2152 2565 sua

500 2603 888 2677 perversitate
914 2606 1389 2673 permanserunt.
1423 2601 1568 2655 Puto
1591 2599 1753 2672 quod
1786 2600 1911 2671 ipse
1935 2598 2147 2654 diabo-

500 2694 614 2756 lus,
632 2694 677 2746 si
699 2691 1044 2746 auctoritate
1070 2689 1287 2760 judicis
1307 2705 1483 2761 quem
1515 2690 1667 2744 ultro
1690 2688 1967 2758 elegerat,
1983 2688 2150 2743 toties

501 2782 855 2848 vinceretur,
889 2795 1009 2835 non
1037 2784 1193 2834 esset
1218 2783 1341 2834 tam
1372 2777 1693 2851 impudens
1724 2782 1785 2833 ut
1813 2776 1873 2832 in
1908 2792 1979 2833 ea
2014 2792 2153 2832 cau-

505 2887 571 2927 sa
598 2870 954 2941 persisteret.

575 2960 627 3014 4.
658 2959 769 3015 Sed
792 2958 919 3014 haec
948 2958 1218 3013 humana
1227 2956 1454 3027 judicia
1467 2955 1848 3028 deputentur,
1863 2955 2152 3011 etcircum

503 3049 692 3105 veniri
706 3064 775 3105 ac
789 3048 929 3115 falli,
946 3048 1035 3104 vel
1054 3048 1234 3104 etiam
1260 3046 1565 3118 corrumpi
1588 3048 1849 3119 potuisse
1863 3046 2150 3101 dicantur.

504 3140 616 3193 Cur
644 3153 786 3207 ergo
814 3137 1007 3194 adhuc
1039 3142 1359 3194 accusatur
1384 3136 1745 3191 christianus
1778 3136 1940 3191 orbis
1969 3140 2153 3190 terra-

502 3244 655 3293 rum,
682 3234 737 3283 et
768 3228 967 3283 nescio
994 3227 1214 3299 quibus
1244 3226 1597 3282 traditorum
1628 3224 1977 3280 criminibus
2010 3223 2154 3279 infa-

502 3324 698 3372 matur
727 3317 828 3387 qui
858 3317 1056 3387 utique
1088 3331 1194 3370 nec
1228 3316 1415 3386 potuit
1445 3331 1553 3370 nec
1578 3314 1784 3369 debuit
1816 3314 1924 3368 nisi
1958 3312 2154 3367 electis

495 3405 801 3475 judicibus
826 3404 1023 3474 potius
1040 3419 1225 3474 quam
1250 3403 1417 3457 victis
1443 3402 1834 3472 litigatoribus
1866 3402 2103 3456 credere
2126 3399 2155 3454 ?

486 3490 913 3567 ‘Habentapud
928 3491 1113 3545 Deum
1138 3490 1243 3560 illij
1257 3490 1457 3546 udices
1472 3507 1719 3546 causam
1735 3507 1905 3545 suam
1924 3490 2042 3544 sive
2056 3490 2153 3545 bo-

502 3594 642 3637 nam
677 3579 797 3634 sive
830 3579 1055 3635 malam
1082 3600 1094 3638 :
1130 3579 1274 3652 quid
1308 3578 1443 3635 fecit
1474 3578 1727 3634 Ecclesia
1756 3584 1874 3634 toto
1905 3579 2047 3633 orbe
2070 3578 2154 3633 di-

502 3666 673 3737 ﬂusa,
714 3684 849 3739 quae
880 3685 999 3724 non
1031 3668 1110 3725 ob
1134 3668 1295 3725 aliud
1318 3668 1396 3725 ab
1426 3668 1550 3723 istis
1575 3667 2002 3740 rebaptizanda
2022 3683 2153 3723 cen-

506 3762 688 3824 setur,
721 3758 833 3813 nisi
858 3758 1003 3830 quia
1028 3760 1087 3813 in
1110 3774 1181 3814 ea
1202 3774 1405 3823 causa,
1434 3758 1495 3813 in
1528 3774 1651 3830 qua
1677 3757 1821 3830 quid
1852 3757 1970 3812 veri
1998 3760 2154 3813 esset

496 3847 765 3917 judicare
797 3864 914 3903 non
948 3848 1156 3920 potuit,
1186 3849 1270 3903 eis
1300 3848 1499 3919 potius
1530 3847 1631 3918 qui
1644 3846 1913 3918 judicare
1946 3852 2153 3918 potue-

506 3943 665 4003 runt,
688 3953 873 4009 quam
900 3938 983 3992 eis
1006 3936 1107 4008 qui
1137 3952 1244 3992 nec
1268 3936 1525 4008 superati
1561 3942 1887 4001 cesserunt,
1906 3936 2156 3991 creden-

512 4026 655 4081 dum
674 4028 901 4098 putavit
920 4026 1001 4082 70
1027 4042 1314 4095 magnum
1335 4027 1556 4081 crimen
1576 4027 1843 4081 omnium
1865 4026 2151 4094 gentium,

511 4114 736 4185 quasin
751 4114 1243 4170 semineAbrahm
1257 4115 1700 4170 benedicendas
1714 4112 1990 4186 promisit
2006 4116 2156 4168 Deus

508 4202 682 4273 (Gen.
704 4218 839 4267 xxu,
872 4203 980 4271 18),
1005 4209 1061 4258 et
1078 4204 1227 4258 sicut
1245 4204 1517 4275 promisit
1537 4203 1802 4259 exhibuit
1827 4206 1838 4259 t
1860 4218 1996 4274 quae
2018 4218 2154 4257 cum

507 4307 631 4348 una
648 4308 793 4348 voce
819 4291 1089 4360 dixerint,
1114 4295 1305 4359 Quare
1328 4309 1437 4348 nos
1460 4292 1635 4348 vultis
1652 4292 2013 4364 rebaptizare
2040 4308 2155 4348 res-

506 4381 803 4455 pondetur
816 4382 919 4449 eis,
937 4383 1087 4449 Quia
1106 4384 1342 4438 nescitis
1362 4382 1464 4456 qui
1481 4381 1693 4437 fuerint
1709 4382 1767 4436 in
1784 4382 1972 4436 Africa
1989 4398 2156 4438 sanc-

503 4476 700 4528 torum
719 4471 1005 4528 Codicum
1026 4473 1357 4539 traditores,
1386 4479 1441 4527 et
1459 4472 1517 4528 in
1534 4488 1604 4527 eo
1620 4471 1784 4542 quod
1800 4472 2153 4527 nesciebatis

494 4560 799 4629 judicibus
830 4564 1023 4631 magis
1060 4578 1245 4635 quam
1293 4562 1738 4618 accusatoribus
1781 4562 2015 4617 credere
2051 4578 2150 4618 vo-

498 4648 711 4704 luistis.
738 4650 794 4705 Si
822 4651 1044 4706 crimen
1079 4652 1337 4707 alienum
1372 4667 1491 4707 non
1521 4655 1727 4723 gravat
1756 4667 2149 4724 quemquam,

497 4738 642 4810 quid
676 4739 925 4810 pertinet
951 4740 1027 4796 ad
1059 4740 1266 4797 orbem
1310 4746 1601 4796 terrarum
1650 4740 1807 4813 quod
1858 4740 1915 4795 in
1958 4741 2151 4797 Africa

496 4827 757 4900 quisque
779 4830 1079 4885 commisit
1104 4831 1131 4888 ?
1154 4830 1210 4886 Si
1238 4830 1462 4885 crimen
1482 4831 1850 4903 incognitum
1878 4846 1998 4886 non
2021 4847 2151 4901 gra-

498 4920 602 4972 vat
621 4932 1016 4989 quemquam,
1034 4919 1192 4973 unde
1212 4918 1572 4990 potuitorbis
1588 4924 1875 4974 terrarum
1900 4934 2149 4989 cognos-

498 5021 629 5062 cere
658 5006 749 5063 vel
776 5007 997 5063 crimen
1017 5007 1289 5077 judicum
1316 5006 1404 5062 vel
1438 5023 1671 5064 reorum
1697 5008 1724 5063 ?
1751 5008 2023 5064 Judicate
2044 5010 2147 5080 qui

496 5110 599 5151 cor
624 5095 875 5152 habetis.
915 5097 1048 5152 Haec
1080 5102 1163 5153 est
1192 5096 1472 5152 haeretica
1498 5098 1746 5168 justitia,
1786 5102 1847 5153 ut
1876 5098 2020 5170 quia
2050 5115 2148 5154 or-

496 5182 587 5237 bis
609 5188 900 5242 terrarum
924 5201 1041 5242 non
1063 5187 1314 5242 damnat
1334 5186 1556 5241 crimen
1585 5186 1975 5258 incognitum,
2005 5204 2145 5260 pars

500 5269 712 5327 Donati
744 5273 991 5331 damnet
1032 5277 1239 5332 orbem
1301 5281 1588 5332 terrarum
1640 5276 1995 5332 inauditum.
2032 5277 2143 5332 Sed

499 5373 641 5412 sane
662 5361 1019 5420 suﬁicitorbi
1040 5372 1328 5422 terrarum
1352 5371 1544 5422 tenere
1572 5367 1999 5438 promissiones
2026 5369 2140 5437 Dei,

563 5465 723 5527 ‘Mss,
759 5471 864 5521 tres
900 5472 1068 5525 Vatic.
1102 5474 1425 5537 durantibuti

1765 92 1825 147 δ.
1868 73 2248 145 sueusﬂm
2290 85 2617 142 EPISCOPI

3538 146 3585 171 κ
3760 90 3856 146 312

2242 199 2299 251 et
2328 194 2389 249 in
2422 210 2484 249 se
2516 192 2714 250 videre
2740 194 3016 267 compleri
3038 194 3202 266 quod
3232 194 3531 266 Propheta
3570 198 3722 252 tanto
3738 202 3858 254 ante

2243 284 2622 349 cecinerunt;
2656 284 2712 338 in
2747 283 2977 340 eisdem
3011 286 3323 357 Scripturis
3355 299 3666 354 agnoscere
3695 285 3861 342 Eccle-

2244 373 2415 436 siam,
2435 372 2534 427 ubi
2554 378 2610 428 et
2628 389 2725 428 rex
2762 373 2887 443 ejus
2915 374 3178 429 Christus
3208 374 3566 446 agnoscitur.
3594 374 3694 429 Ubi
3718 375 3857 428 enim

2245 463 2319 517 de
2358 460 2588 517 Christo
2618 460 2762 516 talia
2786 463 3070 531 praedicta
3094 468 3256 530 sunt,
3284 462 3485 535 qualia
3510 461 3787 533 completa
3809 462 3860 517 in

2250 550 2563 620 Evangelio
2594 550 2870 620 legimus,
2902 552 3019 607 illic
3043 551 3330 623 praedicta
3352 556 3490 606 sunt
3518 551 3590 605 de
3611 551 3861 618 Ecclesia,

2246 639 2452 711 qualia
2482 640 2768 710 compleri
2802 646 2923 696 toto
2953 641 3098 697 orbe
3115 642 3242 713 jam
3265 641 3581 695 cernimus.

2319 742 2368 793 5.
2403 739 2513 793 Nisi
2537 736 2683 793 forte
2710 753 3081 811 quemquam
3102 739 3487 811 prudentium
3507 738 3859 809 permovebit,

2249 826 2411 898 quod
2426 827 2498 880 de
2516 826 2814 897 Baptismo
2826 827 3021 883 solent
3037 827 3403 893 dicere,tunc
3416 842 3550 881 esse
3570 842 3754 881 verum
3773 827 3855 883 ba-

2248 916 2534 988 ptismum
2556 916 2767 971 Christi
2788 932 2925 971 cum
2944 916 3021 971 ab
3040 918 3453 987 hominejusto
3475 915 3666 979 datur,
3685 922 3854 972 cumet

2251 1004 2389 1060 hinc
2408 1010 2600 1060 teneat
2621 1005 2781 1060 orbis
2804 1012 3098 1061 terrarum
3122 1004 3632 1061 evidentissimam
3651 1009 3697 1058 et
3711 1020 3860 1059 evan-

2253 1095 2502 1164 gelicam
2545 1094 2869 1160 veritatem,
2897 1094 2995 1150 ubi
3019 1098 3279 1150 Joannes
3312 1096 3430 1148 nit:
3471 1094 3587 1161 Qui
3625 1108 3706 1149 me
3730 1092 3861 1149 misit

2255 1183 2561 1253 baptizare
2587 1183 2650 1238 in
2677 1199 2847 1254 aqua,
2878 1184 3003 1252 ipse
3020 1184 3163 1240 mihi
3181 1184 3337 1240 dixit
3368 1203 3387 1240 :
3409 1182 3596 1251 Super
3623 1197 3777 1253 quem
3803 1182 3871 1236 vi-

2254 1272 2409 1328 deris
2444 1272 2738 1339 Spiritum
2777 1272 3206 1329 descendentem
3248 1271 3421 1345 quasi
3455 1270 3793 1335 columbam,
3828 1277 3870 1327 et

2255 1367 2585 1417 manentem
2615 1376 2796 1428 super
2821 1377 2973 1427 eum,
3000 1362 3119 1433 ipse
3161 1368 3242 1418 est
3274 1362 3376 1434 qui
3403 1362 3662 1429 baptizat
3691 1360 3749 1415 in
3771 1359 3875 1428 Spi-

2255 1451 2381 1505 ritu
2400 1456 2600 1505 sancto
2622 1450 2817 1521 (Joan.
2848 1466 2887 1515 1,
2906 1451 3018 1521 33).
3044 1450 3206 1507 Unde
3234 1466 3441 1506 secura
3456 1449 3708 1505 Ecclesia
3728 1464 3872 1520 spem

2258 1555 2376 1594 non
2397 1540 2634 1610 ponitin
2660 1539 2925 1606 homine,
2943 1556 3015 1595 ne
3033 1541 3254 1595 incidat
3276 1540 3333 1594 in
3363 1539 3529 1595 illam
3552 1540 3875 1595 sententiam

2257 1629 2313 1683 in
2344 1644 2466 1700 qua
2506 1629 2789 1699 scriptum
2838 1636 2943 1700 est,
2981 1628 3337 1686 Maledictus
3376 1630 3567 1685 omnis
3617 1628 3714 1700 qui
3738 1643 3876 1697 spem

2255 1732 2426 1773 suam
2454 1720 2623 1786 ponit
2650 1720 2712 1774 in
2754 1718 2988 1775 nomine
3015 1718 3252 1788 (Jerem.
3284 1733 3421 1783 xvu,
3458 1722 3512 1783 5)
3553 1735 3569 1788 ;
3603 1716 3701 1772 sed
3732 1731 3875 1788 spem

2258 1821 2429 1861 suam
2463 1808 2629 1877 ponit
2654 1806 2713 1861 in
2746 1807 2995 1871 Christo,
3024 1808 3130 1879 qui
3154 1807 3238 1862 sic
3255 1806 3480 1877 accepit
3506 1805 3752 1861 formam
3780 1819 3879 1859 ser-

2260 1895 2336 1961 vi,
2370 1900 2433 1949 ut
2463 1910 2581 1950 non
2613 1895 2906 1952 amitteret
2944 1896 3202 1952 formam
3254 1896 3374 1961 Dei,
3408 1895 3487 1951 de
3516 1910 3638 1967 quo
3678 1893 3878 1948 dictum

2259 1988 2364 2047 est,
2388 1984 2517 2053 Ipse
2538 1990 2615 2038 est
2636 1984 2739 2056 qui
2754 1985 3030 2053 baptizat.
3058 1984 3311 2040 Proinde
3333 1984 3520 2040 homo
3536 1981 3775 2055 quilibet
3793 1980 3881 2036 mi-

2260 2072 3423 2146 nisterbaptismiejus,qualemcumque
3453 2071 3747 2128 sarcinam
3770 2085 3880 2141 por-

2261 2165 2361 2224 tet,
2395 2177 2515 2217 non
2559 2162 2689 2227 iste,
2716 2162 2818 2217 sed
2850 2178 3028 2234 super
3051 2178 3231 2234 quem
3264 2161 3552 2217 columba
3581 2158 3877 2223 descendit,

2261 2248 2388 2321 ipse
2425 2255 2515 2305 est
2542 2251 2644 2321 qui
2673 2250 2945 2323 baptizat.
2977 2251 3113 2306 Illos
3142 2256 3341 2307 autem
3374 2266 3531 2305 vana
3570 2250 3877 2314 sentientes,

2260 2344 2426 2394 tanta
2450 2339 2791 2395 absurditas
2808 2342 3088 2413 sequitur,
3121 2348 3181 2394 ut
3197 2356 3320 2412 quo
3337 2340 3414 2396 ab
3437 2356 3511 2396 ea
3536 2338 3752 2409 fugiant
3778 2352 3877 2391 non

2259 2428 2579 2484 inveniant.
2604 2430 2750 2485 Cum
2772 2429 2930 2485 enim
2950 2430 3244 2485 fateantur
3265 2436 3460 2485 ratum
3482 2434 3540 2485 et
3555 2444 3748 2484 verum
3770 2441 3877 2481 esse

2261 2519 2653 2590 Baptismum,
2680 2520 2922 2591 quando
2953 2520 3215 2590 baptizat
3240 2519 3404 2591 apud
3425 2534 3532 2573 eos
3554 2517 3760 2589 aliquis
3789 2516 3875 2569 cri-

2260 2609 2555 2671 minosus,
2589 2608 2761 2678 cujus
2783 2608 3035 2664 crimina
3073 2608 3256 2663 latent
3295 2626 3311 2674 ;
3338 2608 3597 2663 dicimus
3627 2605 3731 2668 eis,
3760 2603 3878 2669 Quis

2261 2701 2403 2751 tunc
2429 2697 2684 2768 baptizat
2709 2697 2737 2753 ?
2768 2713 2875 2753 nec
2900 2697 3125 2753 habent
3153 2697 3297 2769 quid
3347 2696 3747 2768 respondeant
3785 2694 3877 2747 nisi

2264 2788 2415 2841 Deus
2447 2804 2460 2839 :
2490 2801 2683 2859 neque
2707 2787 2865 2842 enim
2881 2787 3336 2857 possuntdicere
3351 2786 3517 2858 quod
3532 2784 3711 2840 homo
3740 2781 3879 2838 adul-

2261 2878 2726 2947 terquemquam
2753 2874 3095 2930 sanctiﬁcet.
3118 2874 3345 2941 Quibus
3366 2872 3808 2946 respondemus,
3834 2870 3879 2925 Si

2261 2978 2402 3033 ergo
2434 2980 2569 3018 cum
2615 2963 2875 3036 baptizat
2930 2964 3114 3019 homo
3141 2964 3336 3035 justus
3377 2962 3743 3027 manifestus,
3772 2962 3879 3030 ipse

2262 3052 2611 3117 sanctiﬁcat,
2630 3069 2764 3107 cum
2783 3058 2981 3108 autem
3002 3053 3261 3125 baptizat
3277 3046 3882 3123 homoiniquusoccul-

2262 3147 2379 3205 tus,
2405 3146 2545 3197 tunc
2572 3157 2691 3197 non
2710 3143 2861 3213 ipsc,
2881 3142 2986 3197 sed
3011 3144 3161 3198 Deus
3189 3140 3521 3197 sanctiﬁcat
3546 3160 3559 3209 ;
3594 3148 3783 3213 optare
3801 3136 3883 3191 de-

2263 3230 2406 3286 bent
2432 3230 2534 3303 qui
2561 3230 2956 3301 baptizantur,
2988 3230 3066 3285 ab
3093 3230 3336 3286 occultis
3370 3231 3547 3287 malis
3572 3226 3883 3286 hominibus

2264 3320 2461 3391 potius
2494 3319 2805 3390 baptizari,
2838 3335 3024 3391 quam
3054 3335 3091 3375 a
3121 3318 3456 3375 manifestis
3479 3319 3650 3375 bonis
3679 3334 3691 3372 :
3725 3314 3881 3371 multo

2262 3408 2421 3463 enim
2446 3422 2551 3462 eos
2581 3408 2797 3463 melius
2820 3408 2991 3471 Deus,
3020 3423 3206 3480 quam
3237 3408 3491 3480 quilibet
3515 3409 3693 3464 homo
3712 3409 3880 3475 justus

2263 3496 2611 3552 sanctiﬁcat.
2676 3496 2845 3562 Quod
2904 3497 2954 3551 si
2999 3496 3330 3551 absurdum
3381 3503 3489 3559 est,
3547 3501 3609 3552 ut
3659 3494 3880 3567 quisque

2262 3584 2651 3657 baptizandus
2666 3584 3153 3657 optetabocculto
3165 3584 3435 3640 adultero
3450 3584 3645 3657 potius
3657 3581 3883 3654 baptiza-

2263 3675 2331 3741 ri,
2350 3690 2535 3746 quam
2559 3673 2923 3729 amanifesto
2944 3679 3126 3736 casto,
3159 3679 3337 3729 restat
3360 3675 3565 3746 utique
3593 3670 3882 3744 utquilibet

2265 3762 2672 3818 ministrorum
2721 3763 3035 3817 hominum
3086 3763 3423 3825 accesserit,
3467 3763 3606 3818 ideo
3648 3768 3797 3816 ratus
3823 3757 3881 3810 sit

2265 3852 2624 3924 Baptismus,
2654 3852 2796 3924 quia
2828 3868 3007 3923 super
3044 3867 3225 3925 quem
3256 3851 3569 3908 descendit
3609 3847 3879 3910 columba,

2264 3942 2390 4013 ipse
2420 3942 2675 4013 bapizat.

2337 4044 2388 4095 6.
2420 4040 2487 4095 Et
2517 4046 2713 4095 tamen
2740 4057 2877 4095 cum
2912 4046 3029 4097 tam
3063 4041 3381 4112 perspicua
3406 4041 3623 4096 veritas
3654 4053 3813 4095 aures
3835 4038 3881 4089 et

2266 4129 2450 4185 corda
2486 4128 2800 4184 hominum
2830 4128 3017 4199 feriat,
3048 4132 3214 4184 tanta
3243 4129 3547 4201 quosdam
3580 4128 3743 4183 malae
3766 4138 3880 4180 con-

2266 4218 2594 4273 suetudinis
2625 4232 2849 4286 vorago
2889 4218 3226 4283 submersit,
3262 4223 3323 4273 ut
3346 4217 3633 4273 omnibus
3655 4211 3879 4273 auctori-

2267 4308 2485 4363 tatibus
2515 4307 2967 4379 rationibusque
3022 4308 3309 4374 resistere,
3364 4322 3555 4379 quam
3582 4301 3879 4361 consentire

2266 4396 2495 4453 malint.
2519 4396 2815 4453 Resistunt
2833 4400 3033 4451 autem
3060 4396 3295 4452 duobus
3315 4392 3880 4465 modis;autseevien-

2264 4487 2364 4553 do,
2394 4493 2495 4541 aut
2515 4484 2932 4556 pigrescendo.
2961 4485 3111 4550 Quid
3135 4485 3426 4555 igiturhic
3445 4486 3619 4541 faciat
3640 4480 3878 4539 Ecclesia

2264 4574 2586 4638 medicina,
2616 4575 2864 4630 salutem
2884 4574 3157 4629 omnium
3176 4581 3445 4630 materna
3474 4574 3872 4630 charitatecon-

2261 4666 2522 4739 quirens,
2557 4670 2844 4736 tanquam
2884 4664 3034 4718 inter
3064 4663 3438 4736 phreneticos
3468 4670 3524 4719 et
3552 4660 3879 4729 lethargicos

2260 4761 2523 4811 aestuans
2538 4753 2873 4824 ?numquid
2892 4758 3293 4821 contemnere,
3312 4753 3602 4825 numquid
3626 4750 3878 4806 desistere

2260 4844 2349 4899 vel
2365 4844 2538 4898 debet
2556 4842 2644 4897 vel
2672 4842 2905 4912 potest?
2926 4842 3195 4914 Utrisque
3218 4843 3289 4896 sit
3316 4858 3557 4897 necesse
3578 4847 3663 4896 est
3687 4836 3879 4895 moles-

2260 4937 2339 4995 ta,
2366 4931 2511 5003 quia
2532 4931 2755 4987 neutris
2776 4936 2864 4985 est
2901 4930 3163 4986 inimica.
3197 4932 3344 4986 Nam
3370 4939 3426 4987 et
3448 4929 3761 5003 phrenetici
3786 4940 3878 4981 no-

2258 5020 2386 5076 lunt
2414 5020 2602 5091 ligari,
2632 5026 2687 5075 et
2714 5018 3018 5087 lethargici
3044 5020 3517 5077 noluntexcitari
3546 5038 3558 5075 :
3584 5019 3683 5075 sed
3705 5029 3875 5089 perse-

2258 5116 2420 5165 verat
2449 5108 2751 5179 diligentia
2790 5108 3115 5165 charitatis.
3147 5108 3557 5182 phreneticum
3595 5107 3873 5174 castigare.

2255 5198 2644 5269 lethargicum
2679 5197 3005 5261 stimulare,
3035 5200 3244 5254 ambos
3265 5216 3481 5254 amare.
3503 5198 3687 5253 Ambo
3716 5192 3875 5249 oﬂ'en-

2254 5288 2497 5353 duntur,
2532 5288 2632 5342 sed
2689 5288 2871 5342 ambo
2920 5288 3247 5357 diliguntur
3296 5307 3307 5352 ;
3354 5290 3534 5343 ambo
3589 5281 3871 5341 molestati.

2252 5378 2545 5451 quamdiu
2578 5377 2719 5446 aegri
2753 5382 2890 5432 sunt
2920 5378 3324 5453 indignantur,
3353 5377 3455 5433 sed
3487 5377 3662 5439 ambo
3705 5368 3870 5431 sanati

2243 5466 2649 5552 gratulantur,
