3996 6158
158 154 231 215 3l3

199 287 241 336 7.
266 277 513 349 Denique
537 290 650 332 non
666 274 820 329 sicut
842 272 1071 345 putant,
1094 270 1147 325 et
1160 267 1310 323 sicut
1324 266 1574 339 jactant,
1592 262 1740 320 tales

140 389 221 428 eos
245 369 585 441 suscipimus
608 365 817 438 quales
846 362 1098 427 fuerunt,
1142 358 1245 414 sed
1276 356 1523 413 omnino
1547 358 1743 409 muta-

143 468 240 523 tos;
268 458 398 530 quia
424 472 555 512 esse
578 452 851 511 catholici
882 466 1003 506 non
1036 449 1348 520 incipiunt,
1384 445 1497 500 nisi
1520 444 1742 499 haereti-

137 552 175 607 ci
196 564 308 603 esse
332 546 672 602 destiterint.
697 547 895 615 Neque
926 541 1084 597 enim
1126 541 1503 594 sacramenta
1532 550 1738 590 eorum

136 640 278 694 nobis
296 636 531 692 mimica
562 639 697 689 sunt
721 648 857 705 quas
887 646 1025 687 cum
1058 628 1171 684 illis
1203 626 1376 682 nobis
1407 630 1546 679 sunt
1576 639 1739 679 com-

134 727 305 783 munia
336 745 349 793 ;
376 725 519 799 quia
563 739 682 778 non
714 722 978 777 humana
1009 723 1165 785 sunt,
1210 715 1316 771 sed
1347 714 1574 769 divina.
1605 712 1741 768 Pro-

131 819 263 888 prius
286 831 488 871 eorum
505 829 668 869 error
684 807 1046 868 auferendus
1071 813 1180 872 est,
1206 820 1385 878 quem
1403 802 1553 858 male
1568 801 1739 856 imbi-

127 905 327 970 berunt,
360 919 478 959 non
504 906 877 957 sacramenta
903 913 1038 969 quas
1062 895 1326 951 similiter
1355 894 1736 962 acceperunt,

124 1012 234 1068 quae
254 994 321 1049 ad
339 1008 580 1065 poenam
612 1006 782 1046 suam
796 991 1035 1060 portant
1056 992 1112 1042 et
1131 984 1373 1048 habent,
1398 986 1627 1056 quanto
1654 980 1738 1034 in-

124 1083 329 1153 dignius
366 1082 610 1146 habent,
646 1078 751 1135 sed
784 1085 986 1134 tamen
1016 1074 1260 1131 habent.
1304 1075 1506 1128 Errore
1538 1071 1737 1140 itaque

122 1173 382 1237 derelicto,
433 1168 829 1243 separationis
861 1166 1148 1240 pravitate
1180 1168 1462 1227 correcta,
1503 1160 1582 1215 ab
1620 1159 1737 1215 hae—

119 1262 208 1316 resi
244 1262 312 1317 ad
350 1260 620 1316 Ecclesia;
655 1274 860 1330 pacem
893 1257 1205 1310 transeunt
1243 1267 1430 1324 quam
1472 1266 1594 1305 non
1636 1249 1737 1305 ha-

116 1350 323 1412 bebant,
355 1350 483 1405 sine
514 1365 636 1421 qua
662 1346 774 1402 illis
800 1343 1202 1418 perniciosum
1231 1341 1419 1396 fuerat
1440 1339 1603 1412 quod
1637 1338 1735 1393 ha-

116 1440 325 1498 bebant.
358 1438 472 1495 Sed
520 1438 568 1493 si
598 1453 735 1493 cum
769 1439 1095 1497 transeunt,
1120 1431 1239 1486 ﬁcti
1290 1434 1446 1495 sunt,
1490 1445 1605 1485 non
1648 1435 1735 1483 est

114 1529 332 1601 hocjam
357 1532 657 1592 nostrum,
681 1524 784 1580 sed
814 1523 917 1578 Dei
943 1521 1262 1595 judicium.
1294 1523 1354 1575 Et
1381 1525 1577 1575 tamen
1601 1519 1731 1591 qui-

114 1618 226 1673 dam
246 1635 376 1674 cum
395 1618 518 1673 ﬁcti
533 1620 906 1690 putarentur,
921 1610 1512 1684 quoniamjussionis
1529 1609 1604 1664 ad
1620 1625 1731 1664 nos

115 1714 294 1765 terrore
350 1708 733 1775 transierunt,
777 1704 920 1760 tales
981 1701 1271 1774 posterius
1319 1701 1376 1755 in
1425 1698 1729 1755 nonnullis

114 1798 502 1853 tentationibus
521 1795 747 1852 inventi
774 1798 927 1857 sunt,
948 1797 1011 1847 ut
1034 1789 1399 1865 quibusdam
1430 1788 1729 1844 veteribus

112 1887 373 1943 catholicis
396 1885 839 1959 praeferrentur.
862 1886 985 1939 Non
1003 1897 1145 1951 ergo
1169 1879 1313 1935 nihil
1344 1879 1559 1948 agitur,
1588 1893 1729 1933 cum

112 1977 356 2032 instanter
382 1975 605 2045 agitur.
639 1974 839 2046 Neque
871 1972 1029 2027 enim
1064 1969 1203 2025 solis
1232 1968 1515 2024 humanis
1548 1973 1726 2023 terro-

110 2066 241 2121 ribus
262 2083 466 2122 murus
489 2065 660 2120 dura:
692 2060 1142 2119 consuetudinis
1165 2064 1543 2131 expugnatur
1577 2077 1592 2127 ;
1622 2057 1729 2112 sed

111 2157 250 2210 etiam
279 2154 497 2211 divinis
528 2151 981 2210 auctoritatibus
1008 2154 1187 2221 atque
1219 2147 1549 2204 rationibus
1580 2145 1728 2201 ﬁdes

110 2251 151 2298 et
174 2245 549 2317 intelligentia
584 2243 796 2298 mentis
826 2240 1154 2297 instruitur.

160 2336 347 2401 8.0uaa
375 2350 521 2390 cum
548 2334 627 2388 ita
649 2333 784 2397 sint,
802 2327 1379 2400 noveritBenignitas
1411 2331 1512 2382 tua
1540 2325 1728 2382 homi-

109 2438 188 2477 nes
211 2430 420 2479 vestros
453 2422 563 2495 qui
596 2422 655 2477 in
684 2420 917 2491 regione
946 2416 1310 2491 Hipponensi
1336 2420 1494 2484 sunt,
1527 2416 1725 2471 adhuc

106 2528 206 2568 esse
231 2512 585 2576 donatistas,
629 2527 736 2566 nec
765 2509 927 2581 apud
967 2525 1069 2563 eos
1099 2507 1434 2580 quidquam
1468 2505 1723 2561 valuisse

110 2608 209 2658 tuas
241 2603 478 2658 litteras.
518 2604 636 2659 Cur
665 2606 866 2657 autem
914 2614 1037 2654 non
1077 2596 1387 2665 valuerint,
1417 2612 1535 2651 non
1568 2610 1724 2666 opus

107 2698 176 2747 est
200 2694 445 2749 scribere
504 2709 521 2758 ;
564 2691 667 2746 sed
712 2691 871 2745 mitte
898 2688 1161 2761 aliquem
1196 2693 1459 2750 tuorum,
1504 2685 1592 2740 vel
1620 2686 1722 2742 do-

109 2785 466 2847 mesticorum,
506 2780 603 2837 vel
628 2780 982 2844 amicorum,
1012 2778 1185 2849 cujus
1216 2777 1328 2832 hoc
1359 2775 1497 2831 ﬁdei
1529 2778 1723 2843 possis

106 2868 389 2942 injungere,
424 2872 537 2944 qui
560 2886 679 2925 non
713 2871 790 2925 ad
821 2884 893 2924 ea
914 2868 1065 2934 loca,
1093 2870 1196 2923 sed
1219 2865 1297 2921 ad
1319 2882 1429 2921 nos
1454 2866 1723 2937 primitus

107 2961 261 3017 veniat
285 2961 394 3017 illis
420 2959 676 3017 omnino
717 2957 1141 3021 nescientibus,
1169 2962 1224 3012 et
1254 2955 1574 3011 nobiscum
1602 2957 1723 3026 pri-

106 3050 250 3105 mitus
272 3051 528 3106 consilio
550 3052 926 3122 pertrectato,
950 3046 1115 3120 quod
1146 3044 1448 3117 agendum
1468 3044 1723 3101 Domino

101 3138 383 3209 adjuvante
410 3140 620 3195 visum
646 3138 841 3202 fuerit,
873 3143 1031 3206 agat.
1074 3138 1273 3208 Neque
1299 3134 1460 3191 enim
1487 3140 1720 3191 tantum

102 3241 185 3295 pro
210 3230 283 3283 eis
307 3228 554 3300 agimus
572 3244 708 3282 cum
726 3226 839 3283 hoc
855 3228 1112 3297 agimus,
1128 3224 1232 3280 sed
1254 3225 1431 3280 etiam
1461 3240 1568 3295 pro
1585 3240 1718 3280 nos-

101 3316 177 3370 tris
195 3317 309 3388 jam
341 3318 521 3375 factis
554 3316 883 3382 catholicis,
915 3316 1137 3389 quibus
1176 3314 1415 3371 illorum
1447 3314 1715 3371 vicinitas

98 3404 160 3460 sic
182 3405 374 3465 infesta
400 3413 519 3473 est,
538 3406 912 3462 utcontemni
931 3423 965 3461 a
994 3405 1349 3461 nobisnullo
1378 3404 1558 3461 modo
1575 3420 1714 3477 pos-

98 3494 166 3549 sit.
197 3497 250 3551 Et
275 3497 384 3553 hoc
404 3496 664 3567 quidem
695 3495 949 3552 breviter
974 3495 1229 3551 scribere
1262 3500 1529 3567 poteram
1564 3510 1578 3561 ;
1606 3494 1711 3550 sed

98 3583 222 3642 volui
252 3594 300 3644 te
328 3588 562 3644 habere
583 3586 809 3659 aliquid
840 3586 1167 3642 litterarum
1196 3591 1554 3651 nostrarum,
1586 3600 1709 3657 quo

96 3675 341 3732 rationem
373 3694 542 3734 curta
572 3694 719 3733 mea:
749 3693 868 3732 non
902 3676 1096 3731 solum
1134 3677 1261 3747 ipse
1294 3691 1705 3746 cognosceres,

94 3762 171 3816 sed
203 3768 366 3823 etiam
400 3768 771 3838 cuicumque
800 3763 1169 3821 dissuadenti
1202 3781 1276 3820 ue
1302 3769 1545 3821 tuorum
1584 3781 1705 3821 cor-

91 3853 291 3910 rectioni
317 3872 575 3929 cperam
607 3856 893 3911 instanter
914 3856 1249 3927 impendas,
1284 3855 1575 3927 nobisque
1607 3856 1707 3911 de-

93 3940 300 4000 trahenti
327 3945 502 4017 quod
527 3943 669 4000 talia
698 3944 965 4007 velimus.
1008 3944 1234 4000 habeas
1264 3944 1428 4015 quod
1463 3960 1706 4015 respon-

92 4026 223 4084 deas.
252 4033 411 4097 Quod
447 4032 506 4088 si
534 4032 839 4106 superﬂuo
863 4033 997 4104 feci,
1019 4033 1182 4105 quod
1205 4033 1331 4104 jam
1364 4033 1479 4089 ista
1504 4032 1596 4088 vel
1621 4032 1706 4088 di-

87 4114 294 4187 diceras,
316 4124 407 4179 vel
431 4125 568 4195 ipse
586 4116 955 4193 cogitaveras
985 4128 1086 4179 aut
1111 4138 1402 4179 onerosus
1425 4122 1505 4178 fui
1537 4124 1702 4195 quod

89 4209 615 4281 curiopublicistam
645 4217 939 4284 occupato
956 4212 1246 4284 prolixam
1276 4212 1588 4284 epistolam
1617 4212 1700 4268 in-

86 4296 362 4371 Βθεείφεῐο
375 4305 493 4359 des
508 4302 769 4368 veniam,
784 4302 929 4358 dum
952 4306 1149 4358 tamen
1177 4301 1342 4373 quod
1360 4301 1634 4372 suggessi
1647 4307 1703 4358 et

86 4389 251 4453 rogavi
264 4405 417 4447 none
437 4407 694 4464 spernas
710 4392 817 4447 :sic
832 4396 883 4447 te
897 4397 1131 4448 tueatur
1144 4390 1559 4447 misericordia
1576 4390 1695 4446 Dei.

569 4479 904 4535 EPISTULA
930 4481 1036 4537 xn'
1056 4481 1165 4554 (a).

84 4561 718 4642 AugustinoNectarius
731 4586 1217 4642 paganus,agens
1242 4572 1443 4627 utsuis
1470 4570 1695 4626 civibus

134 4635 740 4716 colonizCalainensis
759 4635 1169 4699 condonentur
1197 4660 1330 4716 quae
1351 4642 1695 4716 expetenda

131 4717 288 4789 "2M.
307 4713 382 4766 αδ
405 4713 559 4789 ἦ)πὲ
579 4728 782 4789 mna,
812 4729 931 4789 non
982 4716 1153 4789 modo
1207 4713 1417 4771 violati
1447 4714 1694 4789 Caesaris

134 4778 288 4861 ςᾴὶςρί
307 4778 702 4861 recentissimi
723 4778 1091 4861 prohibentis
1120 4802 1193 4843 ne
1215 4802 1391 4861 sacra
1410 4787 1693 4861 solemnia

130 4848 278 4907 idolis
302 4854 646 4921 ﬁerent,sed
665 4848 838 4931 etiam
853 4859 1220 4931 injuriarum
1240 4858 1449 4931 quibus
1460 4858 1692 4925 ipsi,sa-

131 4933 342 4981 crurum
355 4942 603 4982 suorum
617 4929 942 4994 occasione,
961 4929 1324 4985 Christianos
1337 4931 1685 4999 affecerant.

132 5007 356 5069 Domino
387 5016 611 5085 insigni
642 5023 697 5072 et
731 5016 941 5074 merito
992 5020 1374 5092 suscipiendo
1428 5021 1614 5088 fratri,

342 5105 661 5161 Auensnno
691 5106 1000 5178 episcopo,
1033 5110 1366 5168 Nam-smus.

134 5184 344 5249 Quanta
355 5195 431 5247 sit
447 5194 715 5251 charitas
726 5196 959 5265 patria,
988 5199 1267 5270 quoniam
1281 5203 1455 5267 nosti,
1474 5209 1686 5271 prate-

121 5314 137 5331 '
162 5318 230 5426 td
252 5320 433 5383 Epistt.
457 5340 509 5389 g.
525 5325 672 5398 XCet
690 5326 796 5377 XCI
820 5330 1164 5443 castigandae
1189 5333 1512 5397 adjuverunt
1537 5353 1568 5387 a
1594 5338 1682 5402 bg.

122 5416 133 5426 -
194 5393 244 5434 Π.
279 5397 323 5434 c.
349 5401 424 5436 cc.
448 5403 536 5443 κν.
558 5388 611 5437 Π.
640 5405 680 5443 J.
712 5403 764 5439 n.
793 5405 833 5441 ι’.
858 5406 901 5440 8.
930 5407 953 5441 8
998 5429 1009 5441 .
1044 5408 1123 5443 VC.
1150 5395 1235 5443 vd.
1256 5397 1362 5443 duo
1388 5402 1423 5443 ί.
1453 5404 1682 5443 aualnnr

76 5371 329 5504 stata
349 5371 1686 5504 ἘἰξῖἓῖἓΒΪῖγὶῨνίῑῗῖὤὸνίῗξῖιὲιιῖἓὲ

75 5502 183 5618 sit;
208 5502 966 5618 apostasia”thth
997 5524 1129 5583 θηίο
1341 5523 1448 5578 ¹⁷⁵ν
1478 5524 1685 5597 sese

208 5578 288 5622 ω.
317 5573 422 5638 408,
453 5573 580 5645 post
601 5578 625 5627 1
659 5576 800 5629 diem
827 5578 987 5644 junii.

1324 122 1833 193 EPISTOLABU'M
1866 126 2154 187 CLASSIS
2194 131 2261 192 Π.

3403 135 3506 199 8M

1849 260 2114 317 reo.Sola
2127 269 2212 319 est
2226 262 2377 320 enim
2409 264 2542 337 quas
2578 272 2899 336 parentum
2929 270 3075 339 jure
3102 270 3303 328 vincat
3334 273 3506 343 uirec-

1851 354 1991 405 tum.
2038 351 2155 407 Cui
2189 352 2240 407 si
2262 355 2426 409 ullus
2451 361 2593 411 esset
2625 359 2975 415 consulendi
2999 362 3207 418 modus
3237 370 3342 419 aut
3368 366 3506 434 ﬁnis

1855 439 2035 506 bonis,
2056 440 2236 511 digne
2246 447 2378 512 jam
2398 445 2473 500 ab
2491 446 2617 514 ejus
2632 448 2978 505 muneribus
2995 454 3318 509 meruimus
3330 469 3506 511 excu-

1850 529 1993 584 sari.
2021 528 2137 585 Sed
2165 531 2442 603 quoniam
2459 535 2665 591 crescit
2690 539 2753 591 in
2785 537 2906 593 dies
2921 539 3182 609 singulos
3203 544 3437 604 dilectio
3449 554 3503 604 et

1849 620 2050 689 gratia
2079 621 2356 684 civitatis,
2384 632 2785 697 quantumque
2805 634 2947 684 tetas
2970 631 3082 697 ﬁni
3094 634 3369 703 proxima
3393 645 3505 705 est,

1851 717 2086 766 tantum
2102 712 2455 769 incolumem
2480 728 2551 769 ac
2566 715 2867 784 ﬂorentem
2882 720 3223 795 relinquere
3240 726 3502 795 patriam

1850 798 2013 867 cupit
2037 807 2052 838 ί
2086 818 2107 855 .-
2131 799 2352 856 idcirco
2381 802 2604 873 gaudeo
2614 806 2875 870 primum
2893 809 3051 879 quod
3062 813 3227 879 apud
3250 814 3497 873 instruc-

1850 893 1975 944 tum
2007 888 2342 958 disciplinis
2394 892 2659 948 omnibus
2686 894 2877 951 virum
2906 897 3054 952 mihi
3082 899 3170 955 hic
3198 908 3280 956 est
3309 919 3500 961 sermo

1848 978 2173 1035 institutus.
2192 981 2253 1035 In
2272 982 2614 1038 Calamensi
2625 984 2857 1040 colonia
2880 987 3073 1041 multa
3087 996 3224 1044 sunt
3239 1008 3501 1062 quame-

1847 1070 1963 1123 rito
1989 1069 2316 1141 diligamus
2351 1088 2371 1135 ;
2422 1071 2509 1128 vel
2551 1075 2702 1143 quod
2726 1076 2788 1129 in
2818 1090 2887 1131 ea
2937 1078 3127 1146 geniti
3152 1094 3374 1146 sumus,
3408 1084 3501 1140 vel

1846 1158 2006 1229 quod
2034 1159 2209 1216 eidem
2225 1176 2445 1230 magna
2477 1162 2794 1220 contulisse
2823 1164 3092 1222 videmur
3107 1170 3330 1237 ofﬁcia.
3357 1172 3499 1227 Haec

1845 1261 1996 1319 ergo,
2029 1249 2264 1305 domine
2290 1253 2776 1319 praestantissime
2799 1256 3074 1311 etmerito
3107 1259 3491 1328 suscipiende,

1846 1352 1959 1391 non
1974 1338 2090 1393 levi
2096 1340 2309 1408 populi
2327 1340 2421 1395 sui
2436 1346 2641 1397 erratu
2655 1344 2941 1412 prolapsa
2961 1352 3061 1400 est.
3082 1346 3250 1413 Quod
3260 1349 3494 1419 quidem

1843 1426 1895 1482 si
1902 1427 2056 1495 iuris
2068 1428 2296 1496 publici
2307 1430 2506 1500 rigore
2516 1432 3012 1496 metiamur,debet
3024 1436 3206 1503 plecti
3216 1439 3497 1494 severiori

1842 1529 2110 1572 censura.
2125 1517 2244 1574 Sed
2257 1520 2594 1589 episcopum
2604 1524 2703 1590 fas
2715 1538 2831 1577 non
2866 1527 2964 1587 est,
2990 1524 3105 1580 nisi
3133 1527 3383 1582 salutem
3401 1528 3495 1585 ho-

1839 1604 2089 1661 minibus
2100 1606 2422 1678 impertire,
2446 1614 2497 1665 et
2509 1626 2620 1679 pro
2631 1617 2791 1667 statu
2815 1612 3055 1669 meliore
3067 1614 3258 1670 causis
3271 1617 3490 1684 adesse,

1839 1700 1893 1749 et
1922 1695 2088 1762 apud
2103 1697 2557 1767 omnipotentem
2578 1702 2757 1756 Deum
2773 1702 2995 1757 veniam
3009 1702 3263 1760 aliorum
3278 1706 3495 1763 mereri

1839 1781 2491 1853 delictis.0uamobrem
2536 1796 2765 1861 quanta
2787 1806 3025 1859 possum
3063 1794 3494 1863 supplicatione

1839 1872 2107 1941 deposco,
2151 1881 2215 1930 ut
2243 1876 2295 1931 si
2322 1878 2695 1948 defendenda
2725 1895 2816 1935 res
2843 1886 2945 1946 est,
2978 1881 3261 1939 innoxius
3292 1885 3494 1955 defen-

1837 1962 2043 2030 datur,
2074 1964 2149 2020 ab
2171 1966 2581 2022 innocentibus
2610 1969 2877 2026 molestia
2908 1977 3231 2039 separetur.
3261 1974 3492 2032 Praesta

1841 2052 1950 2108 hoc
1973 2054 2133 2125 quod
2149 2056 2474 2113 secundum
2503 2064 2785 2115 naturam
2808 2067 2968 2115 tuam
2994 2061 3259 2128 pervides
3277 2070 3485 2131 postu-

1841 2142 1977 2197 lari.
2000 2144 2084 2200 De
2103 2145 2332 2201 damnis
2345 2146 2548 2216 facilis
2556 2153 2745 2215 potest
2760 2147 2836 2203 ha
2846 2148 2968 2203 beri
2980 2150 3209 2206 taxatio
3219 2163 3243 2221 ;
3254 2158 3488 2208 tantum

1838 2232 2136 2301 supplicia
2158 2234 2570 2304 deprecamur.
2607 2238 2911 2307 Acceptior
2928 2240 3040 2293 Deo
3056 2239 3240 2306 vivas,
3258 2240 3488 2299 domine

1837 2322 2088 2392 insignis
2109 2330 2162 2379 et
2191 2322 2400 2381 merito
2421 2328 2792 2397 suscipiende
2810 2329 3029 2399 frater.

2359 2417 2687 2473 EPISTOLA
2713 2418 2838 2472 xcr
2860 2417 2960 2489 (b).

1836 2502 2608 2584 Invenituritugustinusin
2624 2508 3005 2584 Raganorum
3039 2515 3304 2584 sacra,get
3330 2509 3487 2580 inju-

1909 2574 2027 2629 rias
2039 2574 2389 2631 Christianis
2401 2593 2602 2635 recens
2618 2574 2825 2634 illatas
2838 2594 2872 2634 a
2889 2581 2971 2635 Ca
2979 2581 3334 2635 lamensibus
3348 2574 3487 2636 enu-

1905 2653 2126 2722 merat;
2152 2649 2465 2722 ostendens
2486 2652 2749 2719 ipsorum
2776 2651 2964 2707 saluti
2997 2652 3299 2721 benignius
3314 2654 3488 2722 longe

1905 2720 2235 2792 consultum
2260 2719 2359 2783 iri,
2388 2723 2438 2775 si
2466 2737 2583 2777 non
2612 2722 2907 2792 impunita
2937 2738 3001 2779 eo
3024 2719 3247 2781 scelere
3276 2725 3351 2779 ad
3381 2719 3489 2781 au-

1906 2788 2103 2846 denda
2133 2790 2354 2848 similia
2377 2788 2796 2861 provocent'ur.

1946 2889 2449 2961 Dominogeximio
2482 2894 2812 2963 meritoque
2845 2892 3186 2948 honorabili
3207 2893 3371 2949 fratri

2312 2966 2590 3019 Necumo
2622 2966 2983 3019 AUGUSTINUS.

1904 3059 1955 3113 l.
1983 3058 2116 3115 Jam
2129 3059 2294 3118 senio
2316 3060 2772 3131 frigescentibus
2788 3062 3092 3127 membris,
3114 3061 3335 3117 fervere
3348 3063 3481 3118 ani-

1831 3163 1999 3204 mum
2027 3154 2189 3204 tuum
2208 3151 2412 3222 patria:
2439 3150 2745 3215 charitate,
2762 3167 2869 3206 nec
2884 3151 3086 3217 miror,
3102 3155 3155 3206 et
3173 3150 3353 3207 laudo
3368 3169 3387 3223 ;
3402 3156 3480 3208 te-

1827 3253 1946 3309 que
1963 3255 2083 3293 non
2099 3244 2324 3295 tantum
2343 3244 2543 3296 tenere
2562 3242 2919 3305 memoriter,
2936 3256 3141 3296 verum
3161 3241 3338 3296 etiam
3355 3241 3477 3297 vita

1825 3343 1895 3383 ac
1915 3328 2184 3384 moribus
2202 3329 2791 3402 demonstrarequod
2805 3330 3002 3386 nullus
3025 3331 3097 3385 sit
3119 3330 3319 3401 patriae
3333 3346 3471 3385 con-

1824 3416 2058 3473 sulendi
2074 3419 2290 3475 modus
2303 3427 2403 3476 aut
2417 3421 2553 3477 ﬁnis
2566 3421 2887 3488 bonis,non
2902 3419 3275 3488 invitus,imo
3290 3419 3473 3476 etiam

1817 3505 2008 3563 libens
2039 3510 2287 3581 accipio.
2317 3510 2481 3566 Unde
2508 3526 2782 3582 supernae
2810 3510 3131 3580 cujusdam
3160 3509 3384 3581 patriae,
3414 3508 3475 3564 in

1819 3597 1991 3667 cujus
2007 3606 2216 3654 sancto
2232 3615 2434 3655 amore
2449 3616 2557 3671 pro
2572 3606 2773 3655 nostro
2790 3598 3053 3665 modulo,
3070 3599 3219 3654 inter
3231 3614 3333 3653 eos
3347 3598 3473 3669 qui-

1817 3686 1926 3739 bus
1939 3686 2014 3740 ad
2032 3687 2191 3742 illam
2206 3689 2638 3759 capessendam
2653 3688 3051 3755 consulimus,
3067 3687 3472 3759 periclitamur

1818 3778 1917 3846 atq
1927 3775 2275 3832 uelaboram
2288 3794 2371 3847 us,
2382 3777 2560 3832 talem
2574 3777 2751 3831 etiam
2768 3776 3029 3848 teipsum
3044 3776 3235 3831 civem
3251 3777 3472 3832 habere

1820 3856 2124 3932 vellemus,
2151 3867 2361 3937 utejus
2377 3865 2766 3937 portiunculae
2789 3864 2849 3920 in
2882 3866 2996 3920 hac
3030 3870 3180 3919 terra
3210 3864 3471 3936 peregri-

1813 3954 2226 4020 nanti,nullum
2240 3954 2591 4011 consulendi
2608 3954 2835 4009 modum
2850 3953 3144 4025 ﬁnemque
3155 3969 3432 4009 censeres
3451 3970 3465 4020 ;

1815 4048 1977 4099 tanto
1994 4042 2237 4099 eﬂectus
2254 4044 2480 4115 melior,
2500 4049 2726 4117 quanto
2748 4043 2971 4099 meliori
3015 4043 3233 4099 civitati
3265 4042 3464 4099 ofﬁcia

1814 4132 2013 4189 debita
2028 4150 2418 4204 prterogares,
2438 4135 2497 4189 in
2511 4134 2641 4207 ejus
2654 4138 2878 4189 aeterna
2895 4149 3044 4205 pace
3067 4132 3298 4188 nullum
3317 4147 3469 4201 gau-

1812 4222 1990 4278 dendi
2016 4222 2196 4279 ﬁnem
2219 4224 2591 4291 inventurus,
2611 4224 2784 4295 cujus
2804 4224 2879 4279 ad
2900 4230 3138 4295 tempus
3155 4222 3466 4279 laboribus

1812 4312 2045 4369 nullum
2068 4313 2169 4370 tibi
2200 4313 2380 4370 ﬁnem
2407 4320 2699 4370 statueres
2720 4313 3098 4371 consulendi.

1879 4405 2153 4459 2.Verum
2168 4404 2280 4459 hoc
2298 4404 2489 4459 donec
2502 4404 2823 4475 ﬁat,neque
2834 4405 2994 4459 enim
3012 4402 3461 4474 desperandum

1807 4493 2087 4558 est,illam
2111 4501 2164 4549 te
2193 4494 2450 4566 patriam
2472 4510 2646 4564 posse
2663 4494 2991 4566 acquirere,
3008 4492 3099 4547 vel
3108 4493 3234 4563 jam
3258 4490 3462 4563 acqui-

1804 4585 2053 4639 rendam
2086 4583 2545 4655 prudentissime
2575 4584 2857 4652 cogitare,
2899 4583 2976 4639 ad
3002 4598 3188 4655 quam
3210 4588 3262 4637 te
3292 4587 3463 4653 pater

1804 4676 1982 4729 etiam
2000 4674 2101 4746 qui
2126 4672 2185 4727 in
2208 4674 2317 4728 ista
2338 4673 2569 4743 genuit;
2594 4673 2947 4736 antecessit;
2977 4672 3090 4727 hoc
3107 4687 3245 4744 ergo
3267 4672 3462 4729 donec

1802 4763 1924 4828 ﬁat,
1950 4762 2030 4817 da
2057 4761 2231 4818 nobis
2258 4763 2515 4827 veniam,
2547 4762 2593 4816 si
2625 4768 2870 4833 propter
2900 4762 3158 4835 patriam
3190 4767 3461 4819 nostram

1800 4868 1987 4925 quam
2007 4852 2286 4924 cupimus
2325 4867 2641 4924 nunquam
2667 4852 3001 4924 relinquere
3035 4852 3459 4908 contristamus

1800 4941 2059 5014 patriam
2075 4946 2242 4996 tuam
2262 4956 2448 5013 quam
2470 4942 2640 5011 cupis
2668 4940 2977 4997 ﬂorentem
2992 4943 3350 5012 relinquere.
3378 4942 3457 4995 De

1798 5031 2219 5103 cujusquidem
2234 5028 2505 5094 ﬂoribus,
2524 5031 2572 5085 si
2594 5046 2733 5087 cum
2749 5036 2846 5086 tua
2861 5030 3177 5102 prudentia
3189 5028 3454 5100 dispute-

1795 5137 1952 5187 mus,
1982 5137 2103 5176 non
2136 5127 2223 5176 est
2253 5119 2583 5176 verendum
2603 5136 2675 5177 ne
2703 5121 2808 5176 tibi
2832 5119 3070 5174 difﬁcile
3099 5116 3453 5190 persuadea-

1797 5214 1909 5274 tur,
1930 5215 2033 5265 aut
2054 5225 2191 5265 vero
2214 5208 2392 5265 etiam
2418 5225 2537 5264 non
2561 5208 2732 5264 facile
2760 5210 3034 5264 occurrat
3053 5204 3452 5276 quemadmo-

1794 5300 1941 5356 dum
1972 5300 2183 5355 ﬂorere
2228 5299 2437 5354 civitas
2474 5298 2704 5353 debeat.
2740 5293 3245 5353 Commemoravit
3273 5299 3453 5365 poeta

1842 5406 1871 5477 ,ι
1900 5403 1986 5477 Sic
2009 5403 2133 5454 Mss.
2170 5418 2376 5455 omnes.
2410 5404 2586 5458 Recte,
2617 5399 2894 5452 referendo
2907 5398 2975 5448 ad
3001 5398 3323 5449 dilectionem
3349 5400 3451 5464 [cu-

1791 5467 2099 5589 Ριῖῗῖελῖἰδς
2127 5531 2219 5579 202
2249 5544 2259 5578 :
2293 5542 2412 5593 quis
2446 5530 2625 5578 autem
2656 5528 2880 5593 91am,
2915 5538 3061 5578 nunc
3091 5525 3205 5580 182.
3240 5524 3453 5592 Scripta

1768 5592 1962 5653 eodem
1982 5607 2070 5649 an.
2107 5595 2249 5647 circa
2280 5592 2496 5643 initium
2517 5592 2757 5658 augusti.
