4040 6174
466 89 587 150 ’815

479 216 576 273 ille
601 221 939 275 vestrarum
970 217 1337 273 clarissimus
1353 214 1681 270 litterarum
1705 213 2009 286 quosdam
2026 212 2130 268 ﬂo-

477 323 573 362 res
593 309 804 373 Italiae;
837 308 940 362 sed
968 323 1076 360 nos
1106 307 1164 360 in
1194 310 1391 359 vestra
1405 303 1593 375 patria
1608 319 1726 358 non
1755 309 1875 358 tam
1909 302 2131 374 experti

478 414 610 452 sum
623 415 711 460 us,
727 397 948 468 quibus
963 394 1223 449 ﬂoruerit
1238 399 1393 448 terra
1415 393 1513 448 illa
1526 393 1681 457 viris,
1699 408 1886 465 quam
1904 392 2126 464 quibus

479 487 688 540 arserit
713 486 895 540 armis
925 500 938 539 :
974 484 1096 539 imo
1138 499 1273 538 vero
1301 498 1421 538 non
1453 483 1655 546 armis,
1685 481 1790 536 sed
1823 479 2129 549 ﬂammis;

481 588 594 629 nec
621 573 843 642 arserit,
876 574 975 626 sed
1002 571 1350 628 incenderit.
1394 571 1564 636 Quod
1600 577 1828 626 tantum
1863 568 2058 625 scelus
2087 568 2132 622 si

477 661 650 717 fuerit
689 661 1074 733 impunitum,
1108 661 1270 716 nulla
1297 660 1482 731 digna
1527 660 1891 714 correctione
1924 674 2135 729 pravo-

477 767 636 817 rum,
667 751 980 807 ﬂorentem
1010 758 1064 806 te
1089 751 1342 822 patriam
1359 755 1534 821 putas
1556 749 1899 805 relicturum
1926 750 1953 804 ?
1977 747 2137 803 Oﬂo-

479 856 575 896 res
601 856 722 896 non
759 841 931 910 plane
957 840 1272 902 fructuum,
1310 839 1412 894 sed
1455 838 1762 909 spinarum
1795 838 1808 894 ε
1837 840 2135 908 Compara

482 946 644 985 nunc
668 935 863 984 utrum
893 929 1067 984 malis
1087 929 1295 984 ﬂorere
1320 929 1576 1000 patriam
1609 932 1772 983 tuam
1796 928 2031 998 pietate,
2057 943 2134 982 an

482 1019 894 1090 impunitate‘,
913 1019 1190 1074 correctis
1212 1016 1500 1080 moribus,
1517 1032 1594 1071 an
1614 1016 1835 1072 securis
1861 1016 2132 1071 ausibus.

483 1107 783 1178 Compara
813 1109 947 1173 ista,
979 1111 1036 1162 et
1067 1107 1200 1161 vide
1234 1112 1433 1161 utrum
1466 1106 1527 1160 in
1550 1105 1757 1176 patriae
1788 1110 1900 1160 tua)
1932 1120 2136 1160 amore

481 1212 592 1251 nos
626 1196 872 1262 vineas;
915 1202 1112 1252 utrum
1139 1212 1273 1252 eam
1326 1196 1520 1264 magis
1578 1195 1892 1267 veriusque
1924 1194 2136 1266 cupias

483 1285 710 1351 ﬂorere,
738 1301 924 1356 quam
956 1302 1088 1341 nos.

554 1373 607 1425 3.
626 1377 855 1429 Intuere
871 1373 1169 1444 paululum
1183 1373 1340 1445 ipsos
1351 1374 1425 1428 de
1441 1373 1752 1445 Republica
1767 1372 2140 1439 libros,unde

484 1461 655 1518 illum
676 1462 957 1518 affectum
976 1463 1373 1518 amantissimi
1391 1463 1531 1517 civis
1555 1463 1809 1528 ebibisti,
1834 1462 1998 1533 quod
2013 1462 2141 1518 nul-

485 1551 580 1606 lus
607 1552 679 1606 sit
706 1552 914 1623 patrias
938 1552 1287 1607 consulendi
1311 1552 1552 1620 modus,
1569 1558 1671 1608 aut
1693 1551 1828 1606 ﬁnis
1841 1551 2037 1607 bonis.
2055 1553 2141 1606 ln-

490 1641 940 1706 tuere,obsecro
973 1647 1045 1707 te,
1075 1646 1130 1696 et
1151 1656 1322 1696 cerne
1344 1640 1588 1713 quantis
1611 1642 1690 1696 ibi
1721 1640 2004 1697 laudibus
2019 1641 2142 1696 fru-

489 1727 701 1800 galitas
727 1732 785 1784 et
815 1729 1177 1784 continentia
1191 1729 1563 1801 praedicetur,
1589 1735 1644 1785 et
1666 1744 1807 1799 erga
1830 1729 2141 1800 conjugale

486 1817 793 1873 vinculum
809 1817 1254 1890 ﬁdes,castique
1267 1819 1498 1874 honesti
1513 1834 1581 1873 ac
1595 1819 1768 1890 probi
1785 1834 2000 1880 mores,
2015 1819 2144 1891 qui-

485 1907 601 1962 bus
634 1923 771 1961 cum
797 1909 1106 1978 praepollet
1131 1908 1353 1972 civitas,
1378 1923 1508 1963 vere
1533 1907 1744 1963 ﬂorere
1760 1907 2013 1962 dicenda
2030 1913 2138 1964 est.

493 1995 556 2048 Hi
591 2000 790 2050 autem
815 2012 1009 2050 mores
1031 1997 1091 2050 in
1123 1996 1534 2052 Ecclesiistoto
1557 1996 1700 2052 orbe
1715 1996 2138 2067 crescentibus,

487 2084 853 2156 tanquamin
878 2085 1100 2140 sanctis
1122 2085 1429 2141 auditoriis
1458 2084 1814 2157 populorum
1855 2086 2144 2141 docentur

486 2179 666 2245 atque
679 2174 1014 2238 discuntur,
1032 2182 1085 2228 et
1101 2174 1359 2229 maxime
1374 2175 1560 2246 pietas
1572 2191 1695 2247 qua
1710 2191 1884 2230 verus
1896 2181 1949 2230 et
1965 2190 2143 2231 verax

488 2262 715 2318 colatur
738 2265 909 2324 Deus,
935 2264 1037 2336 qui
1057 2263 1182 2318 haee
1198 2263 1421 2327 omnia,
1438 2263 1659 2336 quibus
1673 2263 1910 2319 animus
1924 2264 2145 2320 huma-

488 2368 603 2407 nus
624 2351 841 2407 divina:
855 2353 1117 2408 societati
1133 2358 1153 2388 ³
1168 2353 1240 2408 ad
1259 2353 1717 2408 inhabitandam
1734 2361 2016 2409 aeternam
2035 2371 2146 2410 cas-

488 2441 817 2511 lestemqne
831 2441 1128 2496 civitatem
1147 2441 1454 2496 instruitur
1473 2446 1796 2513 etaptatur,
1816 2459 1933 2496 non
1952 2443 2144 2498 solum

488 2529 658 2599 jubet
687 2529 1117 2598 aggredienda,
1150 2546 1358 2585 verum
1388 2531 1565 2585 etiam
1599 2531 1786 2586 donat
1816 2531 2142 2602 implenda.

494 2617 638 2674 Inde
663 2625 748 2672 est
761 2618 918 2690 quod
935 2618 1184 2673 deorum
1203 2619 1525 2674 multorum
1541 2619 1947 2692 falsorumque
1964 2620 2146 2676 simu-

493 2708 673 2773 lacra,
695 2712 750 2761 et
777 2707 1044 2777 praedixit
1070 2723 1339 2762 eversum
1368 2708 1457 2774 iri,
1479 2714 1534 2764 et
1559 2708 2148 2781 prmcepiteverti.Ni-

495 2798 578 2855 hil
609 2799 769 2852 enim
795 2797 1206 2853 hominestam
1235 2797 1610 2854 insociabiles
1625 2799 1818 2854 reddit
1850 2799 1982 2854 vita:
2015 2816 2148 2871 per-

496 2887 793 2951 versitate,
828 2903 1014 2957 quam
1046 2885 1280 2942 illorum
1331 2887 1570 2943 deorum
1607 2888 1879 2951 imitatio,
1933 2892 2147 2960 quales

497 2977 918 3034 describuntur
940 2981 993 3032 et
1025 2979 1528 3032 commendantur
1557 2978 1762 3033 litteris
1794 2995 2026 3036 eorum.

569 3065 893 3138 «LDenique
909 3065 1332 3121 illidoctissimi
1352 3067 1478 3133 viri,
1500 3068 1600 3139 qui
1622 3068 2053 3140 rempublicam
2070 3070 2146 3124 ci-

499 3157 860 3228 vitatemque
889 3162 1207 3220 terrenam,
1227 3157 1421 3229 qualis
1444 3157 1525 3212 eis
1539 3173 1663 3212 esse
1679 3157 1892 3214 debere
1911 3159 2149 3214 videba-

499 3253 612 3312 tur,
646 3245 837 3315 magis
868 3244 1723 3317 domesticisdisputationibus
1743 3248 2148 3318 requirebant,

501 3334 591 3390 vel
624 3333 800 3389 etiam
845 3331 1283 3397 describebant,
1311 3350 1495 3405 quam
1526 3334 1776 3405 publicis
1817 3334 2151 3392 actionibus

501 3422 887 3478 instituebant
900 3427 1079 3493 atque
1095 3421 1451 3488 formabant,
1469 3423 1739 3496 egregios
1757 3429 1934 3496 atque
1950 3425 2151 3482 lauda-

499 3511 668 3577 biles,
700 3526 853 3584 quos
905 3510 1196 3581 putabant
1227 3511 1520 3578 homines,
1568 3514 1764 3583 potius
1793 3530 1974 3585 quam
2008 3514 2153 3571 deos

507 3617 648 3656 suos
673 3599 996 3655 imitandos
1027 3600 1447 3672 proponebant
1474 3602 1810 3658 erudiendas
1850 3602 2028 3659 indoli
2052 3605 2152 3676 ju-

505 3691 775 3746 ventutis.
811 3691 876 3745 Et
900 3705 1107 3744 revera
1136 3689 1520 3746 Terentianus
1543 3690 1637 3746 ille
1661 3691 2026 3759 adolescens,
2053 3695 2153 3767 qui

500 3778 1057 3852 spectanstabulam
1086 3778 1307 3850 pictam
1327 3779 1385 3834 in
1411 3780 1651 3851 pariete,
1669 3781 2018 3853 ubipictura
2039 3783 2156 3840 ine-

503 3875 593 3924 rat
623 3868 695 3923 de
734 3866 1023 3923 adulterio
1055 3868 1210 3937 regis
1243 3867 1515 3931 deorum,
1564 3869 1874 3925 libidinem
1914 3887 2037 3942 qua
2068 3887 2157 3927 ra-

504 3957 800 4030 piebatur,
826 3955 1080 4010 stimulis
1096 3958 1466 4012 etiamtantae
1497 3959 1864 4014 auctoritatis
1891 3960 2158 4016 accendit

508 4046 605 4117 (a),
623 4045 785 4099 nullo
815 4045 996 4099 modo
1023 4045 1081 4098 in
1105 4044 1247 4098 illud
1261 4045 1555 4114 ﬂagitium
1578 4047 1663 4101 vel
1678 4049 2158 4119 concupiscendo

508 4134 821 4203 laberetur,
855 4133 947 4187 vel
979 4134 1377 4204 perpetrando
1409 4135 1885 4205 immergeretur,
1921 4137 1966 4193 si
1999 4137 2160 4194 Cato-

509 4238 646 4278 nem
676 4221 985 4277 maluisset
1014 4221 1429 4294 imitariquam
1459 4222 1670 4280 Jovem
1694 4225 1827 4280 :sed
1849 4242 1971 4298 quo
1990 4233 2160 4298 pacto

508 4313 570 4369 id
599 4312 834 4377 faceret,
858 4311 1321 4382 cumintemplis
1349 4313 1600 4369 adorare
1616 4321 1922 4384 cogeretur
1953 4317 2161 4373 Jovem

509 4402 705 4476 potius
736 4417 917 4473 quam
947 4403 1230 4457 Catonem
1260 4401 1288 4456 ?
1328 4402 1542 4457 Verum
1585 4403 1712 4458 haec
1744 4419 1816 4459 ex
1839 4405 2157 4472 comoedia,

508 4491 730 4564 quibus
763 4490 1086 4561 impiorum
1110 4489 1286 4546 luxus
1299 4497 1352 4546 et
1376 4491 1666 4562 sacrilega
1686 4493 1996 4564 supertitio
2020 4510 2164 4550 con-

511 4581 859 4644 vinceretur,
876 4578 1139 4651 proferre
1163 4578 1411 4636 forsitan
1432 4597 1550 4636 non
1574 4583 1887 4637 debemus.
1907 4584 2053 4652 Lege
2077 4583 2163 4639 vel

511 4669 704 4725 recole
731 4668 792 4722 in
819 4668 1224 4724 eisdemlibris
1243 4685 1427 4741 quam
1463 4669 1787 4741 prudenter
1813 4671 2158 4736 disseratur,

509 4755 676 4811 nullo
693 4755 871 4812 modo
889 4757 1151 4828 potuisse
1166 4757 1514 4828 scriptiones
1528 4763 1583 4813 et
1596 4761 1859 4814 actiones
1876 4760 2052 4832 recipi
2068 4776 2162 4815 co-

512 4845 1008 4911 mcediarum,nisi
1028 4862 1220 4902 mores
1233 4847 1636 4919 recipientium
1653 4857 2067 4904 consonarent:
2085 4849 2164 4907 ita

511 4934 982 4991 clarissimorum
1007 4935 1269 4991 virorum
1313 4936 1370 4990 in
1389 4936 1688 5007 republica
1721 4937 2160 5006 excellentium,

512 5029 565 5080 et
605 5024 678 5080 de
706 5023 1010 5095 republica
1033 5024 1468 5096 disputantium
1487 5026 1839 5082 auctoritate
1872 5026 2158 5091 ﬁrmatur,

515 5114 916 5187 nequissimos
929 5113 1202 5169 homines
1219 5113 1342 5169 ﬁeri
1370 5115 1619 5170 deorum
1644 5116 1970 5171 imitatione
1996 5117 2159 5188 pejo-

513 5219 755 5267 res,non
770 5219 910 5259 sane
927 5203 1337 5268 verorum,sed
1358 5202 1647 5259 falsorum
1670 5208 1848 5276 atque
1865 5205 2161 5262 fictorum.

578 5312 592 5342 ι
621 5310 778 5371 [ιονπ
799 5309 1062 5371 impietate
1099 5325 1109 5366 ;
1138 5309 1258 5357 Mss.
1292 5324 1434 5365 vero.
1492 5310 1820 5371 impunitate.

575 5371 689 5436 {Ita
712 5370 841 5436 Edid.
864 5370 941 5436 i’At
973 5373 1096 5436 Mss.
1136 5373 1376 5421 Vaticani
1402 5375 1454 5421 et
1482 5370 1887 5436 quatuordecim
1909 5388 1936 5423 θ
1967 5375 2165 5424 nostris

516 5432 732 5488 habent,
764 5435 941 5481 divina
965 5435 1218 5484 societate.

583 5496 654 5558 (α)
689 5495 746 5543 ln
775 5495 1051 5555 Eunucho,
1066 5500 1174 5548 act.
1209 5498 1255 5555 3,
1288 5509 1431 5548 scen.
1468 5499 1512 5551 ὃ.

1761 84 1823 142 S.
1866 82 2251 142 AUGUSTI!“
2294 80 2614 140 EPISCOPI
3746 91 3840 149 316

2315 216 2363 266 5.
2402 211 2472 266 At
2491 209 2651 265 enim
2677 208 2776 265 illa
2797 210 3002 266 omnia
3019 226 3154 283 qum
3173 210 3494 284 antiquitus
3514 213 3582 269 de
3597 216 3704 273 vita
3719 218 3843 276 deo-

2241 316 2366 356 rum
2383 299 2762 366 moribusqne
2776 301 3114 371 conscripta
3128 301 3460 372 sunt,longe
3473 302 3627 358 aliter
3640 307 3848 362 suntin-

2245 389 2563 458 telligeuda
2588 395 2767 460 atque
2785 388 3233 460 interpretanda
3251 390 3712 460 sapientibuslta
3727 410 3847 451 vero

2244 480 2303 536 in
2320 478 2552 550 templis
2571 478 2807 550 populis
2831 478 3209 549 congregatis
3229 479 3456 534 recitari
3473 480 3848 550 hujuscemodi

2245 567 3038 639 salubresinterpretationes
3052 567 3245 623 heriet
3275 567 3682 623 nudiustertius
3709 571 3848 627 audi-

2245 655 2677 723 vimus.Qureso
2693 655 2996 721 te,siccine
3010 672 3232 712 caecum
3249 662 3337 711 est
3352 654 3674 712 humanum
3690 675 3851 728 genus

2244 747 2530 802 adversus
2549 746 2874 810 veritatem,
2912 751 2971 799 ut
2986 750 3107 801 tam
3125 750 3332 816 aperta
3354 749 3410 800 et
3443 747 3736 802 manifesta
3753 764 3852 804 non

2245 835 2497 891 sentiat?
2525 834 2787 892 Totlocis
2809 833 3093 906 pingitur,
3112 834 3399 897 funditur,
3429 835 3703 901 tunditur,
3723 837 3856 892 scul-

2245 925 2424 996 pitur,
2441 923 2732 989 scribitur,
2747 923 2978 992 legitur,
2996 923 3207 992 agitur,
3229 928 3516 985 cantatur,
3537 924 3861 980 saltaturJu-

2247 1014 2415 1085 piter,
2443 1012 2735 1068 adulteria
2759 1017 2922 1068 tanta
2941 1013 3349 1076 committens;
3384 1017 3668 1084 quantum
3683 1019 3794 1068 erat
3811 1020 3861 1068 ut

2246 1103 2303 1158 in
2319 1119 2428 1158 suo
2444 1103 2652 1158 saltem
2667 1101 2805 1173 Capi
2817 1101 2954 1157 tolio
2966 1103 3079 1157 ista
3095 1101 3418 1172 prohibens
3430 1101 3736 1172 legeretur?
3751 1104 3862 1156 meo

2250 1193 2408 1248 mala
2420 1192 2728 1247 dedecoris
2749 1191 3188 1262 impietatisque
3202 1190 3572 1261 plenissima,
3591 1189 3636 1243 si
3656 1190 3863 1245 nemine

2249 1281 2598 1354 prohibente
2611 1283 2668 1336 in
2685 1280 2921 1352 populis
2939 1279 3548 1344 ferveant,adorentur
3561 1278 3617 1333 in
3632 1279 3865 1348 templis,

2249 1371 2552 1426 rideantur
2579 1370 2636 1424 in
2681 1370 2943 1434 theatris,
2973 1384 3110 1424 cum
3139 1368 3231 1423 his
3262 1368 3537 1422 victimas
3585 1367 3871 1422 immolant

2250 1465 2507 1514 vastetur
2520 1474 2701 1532 pecus
2722 1459 2900 1514 etiam
2920 1473 3250 1530 pauperum
3264 1471 3423 1523 ,cum
3441 1456 3566 1511 haec
3585 1455 3870 1510 histriones

2249 1555 2437 1619 agunt
2475 1555 2530 1604 et
2561 1548 2778 1604 saltant
2809 1546 3193 1602 effundantur
3224 1544 3581 1618 patrimonia
3619 1544 3864 1613 divitum,

2251 1640 2511 1695 civitates
2531 1637 2740 1693 ﬂorere
2753 1637 3034 1692 dicuntur
3051 1635 3078 1691 7
3109 1635 3333 1690 Horum
3351 1634 3530 1706 plane
3548 1633 3752 1688 ﬂorum
3770 1648 3874 1688 non

2253 1733 2404 1783 terra
2423 1726 2649 1790 fertilis,
2685 1742 2804 1780 non
2827 1726 3029 1796 aliqua
3051 1723 3302 1796 opulens
3327 1723 3531 1788 virtus,
3549 1722 3650 1777 sed
3672 1721 3761 1776 illa
3779 1721 3876 1776 dea

2255 1817 2422 1871 Flora
2444 1816 2627 1885 digna
2649 1814 3027 1870 materinvita
3048 1819 3155 1878 est,
3182 1813 3354 1882 cujus
3381 1811 3506 1866 ludi
3541 1810 3872 1866 scenicitam

2252 1905 2522 1960 eﬂ‘usiore
2536 1912 2588 1960 et
2604 1905 2902 1960 licentiore
2919 1901 3281 1974 turpitudine
3297 1898 3878 1970 celebrantur,utqui-

2255 1997 2340 2051 vis
2353 1993 2826 2066 intelligatqnale
2841 1994 2931 2048 dae
2942 1993 3210 2047 monium
3224 1990 3489 2063 sit,quod
3506 1988 3723 2061 placari
3735 1989 3879 2042 aliter

2253 2101 2373 2140 non
2389 2091 2598 2156 potest,
2615 2084 2726 2138 nisi
2745 2083 2858 2138 illic
2874 2098 2989 2135 non
3004 2097 3166 2148 aves,
3182 2095 3301 2135 non
3315 2077 3758 2151 quadrupedes,
3777 2091 3878 2130 non

2253 2175 2512 2246 denique
2538 2174 2784 2242 sanguis
2818 2167 3250 2235 humanus,sed
3273 2169 3462 2224 multo
3477 2165 3775 2222 scelestius
3792 2181 3882 2237 pu-

2253 2264 2364 2320 dor
2393 2265 2998 2333 humanustanqnam
3019 2257 3368 2314 immolatus
3385 2258 3656 2312 intereat.

2325 2366 2375 2417 6.
2414 2365 2542 2417 Haec
2555 2360 2677 2415 dixi
2696 2365 2938 2431 propter
2962 2357 3127 2430 quod
3151 2355 3466 2428 scripsisti,
3491 2357 3778 2426 quantum
3795 2350 3884 2405 tibi

2254 2460 2397 2508 tetas
2415 2451 2546 2506 ﬁnis
2566 2450 2838 2522 proxima
2862 2453 3192 2519 est.cupere
3207 2452 3261 2502 te
3278 2450 3339 2500 ut
3360 2445 3623 2516 patriam
3646 2449 3799 2498 tuam
3813 2440 3882 2494 in-

2255 2542 2519 2598 columen
2535 2556 2604 2595 ac
2619 2539 2927 2594 ﬂorentem
2942 2534 3580 2607 relinquas.Tollantur
3594 2532 3692 2586 illa
3703 2530 3884 2586 omnia

2253 2647 2411 2687 vana
2441 2636 2496 2685 et
2522 2630 2753 2692 insana,
2769 2630 3190 2682 convertantur
3203 2624 3482 2680 homines
3498 2622 3578 2676 ad
3593 2635 3791 2675 verum
3803 2616 3886 2672 Dei

2255 2721 2481 2776 cultum
2505 2732 2816 2788 moresque
2834 2722 3030 2772 castos
3057 2721 3112 2769 et
3136 2714 3288 2785 pios,
3305 2718 3452 2768 tunc
3469 2711 3722 2784 patriam
3748 2716 3889 2763 tuam

2255 2809 2564 2866 ﬂorentem
2597 2806 2964 2869 videbis,non
2981 2803 3261 2874 Opinione
3285 2802 3635 2864 stultorum,
3654 2796 3753 2852 sed
3771 2795 3894 2849 veri-

2257 2904 2373 2955 tate
2388 2895 2746 2970 sapientium
2765 2911 2778 2960 ;
2796 2910 2931 2947 cum
2954 2893 3081 2948 haec
3101 2892 3290 2963 patria
3304 2890 3568 2946 carnalis
3586 2884 3896 2958 generatio-

2256 2989 2352 3044 nis
2382 2992 2519 3052 tuaa,
2547 2986 2736 3058 portio
2761 2981 3104 3038 fueritillius
3131 2981 3354 3052 patrita,
3383 2979 3483 3034 cui
3508 2994 3630 3033 non
3652 2987 3897 3046 corpore;

2258 3078 2362 3135 sed
2375 3077 2489 3132 ﬁde
2509 3075 2667 3131 nasci
2680 3088 2829 3138 mur,
2841 3072 2937 3126 ubi
2952 3086 3162 3126 omnes
3177 3069 3361 3124 sancti
3379 3075 3437 3124 et
3453 3067 3660 3123 fideles
3677 3064 3769 3120 Dei
3786 3064 3901 3134 post

2260 3168 2494 3224 labores
2511 3161 2966 3219 veluthiemales
2983 3159 3114 3214 vita:
3133 3159 3330 3229 hujus,
3347 3157 3678 3213 intermina
3691 3148 3898 3208 mterni-

2261 3264 2376 3314 tate
2401 3251 2903 3311 ﬂorebunt.Nobis
2923 3251 3122 3322 itaque
3135 3247 3297 3304 cordi
3312 3255 3427 3312 est,
3446 3261 3645 3319 neque
3661 3240 3902 3299 christia-

2263 3363 2404 3402 nam
2432 3344 2696 3399 amittere
2720 3338 3260 3405 mansuetudinem,
3290 3352 3493 3409 neque
3523 3332 3903 3407 perniciosum

2263 3436 2489 3491 caeteris
2517 3429 2863 3487 imitationis
2890 3426 3232 3498 exemplum
3262 3426 3321 3480 in
3353 3424 3461 3480 illa
3488 3423 3723 3478 civitate
3751 3416 3904 3474 relin-

2263 3540 2465 3597 quere.
2491 3518 2806 3589 Quomodo
2841 3517 2900 3572 id
2933 3531 3204 3586 agamus,
3228 3514 3423 3570 aderit
3451 3509 3904 3597 Deus,sieisnon

2264 3592 2345 3669 ita
2392 3612 2644 3682 graviter
2689 3607 3042 3675 indignetur.
3088 3603 3358 3676 Alioquin
3414 3608 3474 3658 et
3527 3592 3907 3658 mansuetudo

2264 3718 2450 3776 quam
2481 3714 2716 3754 servare
2739 3697 3034 3768 cupimus,
3077 3691 3469 3765 etdisciplina
3485 3707 3614 3764 qua
3628 3688 3710 3744 uti
3738 3682 3910 3776 mode-

2266 3770 2391 3848 rate
2407 3789 2667 3854 nitimur,
2691 3784 2963 3856 impediri
2982 3787 3192 3855 potest,
3214 3781 3259 3836 si
3287 3784 3407 3836 Deo
3426 3779 3599 3835 aliud
3627 3779 3685 3833 in
3699 3770 3910 3831 occulto

2269 3881 2460 3953 placet
2500 3874 2932 3947 sivejudicanti
2970 3873 3083 3928 hoc
3121 3875 3350 3927 tantum
3408 3870 3650 3926 malum
3696 3860 3911 3932 ﬂagello

2270 3971 2494 4026 acriore
2526 3964 2915 4039 plectendum,
2951 3963 3075 4018 sive
3101 3962 3279 4017 etiam
3329 3956 3755 4014 vehementius
3794 3953 3912 4006 irasv

2269 4059 2441 4122 centi,
2472 4058 2518 4111 si
2548 4072 2666 4111 non
2695 4055 2970 4110 correctis
3003 4067 3110 4107 nec
3133 4051 3210 4106 ad
3231 4066 3292 4106 se
3313 4048 3666 4115 conversis,
3691 4044 3765 4100 ad
3798 4046 3919 4096 tem-

2272 4166 2382 4222 pus
2414 4163 2541 4202 esse
2565 4145 2817 4200 voluerit
2844 4142 3230 4215 impunitum.

2340 4248 2392 4303 7.
2412 4243 2920 4301 Prmscribitnobis
2934 4236 3394 4312 quodammodo
3412 4234 3850 4309 prudentiatua
3861 4225 3922 4281 de

2272 4329 3111 4409 personaepiscopali,etdicis
3127 4329 3378 4398 patriam
3397 4333 3565 4382 tuam
3582 4340 3704 4379 non
3717 4318 3823 4377 levi
3839 4330 3923 4388 ρον

2272 4425 2705 4497 pulisuierrato
2720 4421 3098 4491 prolapsam:
3124 4417 3287 4489 quod
3301 4415 3569 4488 quidem
3594 4414 3642 4468 si
3670 4410 3812 4483 juris
3838 4420 3925 4478 pu-

2269 4514 2409 4571 blici
2440 4514 2631 4582 rigore
2663 4506 3184 4576 metiamur,debet
3219 4504 3436 4576 plectis
3474 4501 3777 4559 severiore
3814 4509 3926 4550 cen-

2273 4619 2440 4668 sura;
2472 4601 2586 4657 Sed
2599 4595 3188 4668 episcopum,inqnis,
3201 4596 3301 4664 fas
3315 4608 3446 4648 non
3459 4597 3549 4648 est
3565 4586 3928 4678 nisisaluteftt

2274 4691 2608 4748 hominibus
2641 4690 2967 4756 impertire,
2996 4692 3047 4742 et
3085 4699 3195 4752 pro
3234 4689 3395 4737 statu
3451 4682 3710 4738 metiore
3759 4684 3928 4731 causis

2273 4781 2493 4843 adesse,
2511 4785 2563 4834 et
2581 4777 2740 4846 apud
2753 4777 3201 4844 omnipotentem
3221 4773 3411 4826 Deum
3430 4770 3673 4826 veniam
3693 4765 3930 4822 aliorum

2272 4872 2489 4927 mereri
2500 4869 2739 4925 delictis.
2773 4867 2892 4921 Hoc
2914 4863 3160 4919 omnino
3175 4876 3417 4916 servare
3434 4871 3765 4918 conamur,
3782 4859 3838 4906 ut
3861 4863 3932 4902 se-

2275 4960 2501 5015 veriore
2531 4973 2784 5013 censura
2809 4969 2986 5009 nemo
3003 4951 3309 5025 plectatur,
3338 4965 3551 5021 neque
3583 4964 3619 5002 a
3644 4943 3935 5006 nobis,ne-

2273 5065 2391 5120 qne
2412 5047 2489 5103 ab
2521 5047 2635 5101 alio
2671 5044 2788 5100 ullo
2812 5038 3561 5103 intercedentibusnobis;
3600 5043 3658 5090 et
3698 5032 3932 5124 salutem

2273 5136 2622 5193 hominibus
2654 5134 2932 5205 cupimus
2989 5129 3310 5201 impertire,
3342 5143 3493 5197 quae
3547 5124 3744 5198 posita
3769 5124 3851 5174 est
3884 5128 3934 5169 in

2277 5231 2429 5281 recte
2463 5223 2695 5279 vivendi
2731 5221 3021 5288 felicitate,
3056 5233 3177 5272 non
3204 5218 3260 5270 in
3297 5215 3464 5270 male
3493 5210 3760 5270 faciendi
3791 5221 3936 5262 secu-

2273 5315 2460 5370 ritate.
2496 5315 2742 5367 Veniam
2777 5325 3018 5382 quoque
3048 5322 3165 5362 non
3193 5311 3426 5360 tantum
3453 5303 3710 5362 nostris,
3746 5307 3932 5350 verum

2275 5409 2329 5459 et
2370 5403 2621 5459 aliorum
2675 5402 2970 5455 instamus
2997 5394 3227 5450 delictis
3259 5393 3506 5457 mereri,
3539 5390 3709 5463 quod
3764 5387 3933 5454 impe-

2276 5498 2431 5550 trare
2451 5490 2568 5547 nisi
2601 5506 2710 5567 pro
2741 5488 3017 5546 correctis
3031 5483 3278 5544 omnino
3293 5496 3417 5539 non
3444 5492 3812 5557 possumus.
3841 5467 3939 5527 Ad.
