3996 6158
150 85 242 146 3η
703 145 712 150 ,
1381 79 1757 137 EPISTOLAF

1876 81 1885 137 l
1924 82 2216 143 CLASSIS
2253 84 2323 143 η.

129 211 318 284 fungis
337 209 515 265 etiam
545 212 602 264 et
630 208 806 265 dicis:
841 208 1076 276 Quanta
1086 223 1318 279 possum
1336 208 1772 277 supplicatione

125 302 368 372 deposco,
400 305 461 352 ut
491 298 542 354 si
580 298 952 368 defendenda
986 315 1077 354 res
1112 306 1215 363 est,
1254 298 1541 353 innoxius
1571 298 1767 368 defen-

126 392 313 453 datur,
345 389 420 444 ab
445 389 852 444 innocentibus
878 389 1140 444 molestia
1154 394 1478 457 separetur.

187 483 234 534 8.
254 480 460 549 Accipe
476 478 880 548 breviterquee
898 480 1226 532 commissa
1248 497 1266 527 ς
1282 475 1669 540 int,etuoxios
1689 475 1766 531 ab

117 567 528 624 innocentibus
549 566 678 637 ipse
696 567 982 620 discerne.
1000 565 1218 622 Contra
1235 563 1760 620 recentissimasleo

113 673 206 727 ges
233 656 338 728 (a),
374 655 835 724 calendisjuniis
861 655 1043 711 festo1
1073 660 1449 724 Paganorum
1479 653 1766 721 sacrilega

110 747 454 802 solemnitas
472 745 1068 813 agitataest,nemine
1093 743 1765 816 prohibente,taminso-

108 835 236 890 lenti
251 833 681 905 ausu,utquod
698 832 1024 888 necJuliani
1043 833 1404 904 temporibus
1423 833 1640 886 factum
1658 835 1760 895 est,

107 923 582 996 petulantissima
617 923 788 977 turba
820 922 1165 977 saltantium
1194 924 1251 977 in
1276 921 1487 976 eodem
1518 936 1763 992 prorsus

105 1016 222 1068 vico
239 1019 385 1068 ante
407 1013 847 1067 forestransiret
865 1012 1150 1067 ecclesiae.
1171 1013 1361 1078 Quam
1384 1027 1510 1067 rem
1529 1009 1763 1066 illicitis-

105 1104 316 1157 simam
352 1107 535 1173 atque
558 1101 1040 1170 indignissimam
1060 1101 1286 1156 clericis
1314 1099 1629 1172 prohibere
1645 1106 1765 1153 ten-

103 1189 1276 1260 tantibus,ecclesialapidataest.Deinde
1297 1189 1564 1260 postdies
1580 1188 1762 1243 ferme

101 1289 400 1343 octo,cum
415 1279 577 1351 leges
595 1279 925 1335 notissimas
941 1279 1260 1351 episCOpus
1274 1278 1464 1333 ordini
1483 1277 1762 1350 replicas-

99 1376 191 1431 set,
213 1369 444 1424 etdum
465 1386 536 1423 ea
557 1385 694 1440 qua‘.
712 1368 880 1438 jussa
905 1375 1063 1434 sunt,
1108 1368 1271 1423 velut
1293 1367 1538 1439 implere
1559 1367 1762 1438 dispo-

99 1463 250 1520 nunt,
287 1459 516 1512 iterum
533 1456 782 1511 ecclesia
815 1457 1081 1528 lapidata
1109 1462 1214 1512 est.
1243 1456 1524 1510 Postridie
1547 1456 1762 1510 nostris

94 1548 156 1603 ad
187 1545 641 1618 imponendum
673 1546 917 1617 perditis
971 1551 1219 1610 metum,
1247 1546 1409 1617 quod
1451 1545 1764 1600 videbatur

95 1636 230 1708 apud
249 1643 405 1692 Acta
418 1636 614 1690 dicere
633 1635 964 1690 volentibus
977 1635 1360 1706 publicajura
1372 1640 1585 1702 negata
1601 1638 1758 1689 sunt.

97 1725 437 1798 Eodemque
483 1725 617 1795 ipso
649 1724 765 1790 die,
825 1731 886 1778 ut
940 1723 1027 1778 vel
1069 1724 1347 1779 divinitus
1389 1729 1757 1785 terrerentur,

91 1815 312 1884 grando
339 1814 818 1886 lapidationibus
858 1814 1096 1869 reddita
1143 1818 1232 1868 est
1267 1831 1278 1879 ;
1307 1829 1429 1886 qua
1461 1817 1760 1868 transacta

92 1905 370 1958 continuo
416 1904 658 1957 tertiam
692 1902 1207 1974 lapidationem,et
1236 1910 1539 1974 postremo
1591 1902 1758 1970 ignes

91 1991 507 2048 ecclesiasticis
550 1994 718 2046 tectis
779 1995 954 2063 atque
989 1991 1340 2046 hominibus
1384 1991 1707 2045 intulerunt
1743 1989 1757 2038 ἓ

92 2097 260 2138 unum
290 2097 611 2136 servorum
640 2080 760 2144 Dei,
779 2081 880 2152 qui
908 2080 1194 2136 oberrans
1213 2095 1520 2134 occurrere
1545 2079 1755 2150 potuit,

89 2172 453 2239 occiderunt,
485 2171 715 2225 caeteris
745 2171 958 2241 partim
998 2170 1101 2224 ubi
1135 2174 1450 2240 potuerant
1477 2168 1759 2224 latitanti-

89 2260 204 2323 bus,
236 2259 465 2330 partim
486 2275 629 2331 qua,
663 2263 979 2330 potuerant
998 2258 1365 2327 fugientibus
1384 2259 1758 2314 cuminterea

88 2357 393 2404 contrusus
423 2354 608 2420 atque
641 2353 984 2403 coarctatus
1013 2348 1274 2420 quodam
1309 2348 1439 2402 loco
1468 2363 1530 2402 se
1562 2348 1758 2402 occul-

91 2443 221 2493 taret
236 2437 596 2509 episcopus,
614 2435 714 2491 ubi
731 2454 790 2491 se
803 2437 878 2493 ad
907 2443 1154 2491 mortem
1175 2438 1567 2508 quaerentium
1584 2453 1756 2491 voces

89 2527 361 2583 audiebat
379 2527 620 2598 sibique
636 2525 1096 2597 increpantium,
1129 2525 1283 2597 quod
1299 2542 1367 2581 eo
1380 2542 1495 2580 non
1524 2527 1755 2582 invento

87 2618 250 2685 gratis
270 2622 394 2671 tant
407 2633 498 2670 um
515 2619 946 2687 perpetrassent
970 2615 1187 2670 scelus.
1205 2617 1376 2670 Gesta
1391 2631 1497 2669 sun
1509 2621 1526 2668 t
1538 2615 1664 2669 ham
1678 2615 1754 2670 ab

87 2705 414 2761 horaferme
437 2703 677 2759 decima
694 2720 882 2776 usque
908 2706 980 2759 ad
1017 2705 1208 2760 noctis
1248 2710 1480 2776 partem
1496 2720 1613 2760 non
1645 2705 1756 2759 mi-

88 2797 321 2851 nimam.
345 2797 538 2850 Nemo
553 2809 957 2864 compescere,
991 2794 1497 2849 nemosubvenire
1513 2790 1754 2848 tentavit

87 2883 331 2950 illorum,
358 2900 630 2955 quorum
661 2899 789 2938 esse
810 2883 1009 2953 gravis
1026 2887 1580 2955 possetauctoritas,
1606 2899 1752 2957 prae-

86 2978 155 3028 ter
195 2989 396 3028 unum
429 2972 837 3044 peregrinum,
871 2987 980 3043 per
1022 2989 1204 3046 quem
1233 2979 1288 3027 et
1327 2972 1567 3045 plurimi
1601 2985 1752 3041 servi

93 3063 177 3116 Dei
194 3061 266 3116 de
284 3059 578 3116 manibus
610 3061 939 3116 interﬁcere
965 3061 1308 3116 conantium
1343 3061 1570 3116 liberati
1595 3066 1750 3128 sunt,

93 3149 598 3204 etmultaextorta
613 3149 1029 3220 praedantibus
1053 3166 1188 3221 ;per
1209 3167 1388 3222 quem
1415 3151 1644 3205 clarum
1676 3151 1757 3206 fa-

94 3243 243 3292 ctum
260 3243 374 3302 est,
411 3253 602 3308 quam
635 3237 802 3292 facile
835 3238 932 3294 illa
968 3238 1054 3294 vel
1082 3241 1329 3294 omnino
1361 3255 1480 3294 nou
1525 3239 1751 3308 ﬁerent,

92 3327 174 3381 vel
197 3332 400 3400 coepta
423 3325 800 3395 desisterent,
832 3328 880 3382 si
913 3328 1091 3392 cives,
1135 3329 1511 3400 maximeque
1535 3331 1754 3402 prima-

87 3419 161 3469 tes
183 3432 252 3471 ea
288 3415 420 3470 ﬁeri
453 3414 778 3487 perficique
809 3417 1148 3472 vetuissent.

150 3506 203 3559 9.
220 3503 478 3560 Proinde
510 3503 569 3558 in
594 3504 872 3560 universa
896 3505 994 3562 illa
1025 3507 1255 3562 civitate
1271 3507 1754 3565 noninnocentes

90 3610 120 3647 a
147 3594 532 3657 nocentibus,
565 3593 666 3648 sed
705 3593 899 3648 minus
932 3600 1217 3652 nocentes
1242 3613 1277 3651 a
1309 3599 1754 3653 nocentioribus

91 3684 298 3753 poteris
334 3683 592 3737 fortasse
625 3681 981 3738 discernere.
1027 3686 1177 3739 Nam
1209 3685 1265 3739 in
1300 3702 1482 3756 parvo
1509 3694 1754 3758 peccato

89 3770 162 3824 illi
195 3776 349 3835 sunt,
367 3771 472 3841 qui
502 3774 661 3824 metu
685 3770 965 3838 deterriti,
986 3774 1363 3845 maximeque
1396 3790 1467 3829 ne
1489 3775 1758 3832 offende-

89 3866 489 3932 renteosquos
508 3858 566 3913 in
587 3858 686 3914 illo
704 3860 928 3932 oppido
944 3860 1268 3932 plurimum
1289 3871 1545 3934 posse,et
1563 3866 1758 3922 inimi-

89 3964 185 4002 cos
216 3949 487 4004 Ecclesiae
523 3953 831 4012 noverant,
857 3965 1035 4020 opem
1080 3950 1238 4006 ferre
1257 3968 1376 4007 non
1409 3955 1540 4009 ausi
1573 3961 1712 4011 sunt
1741 3979 1753 4019 ;

92 4037 350 4092 scelerati
367 4043 574 4092 autem
600 4053 831 4099 omnes,
853 4037 1075 4110 quibus
1098 4040 1203 4094 etsi
1228 4056 1346 4096 non
1379 4041 1750 4113 facientibus,

87 4141 272 4197 neque
305 4125 796 4190 immittentibus,
833 4131 1032 4183 tamen
1070 4129 1411 4186 volentibus
1443 4133 1556 4188 ista
1596 4150 1756 4190 com-

91 4217 262 4271 missa
295 4221 438 4270 sunt
471 4233 484 4281 ;
518 4215 948 4281 sceleratiores,
980 4219 1080 4290 qui
1129 4221 1556 4277 commiserunt
1585 4240 1597 4289 ;
1633 4241 1754 4280 sce-

89 4303 556 4377 leratissimi,qui
576 4306 950 4362 immiserunt
1005 4307 1116 4362 Sed
1133 4307 1205 4364 de
1235 4309 1600 4367 immissione
1623 4329 1755 4368 sus-

90 4393 383 4462 picionem
421 4399 704 4466 putemus
735 4411 869 4450 esse
903 4412 1020 4450 non
1049 4398 1375 4467 veritatem,
1404 4415 1511 4455 nec
1530 4417 1599 4456 ea
1629 4403 1749 4456 dis-

92 4483 386 4538 cutiamus
413 4499 550 4554 quae
567 4482 679 4537 nisi
710 4486 1015 4540 tormentis
1043 4502 1251 4542 eorum
1269 4503 1370 4558 per
1396 4490 1750 4562 quosinqui-

91 4579 314 4636 runtur,
341 4571 596 4626 inveniri
619 4573 866 4628 omnino
896 4590 1013 4629 non
1042 4582 1307 4646 possunt.
1337 4579 1550 4632 Demus
1572 4578 1748 4634 etiam

92 4661 320 4715 veniam
341 4661 538 4715 timori
563 4663 888 4733 eorum'qui
917 4664 1112 4734 potius
1143 4667 1322 4720 Deum
1342 4682 1448 4737 pro
1463 4667 1749 4740 episcopo

92 4756 139 4803 et
168 4751 354 4804 servis
387 4749 518 4819 ejus
545 4750 1022 4820 deprecandum,
1048 4769 1232 4825 quam
1267 4756 1750 4825 potentesinimi-

96 4855 186 4891 cos
218 4837 491 4892 Ecclesim
519 4836 914 4895 offendendos
939 4857 1065 4896 esse
1092 4851 1463 4912 putaverunt.
1482 4846 1633 4911 Quid
1650 4862 1750 4900 eos

96 4929 190 4996 qui
219 4927 720 4991 restant,nullane
737 4944 946 4984 censes
973 4930 1290 5003 disciplina
1306 4935 1753 5000 cocrcendos,et

94 5015 564 5088 proponendum
591 5017 897 5072 existimas
924 5018 1283 5091 impunitum
1324 5026 1443 5076 tam
1473 5024 1751 5079 immanis

93 5104 299 5160 luroris
339 5105 686 5176 exemplum
716 5106 744 5161 ?
766 5108 885 5160 Non
907 5109 1204 5178 praeterita
1231 5111 1592 5167 vindicando
1621 5129 1753 5184 pas-

96 5209 216 5246 cere
252 5196 402 5247 iram
455 5202 724 5248 nostram
772 5197 1248 5261 studemus;sed
1298 5201 1755 5258 misericorditer

156 5313 164 5330 "
195 5309 320 5357 Mss.
353 5324 464 5360 sex.
496 5313 647 5369 festa.
679 5313 794 5358 Am.
820 5312 942 5360 Bad.
969 5317 1019 5361 et
1048 5314 1152 5368 Er.,
1184 5321 1338 5363 sexto.

153 5371 674 5444 (aﬂutelligitlegem
688 5373 1154 5444 Hon_orii,l’aganis
1173 5377 1541 5444 prohibentem
1565 5396 1586 5424 ε
1607 5380 1756 5444 quid-

103 5451 121 5477 ι
153 5448 313 5544 quam
350 5436 706 5484 solemnitatis
723 5437 954 5548 agitare;
981 5436 1202 5488 {datam
1229 5442 1405 5490 Curtio
1431 5443 1489 5491 24
1515 5436 1640 5491 nov:
1667 5457 1752 5494 an.

101 5496 150 5545 ιθ
186 5531 198 5554 ,
225 5502 383 5562 Juxta
411 5501 554 5566 App.
592 5497 719 5550 Cod.
794 5499 949 5549 beod.
981 5514 1100 5566 pag.
1131 5503 1208 5556 35.

186 5531 198 5554 ,
225 5515 383 5562 Juno
411 5515 554 5566 App.
592 5515 719 5550 non.
759 5515 949 5549 “1800.
981 5515 1100 5572 pag.
1131 5515 1208 5556 δῦ.

3435 83 3541 162 sis

1885 208 1945 264 in
1971 209 2237 268 futurum
2265 213 2634 270 consulendo
2685 214 3038 286 satagimus.
3075 213 3306 270 Habent
3344 212 3539 268 homi-

1879 315 1985 354 nes
2004 302 2280 368 mali,ubi
2308 308 2364 358 et
2393 321 2496 375 per
2520 305 2878 361 christianos
2908 321 3028 360 non
3043 305 3236 360 solum
3263 318 3534 358 mansue-

1878 391 1953 454 te,
2008 407 2213 447 verum
2245 393 2424 447 etiam
2463 394 2675 449 utiliter
2707 395 3143 466 salubriterque
3177 393 3530 464 plectantur.

1879 478 2278 536 Habentenim
2305 482 2469 552 quod
2486 498 2732 554 corpore
2754 483 3040 537 incolumi
3064 480 3534 545 vivunt,habent

1877 566 2034 620 unde
2064 569 2282 632 vivunt,
2311 569 2532 625 habent
2559 571 2714 626 unde
2745 572 2897 627 male
2929 572 3149 625 vivunt.
3183 573 3307 625 Duo
3336 569 3531 640 prima

1876 655 2043 711 salva
2074 658 2210 727 sint,
2231 665 2290 713 ut
2312 675 2460 730 quos
2477 661 2775 730 pceniteat,
2794 661 2910 714 sint
2938 661 3082 726 ;hoc
3109 658 3531 729 optamus,hoc

1873 751 2172 816 quantum
2210 746 2263 801 in
2293 747 2468 802 nobis
2500 753 2606 811 est,
2631 749 2808 804 etiam
2841 749 3114 819 impensa
3139 763 3322 818 opera
3353 748 3532 802 insta-

1875 849 2029 888 mus.
2063 835 2321 890 Tertium
2346 853 2508 901 vero,
2546 839 2591 891 si
2621 840 2771 892 Deus
2801 837 3068 904 voluerit,
3105 841 3391 906 tanquam
3425 851 3530 906 pu-

1873 927 1956 978 tre
1989 924 2357 996 noxiumque
2403 929 2675 988 resecari,
2708 926 2883 982 valde
2933 925 3390 980 misericorditer
3419 939 3531 993 pu-

1872 1013 2082 1067 niet.Si
2115 1020 2314 1068 autem
2349 1015 2437 1069 vel
2472 1015 2732 1088 amplius
2755 1015 3022 1078 voluerit,
3059 1014 3146 1068 vel
3174 1030 3247 1068 ne
3269 1012 3383 1067 hoc
3405 1012 3532 1083 qui-

1872 1100 2009 1156 dem
2036 1102 2388 1173 permiserit,
2423 1104 2645 1160 altioris
2673 1110 2728 1160 et
2760 1105 3022 1176 profecto
3045 1102 3310 1174 justioris
3345 1100 3534 1156 consi-

1871 1189 1927 1244 lii
1952 1192 2100 1245 ratio
2114 1207 2297 1262 penes
2323 1193 2523 1264 ipsum
2548 1199 2660 1249 est:
2679 1194 2901 1249 anobis
2925 1209 3129 1249 curam
3147 1191 3531 1262 ofﬁciumque

1872 1285 2102 1349 Oportet
2132 1281 2419 1350 impendi,
2454 1299 2773 1354 quousque
2805 1283 2999 1338 videre
3037 1280 3399 1344 conceditur,
3432 1280 3530 1333 de-

1870 1369 2253 1439 precantibus
2283 1387 2441 1436 eum,
2501 1376 2561 1425 ut
2593 1371 2862 1426 animuin
2901 1376 3170 1426 nostrum
3211 1367 3528 1439 approbet,

1873 1473 1987 1527 quo
2017 1459 2244 1512 cunctis
2277 1459 2546 1514 velumus
2579 1476 2707 1515 esse
2724 1458 3369 1530 consultum,nihilque
3402 1456 3530 1511 ﬁeri

1872 1544 2024 1600 sinat
2057 1561 2159 1616 per
2181 1563 2310 1611 nos,
2340 1548 2505 1620 quod
2535 1554 2590 1603 et
2627 1548 2802 1604 nobis
2836 1555 2890 1604 et
2941 1548 3209 1603 Ecclesiae
3253 1561 3378 1600 suae
3406 1560 3526 1600 non

1868 1634 2146 1705 expedire
2173 1635 2347 1706 longe
2379 1637 2589 1692 melius
2604 1639 2767 1693 novit
2792 1639 2916 1708 ipse
2932 1653 3114 1708 quam
3136 1652 3264 1691 nos.

1944 1723 2026 1777 to.
2046 1726 2211 1780 Modo
2241 1742 2378 1781 cum
2408 1726 2571 1797 apud
2601 1726 2913 1782 Calamam
2945 1742 3233 1789 essemus,
3262 1728 3322 1778 ut
3347 1722 3530 1778 nostri

1869 1811 1928 1866 in
1964 1817 2082 1867 tam
2111 1815 2276 1883 gravi
2332 1815 2536 1870 dolore
2568 1815 2656 1872 vel
2707 1817 3157 1871 consolarentur
3186 1813 3407 1877 afﬂicti,
3443 1811 3530 1867 vel

1871 1903 2219 1959 sedarentur
2232 1905 2789 1976 accensi,quantum
2806 1905 3030 1976 potuim
3043 1921 3110 1959 us
3131 1903 3295 1975 quod
3309 1903 3365 1956 in
3383 1906 3527 1956 tem-

1869 2005 2011 2061 pore
2066 1993 2396 2063 oportuisse
2450 1994 2940 2054 existimavimus,
3003 2009 3138 2047 cum
3183 1991 3525 2048 Christianis

1869 2081 2119 2149 egimus.
2159 2082 2377 2136 Deinde
2435 2083 2616 2137 etiam
2657 2083 2823 2153 ipsos
2871 2083 3160 2151 Paganos,
3192 2079 3331 2135 mali
3378 2079 3526 2134 tanti

1868 2174 2047 2239 caput
2076 2174 2130 2224 et
2188 2185 2454 2240 causam,
2505 2177 2767 2242 petentes
2824 2177 2886 2226 ut
2923 2173 3001 2226 ab
3041 2171 3125 2225 eis
3160 2169 3520 2235 videremur,

1866 2256 2247 2323 admisimus,
2292 2265 2353 2314 ut
2393 2260 2504 2314 hac
2537 2261 2850 2316 occasione
2908 2260 3374 2315 admoneremus
3417 2273 3520 2313 eos

1866 2346 2011 2418 quid
2042 2346 2233 2402 facere
2263 2347 2564 2413 deberent,
2597 2351 2640 2403 si
2671 2355 2964 2420 saperent,
2995 2363 3114 2403 non
3156 2352 3384 2403 tantum
3415 2361 3522 2417 pro

1865 2436 2233 2491 removenda
2267 2438 2538 2508 praesenti
2558 2438 3183 2504 sollicitudine,verum
3216 2436 3392 2490 etiam
3414 2450 3522 2505 pro

1867 2523 2224 2594 inquirenda
2258 2526 2444 2581 salute
2474 2534 2780 2599 perpetua.
2816 2527 2990 2582 Multa
3038 2542 3073 2581 a
3114 2525 3287 2580 nobis
3319 2523 3524 2579 audie-

1864 2619 2022 2676 runt,
2060 2614 2313 2670 multum
2340 2615 2515 2671 etiam
2549 2616 2658 2688 ipsi
2688 2620 3051 2688 rogaverunt
3080 2633 3096 2685 ;
3128 2615 3230 2670 sed
3264 2614 3418 2668 absit
3461 2617 3525 2668 ut

1865 2701 2012 2757 tales
2045 2703 2196 2757 servi
2241 2705 2451 2773 simus,
2502 2721 2653 2777 quos
2702 2707 2778 2761 ab
2819 2706 2903 2761 eis
2944 2705 3140 2776 rogari
3189 2703 3458 2767 delectet,
3489 2717 3524 2757 a

1863 2791 2083 2863 quibus
2099 2798 2298 2846 noster
2331 2793 2614 2848 Dominus
2639 2811 2756 2850 non
2781 2801 3042 2864 rogatur.
3060 2793 3225 2849 Unde
3251 2791 3524 2863 pervides

1863 2896 1967 2951 pro
1984 2881 2291 2936 vivacitate
2319 2885 2531 2937 mentis
2548 2889 2685 2952 ture,
2710 2883 2783 2937 ad
2801 2885 2911 2938 hoc
2926 2900 3053 2938 esse
3077 2881 3385 2936 nitendum
3406 2895 3524 2934 ser-

1865 2974 2002 3024 vata
2017 2972 2560 3036 mansuetudine,et
2573 2972 2979 3027 moderatione
2994 2971 3406 3035 christiana,ut
3422 2972 3524 3024 aut

1861 3062 2106 3113 caeteros
2135 3060 2544 3115 deterreamus
2587 3077 2793 3115 eorum
2826 3060 3042 3115 imitari
3069 3060 3518 3114 correctionem.

1864 3149 2092 3203 Damna
2121 3164 2257 3220 quas
2281 3148 2440 3204 illata
2466 3155 2618 3214 sunt,
2651 3146 3516 3212 veltoleranturaChristianis,

1864 3235 1950 3291 vel
1995 3238 2402 3292 resarciuntur
2448 3254 2552 3309 per
2583 3238 2962 3294 Christianos.
3011 3236 3358 3293 Animarum
3410 3251 3520 3290 nos

1862 3324 2049 3388 lucra,
2081 3325 2305 3396 quibus
2334 3328 2711 3398 acquirendis
2738 3343 2872 3382 cum
2899 3325 3161 3398 periculo
3185 3325 3359 3381 etiam
3389 3339 3523 3379 san-

1865 3412 2061 3482 guinis
2090 3413 2414 3482 inhiamus,
2457 3422 2512 3473 et
2542 3417 2600 3473 in
2642 3416 2772 3472 loco
2815 3416 2909 3472 illo
2953 3415 3356 3490 quaestuosius
3387 3429 3521 3486 pro-

1865 3502 2089 3567 venire,
2124 3508 2178 3558 et
2205 3504 2332 3560 aliis
2370 3505 2517 3560 locis
2536 3506 2636 3560 illo
2663 3506 2939 3578 exemplo
2968 3522 3084 3562 non
3113 3503 3387 3576 impediri
3415 3502 3523 3559 de-

1865 3593 2220 3648 sideramus.
2260 3595 2356 3650 Dei
2406 3596 2815 3652 misericordia
2847 3597 3022 3652 nobis
3055 3600 3291 3667 praestet
3316 3593 3389 3648 de
3421 3596 3522 3648 tua

1867 3680 2062 3736 salute
2097 3683 2380 3752 gaudere.

2359 3771 2690 3829 EPISTOLA
2733 3775 2862 3829 xcu
2892 3775 2909 3791 ·
2931 3773 3031 3842 (α).

1866 3859 2238 3929 Augustinus
2268 3862 2496 3917 Italicas
2526 3863 2736 3926 viduae,
2785 3863 3098 3918 consolans
3134 3859 3307 3915 illam
3339 3873 3518 3927 super

1939 3932 2102 3985 obitu
2128 3933 2351 3996 mariti,
2385 3948 2456 3988 ac
2481 3935 2767 4002 refellens
2795 3949 2995 3989 eorum
3039 3931 3371 3999 opinionem
3418 3930 3520 4001 qui

1937 4003 2208 4059 dicebant
2246 4007 2428 4061 Deum
2459 4006 2649 4062 videri
2669 4008 2857 4062 oculis
2888 4003 3207 4072 corporeis.

1869 4092 2134 4147 Dominae
2164 4092 2398 4148 eximiae
2437 4098 2492 4149 et
2518 4094 2730 4150 merito
2770 4093 3300 4166 praestantissimae,
3341 4095 3517 4163 atque

1936 4180 1994 4236 in
2020 4181 2231 4237 Christi
2263 4181 2547 4239 charitate
2580 4183 2952 4240 honorandae
2983 4182 3117 4237 ﬁlim
3150 4183 3387 4237 ITALICE
3413 4179 3516 4252 (b),

1933 4276 2281 4327 Aucusrmus
2305 4272 2646 4344 episcopus,
2678 4274 2736 4328 in
2777 4273 3028 4328 Domino
3057 4271 3336 4326 salutem.

1939 4360 1984 4412 1.
2028 4360 2156 4414 Non
2182 4359 2371 4415 solum
2414 4361 2616 4416 litteris
2640 4362 2777 4426 tuis,
2808 4377 3016 4416 verum
3049 4360 3226 4414 etiam
3262 4360 3392 4429 ipso
3433 4373 3522 4413 re-

1863 4447 2082 4502 ferente
2107 4447 2208 4519 qui
2265 4449 2520 4518 pertulit,
2575 4449 2841 4520 comperi
2876 4450 3131 4504 multum
3166 4455 3219 4501 te
3249 4447 3518 4515 ﬂagitare

1859 4538 2084 4594 litteras
2116 4553 2300 4603 meas,
2333 4538 2672 4594 credentem
2727 4539 2891 4609 quod
2923 4554 2990 4593 ex
3053 4537 3134 4591 eis
3165 4536 3520 4592 consolatio-

1858 4641 1998 4682 nem
2029 4627 2250 4681 habere
2295 4628 2616 4698 plurimam
2669 4627 2888 4697 possis.
2924 4626 3009 4682 Tu
3055 4625 3254 4698 itaque
3303 4626 3515 4682 videris

1858 4715 2004 4787 quid
2031 4715 2244 4771 exinde
2270 4717 2498 4787 capias,
2530 4733 2640 4789 ego
2670 4722 2870 4772 tamen
2900 4731 3005 4772 eas
3039 4730 3257 4786 negare
3284 4716 3371 4772 vel
3404 4715 3514 4772 dif-

1859 4804 2010 4860 ferre
2040 4819 2161 4860 non
2193 4805 2396 4860 debui.
2431 4807 2782 4862 Consoletur
2808 4812 3009 4863 autem
3040 4810 3093 4862 te
3117 4806 3262 4861 ﬁdes
3289 4811 3346 4860 et
3378 4821 3514 4876 spes

1925 4947 1934 4973 ¹
1972 4945 2355 5019 Recensuimus
2386 4946 2684 5019 hanc_ad.a
2715 4947 2802 5012 bg.
2841 4947 2909 5019 bl.
2946 4947 3033 4998 bn.
3067 4961 3110 4997 c.
3150 4961 3224 5019 cc.
3259 4945 3339 4994 cb.
3372 4944 3426 4993 ϐ’.
3459 4958 3511 5019 g:

1862 5021 2079 5120 £5.35].
2113 5009 2221 5120 {inid
2256 5023 2316 5120 nEi
2343 5013 2458 5122 ιιι.
2484 5011 2570 5058 vd.
2604 5011 2741 5060 duos
2756 5009 2826 5060 ὀη
2855 5011 2988 5061 duos
3011 5023 3088 5059 vc.
3118 5010 3355 5072 quinque
3380 5021 3430 5054 v.
3463 5009 3516 5056 et

2072 5107 2083 5118 .
2229 5106 2240 5119 .
2321 5087 2363 5120 r.
2435 5087 2520 5122 ov.

1861 5083 1930 5120 ao
1963 5083 2083 5120 am.
2114 5083 2240 5120 nan.
2282 5083 2363 5120 nr.
2393 5083 2520 5122 Lov.

1925 5134 2160 5198 (alatias
2181 5137 2208 5182 6
2244 5149 2253 5182 :
2278 5149 2395 5198 quas
2419 5140 2597 5186 autem
2620 5137 2680 5184 92
2703 5140 2831 5192 erat,
2851 5149 2993 5184 nunc
3026 5135 3130 5183 176.
3167 5131 3371 5195 Scripta
3390 5133 3512 5182 circ.

1864 5196 2171 5318 “(broguic
2206 5259 2324 5321 ipsi,
2357 5264 2416 5308 ut
2454 5260 2679 5314 videtur,
2713 5259 2905 5308 Italicas
2939 5257 3135 5321 scripta
3173 5260 3254 5306 est
3292 5256 3515 5307 Joannis

1865 5320 2600 5390 Chrysostom_i;epistola170,
2620 5335 2727 5385 qua
2748 5323 2791 5369 is
2818 5320 3111 5390 Romanam
3133 5324 3516 5384 praepotentem

1864 5382 2119 5447 feminam
2157 5382 2486 5447 adhortatur,
2526 5389 2582 5432 ut
2618 5382 2710 5446 pro
2753 5398 2863 5447 sua,
2890 5382 3160 5447 facultate,
3198 5382 3289 5447 per
3317 5397 3390 5440 se,
3423 5398 3517 5432 seu

1866 5459 1960 5514 per
1988 5446 2121 5514 alios
2159 5445 2490 5514 diligentiam
2525 5445 2773 5514 adhibeat
2803 5446 2868 5514 ad
2906 5445 3212 5497 sedandam
3233 5449 3517 5514 tempesta-

1867 5507 1972 5564 tem
2001 5507 2055 5560 in
2088 5507 2341 5561 Orientali
2374 5509 2606 5560 Ecclesia
2634 5510 2934 5562 excitatam.
