  <div class='ocr_page' id='page_1' title='image "/cluster/home/n/w/nwhite01/storage/ocr_20150623/33/hvd.32044096580568/157.png"; bbox 0 0 3996 6158; ppageno 0'>
   <div class='ocr_carea' id='block_1_1' title="bbox 521 166 627 224">
    <p class='ocr_par' dir='ltr' id='par_1_1' title="bbox 521 166 627 224">
     <span class='ocr_line' id='line_1_1' title="bbox 521 166 627 224; baseline 0 0"><span class='ocrx_word' id='word_1_1' title='bbox 521 166 627 224; x_wconf 75' lang='grc'><strong>819</strong></span> 
     </span>
    </p>
   </div>
   <div class='ocr_carea' id='block_1_2' title="bbox 524 291 2167 367">
    <p class='ocr_par' dir='ltr' id='par_1_2' title="bbox 524 291 2167 367">
     <span class='ocr_line' id='line_1_2' title="bbox 524 291 2167 367; baseline -0.001 -17"><span class='ocrx_word' id='word_1_2' title='bbox 524 296 648 359; x_wconf 85' lang='lat' dir='ltr'><strong>tua,</strong></span> <span class='ocrx_word' id='word_1_3' title='bbox 682 298 740 351; x_wconf 90' lang='lat' dir='ltr'><strong>et</strong></span> <span class='ocrx_word' id='word_1_4' title='bbox 767 295 901 367; x_wconf 90' lang='lat' dir='ltr'><strong>ipsa</strong></span> <span class='ocrx_word' id='word_1_5' title='bbox 941 291 1197 351; x_wconf 88' lang='lat' dir='ltr'><strong>charitas</strong></span> <span class='ocrx_word' id='word_1_6' title='bbox 1223 309 1361 365; x_wconf 67' lang='lat' dir='ltr'><strong>quae</strong></span> <span class='ocrx_word' id='word_1_7' title='bbox 1412 292 1766 352; x_wconf 68' lang='lat' dir='ltr'><strong>diffunditur</strong></span> <span class='ocrx_word' id='word_1_8' title='bbox 1793 297 1852 351; x_wconf 92' lang='lat' dir='ltr'><strong>in</strong></span> <span class='ocrx_word' id='word_1_9' title='bbox 1884 292 2167 351; x_wconf 84' lang='lat' dir='ltr'><strong>cordibus</strong></span> 
     </span>
    </p>
   </div>
   <div class='ocr_carea' id='block_1_3' title="bbox 527 380 2165 455">
    <p class='ocr_par' dir='ltr' id='par_1_3' title="bbox 527 380 2165 455">
     <span class='ocr_line' id='line_1_3' title="bbox 527 380 2165 455; baseline 0 -18"><span class='ocrx_word' id='word_1_10' title='bbox 527 383 763 454; x_wconf 88' lang='lat' dir='ltr'><strong>piorum</strong></span> <span class='ocrx_word' id='word_1_11' title='bbox 797 399 901 453; x_wconf 89' lang='lat' dir='ltr'><strong>per</strong></span> <span class='ocrx_word' id='word_1_12' title='bbox 951 382 1235 453; x_wconf 75' lang='lat' dir='ltr'><strong>Spiritum</strong></span> <span class='ocrx_word' id='word_1_13' title='bbox 1284 388 1553 438; x_wconf 90' lang='lat' dir='ltr'><strong>sanctum</strong></span> <span class='ocrx_word' id='word_1_14' title='bbox 1588 384 1776 455; x_wconf 79' lang='lat' dir='ltr'><strong>(Rom.</strong></span> <span class='ocrx_word' id='word_1_15' title='bbox 1800 402 1855 449; x_wconf 90' lang='lat' dir='ltr'><strong>v,</strong></span> <span class='ocrx_word' id='word_1_16' title='bbox 1887 380 1966 455; x_wconf 72' lang='grc' dir='ltr'><strong>ὅ),</strong></span> <span class='ocrx_word' id='word_1_17' title='bbox 1994 383 2165 454; x_wconf 88' lang='lat' dir='ltr'><strong>cujus</strong></span> 
     </span>
    </p>
   </div>
   <div class='ocr_carea' id='block_1_4' title="bbox 524 471 2172 545">
    <p class='ocr_par' dir='ltr' id='par_1_4' title="bbox 524 471 2172 545">
     <span class='ocr_line' id='line_1_4' title="bbox 524 471 2172 545; baseline 0.001 -19"><span class='ocrx_word' id='word_1_18' title='bbox 524 487 684 527; x_wconf 91' lang='lat' dir='ltr'><strong>nunc</strong></span> <span class='ocrx_word' id='word_1_19' title='bbox 709 471 924 543; x_wconf 88' lang='lat' dir='ltr'><strong>aliquid</strong></span> <span class='ocrx_word' id='word_1_20' title='bbox 960 486 1067 541; x_wconf 92' lang='lat' dir='ltr'><strong>pro</strong></span> <span class='ocrx_word' id='word_1_21' title='bbox 1089 471 1336 542; x_wconf 90' lang='lat' dir='ltr'><strong>pignore</strong></span> <span class='ocrx_word' id='word_1_22' title='bbox 1368 473 1734 545; x_wconf 89' lang='lat' dir='ltr'><strong>accepimus,</strong></span> <span class='ocrx_word' id='word_1_23' title='bbox 1764 476 2030 544; x_wconf 80' lang='lat' dir='ltr'><strong>utipsam</strong></span> <span class='ocrx_word' id='word_1_24' title='bbox 2050 473 2172 545; x_wconf 88' lang='lat' dir='ltr'><strong>ple-</strong></span> 
     </span>
    </p>
   </div>
   <div class='ocr_carea' id='block_1_5' title="bbox 522 559 2165 618">
    <p class='ocr_par' dir='ltr' id='par_1_5' title="bbox 522 559 2165 618">
     <span class='ocr_line' id='line_1_5' title="bbox 522 559 2165 618; baseline 0.001 -3"><span class='ocrx_word' id='word_1_25' title='bbox 522 560 852 615; x_wconf 87' lang='lat' dir='ltr'><strong>nitudinem</strong></span> <span class='ocrx_word' id='word_1_26' title='bbox 881 560 1219 615; x_wconf 87' lang='lat' dir='ltr'><strong>desiderare</strong></span> <span class='ocrx_word' id='word_1_27' title='bbox 1248 561 1611 616; x_wconf 86' lang='lat' dir='ltr'><strong>noverimus.</strong></span> <span class='ocrx_word' id='word_1_28' title='bbox 1645 564 1770 618; x_wconf 87' lang='lat' dir='ltr'><strong>Non</strong></span> <span class='ocrx_word' id='word_1_29' title='bbox 1792 562 1951 617; x_wconf 90' lang='lat' dir='ltr'><strong>enim</strong></span> <span class='ocrx_word' id='word_1_30' title='bbox 1984 568 2036 618; x_wconf 92' lang='lat' dir='ltr'><strong>te</strong></span> <span class='ocrx_word' id='word_1_31' title='bbox 2066 559 2165 617; x_wconf 90' lang='lat' dir='ltr'><strong>de-</strong></span> 
     </span>
    </p>
   </div>
   <div class='ocr_carea' id='block_1_6' title="bbox 526 648 2165 719">
    <p class='ocr_par' dir='ltr' id='par_1_6' title="bbox 526 648 2165 719">
     <span class='ocr_line' id='line_1_6' title="bbox 526 648 2165 719; baseline 0.002 -16"><span class='ocrx_word' id='word_1_32' title='bbox 526 648 783 703; x_wconf 89' lang='lat' dir='ltr'><strong>solatam</strong></span> <span class='ocrx_word' id='word_1_33' title='bbox 811 654 1019 719; x_wconf 88' lang='lat' dir='ltr'><strong>putare</strong></span> <span class='ocrx_word' id='word_1_34' title='bbox 1041 650 1245 716; x_wconf 86' lang='lat' dir='ltr'><strong>debes,</strong></span> <span class='ocrx_word' id='word_1_35' title='bbox 1274 667 1411 707; x_wconf 90' lang='lat' dir='ltr'><strong>cum</strong></span> <span class='ocrx_word' id='word_1_36' title='bbox 1440 650 1497 706; x_wconf 90' lang='lat' dir='ltr'><strong>in</strong></span> <span class='ocrx_word' id='word_1_37' title='bbox 1520 651 1792 707; x_wconf 89' lang='lat' dir='ltr'><strong>interiore</strong></span> <span class='ocrx_word' id='word_1_38' title='bbox 1807 652 2047 706; x_wconf 86' lang='lat' dir='ltr'><strong>homine</strong></span> <span class='ocrx_word' id='word_1_39' title='bbox 2063 652 2165 707; x_wconf 90' lang='lat' dir='ltr'><strong>ha-</strong></span> 
     </span>
    </p>
   </div>
   <div class='ocr_carea' id='block_1_7' title="bbox 520 739 2165 811">
    <p class='ocr_par' dir='ltr' id='par_1_7' title="bbox 520 739 2165 811">
     <span class='ocr_line' id='line_1_7' title="bbox 520 739 2165 811; baseline 0.001 -19"><span class='ocrx_word' id='word_1_40' title='bbox 520 739 665 793; x_wconf 82' lang='lat' dir='ltr'><strong>beas</strong></span> <span class='ocrx_word' id='word_1_41' title='bbox 697 744 1054 807; x_wconf 61' lang='lat' dir='ltr'><strong>praesentem</strong></span> <span class='ocrx_word' id='word_1_42' title='bbox 1087 739 1380 795; x_wconf 79' lang='lat' dir='ltr'><strong>Christum</strong></span> <span class='ocrx_word' id='word_1_43' title='bbox 1404 739 1689 811; x_wconf 84' lang='lat' dir='ltr'><strong>perﬁdem</strong></span> <span class='ocrx_word' id='word_1_44' title='bbox 1721 741 1779 795; x_wconf 85' lang='lat' dir='ltr'><strong>in</strong></span> <span class='ocrx_word' id='word_1_45' title='bbox 1808 740 1987 795; x_wconf 89' lang='lat' dir='ltr'><strong>corde</strong></span> <span class='ocrx_word' id='word_1_46' title='bbox 2020 744 2118 795; x_wconf 89' lang='lat' dir='ltr'><strong>tuo</strong></span> <span class='ocrx_word' id='word_1_47' title='bbox 2151 754 2165 807; x_wconf 89' lang='lat'><strong>;</strong></span> 
     </span>
    </p>
   </div>
   <div class='ocr_carea' id='block_1_8' title="bbox 522 826 2170 900">
    <p class='ocr_par' dir='ltr' id='par_1_8' title="bbox 522 826 2170 900">
     <span class='ocr_line' id='line_1_8' title="bbox 522 826 2170 900; baseline 0.001 -18"><span class='ocrx_word' id='word_1_48' title='bbox 522 833 626 882; x_wconf 88' lang='lat' dir='ltr'><strong>aut</strong></span> <span class='ocrx_word' id='word_1_49' title='bbox 645 827 727 881; x_wconf 90' lang='lat' dir='ltr'><strong>sic</strong></span> <span class='ocrx_word' id='word_1_50' title='bbox 749 830 804 881; x_wconf 89' lang='lat' dir='ltr'><strong>te</strong></span> <span class='ocrx_word' id='word_1_51' title='bbox 818 826 1153 882; x_wconf 85' lang='lat' dir='ltr'><strong>contristari</strong></span> <span class='ocrx_word' id='word_1_52' title='bbox 1171 828 1950 900; x_wconf 89' lang='lat' dir='ltr'><strong>oportet,quemadmodum</strong></span> <span class='ocrx_word' id='word_1_53' title='bbox 1966 835 2170 898; x_wconf 82' lang='lat' dir='ltr'><strong>gentes</strong></span> 
     </span>
    </p>
   </div>
   <div class='ocr_carea' id='block_1_9' title="bbox 521 915 2172 988">
    <p class='ocr_par' dir='ltr' id='par_1_9' title="bbox 521 915 2172 988">
     <span class='ocr_line' id='line_1_9' title="bbox 521 915 2172 988; baseline 0.001 -18"><span class='ocrx_word' id='word_1_54' title='bbox 521 932 657 987; x_wconf 68' lang='lat' dir='ltr'><strong>quae</strong></span> <span class='ocrx_word' id='word_1_55' title='bbox 689 931 857 986; x_wconf 86' lang='lat' dir='ltr'><strong>spem</strong></span> <span class='ocrx_word' id='word_1_56' title='bbox 882 930 1001 969; x_wconf 91' lang='lat' dir='ltr'><strong>non</strong></span> <span class='ocrx_word' id='word_1_57' title='bbox 1040 915 1285 983; x_wconf 83' lang='lat' dir='ltr'><strong>habent,</strong></span> <span class='ocrx_word' id='word_1_58' title='bbox 1314 934 1453 974; x_wconf 92' lang='lat' dir='ltr'><strong>cum</strong></span> <span class='ocrx_word' id='word_1_59' title='bbox 1496 918 1880 974; x_wconf 81' lang='lat' dir='ltr'><strong>voracissima</strong></span> <span class='ocrx_word' id='word_1_60' title='bbox 1917 918 2172 988; x_wconf 89' lang='lat' dir='ltr'><strong>promis-</strong></span> 
     </span>
    </p>
   </div>
   <div class='ocr_carea' id='block_1_10' title="bbox 522 1005 2170 1076">
    <p class='ocr_par' dir='ltr' id='par_1_10' title="bbox 522 1005 2170 1076">
     <span class='ocr_line' id='line_1_10' title="bbox 522 1005 2170 1076; baseline 0.001 -17"><span class='ocrx_word' id='word_1_61' title='bbox 522 1006 689 1059; x_wconf 86' lang='lat' dir='ltr'><strong>sione</strong></span> <span class='ocrx_word' id='word_1_62' title='bbox 733 1021 1042 1076; x_wconf 80' lang='lat' dir='ltr'><strong>speremus</strong></span> <span class='ocrx_word' id='word_1_63' title='bbox 1074 1022 1184 1060; x_wconf 91' lang='lat' dir='ltr'><strong>nos</strong></span> <span class='ocrx_word' id='word_1_64' title='bbox 1210 1007 1285 1062; x_wconf 91' lang='lat' dir='ltr'><strong>de</strong></span> <span class='ocrx_word' id='word_1_65' title='bbox 1325 1007 1436 1062; x_wconf 88' lang='lat' dir='ltr'><strong>hac</strong></span> <span class='ocrx_word' id='word_1_66' title='bbox 1479 1009 1614 1069; x_wconf 86' lang='lat' dir='ltr'><strong>vita,</strong></span> <span class='ocrx_word' id='word_1_67' title='bbox 1661 1006 1817 1062; x_wconf 88' lang='lat' dir='ltr'><strong>unde</strong></span> <span class='ocrx_word' id='word_1_68' title='bbox 1861 1005 2170 1076; x_wconf 91' lang='lat' dir='ltr'><strong>migraturi</strong></span> 
     </span>
    </p>
   </div>
   <div class='ocr_carea' id='block_1_11' title="bbox 524 1093 2169 1165">
    <p class='ocr_par' dir='ltr' id='par_1_11' title="bbox 524 1093 2169 1165">
     <span class='ocr_line' id='line_1_11' title="bbox 524 1093 2169 1165; baseline 0.002 -18"><span class='ocrx_word' id='word_1_69' title='bbox 524 1093 820 1165; x_wconf 91' lang='lat' dir='ltr'><strong>quosdam</strong></span> <span class='ocrx_word' id='word_1_70' title='bbox 860 1101 1099 1149; x_wconf 86' lang='lat' dir='ltr'><strong>nostros</strong></span> <span class='ocrx_word' id='word_1_71' title='bbox 1157 1095 1484 1164; x_wconf 81' lang='lat' dir='ltr'><strong>migrantes</strong></span> <span class='ocrx_word' id='word_1_72' title='bbox 1515 1111 1638 1150; x_wconf 92' lang='lat' dir='ltr'><strong>non</strong></span> <span class='ocrx_word' id='word_1_73' title='bbox 1686 1096 2029 1161; x_wconf 88' lang='lat' dir='ltr'><strong>amisimus,</strong></span> <span class='ocrx_word' id='word_1_74' title='bbox 2064 1095 2169 1151; x_wconf 88' lang='lat' dir='ltr'><strong>sed</strong></span> 
     </span>
    </p>
   </div>
   <div class='ocr_carea' id='block_1_12' title="bbox 524 1182 2171 1252">
    <p class='ocr_par' dir='ltr' id='par_1_12' title="bbox 524 1182 2171 1252">
     <span class='ocr_line' id='line_1_12' title="bbox 524 1182 2171 1252; baseline 0.002 -17"><span class='ocrx_word' id='word_1_75' title='bbox 524 1182 944 1252; x_wconf 74' lang='lat' dir='ltr'><strong>praemisimus,</strong></span> <span class='ocrx_word' id='word_1_76' title='bbox 974 1185 1049 1237; x_wconf 91' lang='lat' dir='ltr'><strong>ad</strong></span> <span class='ocrx_word' id='word_1_77' title='bbox 1078 1199 1212 1238; x_wconf 91' lang='lat' dir='ltr'><strong>eam</strong></span> <span class='ocrx_word' id='word_1_78' title='bbox 1245 1184 1426 1240; x_wconf 89' lang='lat' dir='ltr'><strong>vitam</strong></span> <span class='ocrx_word' id='word_1_79' title='bbox 1457 1200 1583 1239; x_wconf 89' lang='lat' dir='ltr'><strong>esse</strong></span> <span class='ocrx_word' id='word_1_80' title='bbox 1609 1191 1909 1249; x_wconf 89' lang='lat' dir='ltr'><strong>venturos,</strong></span> <span class='ocrx_word' id='word_1_81' title='bbox 1943 1184 2042 1239; x_wconf 91' lang='lat' dir='ltr'><strong>ubi</strong></span> <span class='ocrx_word' id='word_1_82' title='bbox 2068 1200 2171 1239; x_wconf 90' lang='lat' dir='ltr'><strong>no-</strong></span> 
     </span>
    </p>
   </div>
   <div class='ocr_carea' id='block_1_13' title="bbox 522 1271 2167 1344">
    <p class='ocr_par' dir='ltr' id='par_1_13' title="bbox 522 1271 2167 1344">
     <span class='ocr_line' id='line_1_13' title="bbox 522 1271 2167 1344; baseline 0.002 -19"><span class='ocrx_word' id='word_1_83' title='bbox 522 1271 613 1325; x_wconf 92' lang='lat' dir='ltr'><strong>bis</strong></span> <span class='ocrx_word' id='word_1_84' title='bbox 663 1275 835 1326; x_wconf 91' lang='lat' dir='ltr'><strong>erunt</strong></span> <span class='ocrx_word' id='word_1_85' title='bbox 863 1278 1091 1342; x_wconf 87' lang='lat' dir='ltr'><strong>quanto</strong></span> <span class='ocrx_word' id='word_1_86' title='bbox 1122 1271 1404 1338; x_wconf 75' lang='lat' dir='ltr'><strong>notiores,</strong></span> <span class='ocrx_word' id='word_1_87' title='bbox 1424 1278 1588 1328; x_wconf 87' lang='lat' dir='ltr'><strong>tanto</strong></span> <span class='ocrx_word' id='word_1_88' title='bbox 1621 1275 1820 1344; x_wconf 80' lang='lat' dir='ltr'><strong>utique</strong></span> <span class='ocrx_word' id='word_1_89' title='bbox 1846 1272 2167 1338; x_wconf 88' lang='lat' dir='ltr'><strong>chariores,</strong></span> 
     </span>
    </p>
   </div>
   <div class='ocr_carea' id='block_1_14' title="bbox 520 1359 1917 1418">
    <p class='ocr_par' dir='ltr' id='par_1_14' title="bbox 520 1359 1917 1418">
     <span class='ocr_line' id='line_1_14' title="bbox 520 1359 1917 1418; baseline 0.001 -5"><span class='ocrx_word' id='word_1_90' title='bbox 520 1365 576 1413; x_wconf 89' lang='lat' dir='ltr'><strong>et</strong></span> <span class='ocrx_word' id='word_1_91' title='bbox 604 1359 731 1413; x_wconf 87' lang='lat' dir='ltr'><strong>sine</strong></span> <span class='ocrx_word' id='word_1_92' title='bbox 761 1359 969 1414; x_wconf 87' lang='lat' dir='ltr'><strong>timore</strong></span> <span class='ocrx_word' id='word_1_93' title='bbox 1003 1360 1179 1415; x_wconf 88' lang='lat' dir='ltr'><strong>ullius</strong></span> <span class='ocrx_word' id='word_1_94' title='bbox 1210 1361 1589 1417; x_wconf 88' lang='lat' dir='ltr'><strong>discessionis</strong></span> <span class='ocrx_word' id='word_1_95' title='bbox 1604 1363 1917 1418; x_wconf 85' lang='lat' dir='ltr'><strong>amabiles.</strong></span> 
     </span>
    </p>
   </div>
   <div class='ocr_carea' id='block_1_15' title="bbox 593 1447 2169 1521">
    <p class='ocr_par' dir='ltr' id='par_1_15' title="bbox 593 1447 2169 1521">
     <span class='ocr_line' id='line_1_15' title="bbox 593 1447 2169 1521; baseline 0.002 -18"><span class='ocrx_word' id='word_1_96' title='bbox 593 1454 644 1503; x_wconf 85' lang='lat'><strong>2.</strong></span> <span class='ocrx_word' id='word_1_97' title='bbox 672 1447 771 1503; x_wconf 87' lang='lat' dir='ltr'><strong>Hic</strong></span> <span class='ocrx_word' id='word_1_98' title='bbox 820 1456 1017 1504; x_wconf 90' lang='lat' dir='ltr'><strong>autem</strong></span> <span class='ocrx_word' id='word_1_99' title='bbox 1069 1451 1175 1505; x_wconf 89' lang='lat' dir='ltr'><strong>etsi</strong></span> <span class='ocrx_word' id='word_1_100' title='bbox 1206 1450 1424 1521; x_wconf 82' lang='lat' dir='ltr'><strong>conjux</strong></span> <span class='ocrx_word' id='word_1_101' title='bbox 1490 1455 1647 1519; x_wconf 92' lang='lat' dir='ltr'><strong>tuus,</strong></span> <span class='ocrx_word' id='word_1_102' title='bbox 1688 1452 1860 1521; x_wconf 86' lang='lat' dir='ltr'><strong>cujus</strong></span> <span class='ocrx_word' id='word_1_103' title='bbox 1888 1451 2169 1507; x_wconf 85' lang='lat' dir='ltr'><strong>abscessu</strong></span> 
     </span>
    </p>
   </div>
   <div class='ocr_carea' id='block_1_16' title="bbox 521 1536 2171 1604">
    <p class='ocr_par' dir='ltr' id='par_1_16' title="bbox 521 1536 2171 1604">
     <span class='ocr_line' id='line_1_16' title="bbox 521 1536 2171 1604; baseline 0.001 -11"><span class='ocrx_word' id='word_1_104' title='bbox 521 1538 705 1593; x_wconf 90' lang='lat' dir='ltr'><strong>vidua</strong></span> <span class='ocrx_word' id='word_1_105' title='bbox 730 1536 965 1602; x_wconf 89' lang='lat' dir='ltr'><strong>diceris,</strong></span> <span class='ocrx_word' id='word_1_106' title='bbox 995 1538 1101 1593; x_wconf 89' lang='lat' dir='ltr'><strong>tibi</strong></span> <span class='ocrx_word' id='word_1_107' title='bbox 1140 1540 1491 1594; x_wconf 91' lang='lat' dir='ltr'><strong>notissimus</strong></span> <span class='ocrx_word' id='word_1_108' title='bbox 1519 1546 1661 1604; x_wconf 89' lang='lat' dir='ltr'><strong>erat,</strong></span> <span class='ocrx_word' id='word_1_109' title='bbox 1692 1539 1801 1595; x_wconf 86' lang='lat' dir='ltr'><strong>sibi</strong></span> <span class='ocrx_word' id='word_1_110' title='bbox 1836 1545 2035 1596; x_wconf 91' lang='lat' dir='ltr'><strong>tamen</strong></span> <span class='ocrx_word' id='word_1_111' title='bbox 2068 1556 2171 1595; x_wconf 84' lang='lat' dir='ltr'><strong>no-</strong></span> 
     </span>
    </p>
   </div>
   <div class='ocr_carea' id='block_1_17' title="bbox 523 1625 2167 1699">
    <p class='ocr_par' dir='ltr' id='par_1_17' title="bbox 523 1625 2167 1699">
     <span class='ocr_line' id='line_1_17' title="bbox 523 1625 2167 1699; baseline 0.001 -18"><span class='ocrx_word' id='word_1_112' title='bbox 523 1626 634 1681; x_wconf 88' lang='lat' dir='ltr'><strong>tior</strong></span> <span class='ocrx_word' id='word_1_113' title='bbox 656 1631 779 1681; x_wconf 89' lang='lat' dir='ltr'><strong>erat</strong></span> <span class='ocrx_word' id='word_1_114' title='bbox 812 1641 998 1696; x_wconf 92' lang='lat' dir='ltr'><strong>quam</strong></span> <span class='ocrx_word' id='word_1_115' title='bbox 1030 1625 1155 1680; x_wconf 88' lang='lat' dir='ltr'><strong>tibi.</strong></span> <span class='ocrx_word' id='word_1_116' title='bbox 1192 1629 1252 1682; x_wconf 86' lang='lat' dir='ltr'><strong>Et</strong></span> <span class='ocrx_word' id='word_1_117' title='bbox 1286 1626 1443 1683; x_wconf 92' lang='lat' dir='ltr'><strong>unde</strong></span> <span class='ocrx_word' id='word_1_118' title='bbox 1474 1628 1606 1697; x_wconf 89' lang='lat' dir='ltr'><strong>hoc,</strong></span> <span class='ocrx_word' id='word_1_119' title='bbox 1641 1644 1776 1683; x_wconf 90' lang='lat' dir='ltr'><strong>cum</strong></span> <span class='ocrx_word' id='word_1_120' title='bbox 1805 1635 1867 1682; x_wconf 93' lang='lat' dir='ltr'><strong>tu</strong></span> <span class='ocrx_word' id='word_1_121' title='bbox 1900 1628 2167 1699; x_wconf 12' lang='lat' dir='ltr'><strong>ejuscor‘</strong></span> 
     </span>
    </p>
   </div>
   <div class='ocr_carea' id='block_1_18' title="bbox 522 1713 2168 1788">
    <p class='ocr_par' dir='ltr' id='par_1_18' title="bbox 522 1713 2168 1788">
     <span class='ocr_line' id='line_1_18' title="bbox 522 1713 2168 1788; baseline 0.003 -21"><span class='ocrx_word' id='word_1_122' title='bbox 522 1713 787 1785; x_wconf 90' lang='lat' dir='ltr'><strong>poralem</strong></span> <span class='ocrx_word' id='word_1_123' title='bbox 824 1714 1033 1769; x_wconf 77' lang='lat' dir='ltr'><strong>{aciem</strong></span> <span class='ocrx_word' id='word_1_124' title='bbox 1102 1714 1351 1782; x_wconf 86' lang='lat' dir='ltr'><strong>videres,</strong></span> <span class='ocrx_word' id='word_1_125' title='bbox 1399 1731 1582 1787; x_wconf 90' lang='lat' dir='ltr'><strong>quam</strong></span> <span class='ocrx_word' id='word_1_126' title='bbox 1625 1715 1752 1787; x_wconf 92' lang='lat' dir='ltr'><strong>ipse</strong></span> <span class='ocrx_word' id='word_1_127' title='bbox 1815 1717 2017 1788; x_wconf 89' lang='lat' dir='ltr'><strong>utique</strong></span> <span class='ocrx_word' id='word_1_128' title='bbox 2047 1732 2168 1772; x_wconf 90' lang='lat' dir='ltr'><strong>non</strong></span> 
     </span>
    </p>
   </div>
   <div class='ocr_carea' id='block_1_19' title="bbox 520 1801 2167 1875">
    <p class='ocr_par' dir='ltr' id='par_1_19' title="bbox 520 1801 2167 1875">
     <span class='ocr_line' id='line_1_19' title="bbox 520 1801 2167 1875; baseline 0.002 -16"><span class='ocrx_word' id='word_1_129' title='bbox 520 1801 779 1869; x_wconf 81' lang='lat' dir='ltr'><strong>videbat,</strong></span> <span class='ocrx_word' id='word_1_130' title='bbox 816 1804 928 1858; x_wconf 92' lang='lat' dir='ltr'><strong>nisi</strong></span> <span class='ocrx_word' id='word_1_131' title='bbox 970 1805 1112 1875; x_wconf 91' lang='lat' dir='ltr'><strong>quia</strong></span> <span class='ocrx_word' id='word_1_132' title='bbox 1143 1804 1352 1860; x_wconf 85' lang='lat' dir='ltr'><strong>notitia</strong></span> <span class='ocrx_word' id='word_1_133' title='bbox 1405 1805 1591 1861; x_wconf 91' lang='lat' dir='ltr'><strong>nostri</strong></span> <span class='ocrx_word' id='word_1_134' title='bbox 1618 1807 1831 1861; x_wconf 89' lang='lat' dir='ltr'><strong>certior</strong></span> <span class='ocrx_word' id='word_1_135' title='bbox 1861 1806 2017 1862; x_wconf 91' lang='lat' dir='ltr'><strong>intus</strong></span> <span class='ocrx_word' id='word_1_136' title='bbox 2056 1812 2167 1874; x_wconf 90' lang='lat' dir='ltr'><strong>est,</strong></span> 
     </span>
    </p>
   </div>
   <div class='ocr_carea' id='block_1_20' title="bbox 520 1891 2165 1967">
    <p class='ocr_par' dir='ltr' id='par_1_20' title="bbox 520 1891 2165 1967">
     <span class='ocr_line' id='line_1_20' title="bbox 520 1891 2165 1967; baseline 0.004 -21"><span class='ocrx_word' id='word_1_137' title='bbox 520 1891 622 1947; x_wconf 91' lang='lat' dir='ltr'><strong>ubi</strong></span> <span class='ocrx_word' id='word_1_138' title='bbox 649 1907 827 1947; x_wconf 92' lang='lat' dir='ltr'><strong>nemo</strong></span> <span class='ocrx_word' id='word_1_139' title='bbox 866 1896 973 1948; x_wconf 86' lang='lat' dir='ltr'><strong>scit</strong></span> <span class='ocrx_word' id='word_1_140' title='bbox 996 1908 1133 1964; x_wconf 70' lang='lat' dir='ltr'><strong>quae</strong></span> <span class='ocrx_word' id='word_1_141' title='bbox 1165 1900 1303 1948; x_wconf 92' lang='lat' dir='ltr'><strong>sunt</strong></span> <span class='ocrx_word' id='word_1_142' title='bbox 1326 1894 1606 1960; x_wconf 91' lang='lat' dir='ltr'><strong>hominis,</strong></span> <span class='ocrx_word' id='word_1_143' title='bbox 1648 1895 1763 1950; x_wconf 91' lang='lat' dir='ltr'><strong>nisi</strong></span> <span class='ocrx_word' id='word_1_144' title='bbox 1792 1895 2033 1967; x_wconf 89' lang='lat' dir='ltr'><strong>spiritus</strong></span> <span class='ocrx_word' id='word_1_145' title='bbox 2065 1896 2165 1952; x_wconf 89' lang='lat' dir='ltr'><strong>ho-</strong></span> 
     </span>
    </p>
   </div>
   <div class='ocr_carea' id='block_1_21' title="bbox 522 1981 2170 2055">
    <p class='ocr_par' dir='ltr' id='par_1_21' title="bbox 522 1981 2170 2055">
     <span class='ocr_line' id='line_1_21' title="bbox 522 1981 2170 2055; baseline 0.003 -20"><span class='ocrx_word' id='word_1_146' title='bbox 522 1981 698 2035; x_wconf 91' lang='lat' dir='ltr'><strong>minis</strong></span> <span class='ocrx_word' id='word_1_147' title='bbox 719 1982 821 2052; x_wconf 89' lang='lat' dir='ltr'><strong>qui</strong></span> <span class='ocrx_word' id='word_1_148' title='bbox 852 1982 910 2035; x_wconf 93' lang='lat' dir='ltr'><strong>in</strong></span> <span class='ocrx_word' id='word_1_149' title='bbox 938 1982 1068 2054; x_wconf 90' lang='lat' dir='ltr'><strong>ipso</strong></span> <span class='ocrx_word' id='word_1_150' title='bbox 1095 1987 1185 2037; x_wconf 90' lang='lat' dir='ltr'><strong>est</strong></span> <span class='ocrx_word' id='word_1_151' title='bbox 1213 1983 1258 2053; x_wconf 96' lang='grc' dir='ltr'><strong>(Ι</strong></span> <span class='ocrx_word' id='word_1_152' title='bbox 1292 1984 1421 2039; x_wconf 82' lang='lat' dir='ltr'><strong>Cor.</strong></span> <span class='ocrx_word' id='word_1_153' title='bbox 1444 2000 1502 2049; x_wconf 85' lang='grc' dir='ltr'>ιι,</span> <span class='ocrx_word' id='word_1_154' title='bbox 1534 1985 1618 2055; x_wconf 81' lang='lat' dir='ltr'><strong>tt)</strong></span> <span class='ocrx_word' id='word_1_155' title='bbox 1655 2001 1667 2039; x_wconf 90' lang='lat'><strong>:</strong></span> <span class='ocrx_word' id='word_1_156' title='bbox 1702 1984 1806 2039; x_wconf 91' lang='lat' dir='ltr'><strong>sed</strong></span> <span class='ocrx_word' id='word_1_157' title='bbox 1830 2000 1967 2039; x_wconf 91' lang='lat' dir='ltr'><strong>cum</strong></span> <span class='ocrx_word' id='word_1_158' title='bbox 2000 2001 2170 2041; x_wconf 87' lang='lat' dir='ltr'><strong>vene-</strong></span> 
     </span>
    </p>
   </div>
   <div class='ocr_carea' id='block_1_22' title="bbox 514 2070 2167 2138">
    <p class='ocr_par' dir='ltr' id='par_1_22' title="bbox 514 2070 2167 2138">
     <span class='ocr_line' id='line_1_22' title="bbox 514 2070 2167 2138; baseline 0.002 -13"><span class='ocrx_word' id='word_1_159' title='bbox 514 2070 1762 2135; x_wconf 87' lang='lat' dir='ltr'><strong>ritDominus,etilluminaveritabscondita</strong></span> <span class='ocrx_word' id='word_1_160' title='bbox 1776 2073 2167 2138; x_wconf 87' lang='lat' dir='ltr'><strong>tenebrarum,</strong></span> 
     </span>
    </p>
   </div>
   <div class='ocr_carea' id='block_1_23' title="bbox 521 2158 2165 2235">
    <p class='ocr_par' dir='ltr' id='par_1_23' title="bbox 521 2158 2165 2235">
     <span class='ocr_line' id='line_1_23' title="bbox 521 2158 2165 2235; baseline 0.002 -20"><span class='ocrx_word' id='word_1_161' title='bbox 521 2165 579 2215; x_wconf 89' lang='lat' dir='ltr'><strong>et</strong></span> <span class='ocrx_word' id='word_1_162' title='bbox 630 2158 1091 2215; x_wconf 81' lang='lat' dir='ltr'><strong>manifestaverit</strong></span> <span class='ocrx_word' id='word_1_163' title='bbox 1127 2161 1516 2230; x_wconf 82' lang='lat' dir='ltr'><strong>cogitationes</strong></span> <span class='ocrx_word' id='word_1_164' title='bbox 1571 2162 1767 2217; x_wconf 86' lang='lat' dir='ltr'><strong>cordis</strong></span> <span class='ocrx_word' id='word_1_165' title='bbox 1796 2162 1936 2233; x_wconf 90' lang='lat' dir='ltr'><strong>(Id.,</strong></span> <span class='ocrx_word' id='word_1_166' title='bbox 1980 2180 2052 2230; x_wconf 75' lang='lat' dir='ltr'><strong>iv,</strong></span> <span class='ocrx_word' id='word_1_167' title='bbox 2088 2165 2165 2235; x_wconf 85' lang='lat'><strong>5),</strong></span> 
     </span>
    </p>
   </div>
   <div class='ocr_carea' id='block_1_24' title="bbox 522 2248 2169 2325">
    <p class='ocr_par' dir='ltr' id='par_1_24' title="bbox 522 2248 2169 2325">
     <span class='ocr_line' id='line_1_24' title="bbox 522 2248 2169 2325; baseline 0.004 -23"><span class='ocrx_word' id='word_1_168' title='bbox 522 2252 661 2303; x_wconf 90' lang='lat' dir='ltr'><strong>tunc</strong></span> <span class='ocrx_word' id='word_1_169' title='bbox 697 2248 843 2303; x_wconf 89' lang='lat' dir='ltr'><strong>nihil</strong></span> <span class='ocrx_word' id='word_1_170' title='bbox 882 2248 1094 2304; x_wconf 83' lang='lat' dir='ltr'><strong>latebit</strong></span> <span class='ocrx_word' id='word_1_171' title='bbox 1120 2253 1460 2319; x_wconf 81' lang='lat' dir='ltr'><strong>proximum</strong></span> <span class='ocrx_word' id='word_1_172' title='bbox 1492 2252 1553 2306; x_wconf 91' lang='lat' dir='ltr'><strong>in</strong></span> <span class='ocrx_word' id='word_1_173' title='bbox 1598 2253 1894 2325; x_wconf 85' lang='lat' dir='ltr'><strong>proximo,</strong></span> <span class='ocrx_word' id='word_1_174' title='bbox 1932 2268 2041 2307; x_wconf 93' lang='lat' dir='ltr'><strong>nec</strong></span> <span class='ocrx_word' id='word_1_175' title='bbox 2063 2252 2169 2308; x_wconf 88' lang='lat' dir='ltr'><strong>erit</strong></span> 
     </span>
    </p>
   </div>
   <div class='ocr_carea' id='block_1_25' title="bbox 519 2336 2167 2410">
    <p class='ocr_par' dir='ltr' id='par_1_25' title="bbox 519 2336 2167 2410">
     <span class='ocr_line' id='line_1_25' title="bbox 519 2336 2167 2410; baseline 0.002 -19"><span class='ocrx_word' id='word_1_176' title='bbox 519 2337 682 2408; x_wconf 92' lang='lat' dir='ltr'><strong>quod</strong></span> <span class='ocrx_word' id='word_1_177' title='bbox 715 2336 838 2392; x_wconf 90' lang='lat' dir='ltr'><strong>suis</strong></span> <span class='ocrx_word' id='word_1_178' title='bbox 867 2338 1122 2410; x_wconf 89' lang='lat' dir='ltr'><strong>quisque</strong></span> <span class='ocrx_word' id='word_1_179' title='bbox 1159 2338 1407 2410; x_wconf 88' lang='lat' dir='ltr'><strong>aperiat,</strong></span> <span class='ocrx_word' id='word_1_180' title='bbox 1439 2340 1772 2396; x_wconf 85' lang='lat' dir='ltr'><strong>abscondat</strong></span> <span class='ocrx_word' id='word_1_181' title='bbox 1803 2341 2033 2407; x_wconf 90' lang='lat' dir='ltr'><strong>alienis,</strong></span> <span class='ocrx_word' id='word_1_182' title='bbox 2069 2342 2167 2397; x_wconf 92' lang='lat' dir='ltr'><strong>ubi</strong></span> 
     </span>
    </p>
   </div>
   <div class='ocr_carea' id='block_1_26' title="bbox 520 2425 2169 2501">
    <p class='ocr_par' dir='ltr' id='par_1_26' title="bbox 520 2425 2169 2501">
     <span class='ocr_line' id='line_1_26' title="bbox 520 2425 2169 2501; baseline 0.003 -21"><span class='ocrx_word' id='word_1_183' title='bbox 520 2425 716 2480; x_wconf 91' lang='lat' dir='ltr'><strong>nullus</strong></span> <span class='ocrx_word' id='word_1_184' title='bbox 736 2426 844 2481; x_wconf 89' lang='lat' dir='ltr'><strong>erit</strong></span> <span class='ocrx_word' id='word_1_185' title='bbox 867 2425 1119 2481; x_wconf 90' lang='lat' dir='ltr'><strong>alienus.</strong></span> <span class='ocrx_word' id='word_1_186' title='bbox 1175 2426 1300 2482; x_wconf 84' lang='lat' dir='ltr'><strong>Lux</strong></span> <span class='ocrx_word' id='word_1_187' title='bbox 1345 2443 1480 2483; x_wconf 91' lang='lat' dir='ltr'><strong>vero</strong></span> <span class='ocrx_word' id='word_1_188' title='bbox 1519 2428 1671 2499; x_wconf 87' lang='lat' dir='ltr'><strong>ipsa,</strong></span> <span class='ocrx_word' id='word_1_189' title='bbox 1715 2445 1837 2501; x_wconf 92' lang='lat' dir='ltr'><strong>qua</strong></span> <span class='ocrx_word' id='word_1_190' title='bbox 1868 2429 2169 2485; x_wconf 91' lang='lat' dir='ltr'><strong>illumina-</strong></span> 
     </span>
    </p>
   </div>
   <div class='ocr_carea' id='block_1_27' title="bbox 521 2513 2169 2586">
    <p class='ocr_par' dir='ltr' id='par_1_27' title="bbox 521 2513 2169 2586">
     <span class='ocr_line' id='line_1_27' title="bbox 521 2513 2169 2586; baseline 0.003 -17"><span class='ocrx_word' id='word_1_191' title='bbox 521 2513 746 2569; x_wconf 92' lang='lat' dir='ltr'><strong>buntur</strong></span> <span class='ocrx_word' id='word_1_192' title='bbox 786 2514 914 2570; x_wconf 70' lang='lat' dir='ltr'><strong>haec</strong></span> <span class='ocrx_word' id='word_1_193' title='bbox 945 2514 1149 2569; x_wconf 88' lang='lat' dir='ltr'><strong>omnia</strong></span> <span class='ocrx_word' id='word_1_194' title='bbox 1174 2531 1309 2586; x_wconf 85' lang='lat' dir='ltr'><strong>quae</strong></span> <span class='ocrx_word' id='word_1_195' title='bbox 1338 2517 1518 2571; x_wconf 91' lang='lat' dir='ltr'><strong>modo</strong></span> <span class='ocrx_word' id='word_1_196' title='bbox 1558 2518 1615 2572; x_wconf 92' lang='lat' dir='ltr'><strong>in</strong></span> <span class='ocrx_word' id='word_1_197' title='bbox 1649 2518 1933 2573; x_wconf 87' lang='lat' dir='ltr'><strong>cordibus</strong></span> <span class='ocrx_word' id='word_1_198' title='bbox 1967 2535 2169 2574; x_wconf 90' lang='lat' dir='ltr'><strong>recon-</strong></span> 
     </span>
    </p>
   </div>
   <div class='ocr_carea' id='block_1_28' title="bbox 519 2601 2166 2678">
    <p class='ocr_par' dir='ltr' id='par_1_28' title="bbox 519 2601 2166 2678">
     <span class='ocr_line' id='line_1_28' title="bbox 519 2601 2166 2678; baseline 0.004 -22"><span class='ocrx_word' id='word_1_199' title='bbox 519 2601 762 2666; x_wconf 90' lang='lat' dir='ltr'><strong>duntur,</strong></span> <span class='ocrx_word' id='word_1_200' title='bbox 794 2603 989 2674; x_wconf 86' lang='lat' dir='ltr'><strong>qualis</strong></span> <span class='ocrx_word' id='word_1_201' title='bbox 1017 2608 1120 2658; x_wconf 88' lang='lat' dir='ltr'><strong>aut</strong></span> <span class='ocrx_word' id='word_1_202' title='bbox 1143 2610 1393 2675; x_wconf 91' lang='lat' dir='ltr'><strong>quanta,</strong></span> <span class='ocrx_word' id='word_1_203' title='bbox 1416 2605 1489 2660; x_wconf 88' lang='lat' dir='ltr'><strong>sit</strong></span> <span class='ocrx_word' id='word_1_204' title='bbox 1512 2607 1647 2678; x_wconf 90' lang='lat' dir='ltr'><strong>quis</strong></span> <span class='ocrx_word' id='word_1_205' title='bbox 1668 2606 1871 2676; x_wconf 87' lang='lat' dir='ltr'><strong>lingua</strong></span> <span class='ocrx_word' id='word_1_206' title='bbox 1888 2608 2166 2678; x_wconf 90' lang='lat' dir='ltr'><strong>proferat,</strong></span> 
     </span>
    </p>
   </div>
   <div class='ocr_carea' id='block_1_29' title="bbox 521 2691 2168 2767">
    <p class='ocr_par' dir='ltr' id='par_1_29' title="bbox 521 2691 2168 2767">
     <span class='ocr_line' id='line_1_29' title="bbox 521 2691 2168 2767; baseline 0.004 -22"><span class='ocrx_word' id='word_1_207' title='bbox 521 2691 659 2762; x_wconf 91' lang='lat' dir='ltr'><strong>quis</strong></span> <span class='ocrx_word' id='word_1_208' title='bbox 690 2691 902 2746; x_wconf 87' lang='lat' dir='ltr'><strong>saltem</strong></span> <span class='ocrx_word' id='word_1_209' title='bbox 956 2692 1196 2748; x_wconf 83' lang='lat' dir='ltr'><strong>inﬁrma</strong></span> <span class='ocrx_word' id='word_1_210' title='bbox 1258 2700 1454 2749; x_wconf 88' lang='lat' dir='ltr'><strong>mente</strong></span> <span class='ocrx_word' id='word_1_211' title='bbox 1504 2696 1808 2767; x_wconf 89' lang='lat' dir='ltr'><strong>contingat</strong></span> <span class='ocrx_word' id='word_1_212' title='bbox 1837 2696 1864 2751; x_wconf 77' lang='lat' dir='ltr'><strong>‘t</strong></span> <span class='ocrx_word' id='word_1_213' title='bbox 1895 2695 2168 2752; x_wconf 86' lang='lat' dir='ltr'><strong>Profecto</strong></span> 
     </span>
    </p>
   </div>
   <div class='ocr_carea' id='block_1_30' title="bbox 519 2779 2167 2854">
    <p class='ocr_par' dir='ltr' id='par_1_30' title="bbox 519 2779 2167 2854">
     <span class='ocr_line' id='line_1_30' title="bbox 519 2779 2167 2854; baseline 0.005 -20"><span class='ocrx_word' id='word_1_214' title='bbox 519 2779 622 2835; x_wconf 84' lang='lat' dir='ltr'><strong>lux</strong></span> <span class='ocrx_word' id='word_1_215' title='bbox 651 2780 751 2835; x_wconf 91' lang='lat' dir='ltr'><strong>illa</strong></span> <span class='ocrx_word' id='word_1_216' title='bbox 781 2781 933 2835; x_wconf 93' lang='lat' dir='ltr'><strong>Deus</strong></span> <span class='ocrx_word' id='word_1_217' title='bbox 959 2780 1091 2852; x_wconf 90' lang='lat' dir='ltr'><strong>ipse</strong></span> <span class='ocrx_word' id='word_1_218' title='bbox 1141 2789 1247 2847; x_wconf 89' lang='lat' dir='ltr'><strong>est,</strong></span> <span class='ocrx_word' id='word_1_219' title='bbox 1306 2783 1596 2854; x_wconf 89' lang='lat' dir='ltr'><strong>quoniam</strong></span> <span class='ocrx_word' id='word_1_220' title='bbox 1629 2786 1781 2841; x_wconf 84' lang='lat' dir='ltr'><strong>Deus</strong></span> <span class='ocrx_word' id='word_1_221' title='bbox 1823 2786 1932 2842; x_wconf 69' lang='lat' dir='ltr'><strong>lux</strong></span> <span class='ocrx_word' id='word_1_222' title='bbox 1977 2793 2082 2850; x_wconf 87' lang='lat' dir='ltr'><strong>est,</strong></span> <span class='ocrx_word' id='word_1_223' title='bbox 2113 2793 2167 2842; x_wconf 90' lang='lat' dir='ltr'><strong>et</strong></span> 
     </span>
    </p>
   </div>
   <div class='ocr_carea' id='block_1_31' title="bbox 520 2868 2167 2945">
    <p class='ocr_par' dir='ltr' id='par_1_31' title="bbox 520 2868 2167 2945">
     <span class='ocr_line' id='line_1_31' title="bbox 520 2868 2167 2945; baseline 0.004 -21"><span class='ocrx_word' id='word_1_224' title='bbox 520 2868 773 2926; x_wconf 74' lang='lat' dir='ltr'><strong>tenebrae</strong></span> <span class='ocrx_word' id='word_1_225' title='bbox 806 2870 869 2924; x_wconf 90' lang='lat' dir='ltr'><strong>in</strong></span> <span class='ocrx_word' id='word_1_226' title='bbox 899 2885 964 2926; x_wconf 88' lang='lat' dir='ltr'><strong>eo</strong></span> <span class='ocrx_word' id='word_1_227' title='bbox 987 2886 1108 2925; x_wconf 90' lang='lat' dir='ltr'><strong>non</strong></span> <span class='ocrx_word' id='word_1_228' title='bbox 1128 2877 1267 2927; x_wconf 89' lang='lat' dir='ltr'><strong>sunt</strong></span> <span class='ocrx_word' id='word_1_229' title='bbox 1300 2872 1438 2928; x_wconf 60' lang='lat' dir='ltr'><strong>ulla</strong></span> <span class='ocrx_word' id='word_1_230' title='bbox 1465 2872 1510 2943; x_wconf 89' lang='grc' dir='ltr'><strong>(Ι</strong></span> <span class='ocrx_word' id='word_1_231' title='bbox 1548 2874 1726 2929; x_wconf 87' lang='lat' dir='ltr'><strong>Joan.</strong></span> <span class='ocrx_word' id='word_1_232' title='bbox 1762 2891 1795 2939; x_wconf 85' lang='grc' dir='ltr'>ι,</span> <span class='ocrx_word' id='word_1_233' title='bbox 1828 2874 1920 2945; x_wconf 82' lang='grc'><strong>5);</strong></span> <span class='ocrx_word' id='word_1_234' title='bbox 1950 2874 2054 2929; x_wconf 91' lang='lat' dir='ltr'><strong>sed</strong></span> <span class='ocrx_word' id='word_1_235' title='bbox 2070 2874 2167 2931; x_wconf 81' lang='lat' dir='ltr'><strong>lux</strong></span> 
     </span>
    </p>
   </div>
   <div class='ocr_carea' id='block_1_32' title="bbox 441 2957 2171 3033">
    <p class='ocr_par' dir='ltr' id='par_1_32' title="bbox 441 2957 2171 3033">
     <span class='ocr_line' id='line_1_32' title="bbox 441 2957 2171 3033; baseline 0.005 -22"><span class='ocrx_word' id='word_1_236' title='bbox 441 2975 455 2987; x_wconf 72' lang='grc' dir='ltr'><em>ο</em></span> <span class='ocrx_word' id='word_1_237' title='bbox 520 2957 813 3013; x_wconf 90' lang='lat' dir='ltr'><strong>mentium</strong></span> <span class='ocrx_word' id='word_1_238' title='bbox 847 2963 1257 3029; x_wconf 87' lang='lat' dir='ltr'><strong>purgatarum,</strong></span> <span class='ocrx_word' id='word_1_239' title='bbox 1301 2976 1421 3016; x_wconf 90' lang='lat' dir='ltr'><strong>non</strong></span> <span class='ocrx_word' id='word_1_240' title='bbox 1452 2963 1701 3016; x_wconf 92' lang='lat' dir='ltr'><strong>istorum</strong></span> <span class='ocrx_word' id='word_1_241' title='bbox 1731 2964 1997 3033; x_wconf 90' lang='lat' dir='ltr'><strong>corporis</strong></span> <span class='ocrx_word' id='word_1_242' title='bbox 2026 2979 2171 3019; x_wconf 91' lang='lat' dir='ltr'><strong>ocu-</strong></span> 
     </span>
    </p>
   </div>
   <div class='ocr_carea' id='block_1_33' title="bbox 523 3046 2171 3123">
    <p class='ocr_par' dir='ltr' id='par_1_33' title="bbox 523 3046 2171 3123">
     <span class='ocr_line' id='line_1_33' title="bbox 523 3046 2171 3123; baseline 0.004 -21"><span class='ocrx_word' id='word_1_243' title='bbox 523 3046 740 3103; x_wconf 89' lang='lat' dir='ltr'><strong>lorum.</strong></span> <span class='ocrx_word' id='word_1_244' title='bbox 776 3047 893 3102; x_wconf 87' lang='lat' dir='ltr'><strong>Erit</strong></span> <span class='ocrx_word' id='word_1_245' title='bbox 923 3062 1064 3117; x_wconf 87' lang='lat' dir='ltr'><strong>ergo</strong></span> <span class='ocrx_word' id='word_1_246' title='bbox 1093 3056 1232 3104; x_wconf 91' lang='lat' dir='ltr'><strong>tunc</strong></span> <span class='ocrx_word' id='word_1_247' title='bbox 1263 3065 1434 3105; x_wconf 92' lang='lat' dir='ltr'><strong>mens</strong></span> <span class='ocrx_word' id='word_1_248' title='bbox 1476 3049 1695 3105; x_wconf 86' lang='lat' dir='ltr'><strong>idonea</strong></span> <span class='ocrx_word' id='word_1_249' title='bbox 1721 3067 1856 3123; x_wconf 69' lang='lat' dir='ltr'><strong>quae</strong></span> <span class='ocrx_word' id='word_1_250' title='bbox 1884 3051 2045 3108; x_wconf 89' lang='lat' dir='ltr'><strong>illam</strong></span> <span class='ocrx_word' id='word_1_251' title='bbox 2084 3052 2171 3108; x_wconf 90' lang='lat' dir='ltr'><strong>lu-</strong></span> 
     </span>
    </p>
   </div>
   <div class='ocr_carea' id='block_1_34' title="bbox 520 3136 1697 3208">
    <p class='ocr_par' dir='ltr' id='par_1_34' title="bbox 520 3136 1697 3208">
     <span class='ocr_line' id='line_1_34' title="bbox 520 3136 1697 3208; baseline 0.001 -16"><span class='ocrx_word' id='word_1_252' title='bbox 520 3151 650 3192; x_wconf 91' lang='lat' dir='ltr'><strong>cem</strong></span> <span class='ocrx_word' id='word_1_253' title='bbox 677 3136 893 3203; x_wconf 82' lang='lat' dir='ltr'><strong>videat,</strong></span> <span class='ocrx_word' id='word_1_254' title='bbox 926 3138 1081 3208; x_wconf 88' lang='lat' dir='ltr'><strong>quod</strong></span> <span class='ocrx_word' id='word_1_255' title='bbox 1104 3152 1264 3193; x_wconf 91' lang='lat' dir='ltr'><strong>nunc</strong></span> <span class='ocrx_word' id='word_1_256' title='bbox 1294 3138 1565 3194; x_wconf 91' lang='lat' dir='ltr'><strong>nondum</strong></span> <span class='ocrx_word' id='word_1_257' title='bbox 1591 3146 1697 3195; x_wconf 91' lang='lat' dir='ltr'><strong>est.</strong></span> 
     </span>
    </p>
   </div>
   <div class='ocr_carea' id='block_1_35' title="bbox 588 3235 2171 3310">
    <p class='ocr_par' dir='ltr' id='par_1_35' title="bbox 588 3235 2171 3310">
     <span class='ocr_line' id='line_1_35' title="bbox 588 3235 2171 3310; baseline 0.003 -19"><span class='ocrx_word' id='word_1_258' title='bbox 588 3236 641 3291; x_wconf 89' lang='lat'><strong>3.</strong></span> <span class='ocrx_word' id='word_1_259' title='bbox 661 3237 778 3290; x_wconf 83' lang='lat' dir='ltr'><strong>Hoc</strong></span> <span class='ocrx_word' id='word_1_260' title='bbox 802 3240 1004 3290; x_wconf 90' lang='lat' dir='ltr'><strong>autem</strong></span> <span class='ocrx_word' id='word_1_261' title='bbox 1026 3235 1235 3290; x_wconf 87' lang='lat' dir='ltr'><strong>oculus</strong></span> <span class='ocrx_word' id='word_1_262' title='bbox 1262 3237 1460 3291; x_wconf 90' lang='lat' dir='ltr'><strong>videre</strong></span> <span class='ocrx_word' id='word_1_263' title='bbox 1490 3238 1756 3307; x_wconf 89' lang='lat' dir='ltr'><strong>corporis</strong></span> <span class='ocrx_word' id='word_1_264' title='bbox 1785 3254 1977 3310; x_wconf 90' lang='lat' dir='ltr'><strong>neque</strong></span> <span class='ocrx_word' id='word_1_265' title='bbox 2010 3254 2171 3295; x_wconf 92' lang='lat' dir='ltr'><strong>nunc</strong></span> 
     </span>
    </p>
   </div>
   <div class='ocr_carea' id='block_1_36' title="bbox 514 3325 2172 3398">
    <p class='ocr_par' dir='ltr' id='par_1_36' title="bbox 514 3325 2172 3398">
     <span class='ocr_line' id='line_1_36' title="bbox 514 3325 2172 3398; baseline 0.001 -19"><span class='ocrx_word' id='word_1_266' title='bbox 514 3328 729 3394; x_wconf 88' lang='lat' dir='ltr'><strong>potest,</strong></span> <span class='ocrx_word' id='word_1_267' title='bbox 750 3338 943 3394; x_wconf 90' lang='lat' dir='ltr'><strong>neque</strong></span> <span class='ocrx_word' id='word_1_268' title='bbox 976 3330 1114 3378; x_wconf 92' lang='lat' dir='ltr'><strong>tunc</strong></span> <span class='ocrx_word' id='word_1_269' title='bbox 1136 3325 1365 3394; x_wconf 87' lang='lat' dir='ltr'><strong>poterit.</strong></span> <span class='ocrx_word' id='word_1_270' title='bbox 1392 3326 1579 3381; x_wconf 91' lang='lat' dir='ltr'><strong>Omne</strong></span> <span class='ocrx_word' id='word_1_271' title='bbox 1594 3328 1817 3397; x_wconf 91' lang='lat' dir='ltr'><strong>quippe</strong></span> <span class='ocrx_word' id='word_1_272' title='bbox 1840 3328 2002 3398; x_wconf 91' lang='lat' dir='ltr'><strong>quod</strong></span> <span class='ocrx_word' id='word_1_273' title='bbox 2034 3344 2172 3383; x_wconf 92' lang='lat' dir='ltr'><strong>ocu-</strong></span> 
     </span>
    </p>
   </div>
   <div class='ocr_carea' id='block_1_37' title="bbox 516 3412 2170 3487">
    <p class='ocr_par' dir='ltr' id='par_1_37' title="bbox 516 3412 2170 3487">
     <span class='ocr_line' id='line_1_37' title="bbox 516 3412 2170 3487; baseline 0.002 -18"><span class='ocrx_word' id='word_1_274' title='bbox 516 3412 590 3469; x_wconf 87' lang='lat' dir='ltr'><strong>lis</strong></span> <span class='ocrx_word' id='word_1_275' title='bbox 619 3413 887 3483; x_wconf 89' lang='lat' dir='ltr'><strong>corporis</strong></span> <span class='ocrx_word' id='word_1_276' title='bbox 930 3412 1192 3481; x_wconf 90' lang='lat' dir='ltr'><strong>conspici</strong></span> <span class='ocrx_word' id='word_1_277' title='bbox 1226 3419 1441 3484; x_wconf 90' lang='lat' dir='ltr'><strong>potest,</strong></span> <span class='ocrx_word' id='word_1_278' title='bbox 1476 3415 1533 3468; x_wconf 91' lang='lat' dir='ltr'><strong>in</strong></span> <span class='ocrx_word' id='word_1_279' title='bbox 1563 3415 1696 3470; x_wconf 94' lang='lat' dir='ltr'><strong>loco</strong></span> <span class='ocrx_word' id='word_1_280' title='bbox 1726 3415 1929 3487; x_wconf 91' lang='lat' dir='ltr'><strong>aliquo</strong></span> <span class='ocrx_word' id='word_1_281' title='bbox 1956 3418 2027 3471; x_wconf 91' lang='lat' dir='ltr'><strong>sit</strong></span> <span class='ocrx_word' id='word_1_282' title='bbox 2075 3433 2170 3472; x_wconf 88' lang='lat' dir='ltr'><strong>ne-</strong></span> 
     </span>
    </p>
   </div>
   <div class='ocr_carea' id='block_1_38' title="bbox 518 3499 2171 3577">
    <p class='ocr_par' dir='ltr' id='par_1_38' title="bbox 518 3499 2171 3577">
     <span class='ocr_line' id='line_1_38' title="bbox 518 3499 2171 3577; baseline 0.003 -22"><span class='ocrx_word' id='word_1_283' title='bbox 518 3507 801 3565; x_wconf 90' lang='lat' dir='ltr'><strong>cesseest,</strong></span> <span class='ocrx_word' id='word_1_284' title='bbox 819 3515 926 3554; x_wconf 89' lang='lat' dir='ltr'><strong>nec</strong></span> <span class='ocrx_word' id='word_1_285' title='bbox 958 3499 1180 3571; x_wconf 91' lang='lat' dir='ltr'><strong>ubique</strong></span> <span class='ocrx_word' id='word_1_286' title='bbox 1198 3502 1270 3557; x_wconf 89' lang='lat' dir='ltr'><strong>sit</strong></span> <span class='ocrx_word' id='word_1_287' title='bbox 1291 3504 1613 3569; x_wconf 91' lang='lat' dir='ltr'><strong>totum,sed</strong></span> <span class='ocrx_word' id='word_1_288' title='bbox 1644 3505 1871 3559; x_wconf 91' lang='lat' dir='ltr'><strong>minore</strong></span> <span class='ocrx_word' id='word_1_289' title='bbox 1902 3507 2171 3577; x_wconf 89' lang='lat' dir='ltr'><strong>suiparte</strong></span> 
     </span>
    </p>
   </div>
   <div class='ocr_carea' id='block_1_39' title="bbox 519 3588 2167 3664">
    <p class='ocr_par' dir='ltr' id='par_1_39' title="bbox 519 3588 2167 3664">
     <span class='ocr_line' id='line_1_39' title="bbox 519 3588 2167 3664; baseline 0.002 -19"><span class='ocrx_word' id='word_1_290' title='bbox 519 3588 814 3645; x_wconf 86' lang='lat' dir='ltr'><strong>minorem</strong></span> <span class='ocrx_word' id='word_1_291' title='bbox 839 3588 1037 3644; x_wconf 92' lang='lat' dir='ltr'><strong>locum</strong></span> <span class='ocrx_word' id='word_1_292' title='bbox 1069 3596 1339 3660; x_wconf 87' lang='lat' dir='ltr'><strong>occupet,</strong></span> <span class='ocrx_word' id='word_1_293' title='bbox 1368 3592 1665 3662; x_wconf 91' lang='lat' dir='ltr'><strong>etmajore</strong></span> <span class='ocrx_word' id='word_1_294' title='bbox 1680 3594 1994 3664; x_wconf 90' lang='lat' dir='ltr'><strong>majorem.</strong></span> <span class='ocrx_word' id='word_1_295' title='bbox 2042 3594 2167 3649; x_wconf 89' lang='lat' dir='ltr'><strong>Non</strong></span> 
     </span>
    </p>
   </div>
   <div class='ocr_carea' id='block_1_40' title="bbox 518 3677 2172 3755">
    <p class='ocr_par' dir='ltr' id='par_1_40' title="bbox 518 3677 2172 3755">
     <span class='ocr_line' id='line_1_40' title="bbox 518 3677 2172 3755; baseline 0.004 -22"><span class='ocrx_word' id='word_1_296' title='bbox 518 3677 601 3733; x_wconf 88' lang='lat' dir='ltr'><strong>ita</strong></span> <span class='ocrx_word' id='word_1_297' title='bbox 638 3682 727 3732; x_wconf 91' lang='lat' dir='ltr'><strong>est</strong></span> <span class='ocrx_word' id='word_1_298' title='bbox 758 3679 910 3731; x_wconf 90' lang='lat' dir='ltr'><strong>Deus</strong></span> <span class='ocrx_word' id='word_1_299' title='bbox 937 3677 1276 3744; x_wconf 85' lang='lat' dir='ltr'><strong>invisibilis,</strong></span> <span class='ocrx_word' id='word_1_300' title='bbox 1302 3680 1358 3734; x_wconf 93' lang='lat' dir='ltr'><strong>in</strong></span> <span class='ocrx_word' id='word_1_301' title='bbox 1378 3681 1869 3751; x_wconf 89' lang='lat' dir='ltr'><strong>incorruptibilis,</strong></span> <span class='ocrx_word' id='word_1_302' title='bbox 1892 3684 1997 3755; x_wconf 89' lang='lat' dir='ltr'><strong>qui</strong></span> <span class='ocrx_word' id='word_1_303' title='bbox 2012 3684 2172 3739; x_wconf 84' lang='lat' dir='ltr'><strong>solus</strong></span> 
     </span>
    </p>
   </div>
   <div class='ocr_carea' id='block_1_41' title="bbox 521 3766 2174 3839">
    <p class='ocr_par' dir='ltr' id='par_1_41' title="bbox 521 3766 2174 3839">
     <span class='ocr_line' id='line_1_41' title="bbox 521 3766 2174 3839; baseline 0.002 -16"><span class='ocrx_word' id='word_1_304' title='bbox 521 3766 696 3823; x_wconf 84' lang='lat' dir='ltr'><strong>habet</strong></span> <span class='ocrx_word' id='word_1_305' title='bbox 709 3766 1231 3839; x_wconf 68' lang='lat' dir='ltr'><strong>immortalitatem,</strong></span> <span class='ocrx_word' id='word_1_306' title='bbox 1259 3774 1313 3825; x_wconf 89' lang='lat' dir='ltr'><strong>et</strong></span> <span class='ocrx_word' id='word_1_307' title='bbox 1329 3768 1514 3826; x_wconf 81' lang='lat' dir='ltr'><strong>lucem</strong></span> <span class='ocrx_word' id='word_1_308' title='bbox 1552 3771 1783 3827; x_wconf 85' lang='lat' dir='ltr'><strong>habitat</strong></span> <span class='ocrx_word' id='word_1_309' title='bbox 1802 3772 2174 3828; x_wconf 84' lang='lat' dir='ltr'><strong>inaccessibi-</strong></span> 
     </span>
    </p>
   </div>
   <div class='ocr_carea' id='block_1_42' title="bbox 519 3857 2169 3934">
    <p class='ocr_par' dir='ltr' id='par_1_42' title="bbox 519 3857 2169 3934">
     <span class='ocr_line' id='line_1_42' title="bbox 519 3857 2169 3934; baseline 0.002 -21"><span class='ocrx_word' id='word_1_310' title='bbox 519 3858 665 3927; x_wconf 85' lang='lat' dir='ltr'><strong>lem;</strong></span> <span class='ocrx_word' id='word_1_311' title='bbox 691 3870 863 3927; x_wconf 85' lang='lat' dir='ltr'><strong>quem</strong></span> <span class='ocrx_word' id='word_1_312' title='bbox 893 3871 1060 3913; x_wconf 90' lang='lat' dir='ltr'><strong>nemo</strong></span> <span class='ocrx_word' id='word_1_313' title='bbox 1083 3857 1382 3915; x_wconf 80' lang='lat' dir='ltr'><strong>hominum</strong></span> <span class='ocrx_word' id='word_1_314' title='bbox 1413 3859 1557 3915; x_wconf 85' lang='lat' dir='ltr'><strong>vidit</strong></span> <span class='ocrx_word' id='word_1_315' title='bbox 1589 3875 1691 3917; x_wconf 88' lang='lat' dir='ltr'><strong>nec</strong></span> <span class='ocrx_word' id='word_1_316' title='bbox 1704 3860 1901 3917; x_wconf 85' lang='lat' dir='ltr'><strong>videre</strong></span> <span class='ocrx_word' id='word_1_317' title='bbox 1918 3869 2107 3929; x_wconf 78' lang='lat' dir='ltr'><strong>potest</strong></span> <span class='ocrx_word' id='word_1_318' title='bbox 2127 3862 2169 3934; x_wconf 91' lang='lat' dir='ltr'><strong>(l</strong></span> 
     </span>
    </p>
   </div>
   <div class='ocr_carea' id='block_1_43' title="bbox 507 3945 2172 4022">
    <p class='ocr_par' dir='ltr' id='par_1_43' title="bbox 507 3945 2172 4022">
     <span class='ocr_line' id='line_1_43' title="bbox 507 3945 2172 4022; baseline 0.003 -20"><span class='ocrx_word' id='word_1_319' title='bbox 507 3945 890 4009; x_wconf 72' lang='lat' dir='ltr'><strong>‘Tim.vi,46).</strong></span> <span class='ocrx_word' id='word_1_320' title='bbox 928 3948 1029 4000; x_wconf 88' lang='lat' dir='ltr'><strong>Per</strong></span> <span class='ocrx_word' id='word_1_321' title='bbox 1043 3946 1160 4001; x_wconf 91' lang='lat' dir='ltr'><strong>hoc</strong></span> <span class='ocrx_word' id='word_1_322' title='bbox 1189 3947 1349 4002; x_wconf 91' lang='lat' dir='ltr'><strong>enim</strong></span> <span class='ocrx_word' id='word_1_323' title='bbox 1378 3948 1557 4002; x_wconf 89' lang='lat' dir='ltr'><strong>videri</strong></span> <span class='ocrx_word' id='word_1_324' title='bbox 1573 3949 1907 4005; x_wconf 91' lang='lat' dir='ltr'><strong>abhomine</strong></span> <span class='ocrx_word' id='word_1_325' title='bbox 1921 3967 2041 4006; x_wconf 92' lang='lat' dir='ltr'><strong>non</strong></span> <span class='ocrx_word' id='word_1_326' title='bbox 2071 3968 2172 4022; x_wconf 87' lang='lat' dir='ltr'><strong>po-</strong></span> 
     </span>
    </p>
   </div>
   <div class='ocr_carea' id='block_1_44' title="bbox 515 4034 2169 4109">
    <p class='ocr_par' dir='ltr' id='par_1_44' title="bbox 515 4034 2169 4109">
     <span class='ocr_line' id='line_1_44' title="bbox 515 4034 2169 4109; baseline 0.003 -19"><span class='ocrx_word' id='word_1_327' title='bbox 515 4040 756 4105; x_wconf 90' lang='lat' dir='ltr'><strong>test,per</strong></span> <span class='ocrx_word' id='word_1_328' title='bbox 780 4034 944 4105; x_wconf 89' lang='lat' dir='ltr'><strong>quod</strong></span> <span class='ocrx_word' id='word_1_329' title='bbox 964 4035 1117 4090; x_wconf 83' lang='lat' dir='ltr'><strong>videt</strong></span> <span class='ocrx_word' id='word_1_330' title='bbox 1130 4036 1313 4090; x_wconf 92' lang='lat' dir='ltr'><strong>homo</strong></span> <span class='ocrx_word' id='word_1_331' title='bbox 1326 4052 1862 4109; x_wconf 78' lang='lat' dir='ltr'><strong>corporacorpora.</strong></span> <span class='ocrx_word' id='word_1_332' title='bbox 1885 4044 2030 4095; x_wconf 85' lang='lat' dir='ltr'><strong>Nam</strong></span> <span class='ocrx_word' id='word_1_333' title='bbox 2048 4041 2169 4097; x_wconf 88' lang='lat' dir='ltr'><strong>etsi</strong></span> 
     </span>
    </p>
   </div>
   <div class='ocr_carea' id='block_1_45' title="bbox 520 4122 2167 4196">
    <p class='ocr_par' dir='ltr' id='par_1_45' title="bbox 520 4122 2167 4196">
     <span class='ocr_line' id='line_1_45' title="bbox 520 4122 2167 4196; baseline 0.004 -18"><span class='ocrx_word' id='word_1_334' title='bbox 520 4122 823 4178; x_wconf 86' lang='lat' dir='ltr'><strong>mentibus</strong></span> <span class='ocrx_word' id='word_1_335' title='bbox 840 4122 1073 4193; x_wconf 92' lang='lat' dir='ltr'><strong>piorum</strong></span> <span class='ocrx_word' id='word_1_336' title='bbox 1091 4130 1245 4179; x_wconf 89' lang='lat' dir='ltr'><strong>esset</strong></span> <span class='ocrx_word' id='word_1_337' title='bbox 1261 4124 1705 4191; x_wconf 90' lang='lat' dir='ltr'><strong>inaccessibilis,</strong></span> <span class='ocrx_word' id='word_1_338' title='bbox 1721 4143 1841 4182; x_wconf 90' lang='lat' dir='ltr'><strong>non</strong></span> <span class='ocrx_word' id='word_1_339' title='bbox 1855 4129 2167 4196; x_wconf 86' lang='lat' dir='ltr'><strong>diceretur,</strong></span> 
     </span>
    </p>
   </div>
   <div class='ocr_carea' id='block_1_46' title="bbox 512 4210 2166 4288">
    <p class='ocr_par' dir='ltr' id='par_1_46' title="bbox 512 4210 2166 4288">
     <span class='ocr_line' id='line_1_46' title="bbox 512 4210 2166 4288; baseline 0.004 -22"><span class='ocrx_word' id='word_1_340' title='bbox 512 4210 793 4267; x_wconf 80' lang='lat' dir='ltr'><strong>Accedite</strong></span> <span class='ocrx_word' id='word_1_341' title='bbox 822 4211 901 4265; x_wconf 88' lang='lat' dir='ltr'><strong>ad</strong></span> <span class='ocrx_word' id='word_1_342' title='bbox 923 4226 1074 4275; x_wconf 89' lang='lat' dir='ltr'><strong>eum,</strong></span> <span class='ocrx_word' id='word_1_343' title='bbox 1106 4218 1158 4267; x_wconf 88' lang='lat' dir='ltr'><strong>et</strong></span> <span class='ocrx_word' id='word_1_344' title='bbox 1188 4212 1825 4285; x_wconf 87' lang='lat' dir='ltr'><strong>illuminamini(Psal.</strong></span> <span class='ocrx_word' id='word_1_345' title='bbox 1852 4233 2048 4283; x_wconf 71' lang='grc' dir='ltr'>χχχιιι,</span> <span class='ocrx_word' id='word_1_346' title='bbox 2068 4220 2127 4288; x_wconf 84' lang='lat'><strong>6)</strong></span> <span class='ocrx_word' id='word_1_347' title='bbox 2152 4236 2166 4286; x_wconf 89' lang='lat'><strong>;</strong></span> 
     </span>
    </p>
   </div>
   <div class='ocr_carea' id='block_1_47' title="bbox 515 4299 2173 4371">
    <p class='ocr_par' dir='ltr' id='par_1_47' title="bbox 515 4299 2173 4371">
     <span class='ocr_line' id='line_1_47' title="bbox 515 4299 2173 4371; baseline 0.005 -15"><span class='ocrx_word' id='word_1_348' title='bbox 515 4308 571 4356; x_wconf 91' lang='lat' dir='ltr'><strong>et</strong></span> <span class='ocrx_word' id='word_1_349' title='bbox 602 4299 649 4355; x_wconf 91' lang='lat' dir='ltr'><strong>si</strong></span> <span class='ocrx_word' id='word_1_350' title='bbox 676 4299 976 4355; x_wconf 86' lang='lat' dir='ltr'><strong>mentibus</strong></span> <span class='ocrx_word' id='word_1_351' title='bbox 1000 4299 1235 4370; x_wconf 89' lang='lat' dir='ltr'><strong>piorum</strong></span> <span class='ocrx_word' id='word_1_352' title='bbox 1257 4308 1410 4357; x_wconf 89' lang='lat' dir='ltr'><strong>esset</strong></span> <span class='ocrx_word' id='word_1_353' title='bbox 1426 4302 1756 4371; x_wconf 89' lang='lat' dir='ltr'><strong>invisibilis,</strong></span> <span class='ocrx_word' id='word_1_354' title='bbox 1777 4321 1897 4361; x_wconf 93' lang='lat' dir='ltr'><strong>non</strong></span> <span class='ocrx_word' id='word_1_355' title='bbox 1916 4306 2173 4364; x_wconf 91' lang='lat' dir='ltr'><strong>discere-</strong></span> 
     </span>
    </p>
   </div>
   <div class='ocr_carea' id='block_1_48' title="bbox 515 4388 2167 4465">
    <p class='ocr_par' dir='ltr' id='par_1_48' title="bbox 515 4388 2167 4465">
     <span class='ocr_line' id='line_1_48' title="bbox 515 4388 2167 4465; baseline 0.004 -19"><span class='ocrx_word' id='word_1_356' title='bbox 515 4397 630 4457; x_wconf 89' lang='lat' dir='ltr'><strong>tur,</strong></span> <span class='ocrx_word' id='word_1_357' title='bbox 676 4388 1007 4445; x_wconf 83' lang='lat' dir='ltr'><strong>Videbimus</strong></span> <span class='ocrx_word' id='word_1_358' title='bbox 1027 4404 1157 4445; x_wconf 89' lang='lat' dir='ltr'><strong>eum</strong></span> <span class='ocrx_word' id='word_1_359' title='bbox 1191 4391 1371 4446; x_wconf 83' lang='lat' dir='ltr'><strong>sicuti</strong></span> <span class='ocrx_word' id='word_1_360' title='bbox 1395 4395 1650 4449; x_wconf 86' lang='lat' dir='ltr'><strong>est.Nam</strong></span> <span class='ocrx_word' id='word_1_361' title='bbox 1684 4395 1955 4465; x_wconf 90' lang='lat' dir='ltr'><strong>perspice</strong></span> <span class='ocrx_word' id='word_1_362' title='bbox 1986 4402 2167 4452; x_wconf 89' lang='lat' dir='ltr'><strong>totam</strong></span> 
     </span>
    </p>
   </div>
   <div class='ocr_carea' id='block_1_49' title="bbox 517 4478 2169 4552">
    <p class='ocr_par' dir='ltr' id='par_1_49' title="bbox 517 4478 2169 4552">
     <span class='ocr_line' id='line_1_49' title="bbox 517 4478 2169 4552; baseline 0.004 -18"><span class='ocrx_word' id='word_1_363' title='bbox 517 4480 713 4550; x_wconf 86' lang='lat' dir='ltr'><strong>ipsam</strong></span> <span class='ocrx_word' id='word_1_364' title='bbox 739 4478 798 4534; x_wconf 91' lang='lat' dir='ltr'><strong>in</strong></span> <span class='ocrx_word' id='word_1_365' title='bbox 826 4478 1085 4549; x_wconf 87' lang='lat' dir='ltr'><strong>Epistola</strong></span> <span class='ocrx_word' id='word_1_366' title='bbox 1108 4480 1354 4536; x_wconf 80' lang='lat' dir='ltr'><strong>Joannis</strong></span> <span class='ocrx_word' id='word_1_367' title='bbox 1375 4482 1726 4538; x_wconf 87' lang='lat' dir='ltr'><strong>sententiam</strong></span> <span class='ocrx_word' id='word_1_368' title='bbox 1751 4484 2169 4552; x_wconf 84' lang='lat' dir='ltr'><strong>:Dilectissimi,</strong></span> 
     </span>
    </p>
   </div>
   <div class='ocr_carea' id='block_1_50' title="bbox 518 4568 2172 4647">
    <p class='ocr_par' dir='ltr' id='par_1_50' title="bbox 518 4568 2172 4647">
     <span class='ocr_line' id='line_1_50' title="bbox 518 4568 2172 4647; baseline 0.004 -24"><span class='ocrx_word' id='word_1_369' title='bbox 518 4568 731 4640; x_wconf 88' lang='lat' dir='ltr'><strong>inquit,</strong></span> <span class='ocrx_word' id='word_1_370' title='bbox 756 4568 867 4637; x_wconf 78' lang='lat' dir='ltr'><strong>ﬁlii</strong></span> <span class='ocrx_word' id='word_1_371' title='bbox 895 4568 994 4624; x_wconf 88' lang='lat' dir='ltr'><strong>Dei</strong></span> <span class='ocrx_word' id='word_1_372' title='bbox 1022 4584 1243 4633; x_wconf 85' lang='lat' dir='ltr'><strong>sumus,</strong></span> <span class='ocrx_word' id='word_1_373' title='bbox 1283 4575 1340 4626; x_wconf 80' lang='lat' dir='ltr'><strong>et</strong></span> <span class='ocrx_word' id='word_1_374' title='bbox 1386 4571 1650 4627; x_wconf 85' lang='lat' dir='ltr'><strong>nondum</strong></span> <span class='ocrx_word' id='word_1_375' title='bbox 1692 4574 1978 4641; x_wconf 84' lang='lat' dir='ltr'><strong>apparuit</strong></span> <span class='ocrx_word' id='word_1_376' title='bbox 2023 4576 2172 4647; x_wconf 86' lang='lat' dir='ltr'><strong>quid</strong></span> 
     </span>
    </p>
   </div>
   <div class='ocr_carea' id='block_1_51' title="bbox 519 4657 2172 4728">
    <p class='ocr_par' dir='ltr' id='par_1_51' title="bbox 519 4657 2172 4728">
     <span class='ocr_line' id='line_1_51' title="bbox 519 4657 2172 4728; baseline 0.004 -15"><span class='ocrx_word' id='word_1_377' title='bbox 519 4657 758 4713; x_wconf 81' lang='lat' dir='ltr'><strong>erimus.</strong></span> <span class='ocrx_word' id='word_1_378' title='bbox 788 4658 1020 4713; x_wconf 82' lang='lat' dir='ltr'><strong>Scimus</strong></span> <span class='ocrx_word' id='word_1_379' title='bbox 1044 4658 1186 4728; x_wconf 87' lang='lat' dir='ltr'><strong>quia</strong></span> <span class='ocrx_word' id='word_1_380' title='bbox 1205 4675 1335 4713; x_wconf 77' lang='lat' dir='ltr'><strong>cum</strong></span> <span class='ocrx_word' id='word_1_381' title='bbox 1367 4664 1721 4727; x_wconf 80' lang='lat' dir='ltr'><strong>apparuerit</strong></span> <span class='ocrx_word' id='word_1_382' title='bbox 1746 4662 1965 4719; x_wconf 87' lang='lat' dir='ltr'><strong>similes</strong></span> <span class='ocrx_word' id='word_1_383' title='bbox 1979 4664 2030 4719; x_wconf 89' lang='lat' dir='ltr'><strong>ei</strong></span> <span class='ocrx_word' id='word_1_384' title='bbox 2061 4664 2172 4720; x_wconf 87' lang='lat' dir='ltr'><strong>eri-</strong></span> 
     </span>
    </p>
   </div>
   <div class='ocr_carea' id='block_1_52' title="bbox 508 4746 2166 4823">
    <p class='ocr_par' dir='ltr' id='par_1_52' title="bbox 508 4746 2166 4823">
     <span class='ocr_line' id='line_1_52' title="bbox 508 4746 2166 4823; baseline 0.006 -24"><span class='ocrx_word' id='word_1_385' title='bbox 508 4746 955 4816; x_wconf 86' lang='lat' dir='ltr'><strong>mus,quoniam</strong></span> <span class='ocrx_word' id='word_1_386' title='bbox 972 4746 1296 4803; x_wconf 86' lang='lat' dir='ltr'><strong>videbimus</strong></span> <span class='ocrx_word' id='word_1_387' title='bbox 1309 4762 1439 4803; x_wconf 84' lang='lat' dir='ltr'><strong>eum</strong></span> <span class='ocrx_word' id='word_1_388' title='bbox 1453 4749 1628 4805; x_wconf 87' lang='lat' dir='ltr'><strong>sicuti</strong></span> <span class='ocrx_word' id='word_1_389' title='bbox 1636 4757 1717 4805; x_wconf 85' lang='lat' dir='ltr'><strong>est</strong></span> <span class='ocrx_word' id='word_1_390' title='bbox 1742 4751 1781 4821; x_wconf 90' lang='lat' dir='ltr'><strong>(l</strong></span> <span class='ocrx_word' id='word_1_391' title='bbox 1798 4751 1968 4807; x_wconf 85' lang='lat' dir='ltr'><strong>Joan.</strong></span> <span class='ocrx_word' id='word_1_392' title='bbox 1994 4769 2073 4815; x_wconf 85' lang='grc' dir='ltr'>ιιι,</span> <span class='ocrx_word' id='word_1_393' title='bbox 2088 4754 2166 4823; x_wconf 83' lang='lat'><strong>2).</strong></span> 
     </span>
    </p>
   </div>
   <div class='ocr_carea' id='block_1_53' title="bbox 513 4836 2167 4909">
    <p class='ocr_par' dir='ltr' id='par_1_53' title="bbox 513 4836 2167 4909">
     <span class='ocr_line' id='line_1_53' title="bbox 513 4836 2167 4909; baseline 0.005 -18"><span class='ocrx_word' id='word_1_394' title='bbox 513 4840 579 4893; x_wconf 82' lang='lat' dir='ltr'><strong>in</strong></span> <span class='ocrx_word' id='word_1_395' title='bbox 608 4839 835 4889; x_wconf 88' lang='lat' dir='ltr'><strong>tantum</strong></span> <span class='ocrx_word' id='word_1_396' title='bbox 870 4849 1011 4903; x_wconf 88' lang='lat' dir='ltr'><strong>ergo</strong></span> <span class='ocrx_word' id='word_1_397' title='bbox 1053 4836 1410 4901; x_wconf 90' lang='lat' dir='ltr'><strong>videbimus,</strong></span> <span class='ocrx_word' id='word_1_398' title='bbox 1444 4837 1501 4891; x_wconf 91' lang='lat' dir='ltr'><strong>in</strong></span> <span class='ocrx_word' id='word_1_399' title='bbox 1532 4847 1825 4909; x_wconf 90' lang='lat' dir='ltr'><strong>quantum</strong></span> <span class='ocrx_word' id='word_1_400' title='bbox 1862 4842 2083 4898; x_wconf 89' lang='lat' dir='ltr'><strong>similes</strong></span> <span class='ocrx_word' id='word_1_401' title='bbox 2114 4846 2167 4902; x_wconf 90' lang='lat' dir='ltr'><strong>ei</strong></span> 
     </span>
    </p>
   </div>
   <div class='ocr_carea' id='block_1_54' title="bbox 517 4923 2165 4999">
    <p class='ocr_par' dir='ltr' id='par_1_54' title="bbox 517 4923 2165 4999">
     <span class='ocr_line' id='line_1_54' title="bbox 517 4923 2165 4999; baseline 0.005 -19"><span class='ocrx_word' id='word_1_402' title='bbox 517 4924 743 4980; x_wconf 87' lang='lat' dir='ltr'><strong>erimus</strong></span> <span class='ocrx_word' id='word_1_403' title='bbox 774 4924 953 4996; x_wconf 90' lang='lat' dir='ltr'><strong>;quia</strong></span> <span class='ocrx_word' id='word_1_404' title='bbox 987 4928 1038 4979; x_wconf 87' lang='lat' dir='ltr'><strong>et</strong></span> <span class='ocrx_word' id='word_1_405' title='bbox 1061 4939 1221 4979; x_wconf 91' lang='lat' dir='ltr'><strong>nunc</strong></span> <span class='ocrx_word' id='word_1_406' title='bbox 1256 4923 1315 4978; x_wconf 92' lang='lat' dir='ltr'><strong>in</strong></span> <span class='ocrx_word' id='word_1_407' title='bbox 1359 4932 1583 4982; x_wconf 91' lang='lat' dir='ltr'><strong>tantum</strong></span> <span class='ocrx_word' id='word_1_408' title='bbox 1618 4944 1738 4983; x_wconf 90' lang='lat' dir='ltr'><strong>non</strong></span> <span class='ocrx_word' id='word_1_409' title='bbox 1783 4930 2072 4999; x_wconf 88' lang='lat' dir='ltr'><strong>videmus,</strong></span> <span class='ocrx_word' id='word_1_410' title='bbox 2106 4935 2165 4989; x_wconf 92' lang='lat' dir='ltr'><strong>in</strong></span> 
     </span>
    </p>
   </div>
   <div class='ocr_carea' id='block_1_55' title="bbox 516 5011 2165 5086">
    <p class='ocr_par' dir='ltr' id='par_1_55' title="bbox 516 5011 2165 5086">
     <span class='ocr_line' id='line_1_55' title="bbox 516 5011 2165 5086; baseline 0.004 -16"><span class='ocrx_word' id='word_1_411' title='bbox 516 5021 802 5086; x_wconf 89' lang='lat' dir='ltr'><strong>quantum</strong></span> <span class='ocrx_word' id='word_1_412' title='bbox 816 5011 1123 5067; x_wconf 88' lang='lat' dir='ltr'><strong>dissimiles</strong></span> <span class='ocrx_word' id='word_1_413' title='bbox 1138 5029 1359 5068; x_wconf 88' lang='lat' dir='ltr'><strong>sumus.</strong></span> <span class='ocrx_word' id='word_1_414' title='bbox 1374 5014 1703 5084; x_wconf 88' lang='lat' dir='ltr'><strong>Indeigitur</strong></span> <span class='ocrx_word' id='word_1_415' title='bbox 1719 5017 2045 5076; x_wconf 88' lang='lat' dir='ltr'><strong>videbimus</strong></span> <span class='ocrx_word' id='word_1_416' title='bbox 2064 5038 2165 5077; x_wconf 87' lang='lat' dir='ltr'><strong>un-</strong></span> 
     </span>
    </p>
   </div>
   <div class='ocr_carea' id='block_1_56' title="bbox 513 5101 2163 5167">
    <p class='ocr_par' dir='ltr' id='par_1_56' title="bbox 513 5101 2163 5167">
     <span class='ocr_line' id='line_1_56' title="bbox 513 5101 2163 5167; baseline 0.005 -9"><span class='ocrx_word' id='word_1_417' title='bbox 513 5104 588 5159; x_wconf 90' lang='lat' dir='ltr'><strong>de</strong></span> <span class='ocrx_word' id='word_1_418' title='bbox 600 5102 822 5157; x_wconf 89' lang='lat' dir='ltr'><strong>similes</strong></span> <span class='ocrx_word' id='word_1_419' title='bbox 837 5101 1059 5156; x_wconf 91' lang='lat' dir='ltr'><strong>erimus</strong></span> <span class='ocrx_word' id='word_1_420' title='bbox 1073 5144 1085 5157; x_wconf 95' lang='lat'><strong>.</strong></span> <span class='ocrx_word' id='word_1_421' title='bbox 1121 5103 1261 5167; x_wconf 89' lang='lat' dir='ltr'><strong>Quis</strong></span> <span class='ocrx_word' id='word_1_422' title='bbox 1283 5108 1481 5159; x_wconf 90' lang='lat' dir='ltr'><strong>autem</strong></span> <span class='ocrx_word' id='word_1_423' title='bbox 1496 5104 2163 5166; x_wconf 84' lang='lat' dir='ltr'><strong>dementissimusdixe-</strong></span> 
     </span>
    </p>
   </div>
   <div class='ocr_carea' id='block_1_57' title="bbox 508 5184 2165 5261">
    <p class='ocr_par' dir='ltr' id='par_1_57' title="bbox 508 5184 2165 5261">
     <span class='ocr_line' id='line_1_57' title="bbox 508 5184 2165 5261; baseline 0.006 -16"><span class='ocrx_word' id='word_1_424' title='bbox 508 5184 887 5261; x_wconf 60' lang='lat' dir='ltr'><strong>’rit,corpore</strong></span> <span class='ocrx_word' id='word_1_425' title='bbox 918 5206 1027 5246; x_wconf 91' lang='lat' dir='ltr'><strong>nos</strong></span> <span class='ocrx_word' id='word_1_426' title='bbox 1061 5190 1149 5246; x_wconf 89' lang='lat' dir='ltr'><strong>vel</strong></span> <span class='ocrx_word' id='word_1_427' title='bbox 1192 5205 1345 5257; x_wconf 90' lang='lat' dir='ltr'><strong>esse,</strong></span> <span class='ocrx_word' id='word_1_428' title='bbox 1401 5192 1491 5246; x_wconf 91' lang='lat' dir='ltr'><strong>vel</strong></span> <span class='ocrx_word' id='word_1_429' title='bbox 1516 5192 1747 5249; x_wconf 89' lang='lat' dir='ltr'><strong>futuros</strong></span> <span class='ocrx_word' id='word_1_430' title='bbox 1787 5212 1914 5250; x_wconf 86' lang='lat' dir='ltr'><strong>esse</strong></span> <span class='ocrx_word' id='word_1_431' title='bbox 1942 5198 2165 5255; x_wconf 82' lang='lat' dir='ltr'><strong>similes</strong></span> 
     </span>
    </p>
   </div>
   <div class='ocr_carea' id='block_1_58' title="bbox 520 5279 2161 5355">
    <p class='ocr_par' dir='ltr' id='par_1_58' title="bbox 520 5279 2161 5355">
     <span class='ocr_line' id='line_1_58' title="bbox 520 5279 2161 5355; baseline 0.007 -24"><span class='ocrx_word' id='word_1_432' title='bbox 520 5280 638 5333; x_wconf 91' lang='lat' dir='ltr'><strong>Deo</strong></span> <span class='ocrx_word' id='word_1_433' title='bbox 668 5280 696 5335; x_wconf 66' lang='grc' dir='ltr'><strong>*ἲ</strong></span> <span class='ocrx_word' id='word_1_434' title='bbox 724 5280 783 5334; x_wconf 91' lang='lat' dir='ltr'><strong>In</strong></span> <span class='ocrx_word' id='word_1_435' title='bbox 813 5279 1662 5351; x_wconf 85' lang='lat' dir='ltr'><strong>interioreigiturhomineista</strong></span> <span class='ocrx_word' id='word_1_436' title='bbox 1692 5284 2015 5341; x_wconf 88' lang='lat' dir='ltr'><strong>similitudo</strong></span> <span class='ocrx_word' id='word_1_437' title='bbox 2029 5294 2118 5343; x_wconf 88' lang='lat' dir='ltr'><strong>est</strong></span> <span class='ocrx_word' id='word_1_438' title='bbox 2148 5305 2161 5355; x_wconf 91' lang='lat'><strong>;</strong></span> 
     </span>
    </p>
   </div>
   <div class='ocr_carea' id='block_1_59' title="bbox 515 5366 2165 5447">
    <p class='ocr_par' dir='ltr' id='par_1_59' title="bbox 515 5366 2165 5447">
     <span class='ocr_line' id='line_1_59' title="bbox 515 5366 2165 5447; baseline 0.008 -28"><span class='ocrx_word' id='word_1_439' title='bbox 515 5366 620 5436; x_wconf 91' lang='lat' dir='ltr'><strong>qui</strong></span> <span class='ocrx_word' id='word_1_440' title='bbox 635 5378 959 5425; x_wconf 84' lang='lat' dir='ltr'><strong>renovatur</strong></span> <span class='ocrx_word' id='word_1_441' title='bbox 984 5369 1048 5424; x_wconf 87' lang='lat' dir='ltr'><strong>in</strong></span> <span class='ocrx_word' id='word_1_442' title='bbox 1074 5370 1429 5440; x_wconf 84' lang='lat' dir='ltr'><strong>agnitionem</strong></span> <span class='ocrx_word' id='word_1_443' title='bbox 1457 5370 1579 5436; x_wconf 87' lang='lat' dir='ltr'><strong>Dei,</strong></span> <span class='ocrx_word' id='word_1_444' title='bbox 1603 5373 1923 5429; x_wconf 85' lang='lat' dir='ltr'><strong>secundum</strong></span> <span class='ocrx_word' id='word_1_445' title='bbox 1957 5375 2165 5447; x_wconf 83' lang='lat' dir='ltr'><strong>imagi-</strong></span> 
     </span>
    </p>
   </div>
   <div class='ocr_carea' id='block_1_60' title="bbox 514 5456 2162 5532">
    <p class='ocr_par' dir='ltr' id='par_1_60' title="bbox 514 5456 2162 5532">
     <span class='ocr_line' id='line_1_60' title="bbox 514 5456 2162 5532; baseline 0.008 -26"><span class='ocrx_word' id='word_1_446' title='bbox 514 5468 644 5508; x_wconf 86' lang='lat' dir='ltr'><strong>nem</strong></span> <span class='ocrx_word' id='word_1_447' title='bbox 662 5457 798 5529; x_wconf 73' lang='lat' dir='ltr'><strong>eius</strong></span> <span class='ocrx_word' id='word_1_448' title='bbox 814 5456 916 5526; x_wconf 89' lang='lat' dir='ltr'><strong>qui</strong></span> <span class='ocrx_word' id='word_1_449' title='bbox 931 5458 1153 5514; x_wconf 85' lang='lat' dir='ltr'><strong>creavit</strong></span> <span class='ocrx_word' id='word_1_450' title='bbox 1173 5461 1345 5515; x_wconf 89' lang='lat' dir='ltr'><strong>illum</strong></span> <span class='ocrx_word' id='word_1_451' title='bbox 1363 5459 1514 5527; x_wconf 87' lang='lat' dir='ltr'><strong>(Col.</strong></span> <span class='ocrx_word' id='word_1_452' title='bbox 1532 5476 1610 5525; x_wconf 86' lang='grc' dir='ltr'>ιιι,</span> <span class='ocrx_word' id='word_1_453' title='bbox 1639 5461 1748 5532; x_wconf 85' lang='grc'><strong>10).</strong></span> <span class='ocrx_word' id='word_1_454' title='bbox 1790 5464 1850 5516; x_wconf 87' lang='lat' dir='ltr'><strong>Et</strong></span> <span class='ocrx_word' id='word_1_455' title='bbox 1869 5470 2028 5520; x_wconf 88' lang='lat' dir='ltr'><strong>tanto</strong></span> <span class='ocrx_word' id='word_1_456' title='bbox 2041 5466 2162 5520; x_wconf 81' lang='lat' dir='ltr'><strong>efﬁ-</strong></span> 
     </span>
    </p>
   </div>
   <div class='ocr_carea' id='block_1_61' title="bbox 519 5541 2163 5636">
    <p class='ocr_par' dir='ltr' id='par_1_61' title="bbox 519 5541 2163 5636">
     <span class='ocr_line' id='line_1_61' title="bbox 519 5541 2163 5636; baseline 0.007 -37"><span class='ocrx_word' id='word_1_457' title='bbox 519 5541 636 5599; x_wconf 89' lang='lat' dir='ltr'><strong>cim</strong></span> <span class='ocrx_word' id='word_1_458' title='bbox 645 5558 712 5599; x_wconf 92' lang='lat' dir='ltr'><strong>ur</strong></span> <span class='ocrx_word' id='word_1_459' title='bbox 726 5542 1037 5603; x_wconf 84' lang='lat' dir='ltr'><strong>similiores</strong></span> <span class='ocrx_word' id='word_1_460' title='bbox 1053 5546 1387 5627; x_wconf 86' lang='lat' dir='ltr'><strong>illi,quanto</strong></span> <span class='ocrx_word' id='word_1_461' title='bbox 1399 5551 1595 5621; x_wconf 78' lang='lat' dir='ltr'><strong>magis</strong></span> <span class='ocrx_word' id='word_1_462' title='bbox 1608 5550 1668 5615; x_wconf 88' lang='lat' dir='ltr'><strong>in</strong></span> <span class='ocrx_word' id='word_1_463' title='bbox 1681 5550 1731 5633; x_wconf 72' lang='lat' dir='ltr'><strong>ej</strong></span> <span class='ocrx_word' id='word_1_464' title='bbox 1742 5566 1810 5606; x_wconf 90' lang='lat' dir='ltr'><strong>us</strong></span> <span class='ocrx_word' id='word_1_465' title='bbox 1827 5553 2163 5636; x_wconf 79' lang='lat' dir='ltr'><strong>cognitione</strong></span> 
     </span>
    </p>
   </div>
   <div class='ocr_carea' id='block_1_62' title="bbox 1740 112 3863 227">
    <p class='ocr_par' dir='ltr' id='par_1_62' title="bbox 1740 112 3863 227">
     <span class='ocr_line' id='line_1_62' title="bbox 1740 112 3863 227; baseline -0.004 0"><span class='ocrx_word' id='word_1_466' title='bbox 1740 112 1860 227; x_wconf 31' lang='grc' dir='ltr'>Γ</span> <span class='ocrx_word' id='word_1_467' title='bbox 1904 165 2283 226; x_wconf 85' lang='lat' dir='ltr'><strong>AUGUSTlNl</strong></span> <span class='ocrx_word' id='word_1_468' title='bbox 2326 164 2644 223; x_wconf 84' lang='lat' dir='ltr'><strong>EPISCOPI</strong></span> <span class='ocrx_word' id='word_1_469' title='bbox 3330 214 3335 215; x_wconf 36' lang='grc' dir='ltr'><em>κ</em></span> <span class='ocrx_word' id='word_1_470' title='bbox 3768 158 3863 219; x_wconf 74' lang='lat'><strong>320</strong></span> 
     </span>
    </p>
   </div>
   <div class='ocr_carea' id='block_1_63' title="bbox 2276 287 3863 363">
    <p class='ocr_par' dir='ltr' id='par_1_63' title="bbox 2276 287 3863 363">
     <span class='ocr_line' id='line_1_63' title="bbox 2276 287 3863 363; baseline -0.004 -14"><span class='ocrx_word' id='word_1_471' title='bbox 2276 299 2331 349; x_wconf 91' lang='lat' dir='ltr'><strong>et</strong></span> <span class='ocrx_word' id='word_1_472' title='bbox 2350 290 2639 349; x_wconf 90' lang='lat' dir='ltr'><strong>charitate</strong></span> <span class='ocrx_word' id='word_1_473' title='bbox 2659 291 3036 363; x_wconf 88' lang='lat' dir='ltr'><strong>proﬁcimus;</strong></span> <span class='ocrx_word' id='word_1_474' title='bbox 3052 290 3195 363; x_wconf 90' lang='lat' dir='ltr'><strong>quia</strong></span> <span class='ocrx_word' id='word_1_475' title='bbox 3218 289 3325 348; x_wconf 87' lang='lat' dir='ltr'><strong>etsi</strong></span> <span class='ocrx_word' id='word_1_476' title='bbox 3334 288 3578 347; x_wconf 74' lang='lat' dir='ltr'><strong>exterior</strong></span> <span class='ocrx_word' id='word_1_477' title='bbox 3597 287 3747 343; x_wconf 90' lang='lat' dir='ltr'><strong>homo</strong></span> <span class='ocrx_word' id='word_1_478' title='bbox 3757 303 3863 344; x_wconf 80' lang='lat' dir='ltr'><strong>nos-</strong></span> 
     </span>
    </p>
   </div>
   <div class='ocr_carea' id='block_1_64' title="bbox 2276 376 3859 451">
    <p class='ocr_par' dir='ltr' id='par_1_64' title="bbox 2276 376 3859 451">
     <span class='ocr_line' id='line_1_64' title="bbox 2276 376 3859 451; baseline -0.003 -13"><span class='ocrx_word' id='word_1_479' title='bbox 2276 388 2367 438; x_wconf 87' lang='lat' dir='ltr'><strong>ter</strong></span> <span class='ocrx_word' id='word_1_480' title='bbox 2376 377 2897 451; x_wconf 84' lang='lat' dir='ltr'><strong>corrumpitur,sed</strong></span> <span class='ocrx_word' id='word_1_481' title='bbox 2908 382 3156 438; x_wconf 89' lang='lat' dir='ltr'><strong>interior</strong></span> <span class='ocrx_word' id='word_1_482' title='bbox 3172 385 3489 437; x_wconf 86' lang='lat' dir='ltr'><strong>renovatur</strong></span> <span class='ocrx_word' id='word_1_483' title='bbox 3500 377 3559 433; x_wconf 79' lang='lat' dir='ltr'><strong>de</strong></span> <span class='ocrx_word' id='word_1_484' title='bbox 3572 377 3655 432; x_wconf 87' lang='lat' dir='ltr'><strong>die</strong></span> <span class='ocrx_word' id='word_1_485' title='bbox 3668 376 3723 431; x_wconf 90' lang='lat' dir='ltr'><strong>in</strong></span> <span class='ocrx_word' id='word_1_486' title='bbox 3734 377 3859 434; x_wconf 86' lang='lat' dir='ltr'><strong>diem</strong></span> 
     </span>
    </p>
   </div>
   <div class='ocr_carea' id='block_1_65' title="bbox 2276 469 3860 543">
    <p class='ocr_par' dir='ltr' id='par_1_65' title="bbox 2276 469 3860 543">
     <span class='ocr_line' id='line_1_65' title="bbox 2276 469 3860 543; baseline -0.004 -18"><span class='ocrx_word' id='word_1_487' title='bbox 2276 472 2343 543; x_wconf 94' lang='lat' dir='ltr'><strong>(ll</strong></span> <span class='ocrx_word' id='word_1_488' title='bbox 2371 471 2505 528; x_wconf 85' lang='lat' dir='ltr'><strong>Cor.</strong></span> <span class='ocrx_word' id='word_1_489' title='bbox 2527 487 2602 535; x_wconf 85' lang='lat' dir='ltr'><strong>IV,</strong></span> <span class='ocrx_word' id='word_1_490' title='bbox 2635 471 2721 542; x_wconf 86' lang='grc'><strong>16)</strong></span> <span class='ocrx_word' id='word_1_491' title='bbox 2744 472 2849 526; x_wconf 87' lang='lat' dir='ltr'><strong>:ita</strong></span> <span class='ocrx_word' id='word_1_492' title='bbox 2870 486 3013 527; x_wconf 89' lang='lat' dir='ltr'><strong>sane</strong></span> <span class='ocrx_word' id='word_1_493' title='bbox 3041 477 3103 526; x_wconf 92' lang='lat' dir='ltr'><strong>ut</strong></span> <span class='ocrx_word' id='word_1_494' title='bbox 3134 472 3191 524; x_wconf 93' lang='lat' dir='ltr'><strong>in</strong></span> <span class='ocrx_word' id='word_1_495' title='bbox 3216 471 3326 523; x_wconf 90' lang='lat' dir='ltr'><strong>hac</strong></span> <span class='ocrx_word' id='word_1_496' title='bbox 3348 470 3460 522; x_wconf 89' lang='lat' dir='ltr'><strong>vita</strong></span> <span class='ocrx_word' id='word_1_497' title='bbox 3479 469 3860 537; x_wconf 85' lang='lat' dir='ltr'><strong>quantuscum-</strong></span> 
     </span>
    </p>
   </div>
   <div class='ocr_carea' id='block_1_66' title="bbox 2275 553 3860 633">
    <p class='ocr_par' dir='ltr' id='par_1_66' title="bbox 2275 553 3860 633">
     <span class='ocr_line' id='line_1_66' title="bbox 2275 553 3860 633; baseline -0.003 -19"><span class='ocrx_word' id='word_1_498' title='bbox 2275 577 2391 633; x_wconf 90' lang='lat' dir='ltr'><strong>que</strong></span> <span class='ocrx_word' id='word_1_499' title='bbox 2407 567 2720 632; x_wconf 91' lang='lat' dir='ltr'><strong>provectus</strong></span> <span class='ocrx_word' id='word_1_500' title='bbox 2733 560 2823 626; x_wconf 91' lang='lat' dir='ltr'><strong>sit,</strong></span> <span class='ocrx_word' id='word_1_501' title='bbox 2856 560 3031 630; x_wconf 89' lang='lat' dir='ltr'><strong>longe</strong></span> <span class='ocrx_word' id='word_1_502' title='bbox 3057 559 3211 615; x_wconf 89' lang='lat' dir='ltr'><strong>absit</strong></span> <span class='ocrx_word' id='word_1_503' title='bbox 3231 558 3308 613; x_wconf 89' lang='lat' dir='ltr'><strong>ab</strong></span> <span class='ocrx_word' id='word_1_504' title='bbox 3336 554 3431 612; x_wconf 91' lang='lat' dir='ltr'><strong>illa</strong></span> <span class='ocrx_word' id='word_1_505' title='bbox 3446 553 3767 627; x_wconf 85' lang='lat' dir='ltr'><strong>perfectione</strong></span> <span class='ocrx_word' id='word_1_506' title='bbox 3801 554 3860 610; x_wconf 82' lang='lat' dir='ltr'><strong>si-</strong></span> 
     </span>
    </p>
   </div>
   <div class='ocr_carea' id='block_1_67' title="bbox 2277 640 3862 721">
    <p class='ocr_par' dir='ltr' id='par_1_67' title="bbox 2277 640 3862 721">
     <span class='ocr_line' id='line_1_67' title="bbox 2277 640 3862 721; baseline -0.004 -18"><span class='ocrx_word' id='word_1_507' title='bbox 2277 649 2795 721; x_wconf 71' lang='lat' dir='ltr'><strong>militudinis,qum</strong></span> <span class='ocrx_word' id='word_1_508' title='bbox 2814 648 3027 704; x_wconf 90' lang='lat' dir='ltr'><strong>idonea</strong></span> <span class='ocrx_word' id='word_1_509' title='bbox 3041 648 3149 703; x_wconf 91' lang='lat' dir='ltr'><strong>erit</strong></span> <span class='ocrx_word' id='word_1_510' title='bbox 3175 648 3253 704; x_wconf 90' lang='lat' dir='ltr'><strong>ad</strong></span> <span class='ocrx_word' id='word_1_511' title='bbox 3282 644 3592 701; x_wconf 87' lang='lat' dir='ltr'><strong>videndum</strong></span> <span class='ocrx_word' id='word_1_512' title='bbox 3611 644 3788 706; x_wconf 90' lang='lat' dir='ltr'><strong>Deum,</strong></span> <span class='ocrx_word' id='word_1_513' title='bbox 3808 640 3862 697; x_wconf 86' lang='lat' dir='ltr'><strong>sl-</strong></span> 
     </span>
    </p>
   </div>
   <div class='ocr_carea' id='block_1_68' title="bbox 2277 730 3864 810">
    <p class='ocr_par' dir='ltr' id='par_1_68' title="bbox 2277 730 3864 810">
     <span class='ocr_line' id='line_1_68' title="bbox 2277 730 3864 810; baseline -0.005 -17"><span class='ocrx_word' id='word_1_514' title='bbox 2277 745 2375 793; x_wconf 91' lang='lat' dir='ltr'><strong>cut</strong></span> <span class='ocrx_word' id='word_1_515' title='bbox 2396 738 2537 794; x_wconf 91' lang='lat' dir='ltr'><strong>dicit</strong></span> <span class='ocrx_word' id='word_1_516' title='bbox 2554 738 2890 810; x_wconf 79' lang='lat' dir='ltr'><strong>Apostolus,</strong></span> <span class='ocrx_word' id='word_1_517' title='bbox 2899 737 3370 807; x_wconf 82' lang='lat' dir='ltr'><strong>facieadfaciem</strong></span> <span class='ocrx_word' id='word_1_518' title='bbox 3386 737 3421 803; x_wconf 89' lang='lat' dir='ltr'><strong>(l</strong></span> <span class='ocrx_word' id='word_1_519' title='bbox 3444 733 3569 789; x_wconf 87' lang='lat' dir='ltr'><strong>Cor.</strong></span> <span class='ocrx_word' id='word_1_520' title='bbox 3593 731 3794 801; x_wconf 80' lang='lat' dir='ltr'><strong>xui,l2).</strong></span> <span class='ocrx_word' id='word_1_521' title='bbox 3814 730 3864 785; x_wconf 86' lang='lat' dir='ltr'><strong>in</strong></span> 
     </span>
    </p>
   </div>
   <div class='ocr_carea' id='block_1_69' title="bbox 2276 820 3861 898">
    <p class='ocr_par' dir='ltr' id='par_1_69' title="bbox 2276 820 3861 898">
     <span class='ocr_line' id='line_1_69' title="bbox 2276 820 3861 898; baseline -0.005 -17"><span class='ocrx_word' id='word_1_522' title='bbox 2276 827 2498 898; x_wconf 90' lang='lat' dir='ltr'><strong>quibus</strong></span> <span class='ocrx_word' id='word_1_523' title='bbox 2513 827 2707 882; x_wconf 91' lang='lat' dir='ltr'><strong>verbis</strong></span> <span class='ocrx_word' id='word_1_524' title='bbox 2720 835 2874 883; x_wconf 90' lang='lat' dir='ltr'><strong>certe</strong></span> <span class='ocrx_word' id='word_1_525' title='bbox 2888 829 2933 882; x_wconf 92' lang='lat' dir='ltr'><strong>si</strong></span> <span class='ocrx_word' id='word_1_526' title='bbox 2951 825 3321 898; x_wconf 87' lang='lat' dir='ltr'><strong>corporalem</strong></span> <span class='ocrx_word' id='word_1_527' title='bbox 3336 822 3542 878; x_wconf 88' lang='lat' dir='ltr'><strong>faciem</strong></span> <span class='ocrx_word' id='word_1_528' title='bbox 3556 820 3861 875; x_wconf 85' lang='lat' dir='ltr'><strong>voluerimus</strong></span> 
     </span>
    </p>
   </div>
   <div class='ocr_carea' id='block_1_70' title="bbox 2278 907 3857 987">
    <p class='ocr_par' dir='ltr' id='par_1_70' title="bbox 2278 907 3857 987">
     <span class='ocr_line' id='line_1_70' title="bbox 2278 907 3857 987; baseline -0.006 -16"><span class='ocrx_word' id='word_1_529' title='bbox 2278 917 2943 987; x_wconf 88' lang='lat' dir='ltr'><strong>accipere,consequens</strong></span> <span class='ocrx_word' id='word_1_530' title='bbox 2956 916 3063 970; x_wconf 90' lang='lat' dir='ltr'><strong>erit</strong></span> <span class='ocrx_word' id='word_1_531' title='bbox 3080 921 3139 969; x_wconf 89' lang='lat' dir='ltr'><strong>ut</strong></span> <span class='ocrx_word' id='word_1_532' title='bbox 3154 915 3323 969; x_wconf 88' lang='lat' dir='ltr'><strong>etiam</strong></span> <span class='ocrx_word' id='word_1_533' title='bbox 3343 914 3492 967; x_wconf 92' lang='lat' dir='ltr'><strong>Deus</strong></span> <span class='ocrx_word' id='word_1_534' title='bbox 3507 909 3672 964; x_wconf 89' lang='lat' dir='ltr'><strong>talem</strong></span> <span class='ocrx_word' id='word_1_535' title='bbox 3687 907 3857 963; x_wconf 88' lang='lat' dir='ltr'><strong>habeat</strong></span> 
     </span>
    </p>
   </div>
   <div class='ocr_carea' id='block_1_71' title="bbox 2279 996 3858 1077">
    <p class='ocr_par' dir='ltr' id='par_1_71' title="bbox 2279 996 3858 1077">
     <span class='ocr_line' id='line_1_71' title="bbox 2279 996 3858 1077; baseline -0.008 -16"><span class='ocrx_word' id='word_1_536' title='bbox 2279 1004 2659 1070; x_wconf 87' lang='lat' dir='ltr'><strong>faciem,etsit</strong></span> <span class='ocrx_word' id='word_1_537' title='bbox 2679 1004 2925 1077; x_wconf 88' lang='lat' dir='ltr'><strong>aliquod</strong></span> <span class='ocrx_word' id='word_1_538' title='bbox 2939 1002 3311 1059; x_wconf 88' lang='lat' dir='ltr'><strong>intervallum</strong></span> <span class='ocrx_word' id='word_1_539' title='bbox 3330 1002 3478 1055; x_wconf 89' lang='lat' dir='ltr'><strong>inter</strong></span> <span class='ocrx_word' id='word_1_540' title='bbox 3491 996 3858 1065; x_wconf 84' lang='lat' dir='ltr'><strong>nostrametip—</strong></span> 
     </span>
    </p>
   </div>
   <div class='ocr_carea' id='block_1_72' title="bbox 2282 1084 3856 1157">
    <p class='ocr_par' dir='ltr' id='par_1_72' title="bbox 2282 1084 3856 1157">
     <span class='ocr_line' id='line_1_72' title="bbox 2282 1084 3856 1157; baseline -0.008 -8"><span class='ocrx_word' id='word_1_541' title='bbox 2282 1094 2569 1157; x_wconf 89' lang='lat' dir='ltr'><strong>sius.cum</strong></span> <span class='ocrx_word' id='word_1_542' title='bbox 2585 1111 2724 1150; x_wconf 91' lang='lat' dir='ltr'><strong>eum</strong></span> <span class='ocrx_word' id='word_1_543' title='bbox 2744 1093 3002 1149; x_wconf 90' lang='lat' dir='ltr'><strong>videbim</strong></span> <span class='ocrx_word' id='word_1_544' title='bbox 3013 1110 3078 1147; x_wconf 90' lang='lat' dir='ltr'><strong>us</strong></span> <span class='ocrx_word' id='word_1_545' title='bbox 3094 1092 3237 1147; x_wconf 86' lang='lat' dir='ltr'><strong>facie</strong></span> <span class='ocrx_word' id='word_1_546' title='bbox 3254 1090 3331 1146; x_wconf 92' lang='lat' dir='ltr'><strong>ad</strong></span> <span class='ocrx_word' id='word_1_547' title='bbox 3345 1089 3573 1145; x_wconf 84' lang='lat' dir='ltr'><strong>faciem.</strong></span> <span class='ocrx_word' id='word_1_548' title='bbox 3592 1087 3648 1141; x_wconf 83' lang='lat' dir='ltr'><strong>Et</strong></span> <span class='ocrx_word' id='word_1_549' title='bbox 3661 1084 3856 1138; x_wconf 86' lang='lat' dir='ltr'><strong>siinter-</strong></span> 
     </span>
    </p>
   </div>
   <div class='ocr_carea' id='block_1_73' title="bbox 2282 1171 3865 1254">
    <p class='ocr_par' dir='ltr' id='par_1_73' title="bbox 2282 1171 3865 1254">
     <span class='ocr_line' id='line_1_73' title="bbox 2282 1171 3865 1254; baseline -0.008 -15"><span class='ocrx_word' id='word_1_550' title='bbox 2282 1183 2526 1248; x_wconf 90' lang='lat' dir='ltr'><strong>vallum,</strong></span> <span class='ocrx_word' id='word_1_551' title='bbox 2551 1185 2749 1254; x_wconf 91' lang='lat' dir='ltr'><strong>utique</strong></span> <span class='ocrx_word' id='word_1_552' title='bbox 2765 1182 2914 1249; x_wconf 84' lang='lat' dir='ltr'><strong>finis,</strong></span> <span class='ocrx_word' id='word_1_553' title='bbox 2948 1180 3428 1237; x_wconf 89' lang='lat' dir='ltr'><strong>etmembrorum</strong></span> <span class='ocrx_word' id='word_1_554' title='bbox 3466 1175 3687 1232; x_wconf 90' lang='lat' dir='ltr'><strong>habitus</strong></span> <span class='ocrx_word' id='word_1_555' title='bbox 3711 1171 3865 1228; x_wconf 88' lang='lat' dir='ltr'><strong>termi-</strong></span> 
     </span>
    </p>
   </div>
   <div class='ocr_carea' id='block_1_74' title="bbox 2278 1259 3868 1341">
    <p class='ocr_par' dir='ltr' id='par_1_74' title="bbox 2278 1259 3868 1341">
     <span class='ocr_line' id='line_1_74' title="bbox 2278 1259 3868 1341; baseline -0.011 -12"><span class='ocrx_word' id='word_1_556' title='bbox 2278 1280 2479 1341; x_wconf 91' lang='lat' dir='ltr'><strong>natus,</strong></span> <span class='ocrx_word' id='word_1_557' title='bbox 2501 1279 2779 1329; x_wconf 79' lang='lat' dir='ltr'><strong>etctetera</strong></span> <span class='ocrx_word' id='word_1_558' title='bbox 2793 1269 3058 1327; x_wconf 89' lang='lat' dir='ltr'><strong>absurda</strong></span> <span class='ocrx_word' id='word_1_559' title='bbox 3077 1270 3358 1340; x_wconf 89' lang='lat' dir='ltr'><strong>dictuque</strong></span> <span class='ocrx_word' id='word_1_560' title='bbox 3377 1259 3868 1335; x_wconf 88' lang='lat' dir='ltr'><strong>etcogitatuimpia,</strong></span> 
     </span>
    </p>
   </div>
   <div class='ocr_carea' id='block_1_75' title="bbox 2278 1350 3873 1436">
    <p class='ocr_par' dir='ltr' id='par_1_75' title="bbox 2278 1350 3873 1436">
     <span class='ocr_line' id='line_1_75' title="bbox 2278 1350 3873 1436; baseline -0.011 -18"><span class='ocrx_word' id='word_1_561' title='bbox 2278 1362 2503 1436; x_wconf 87' lang='lat' dir='ltr'><strong>quibus</strong></span> <span class='ocrx_word' id='word_1_562' title='bbox 2520 1360 2797 1419; x_wconf 89' lang='lat' dir='ltr'><strong>animalis</strong></span> <span class='ocrx_word' id='word_1_563' title='bbox 2812 1361 3012 1420; x_wconf 89' lang='lat' dir='ltr'><strong>homo.</strong></span> <span class='ocrx_word' id='word_1_564' title='bbox 3025 1374 3143 1414; x_wconf 94' lang='lat' dir='ltr'><strong>non</strong></span> <span class='ocrx_word' id='word_1_565' title='bbox 3162 1357 3498 1429; x_wconf 91' lang='lat' dir='ltr'><strong>percipiens</strong></span> <span class='ocrx_word' id='word_1_566' title='bbox 3513 1368 3637 1425; x_wconf 67' lang='lat' dir='ltr'><strong>qum</strong></span> <span class='ocrx_word' id='word_1_567' title='bbox 3650 1350 3873 1420; x_wconf 87' lang='lat' dir='ltr'><strong>suntspi-</strong></span> 
     </span>
    </p>
   </div>
   <div class='ocr_carea' id='block_1_76' title="bbox 2278 1439 3868 1523">
    <p class='ocr_par' dir='ltr' id='par_1_76' title="bbox 2278 1439 3868 1523">
     <span class='ocr_line' id='line_1_76' title="bbox 2278 1439 3868 1523; baseline -0.011 -15"><span class='ocrx_word' id='word_1_568' title='bbox 2278 1454 2426 1508; x_wconf 86' lang='lat' dir='ltr'><strong>ritus</strong></span> <span class='ocrx_word' id='word_1_569' title='bbox 2460 1453 2553 1507; x_wconf 90' lang='lat' dir='ltr'><strong>Dei</strong></span> <span class='ocrx_word' id='word_1_570' title='bbox 2570 1451 2680 1523; x_wconf 85' lang='lat' dir='ltr'><strong>(Id.</strong></span> <span class='ocrx_word' id='word_1_571' title='bbox 2693 1467 2771 1516; x_wconf 87' lang='lat' dir='ltr'><strong>,u,</strong></span> <span class='ocrx_word' id='word_1_572' title='bbox 2787 1446 3294 1517; x_wconf 89' lang='lat' dir='ltr'><strong>l4),fallacissimis</strong></span> <span class='ocrx_word' id='word_1_573' title='bbox 3310 1441 3655 1501; x_wconf 89' lang='lat' dir='ltr'><strong>vanitatibus</strong></span> <span class='ocrx_word' id='word_1_574' title='bbox 3668 1439 3868 1495; x_wconf 90' lang='lat' dir='ltr'><strong>luditur.</strong></span> 
     </span>
    </p>
   </div>
   <div class='ocr_carea' id='block_1_77' title="bbox 2348 1528 3874 1611">
    <p class='ocr_par' dir='ltr' id='par_1_77' title="bbox 2348 1528 3874 1611">
     <span class='ocr_line' id='line_1_77' title="bbox 2348 1528 3874 1611; baseline -0.011 -14"><span class='ocrx_word' id='word_1_575' title='bbox 2348 1545 2400 1597; x_wconf 95' lang='lat'><strong>4.</strong></span> <span class='ocrx_word' id='word_1_576' title='bbox 2427 1542 2635 1596; x_wconf 91' lang='lat' dir='ltr'><strong>Dicunt</strong></span> <span class='ocrx_word' id='word_1_577' title='bbox 2659 1541 2817 1595; x_wconf 91' lang='lat' dir='ltr'><strong>enim</strong></span> <span class='ocrx_word' id='word_1_578' title='bbox 2836 1538 3083 1611; x_wconf 90' lang='lat' dir='ltr'><strong>quidam</strong></span> <span class='ocrx_word' id='word_1_579' title='bbox 3116 1551 3321 1591; x_wconf 91' lang='lat' dir='ltr'><strong>eorum</strong></span> <span class='ocrx_word' id='word_1_580' title='bbox 3353 1534 3457 1606; x_wconf 91' lang='lat' dir='ltr'><strong>qui</strong></span> <span class='ocrx_word' id='word_1_581' title='bbox 3483 1530 3613 1588; x_wconf 88' lang='lat' dir='ltr'><strong>talia</strong></span> <span class='ocrx_word' id='word_1_582' title='bbox 3630 1528 3874 1599; x_wconf 86' lang='lat' dir='ltr'><strong>garriunt,</strong></span> 
     </span>
    </p>
   </div>
   <div class='ocr_carea' id='block_1_78' title="bbox 2277 1616 3876 1701">
    <p class='ocr_par' dir='ltr' id='par_1_78' title="bbox 2277 1616 3876 1701">
     <span class='ocr_line' id='line_1_78' title="bbox 2277 1616 3876 1701; baseline -0.01 -16"><span class='ocrx_word' id='word_1_583' title='bbox 2277 1632 2428 1687; x_wconf 92' lang='lat' dir='ltr'><strong>sicut</strong></span> <span class='ocrx_word' id='word_1_584' title='bbox 2479 1632 2555 1687; x_wconf 92' lang='lat' dir='ltr'><strong>ad</strong></span> <span class='ocrx_word' id='word_1_585' title='bbox 2610 1646 2704 1687; x_wconf 90' lang='lat' dir='ltr'><strong>me</strong></span> <span class='ocrx_word' id='word_1_586' title='bbox 2760 1627 2949 1701; x_wconf 89' lang='lat' dir='ltr'><strong>potuit</strong></span> <span class='ocrx_word' id='word_1_587' title='bbox 2990 1623 3317 1697; x_wconf 85' lang='lat' dir='ltr'><strong>pervenire,</strong></span> <span class='ocrx_word' id='word_1_588' title='bbox 3358 1639 3470 1678; x_wconf 90' lang='lat' dir='ltr'><strong>nos</strong></span> <span class='ocrx_word' id='word_1_589' title='bbox 3517 1622 3687 1677; x_wconf 90' lang='lat' dir='ltr'><strong>Deum</strong></span> <span class='ocrx_word' id='word_1_590' title='bbox 3712 1616 3876 1671; x_wconf 90' lang='lat' dir='ltr'><strong>videre</strong></span> 
     </span>
    </p>
   </div>
   <div class='ocr_carea' id='block_1_79' title="bbox 2276 1704 3878 1786">
    <p class='ocr_par' dir='ltr' id='par_1_79' title="bbox 2276 1704 3878 1786">
     <span class='ocr_line' id='line_1_79' title="bbox 2276 1704 3878 1786; baseline -0.011 -12"><span class='ocrx_word' id='word_1_591' title='bbox 2276 1735 2436 1776; x_wconf 92' lang='lat' dir='ltr'><strong>nunc</strong></span> <span class='ocrx_word' id='word_1_592' title='bbox 2496 1724 2711 1784; x_wconf 89' lang='lat' dir='ltr'><strong>mente,</strong></span> <span class='ocrx_word' id='word_1_593' title='bbox 2762 1722 2900 1773; x_wconf 92' lang='lat' dir='ltr'><strong>tunc</strong></span> <span class='ocrx_word' id='word_1_594' title='bbox 2940 1730 3225 1786; x_wconf 85' lang='lat' dir='ltr'><strong>corpore;</strong></span> <span class='ocrx_word' id='word_1_595' title='bbox 3272 1714 3352 1769; x_wconf 89' lang='lat' dir='ltr'><strong>ita</strong></span> <span class='ocrx_word' id='word_1_596' title='bbox 3381 1718 3443 1767; x_wconf 87' lang='lat' dir='ltr'><strong>ut</strong></span> <span class='ocrx_word' id='word_1_597' title='bbox 3486 1713 3654 1766; x_wconf 90' lang='lat' dir='ltr'><strong>etiam</strong></span> <span class='ocrx_word' id='word_1_598' title='bbox 3698 1704 3878 1775; x_wconf 89' lang='lat' dir='ltr'><strong>impios</strong></span> 
     </span>
    </p>
   </div>
   <div class='ocr_carea' id='block_1_80' title="bbox 2270 1796 3875 1890">
    <p class='ocr_par' dir='ltr' id='par_1_80' title="bbox 2270 1796 3875 1890">
     <span class='ocr_line' id='line_1_80' title="bbox 2270 1796 3875 1890; baseline -0.012 -25"><span class='ocrx_word' id='word_1_599' title='bbox 2270 1826 2408 1865; x_wconf 90' lang='lat' dir='ltr'><strong>eum</strong></span> <span class='ocrx_word' id='word_1_600' title='bbox 2444 1809 2569 1881; x_wconf 86' lang='lat' dir='ltr'><strong>pari</strong></span> <span class='ocrx_word' id='word_1_601' title='bbox 2589 1806 2769 1863; x_wconf 88' lang='lat' dir='ltr'><strong>modo</strong></span> <span class='ocrx_word' id='word_1_602' title='bbox 2795 1809 3136 1863; x_wconf 86' lang='lat' dir='ltr'><strong>assevereut</strong></span> <span class='ocrx_word' id='word_1_603' title='bbox 3169 1818 3303 1858; x_wconf 91' lang='lat' dir='ltr'><strong>esse</strong></span> <span class='ocrx_word' id='word_1_604' title='bbox 3320 1802 3571 1856; x_wconf 91' lang='lat' dir='ltr'><strong>visuros.</strong></span> <span class='ocrx_word' id='word_1_605' title='bbox 3605 1796 3875 1890; x_wconf 76' lang='lat' dir='ltr'><strong>Videquan</strong></span> 
     </span>
    </p>
   </div>
   <div class='ocr_carea' id='block_1_81' title="bbox 2276 1886 3878 1970">
    <p class='ocr_par' dir='ltr' id='par_1_81' title="bbox 2276 1886 3878 1970">
     <span class='ocr_line' id='line_1_81' title="bbox 2276 1886 3878 1970; baseline -0.011 -17"><span class='ocrx_word' id='word_1_606' title='bbox 2276 1902 2404 1953; x_wconf 87' lang='lat' dir='ltr'><strong>tum</strong></span> <span class='ocrx_word' id='word_1_607' title='bbox 2445 1901 2502 1953; x_wconf 90' lang='lat' dir='ltr'><strong>in</strong></span> <span class='ocrx_word' id='word_1_608' title='bbox 2533 1897 2700 1970; x_wconf 85' lang='lat' dir='ltr'><strong>pejus</strong></span> <span class='ocrx_word' id='word_1_609' title='bbox 2740 1894 3111 1967; x_wconf 84' lang='lat' dir='ltr'><strong>profecerint,</strong></span> <span class='ocrx_word' id='word_1_610' title='bbox 3145 1890 3293 1947; x_wconf 92' lang='lat' dir='ltr'><strong>dum</strong></span> <span class='ocrx_word' id='word_1_611' title='bbox 3332 1891 3460 1946; x_wconf 90' lang='lat' dir='ltr'><strong>sine</strong></span> <span class='ocrx_word' id='word_1_612' title='bbox 3486 1888 3659 1945; x_wconf 89' lang='lat' dir='ltr'><strong>limite</strong></span> <span class='ocrx_word' id='word_1_613' title='bbox 3686 1886 3878 1938; x_wconf 88' lang='lat' dir='ltr'><strong>timoris</strong></span> 
     </span>
    </p>
   </div>
   <div class='ocr_carea' id='block_1_82' title="bbox 2278 1973 3878 2057">
    <p class='ocr_par' dir='ltr' id='par_1_82' title="bbox 2278 1973 3878 2057">
     <span class='ocr_line' id='line_1_82' title="bbox 2278 1973 3878 2057; baseline -0.01 -16"><span class='ocrx_word' id='word_1_614' title='bbox 2278 1988 2370 2042; x_wconf 84' lang='lat' dir='ltr'><strong>vel</strong></span> <span class='ocrx_word' id='word_1_615' title='bbox 2396 1986 2662 2057; x_wconf 91' lang='lat' dir='ltr'><strong>pudoris,</strong></span> <span class='ocrx_word' id='word_1_616' title='bbox 2696 1986 2806 2041; x_wconf 91' lang='lat' dir='ltr'><strong>hac</strong></span> <span class='ocrx_word' id='word_1_617' title='bbox 2840 1990 3019 2056; x_wconf 88' lang='lat' dir='ltr'><strong>atque</strong></span> <span class='ocrx_word' id='word_1_618' title='bbox 3045 1981 3178 2037; x_wconf 89' lang='lat' dir='ltr'><strong>illac</strong></span> <span class='ocrx_word' id='word_1_619' title='bbox 3211 1977 3575 2049; x_wconf 90' lang='lat' dir='ltr'><strong>vagabunda</strong></span> <span class='ocrx_word' id='word_1_620' title='bbox 3601 1975 3765 2031; x_wconf 88' lang='lat' dir='ltr'><strong>fertur</strong></span> <span class='ocrx_word' id='word_1_621' title='bbox 3794 1973 3878 2026; x_wconf 89' lang='lat' dir='ltr'><strong>im-</strong></span> 
     </span>
    </p>
   </div>
   <div class='ocr_carea' id='block_1_83' title="bbox 2278 2065 3879 2157">
    <p class='ocr_par' dir='ltr' id='par_1_83' title="bbox 2278 2065 3879 2157">
     <span class='ocr_line' id='line_1_83' title="bbox 2278 2065 3879 2157; baseline -0.012 -25"><span class='ocrx_word' id='word_1_622' title='bbox 2278 2077 2485 2147; x_wconf 88' lang='lat' dir='ltr'><strong>punita</strong></span> <span class='ocrx_word' id='word_1_623' title='bbox 2524 2075 2879 2147; x_wconf 89' lang='lat' dir='ltr'><strong>loquacitas.</strong></span> <span class='ocrx_word' id='word_1_624' title='bbox 2909 2078 3090 2128; x_wconf 80' lang='lat' dir='ltr'><strong>Antea</strong></span> <span class='ocrx_word' id='word_1_625' title='bbox 3120 2070 3422 2133; x_wconf 90' lang='lat' dir='ltr'><strong>dicebant,</strong></span> <span class='ocrx_word' id='word_1_626' title='bbox 3452 2065 3610 2122; x_wconf 88' lang='lat' dir='ltr'><strong>carni</strong></span> <span class='ocrx_word' id='word_1_627' title='bbox 3642 2079 3752 2157; x_wconf 75' lang='lat' dir='ltr'><strong>sum</strong></span> <span class='ocrx_word' id='word_1_628' title='bbox 3779 2069 3879 2157; x_wconf 68' lang='lat' dir='ltr'><strong>tan-</strong></span> 
     </span>
    </p>
   </div>
   <div class='ocr_carea' id='block_1_84' title="bbox 2280 2149 3879 2235">
    <p class='ocr_par' dir='ltr' id='par_1_84' title="bbox 2280 2149 3879 2235">
     <span class='ocr_line' id='line_1_84' title="bbox 2280 2149 3879 2235; baseline -0.013 -14"><span class='ocrx_word' id='word_1_629' title='bbox 2280 2171 2405 2221; x_wconf 90' lang='lat' dir='ltr'><strong>tum</strong></span> <span class='ocrx_word' id='word_1_630' title='bbox 2433 2164 2548 2220; x_wconf 91' lang='lat' dir='ltr'><strong>hoc</strong></span> <span class='ocrx_word' id='word_1_631' title='bbox 2579 2162 2917 2235; x_wconf 64' lang='lat' dir='ltr'><strong>praestitisse</strong></span> <span class='ocrx_word' id='word_1_632' title='bbox 2950 2159 3270 2224; x_wconf 85' lang='lat' dir='ltr'><strong>Christum,</strong></span> <span class='ocrx_word' id='word_1_633' title='bbox 3308 2163 3369 2212; x_wconf 93' lang='lat' dir='ltr'><strong>ut</strong></span> <span class='ocrx_word' id='word_1_634' title='bbox 3401 2154 3693 2227; x_wconf 87' lang='lat' dir='ltr'><strong>corporeis</strong></span> <span class='ocrx_word' id='word_1_635' title='bbox 3722 2149 3879 2208; x_wconf 88' lang='lat' dir='ltr'><strong>oculis</strong></span> 
     </span>
    </p>
   </div>
   <div class='ocr_carea' id='block_1_85' title="bbox 2279 2246 3882 2320">
    <p class='ocr_par' dir='ltr' id='par_1_85' title="bbox 2279 2246 3882 2320">
     <span class='ocr_line' id='line_1_85' title="bbox 2279 2246 3882 2320; baseline -0.011 -11"><span class='ocrx_word' id='word_1_636' title='bbox 2279 2255 2505 2310; x_wconf 90' lang='lat' dir='ltr'><strong>videret</strong></span> <span class='ocrx_word' id='word_1_637' title='bbox 2548 2256 2728 2310; x_wconf 91' lang='lat' dir='ltr'><strong>Deum</strong></span> <span class='ocrx_word' id='word_1_638' title='bbox 2763 2250 3021 2320; x_wconf 87' lang='lat' dir='ltr'><strong>;deinde</strong></span> <span class='ocrx_word' id='word_1_639' title='bbox 3051 2248 3414 2305; x_wconf 90' lang='lat' dir='ltr'><strong>addiderunt</strong></span> <span class='ocrx_word' id='word_1_640' title='bbox 3464 2246 3658 2308; x_wconf 91' lang='lat' dir='ltr'><strong>etiam,</strong></span> <span class='ocrx_word' id='word_1_641' title='bbox 3709 2255 3882 2296; x_wconf 88' lang='lat' dir='ltr'><strong>omnes</strong></span> 
     </span>
    </p>
   </div>
   <div class='ocr_carea' id='block_1_86' title="bbox 2279 2331 3883 2413">
    <p class='ocr_par' dir='ltr' id='par_1_86' title="bbox 2279 2331 3883 2413">
     <span class='ocr_line' id='line_1_86' title="bbox 2279 2331 3883 2413; baseline -0.011 -15"><span class='ocrx_word' id='word_1_642' title='bbox 2279 2351 2543 2409; x_wconf 89' lang='lat' dir='ltr'><strong>sanctos,</strong></span> <span class='ocrx_word' id='word_1_643' title='bbox 2580 2340 2829 2413; x_wconf 89' lang='lat' dir='ltr'><strong>receptis</strong></span> <span class='ocrx_word' id='word_1_644' title='bbox 2862 2341 2920 2395; x_wconf 92' lang='lat' dir='ltr'><strong>in</strong></span> <span class='ocrx_word' id='word_1_645' title='bbox 2961 2338 3392 2394; x_wconf 90' lang='lat' dir='ltr'><strong>resurrectione</strong></span> <span class='ocrx_word' id='word_1_646' title='bbox 3431 2331 3780 2404; x_wconf 88' lang='lat' dir='ltr'><strong>corporibus,</strong></span> <span class='ocrx_word' id='word_1_647' title='bbox 3808 2343 3883 2382; x_wconf 91' lang='lat' dir='ltr'><strong>eo-</strong></span> 
     </span>
    </p>
   </div>
   <div class='ocr_carea' id='block_1_87' title="bbox 2277 2423 3884 2494">
    <p class='ocr_par' dir='ltr' id='par_1_87' title="bbox 2277 2423 3884 2494">
     <span class='ocr_line' id='line_1_87' title="bbox 2277 2423 3884 2494; baseline -0.012 -5"><span class='ocrx_word' id='word_1_648' title='bbox 2277 2433 2412 2489; x_wconf 89' lang='lat' dir='ltr'><strong>dem</strong></span> <span class='ocrx_word' id='word_1_649' title='bbox 2434 2433 2614 2489; x_wconf 89' lang='lat' dir='ltr'><strong>modo</strong></span> <span class='ocrx_word' id='word_1_650' title='bbox 2631 2434 2814 2486; x_wconf 91' lang='lat' dir='ltr'><strong>Deum</strong></span> <span class='ocrx_word' id='word_1_651' title='bbox 2840 2445 2968 2483; x_wconf 90' lang='lat' dir='ltr'><strong>esse</strong></span> <span class='ocrx_word' id='word_1_652' title='bbox 2986 2429 3247 2492; x_wconf 87' lang='lat' dir='ltr'><strong>visuros;</strong></span> <span class='ocrx_word' id='word_1_653' title='bbox 3272 2441 3435 2481; x_wconf 93' lang='lat' dir='ltr'><strong>nunc</strong></span> <span class='ocrx_word' id='word_1_654' title='bbox 3456 2424 3582 2494; x_wconf 91' lang='lat' dir='ltr'><strong>jam</strong></span> <span class='ocrx_word' id='word_1_655' title='bbox 3597 2423 3757 2475; x_wconf 91' lang='lat' dir='ltr'><strong>istam</strong></span> <span class='ocrx_word' id='word_1_656' title='bbox 3777 2432 3884 2488; x_wconf 85' lang='lat' dir='ltr'><strong>pos-</strong></span> 
     </span>
    </p>
   </div>
   <div class='ocr_carea' id='block_1_88' title="bbox 2278 2514 3884 2588">
    <p class='ocr_par' dir='ltr' id='par_1_88' title="bbox 2278 2514 3884 2588">
     <span class='ocr_line' id='line_1_88' title="bbox 2278 2514 3884 2588; baseline -0.011 -10"><span class='ocrx_word' id='word_1_657' title='bbox 2278 2522 2617 2578; x_wconf 88' lang='lat' dir='ltr'><strong>sibilitatem</strong></span> <span class='ocrx_word' id='word_1_658' title='bbox 2648 2521 2826 2575; x_wconf 91' lang='lat' dir='ltr'><strong>etiam</strong></span> <span class='ocrx_word' id='word_1_659' title='bbox 2858 2518 3057 2588; x_wconf 88' lang='lat' dir='ltr'><strong>impiis</strong></span> <span class='ocrx_word' id='word_1_660' title='bbox 3107 2516 3509 2571; x_wconf 89' lang='lat' dir='ltr'><strong>donaverunt.</strong></span> <span class='ocrx_word' id='word_1_661' title='bbox 3535 2514 3747 2567; x_wconf 89' lang='lat' dir='ltr'><strong>Donent</strong></span> <span class='ocrx_word' id='word_1_662' title='bbox 3769 2520 3884 2561; x_wconf 84' lang='lat' dir='ltr'><strong>sane</strong></span> 
     </span>
    </p>
   </div>
   <div class='ocr_carea' id='block_1_89' title="bbox 2277 2594 3886 2685">
    <p class='ocr_par' dir='ltr' id='par_1_89' title="bbox 2277 2594 3886 2685">
     <span class='ocr_line' id='line_1_89' title="bbox 2277 2594 3886 2685; baseline -0.011 -19"><span class='ocrx_word' id='word_1_663' title='bbox 2277 2619 2568 2685; x_wconf 87' lang='lat' dir='ltr'><strong>quantum</strong></span> <span class='ocrx_word' id='word_1_664' title='bbox 2598 2608 2824 2673; x_wconf 86' lang='lat' dir='ltr'><strong>volunt,</strong></span> <span class='ocrx_word' id='word_1_665' title='bbox 2848 2610 2906 2662; x_wconf 84' lang='lat' dir='ltr'><strong>et</strong></span> <span class='ocrx_word' id='word_1_666' title='bbox 2935 2606 3155 2679; x_wconf 91' lang='lat' dir='ltr'><strong>quibus</strong></span> <span class='ocrx_word' id='word_1_667' title='bbox 3190 2604 3580 2674; x_wconf 83' lang='lat' dir='ltr'><strong>volunt;nam</strong></span> <span class='ocrx_word' id='word_1_668' title='bbox 3594 2602 3718 2670; x_wconf 88' lang='lat' dir='ltr'><strong>quis</strong></span> <span class='ocrx_word' id='word_1_669' title='bbox 3740 2594 3886 2685; x_wconf 56' lang='lat' dir='ltr'><strong>aude:</strong></span> 
     </span>
    </p>
   </div>
   <div class='ocr_carea' id='block_1_90' title="bbox 2279 2682 3884 2758">
    <p class='ocr_par' dir='ltr' id='par_1_90' title="bbox 2279 2682 3884 2758">
     <span class='ocr_line' id='line_1_90' title="bbox 2279 2682 3884 2758; baseline -0.012 -1"><span class='ocrx_word' id='word_1_670' title='bbox 2279 2682 2339 2758; x_wconf 73' lang='lat' dir='ltr'><strong>at</strong></span> <span class='ocrx_word' id='word_1_671' title='bbox 2386 2699 2789 2756; x_wconf 89' lang='lat' dir='ltr'><strong>contradicere</strong></span> <span class='ocrx_word' id='word_1_672' title='bbox 2845 2694 3193 2751; x_wconf 91' lang='lat' dir='ltr'><strong>hominibus</strong></span> <span class='ocrx_word' id='word_1_673' title='bbox 3231 2693 3304 2749; x_wconf 90' lang='lat' dir='ltr'><strong>de</strong></span> <span class='ocrx_word' id='word_1_674' title='bbox 3346 2708 3458 2747; x_wconf 88' lang='lat' dir='ltr'><strong>suo</strong></span> <span class='ocrx_word' id='word_1_675' title='bbox 3506 2682 3884 2745; x_wconf 79' lang='lat' dir='ltr'><strong>donantibus?</strong></span> 
     </span>
    </p>
   </div>
   <div class='ocr_carea' id='block_1_91' title="bbox 2280 2773 3888 2858">
    <p class='ocr_par' dir='ltr' id='par_1_91' title="bbox 2280 2773 3888 2858">
     <span class='ocr_line' id='line_1_91' title="bbox 2280 2773 3888 2858; baseline -0.013 -13"><span class='ocrx_word' id='word_1_676' title='bbox 2280 2789 2388 2857; x_wconf 81' lang='lat' dir='ltr'><strong>Qui</strong></span> <span class='ocrx_word' id='word_1_677' title='bbox 2436 2788 2597 2844; x_wconf 89' lang='lat' dir='ltr'><strong>enim</strong></span> <span class='ocrx_word' id='word_1_678' title='bbox 2647 2787 2914 2858; x_wconf 84' lang='lat' dir='ltr'><strong>loquitur</strong></span> <span class='ocrx_word' id='word_1_679' title='bbox 2956 2784 3351 2846; x_wconf 82' lang='lat' dir='ltr'><strong>mendacium,</strong></span> <span class='ocrx_word' id='word_1_680' title='bbox 3386 2781 3460 2836; x_wconf 86' lang='lat' dir='ltr'><strong>de</strong></span> <span class='ocrx_word' id='word_1_681' title='bbox 3514 2794 3616 2835; x_wconf 88' lang='lat' dir='ltr'><strong>suo</strong></span> <span class='ocrx_word' id='word_1_682' title='bbox 3663 2773 3888 2845; x_wconf 84' lang='lat' dir='ltr'><strong>loquitur</strong></span> 
     </span>
    </p>
   </div>
   <div class='ocr_carea' id='block_1_92' title="bbox 2278 2867 3885 2950">
    <p class='ocr_par' dir='ltr' id='par_1_92' title="bbox 2278 2867 3885 2950">
     <span class='ocr_line' id='line_1_92' title="bbox 2278 2867 3885 2950; baseline -0.013 -16"><span class='ocrx_word' id='word_1_683' title='bbox 2278 2881 2475 2950; x_wconf 86' lang='lat' dir='ltr'><strong>(Joan.</strong></span> <span class='ocrx_word' id='word_1_684' title='bbox 2528 2892 2647 2947; x_wconf 80' lang='lat' dir='ltr'><strong>Vlll,</strong></span> <span class='ocrx_word' id='word_1_685' title='bbox 2695 2877 2807 2947; x_wconf 90' lang='lat'><strong>44).</strong></span> <span class='ocrx_word' id='word_1_686' title='bbox 2849 2877 2930 2931; x_wconf 88' lang='lat' dir='ltr'><strong>Tu</strong></span> <span class='ocrx_word' id='word_1_687' title='bbox 2975 2880 3174 2929; x_wconf 89' lang='lat' dir='ltr'><strong>autem</strong></span> <span class='ocrx_word' id='word_1_688' title='bbox 3226 2887 3366 2927; x_wconf 92' lang='lat' dir='ltr'><strong>cum</strong></span> <span class='ocrx_word' id='word_1_689' title='bbox 3423 2868 3518 2925; x_wconf 89' lang='lat' dir='ltr'><strong>his</strong></span> <span class='ocrx_word' id='word_1_690' title='bbox 3571 2867 3667 2939; x_wconf 91' lang='lat' dir='ltr'><strong>qui</strong></span> <span class='ocrx_word' id='word_1_691' title='bbox 3710 2875 3885 2950; x_wconf 85' lang='lat' dir='ltr'><strong>sanam</strong></span> 
     </span>
    </p>
   </div>
   <div class='ocr_carea' id='block_1_93' title="bbox 2278 2948 3888 3030">
    <p class='ocr_par' dir='ltr' id='par_1_93' title="bbox 2278 2948 3888 3030">
     <span class='ocr_line' id='line_1_93' title="bbox 2278 2948 3888 3030; baseline -0.014 -6"><span class='ocrx_word' id='word_1_692' title='bbox 2278 2948 2611 3024; x_wconf 85' lang='lat' dir='ltr'><strong>doctrinam</strong></span> <span class='ocrx_word' id='word_1_693' title='bbox 2628 2970 2844 3030; x_wconf 88' lang='lat' dir='ltr'><strong>tenent,</strong></span> <span class='ocrx_word' id='word_1_694' title='bbox 2872 2962 3014 3018; x_wconf 91' lang='lat' dir='ltr'><strong>nihil</strong></span> <span class='ocrx_word' id='word_1_695' title='bbox 3029 2964 3275 3017; x_wconf 88' lang='lat' dir='ltr'><strong>istorum</strong></span> <span class='ocrx_word' id='word_1_696' title='bbox 3293 2958 3520 3015; x_wconf 88' lang='lat' dir='ltr'><strong>audeas</strong></span> <span class='ocrx_word' id='word_1_697' title='bbox 3545 2967 3809 3025; x_wconf 88' lang='lat' dir='ltr'><strong>usurpare</strong></span> <span class='ocrx_word' id='word_1_698' title='bbox 3830 2948 3888 3001; x_wconf 88' lang='lat' dir='ltr'><strong>de</strong></span> 
     </span>
    </p>
   </div>
   <div class='ocr_carea' id='block_1_94' title="bbox 2280 3038 3884 3135">
    <p class='ocr_par' dir='ltr' id='par_1_94' title="bbox 2280 3038 3884 3135">
     <span class='ocr_line' id='line_1_94' title="bbox 2280 3038 3884 3135; baseline -0.015 -22"><span class='ocrx_word' id='word_1_699' title='bbox 2280 3064 2380 3113; x_wconf 92' lang='lat' dir='ltr'><strong>tuo</strong></span> <span class='ocrx_word' id='word_1_700' title='bbox 2406 3075 2418 3112; x_wconf 94' lang='lat'>:</span> <span class='ocrx_word' id='word_1_701' title='bbox 2454 3056 2556 3111; x_wconf 90' lang='lat' dir='ltr'><strong>sed</strong></span> <span class='ocrx_word' id='word_1_702' title='bbox 2587 3070 2725 3110; x_wconf 88' lang='lat' dir='ltr'><strong>cum</strong></span> <span class='ocrx_word' id='word_1_703' title='bbox 2754 3053 2920 3123; x_wconf 90' lang='lat' dir='ltr'><strong>legis,</strong></span> <span class='ocrx_word' id='word_1_704' title='bbox 2967 3050 3142 3108; x_wconf 89' lang='lat' dir='ltr'><strong>Beati</strong></span> <span class='ocrx_word' id='word_1_705' title='bbox 3172 3049 3387 3105; x_wconf 86' lang='lat' dir='ltr'><strong>mundo</strong></span> <span class='ocrx_word' id='word_1_706' title='bbox 3421 3046 3616 3109; x_wconf 87' lang='lat' dir='ltr'><strong>corde,</strong></span> <span class='ocrx_word' id='word_1_707' title='bbox 3648 3038 3884 3135; x_wconf 73' lang='lat' dir='ltr'><strong>quoniam</strong></span> 
     </span>
    </p>
   </div>
   <div class='ocr_carea' id='block_1_95' title="bbox 2279 3130 3889 3216">
    <p class='ocr_par' dir='ltr' id='par_1_95' title="bbox 2279 3130 3889 3216">
     <span class='ocr_line' id='line_1_95' title="bbox 2279 3130 3889 3216; baseline -0.015 -14"><span class='ocrx_word' id='word_1_708' title='bbox 2279 3146 2393 3216; x_wconf 87' lang='lat' dir='ltr'><strong>ipsi</strong></span> <span class='ocrx_word' id='word_1_709' title='bbox 2419 3147 2607 3203; x_wconf 89' lang='lat' dir='ltr'><strong>Deum</strong></span> <span class='ocrx_word' id='word_1_710' title='bbox 2639 3144 2916 3200; x_wconf 87' lang='lat' dir='ltr'><strong>videbunt</strong></span> <span class='ocrx_word' id='word_1_711' title='bbox 2948 3139 3187 3212; x_wconf 79' lang='lat' dir='ltr'><strong>(Matth.</strong></span> <span class='ocrx_word' id='word_1_712' title='bbox 3220 3155 3275 3206; x_wconf 91' lang='lat' dir='ltr'><strong>v,</strong></span> <span class='ocrx_word' id='word_1_713' title='bbox 3312 3141 3391 3207; x_wconf 88' lang='lat'><strong>8),</strong></span> <span class='ocrx_word' id='word_1_714' title='bbox 3412 3135 3664 3205; x_wconf 82' lang='lat' dir='ltr'><strong>intellige</strong></span> <span class='ocrx_word' id='word_1_715' title='bbox 3705 3130 3889 3199; x_wconf 89' lang='lat' dir='ltr'><strong>impios</strong></span> 
     </span>
    </p>
   </div>
   <div class='ocr_carea' id='block_1_96' title="bbox 2281 3218 3891 3304">
    <p class='ocr_par' dir='ltr' id='par_1_96' title="bbox 2281 3218 3891 3304">
     <span class='ocr_line' id='line_1_96' title="bbox 2281 3218 3891 3304; baseline -0.015 -12"><span class='ocrx_word' id='word_1_716' title='bbox 2281 3252 2400 3291; x_wconf 92' lang='lat' dir='ltr'><strong>non</strong></span> <span class='ocrx_word' id='word_1_717' title='bbox 2433 3235 2697 3303; x_wconf 85' lang='lat' dir='ltr'><strong>visuros;</strong></span> <span class='ocrx_word' id='word_1_718' title='bbox 2716 3218 3088 3304; x_wconf 86' lang='lat' dir='ltr'><strong>nequeenim</strong></span> <span class='ocrx_word' id='word_1_719' title='bbox 3122 3228 3279 3283; x_wconf 91' lang='lat' dir='ltr'><strong>beati</strong></span> <span class='ocrx_word' id='word_1_720' title='bbox 3291 3232 3348 3282; x_wconf 90' lang='lat' dir='ltr'><strong>et</strong></span> <span class='ocrx_word' id='word_1_721' title='bbox 3375 3223 3587 3281; x_wconf 91' lang='lat' dir='ltr'><strong>mundi</strong></span> <span class='ocrx_word' id='word_1_722' title='bbox 3605 3219 3767 3277; x_wconf 77' lang='lat' dir='ltr'><strong>corde</strong></span> <span class='ocrx_word' id='word_1_723' title='bbox 3779 3220 3891 3272; x_wconf 87' lang='lat' dir='ltr'><strong>sunt</strong></span> 
     </span>
    </p>
   </div>
   <div class='ocr_carea' id='block_1_97' title="bbox 2280 3318 3890 3397">
    <p class='ocr_par' dir='ltr' id='par_1_97' title="bbox 2280 3318 3890 3397">
     <span class='ocr_line' id='line_1_97' title="bbox 2280 3318 3890 3397; baseline -0.014 -16"><span class='ocrx_word' id='word_1_724' title='bbox 2280 3325 2467 3397; x_wconf 92' lang='lat' dir='ltr'><strong>impii.</strong></span> <span class='ocrx_word' id='word_1_725' title='bbox 2506 3324 2650 3380; x_wconf 89' lang='lat' dir='ltr'><strong>Item</strong></span> <span class='ocrx_word' id='word_1_726' title='bbox 2681 3339 2817 3379; x_wconf 92' lang='lat' dir='ltr'><strong>cum</strong></span> <span class='ocrx_word' id='word_1_727' title='bbox 2861 3321 3028 3391; x_wconf 87' lang='lat' dir='ltr'><strong>legis,</strong></span> <span class='ocrx_word' id='word_1_728' title='bbox 3066 3318 3335 3374; x_wconf 82' lang='lat' dir='ltr'><strong>Videmus</strong></span> <span class='ocrx_word' id='word_1_729' title='bbox 3376 3330 3541 3371; x_wconf 88' lang='lat' dir='ltr'><strong>nunc</strong></span> <span class='ocrx_word' id='word_1_730' title='bbox 3591 3327 3690 3384; x_wconf 84' lang='lat' dir='ltr'><strong>per</strong></span> <span class='ocrx_word' id='word_1_731' title='bbox 3728 3321 3890 3397; x_wconf 56' lang='lat' dir='ltr'><strong>specu:</strong></span> 
     </span>
    </p>
   </div>
   <div class='ocr_carea' id='block_1_98' title="bbox 2283 3392 3889 3482">
    <p class='ocr_par' dir='ltr' id='par_1_98' title="bbox 2283 3392 3889 3482">
     <span class='ocr_line' id='line_1_98' title="bbox 2283 3392 3889 3482; baseline -0.007 -13"><span class='ocrx_word' id='word_1_732' title='bbox 2283 3392 2404 3470; x_wconf 81' lang='lat' dir='ltr'><strong>lum</strong></span> <span class='ocrx_word' id='word_1_733' title='bbox 2436 3413 2499 3469; x_wconf 88' lang='lat' dir='ltr'><strong>in</strong></span> <span class='ocrx_word' id='word_1_734' title='bbox 2536 3413 2868 3482; x_wconf 66' lang='lat' dir='ltr'><strong>aenigmate,</strong></span> <span class='ocrx_word' id='word_1_735' title='bbox 2906 3418 3047 3465; x_wconf 81' lang='lat' dir='ltr'><strong>tunc</strong></span> <span class='ocrx_word' id='word_1_736' title='bbox 3090 3413 3289 3463; x_wconf 90' lang='lat' dir='ltr'><strong>autem</strong></span> <span class='ocrx_word' id='word_1_737' title='bbox 3322 3404 3485 3475; x_wconf 80' lang='lat' dir='ltr'><strong>facie</strong></span> <span class='ocrx_word' id='word_1_738' title='bbox 3518 3403 3597 3459; x_wconf 84' lang='lat' dir='ltr'><strong>ad</strong></span> <span class='ocrx_word' id='word_1_739' title='bbox 3630 3392 3889 3482; x_wconf 66' lang='lat' dir='ltr'><strong>faciemtl</strong></span> 
     </span>
    </p>
   </div>
   <div class='ocr_carea' id='block_1_99' title="bbox 2283 3481 3893 3573">
    <p class='ocr_par' dir='ltr' id='par_1_99' title="bbox 2283 3481 3893 3573">
     <span class='ocr_line' id='line_1_99' title="bbox 2283 3481 3893 3573; baseline -0.013 -14"><span class='ocrx_word' id='word_1_740' title='bbox 2283 3506 2419 3559; x_wconf 84' lang='lat' dir='ltr'><strong>Cor.</strong></span> <span class='ocrx_word' id='word_1_741' title='bbox 2448 3518 2571 3566; x_wconf 80' lang='lat' dir='ltr'><strong>xm,</strong></span> <span class='ocrx_word' id='word_1_742' title='bbox 2604 3481 2693 3573; x_wconf 65' lang='grc' dir='ltr'><strong>η)</strong></span> <span class='ocrx_word' id='word_1_743' title='bbox 2728 3499 3025 3568; x_wconf 87' lang='lat' dir='ltr'><strong>;intellige</strong></span> <span class='ocrx_word' id='word_1_744' title='bbox 3065 3496 3205 3551; x_wconf 92' lang='lat' dir='ltr'><strong>inde</strong></span> <span class='ocrx_word' id='word_1_745' title='bbox 3238 3510 3347 3550; x_wconf 88' lang='lat' dir='ltr'><strong>nos</strong></span> <span class='ocrx_word' id='word_1_746' title='bbox 3388 3502 3529 3548; x_wconf 93' lang='lat' dir='ltr'><strong>tunc</strong></span> <span class='ocrx_word' id='word_1_747' title='bbox 3575 3490 3785 3546; x_wconf 87' lang='lat' dir='ltr'><strong>visuros</strong></span> <span class='ocrx_word' id='word_1_748' title='bbox 3830 3481 3893 3538; x_wconf 82' lang='lat' dir='ltr'><strong>ia-</strong></span> 
     </span>
    </p>
   </div>
   <div class='ocr_carea' id='block_1_100' title="bbox 2282 3574 3893 3668">
    <p class='ocr_par' dir='ltr' id='par_1_100' title="bbox 2282 3574 3893 3668">
     <span class='ocr_line' id='line_1_100' title="bbox 2282 3574 3893 3668; baseline -0.014 -19"><span class='ocrx_word' id='word_1_749' title='bbox 2282 3595 2368 3649; x_wconf 92' lang='lat' dir='ltr'><strong>cie</strong></span> <span class='ocrx_word' id='word_1_750' title='bbox 2410 3593 2486 3648; x_wconf 88' lang='lat' dir='ltr'><strong>ad</strong></span> <span class='ocrx_word' id='word_1_751' title='bbox 2512 3592 2745 3654; x_wconf 82' lang='lat' dir='ltr'><strong>faciem,</strong></span> <span class='ocrx_word' id='word_1_752' title='bbox 2798 3589 2958 3645; x_wconf 91' lang='lat' dir='ltr'><strong>unde</strong></span> <span class='ocrx_word' id='word_1_753' title='bbox 2996 3586 3268 3642; x_wconf 72' lang='lat' dir='ltr'><strong>videmus</strong></span> <span class='ocrx_word' id='word_1_754' title='bbox 3296 3599 3459 3638; x_wconf 90' lang='lat' dir='ltr'><strong>nunc</strong></span> <span class='ocrx_word' id='word_1_755' title='bbox 3499 3597 3602 3653; x_wconf 86' lang='lat' dir='ltr'><strong>per</strong></span> <span class='ocrx_word' id='word_1_756' title='bbox 3629 3574 3893 3668; x_wconf 79' lang='lat' dir='ltr'><strong>speculum</strong></span> 
     </span>
    </p>
   </div>
   <div class='ocr_carea' id='block_1_101' title="bbox 2280 3664 3892 3751">
    <p class='ocr_par' dir='ltr' id='par_1_101' title="bbox 2280 3664 3892 3751">
     <span class='ocr_line' id='line_1_101' title="bbox 2280 3664 3892 3751; baseline -0.014 -13"><span class='ocrx_word' id='word_1_757' title='bbox 2280 3683 2341 3738; x_wconf 93' lang='lat' dir='ltr'><strong>in</strong></span> <span class='ocrx_word' id='word_1_758' title='bbox 2404 3682 2748 3751; x_wconf 66' lang='lat' dir='ltr'><strong>aenigmate.</strong></span> <span class='ocrx_word' id='word_1_759' title='bbox 2817 3680 2936 3733; x_wconf 85' lang='lat' dir='ltr'><strong>Hoc</strong></span> <span class='ocrx_word' id='word_1_760' title='bbox 2984 3682 3186 3732; x_wconf 91' lang='lat' dir='ltr'><strong>autem</strong></span> <span class='ocrx_word' id='word_1_761' title='bbox 3255 3678 3582 3745; x_wconf 90' lang='lat' dir='ltr'><strong>utrumque</strong></span> <span class='ocrx_word' id='word_1_762' title='bbox 3644 3664 3892 3723; x_wconf 85' lang='lat' dir='ltr'><strong>interioris</strong></span> 
     </span>
    </p>
   </div>
   <div class='ocr_carea' id='block_1_102' title="bbox 2282 3753 3894 3834">
    <p class='ocr_par' dir='ltr' id='par_1_102' title="bbox 2282 3753 3894 3834">
     <span class='ocr_line' id='line_1_102' title="bbox 2282 3753 3894 3834; baseline -0.014 -8"><span class='ocrx_word' id='word_1_763' title='bbox 2282 3772 2541 3829; x_wconf 88' lang='lat' dir='ltr'><strong>hominis</strong></span> <span class='ocrx_word' id='word_1_764' title='bbox 2565 3785 2783 3827; x_wconf 88' lang='lat' dir='ltr'><strong>munus</strong></span> <span class='ocrx_word' id='word_1_765' title='bbox 2806 3774 2912 3834; x_wconf 90' lang='lat' dir='ltr'><strong>est,</strong></span> <span class='ocrx_word' id='word_1_766' title='bbox 2942 3766 3065 3821; x_wconf 88' lang='lat' dir='ltr'><strong>sive</strong></span> <span class='ocrx_word' id='word_1_767' title='bbox 3080 3764 3293 3821; x_wconf 90' lang='lat' dir='ltr'><strong>cumin</strong></span> <span class='ocrx_word' id='word_1_768' title='bbox 3324 3763 3440 3817; x_wconf 88' lang='lat' dir='ltr'><strong>ista</strong></span> <span class='ocrx_word' id='word_1_769' title='bbox 3460 3753 3894 3833; x_wconf 83' lang='lat' dir='ltr'><strong>peregrinatione</strong></span> 
     </span>
    </p>
   </div>
   <div class='ocr_carea' id='block_1_103' title="bbox 2268 3842 3893 3932">
    <p class='ocr_par' dir='ltr' id='par_1_103' title="bbox 2268 3842 3893 3932">
     <span class='ocr_line' id='line_1_103' title="bbox 2268 3842 3893 3932; baseline -0.015 -14"><span class='ocrx_word' id='word_1_770' title='bbox 2268 3861 2477 3930; x_wconf 88' lang='lat' dir='ltr'><strong>_adhuc</strong></span> <span class='ocrx_word' id='word_1_771' title='bbox 2494 3876 2598 3932; x_wconf 92' lang='lat' dir='ltr'><strong>per</strong></span> <span class='ocrx_word' id='word_1_772' title='bbox 2610 3859 2791 3915; x_wconf 80' lang='lat' dir='ltr'><strong>fidem</strong></span> <span class='ocrx_word' id='word_1_773' title='bbox 2811 3856 3171 3923; x_wconf 89' lang='lat' dir='ltr'><strong>ambulatur,</strong></span> <span class='ocrx_word' id='word_1_774' title='bbox 3201 3853 3258 3907; x_wconf 92' lang='lat' dir='ltr'><strong>in</strong></span> <span class='ocrx_word' id='word_1_775' title='bbox 3274 3868 3396 3924; x_wconf 91' lang='lat' dir='ltr'><strong>qua</strong></span> <span class='ocrx_word' id='word_1_776' title='bbox 3412 3852 3596 3906; x_wconf 93' lang='lat' dir='ltr'><strong>utitur</strong></span> <span class='ocrx_word' id='word_1_777' title='bbox 3619 3844 3835 3918; x_wconf 91' lang='lat' dir='ltr'><strong>speculo</strong></span> <span class='ocrx_word' id='word_1_778' title='bbox 3852 3842 3893 3892; x_wconf 83' lang='lat' dir='ltr'><strong>et</strong></span> 
     </span>
    </p>
   </div>
   <div class='ocr_carea' id='block_1_104' title="bbox 2278 3938 3895 4019">
    <p class='ocr_par' dir='ltr' id='par_1_104' title="bbox 2278 3938 3895 4019">
     <span class='ocr_line' id='line_1_104' title="bbox 2278 3938 3895 4019; baseline -0.019 -9"><span class='ocrx_word' id='word_1_779' title='bbox 2278 3947 2816 4019; x_wconf 65' lang='lat' dir='ltr'><strong>wnigmate,sivein</strong></span> <span class='ocrx_word' id='word_1_780' title='bbox 2830 3945 2925 4001; x_wconf 89' lang='lat' dir='ltr'><strong>illa</strong></span> <span class='ocrx_word' id='word_1_781' title='bbox 2941 3943 3126 4016; x_wconf 89' lang='lat' dir='ltr'><strong>patria</strong></span> <span class='ocrx_word' id='word_1_782' title='bbox 3143 3958 3278 3996; x_wconf 91' lang='lat' dir='ltr'><strong>cum</strong></span> <span class='ocrx_word' id='word_1_783' title='bbox 3296 3956 3400 4012; x_wconf 90' lang='lat' dir='ltr'><strong>per</strong></span> <span class='ocrx_word' id='word_1_784' title='bbox 3413 3938 3670 4011; x_wconf 90' lang='lat' dir='ltr'><strong>speciem</strong></span> <span class='ocrx_word' id='word_1_785' title='bbox 3685 3938 3895 3989; x_wconf 88' lang='lat' dir='ltr'><strong>contem-</strong></span> 
     </span>
    </p>
   </div>
   <div class='ocr_carea' id='block_1_105' title="bbox 2279 4020 3890 4118">
    <p class='ocr_par' dir='ltr' id='par_1_105' title="bbox 2279 4020 3890 4118">
     <span class='ocr_line' id='line_1_105' title="bbox 2279 4020 3890 4118; baseline -0.015 -23"><span class='ocrx_word' id='word_1_786' title='bbox 2279 4039 2558 4112; x_wconf 88' lang='lat' dir='ltr'><strong>plabitur:</strong></span> <span class='ocrx_word' id='word_1_787' title='bbox 2578 4054 2683 4109; x_wconf 91' lang='lat' dir='ltr'><strong>pro</strong></span> <span class='ocrx_word' id='word_1_788' title='bbox 2696 4051 2817 4109; x_wconf 93' lang='lat' dir='ltr'><strong>qua</strong></span> <span class='ocrx_word' id='word_1_789' title='bbox 2834 4034 3056 4089; x_wconf 89' lang='lat' dir='ltr'><strong>visione</strong></span> <span class='ocrx_word' id='word_1_790' title='bbox 3071 4032 3327 4103; x_wconf 88' lang='lat' dir='ltr'><strong>positum</strong></span> <span class='ocrx_word' id='word_1_791' title='bbox 3340 4020 3890 4118; x_wconf 64' lang='lat' dir='ltr'><strong>estfaciead/‘aciem.</strong></span> 
     </span>
    </p>
   </div>
   <div class='ocr_carea' id='block_1_106' title="bbox 2352 4109 3888 4203">
    <p class='ocr_par' dir='ltr' id='par_1_106' title="bbox 2352 4109 3888 4203">
     <span class='ocr_line' id='line_1_106' title="bbox 2352 4109 3888 4203; baseline -0.016 -19"><span class='ocrx_word' id='word_1_792' title='bbox 2352 4133 2401 4184; x_wconf 86' lang='lat'><strong>5.</strong></span> <span class='ocrx_word' id='word_1_793' title='bbox 2430 4126 2643 4182; x_wconf 84' lang='lat' dir='ltr'><strong>Audiat</strong></span> <span class='ocrx_word' id='word_1_794' title='bbox 2668 4140 2808 4180; x_wconf 92' lang='lat' dir='ltr'><strong>caro</strong></span> <span class='ocrx_word' id='word_1_795' title='bbox 2846 4120 3186 4178; x_wconf 89' lang='lat' dir='ltr'><strong>carnalibus</strong></span> <span class='ocrx_word' id='word_1_796' title='bbox 3221 4119 3385 4174; x_wconf 87' lang='lat' dir='ltr'><strong>ebria</strong></span> <span class='ocrx_word' id='word_1_797' title='bbox 3429 4109 3888 4203; x_wconf 69' lang='lat' dir='ltr'><strong>cogitationibus:</strong></span> 
     </span>
    </p>
   </div>
   <div class='ocr_carea' id='block_1_107' title="bbox 2277 4203 3893 4286">
    <p class='ocr_par' dir='ltr' id='par_1_107' title="bbox 2277 4203 3893 4286">
     <span class='ocr_line' id='line_1_107' title="bbox 2277 4203 3893 4286; baseline -0.009 -13"><span class='ocrx_word' id='word_1_798' title='bbox 2277 4216 2537 4286; x_wconf 83' lang='lat' dir='ltr'><strong>Spiritus</strong></span> <span class='ocrx_word' id='word_1_799' title='bbox 2562 4220 2645 4272; x_wconf 87' lang='lat' dir='ltr'><strong>est</strong></span> <span class='ocrx_word' id='word_1_800' title='bbox 2696 4214 2869 4274; x_wconf 89' lang='lat' dir='ltr'><strong>Deus.</strong></span> <span class='ocrx_word' id='word_1_801' title='bbox 2927 4217 2979 4267; x_wconf 90' lang='lat' dir='ltr'><strong>et</strong></span> <span class='ocrx_word' id='word_1_802' title='bbox 3010 4210 3140 4265; x_wconf 87' lang='lat' dir='ltr'><strong>ideo</strong></span> <span class='ocrx_word' id='word_1_803' title='bbox 3172 4208 3274 4280; x_wconf 87' lang='lat' dir='ltr'><strong>qui</strong></span> <span class='ocrx_word' id='word_1_804' title='bbox 3321 4206 3582 4262; x_wconf 90' lang='lat' dir='ltr'><strong>adorant</strong></span> <span class='ocrx_word' id='word_1_805' title='bbox 3626 4203 3813 4260; x_wconf 86' lang='lat' dir='ltr'><strong>Deum.</strong></span> <span class='ocrx_word' id='word_1_806' title='bbox 3841 4206 3893 4286; x_wconf 55' lang='lat' dir='ltr'><strong>tn</strong></span> 
     </span>
    </p>
   </div>
   <div class='ocr_carea' id='block_1_108' title="bbox 2277 4284 3891 4374">
    <p class='ocr_par' dir='ltr' id='par_1_108' title="bbox 2277 4284 3891 4374">
     <span class='ocr_line' id='line_1_108' title="bbox 2277 4284 3891 4374; baseline -0.015 -12"><span class='ocrx_word' id='word_1_807' title='bbox 2277 4284 2495 4374; x_wconf 80' lang='lat' dir='ltr'><strong>spiritu</strong></span> <span class='ocrx_word' id='word_1_808' title='bbox 2521 4312 2573 4363; x_wconf 87' lang='lat' dir='ltr'><strong>et</strong></span> <span class='ocrx_word' id='word_1_809' title='bbox 2609 4303 2855 4359; x_wconf 85' lang='lat' dir='ltr'><strong>veritate</strong></span> <span class='ocrx_word' id='word_1_810' title='bbox 2884 4305 3109 4370; x_wconf 89' lang='lat' dir='ltr'><strong>oportet</strong></span> <span class='ocrx_word' id='word_1_811' title='bbox 3165 4297 3425 4353; x_wconf 88' lang='lat' dir='ltr'><strong>adorare</strong></span> <span class='ocrx_word' id='word_1_812' title='bbox 3474 4293 3672 4365; x_wconf 83' lang='lat' dir='ltr'><strong>(Joan.</strong></span> <span class='ocrx_word' id='word_1_813' title='bbox 3710 4284 3891 4353; x_wconf 69' lang='lat' dir='ltr'><strong>iv,2l).</strong></span> 
     </span>
    </p>
   </div>
   <div class='ocr_carea' id='block_1_109' title="bbox 2280 4380 3891 4468">
    <p class='ocr_par' dir='ltr' id='par_1_109' title="bbox 2280 4380 3891 4468">
     <span class='ocr_line' id='line_1_109' title="bbox 2280 4380 3891 4468; baseline -0.016 -16"><span class='ocrx_word' id='word_1_814' title='bbox 2280 4395 2338 4452; x_wconf 91' lang='lat' dir='ltr'><strong>Si</strong></span> <span class='ocrx_word' id='word_1_815' title='bbox 2370 4395 2638 4457; x_wconf 90' lang='lat' dir='ltr'><strong>adorare,</strong></span> <span class='ocrx_word' id='word_1_816' title='bbox 2671 4398 2898 4464; x_wconf 87' lang='lat' dir='ltr'><strong>quanto</strong></span> <span class='ocrx_word' id='word_1_817' title='bbox 2932 4387 3125 4457; x_wconf 92' lang='lat' dir='ltr'><strong>magis</strong></span> <span class='ocrx_word' id='word_1_818' title='bbox 3162 4386 3360 4441; x_wconf 91' lang='lat' dir='ltr'><strong>videre</strong></span> <span class='ocrx_word' id='word_1_819' title='bbox 3391 4384 3419 4438; x_wconf 84' lang='lat'><strong>?</strong></span> <span class='ocrx_word' id='word_1_820' title='bbox 3441 4382 3584 4450; x_wconf 87' lang='lat' dir='ltr'><strong>Quis</strong></span> <span class='ocrx_word' id='word_1_821' title='bbox 3619 4380 3767 4434; x_wconf 87' lang='lat' dir='ltr'><strong>enim</strong></span> <span class='ocrx_word' id='word_1_822' title='bbox 3791 4388 3891 4468; x_wconf 74' lang='lat' dir='ltr'><strong>au-</strong></span> 
     </span>
    </p>
   </div>
   <div class='ocr_carea' id='block_1_110' title="bbox 2279 4463 3892 4544">
    <p class='ocr_par' dir='ltr' id='par_1_110' title="bbox 2279 4463 3892 4544">
     <span class='ocr_line' id='line_1_110' title="bbox 2279 4463 3892 4544; baseline -0.015 -7"><span class='ocrx_word' id='word_1_823' title='bbox 2279 4485 2413 4539; x_wconf 88' lang='lat' dir='ltr'><strong>deat</strong></span> <span class='ocrx_word' id='word_1_824' title='bbox 2442 4463 2741 4539; x_wconf 85' lang='lat' dir='ltr'><strong>afﬁrmare</strong></span> <span class='ocrx_word' id='word_1_825' title='bbox 2772 4480 2869 4534; x_wconf 89' lang='lat' dir='ltr'><strong>Dei</strong></span> <span class='ocrx_word' id='word_1_826' title='bbox 2901 4477 3297 4534; x_wconf 90' lang='lat' dir='ltr'><strong>substantiam</strong></span> <span class='ocrx_word' id='word_1_827' title='bbox 3313 4471 3697 4544; x_wconf 86' lang='lat' dir='ltr'><strong>corporaliter</strong></span> <span class='ocrx_word' id='word_1_828' title='bbox 3724 4463 3892 4523; x_wconf 86' lang='lat' dir='ltr'><strong>videri,</strong></span> 
     </span>
    </p>
   </div>
   <div class='ocr_carea' id='block_1_111' title="bbox 2279 4557 3894 4637">
    <p class='ocr_par' dir='ltr' id='par_1_111' title="bbox 2279 4557 3894 4637">
     <span class='ocr_line' id='line_1_111' title="bbox 2279 4557 3894 4637; baseline -0.014 -9"><span class='ocrx_word' id='word_1_829' title='bbox 2279 4589 2415 4627; x_wconf 90' lang='lat' dir='ltr'><strong>cum</strong></span> <span class='ocrx_word' id='word_1_830' title='bbox 2446 4588 2579 4627; x_wconf 91' lang='lat' dir='ltr'><strong>eam</strong></span> <span class='ocrx_word' id='word_1_831' title='bbox 2604 4569 2855 4626; x_wconf 87' lang='lat' dir='ltr'><strong>noluerit</strong></span> <span class='ocrx_word' id='word_1_832' title='bbox 2883 4564 3265 4637; x_wconf 88' lang='lat' dir='ltr'><strong>corporaliter</strong></span> <span class='ocrx_word' id='word_1_833' title='bbox 3294 4560 3535 4617; x_wconf 90' lang='lat' dir='ltr'><strong>adorari</strong></span> <span class='ocrx_word' id='word_1_834' title='bbox 3567 4557 3595 4613; x_wconf 83' lang='lat'><strong>?</strong></span> <span class='ocrx_word' id='word_1_835' title='bbox 3622 4557 3727 4617; x_wconf 91' lang='lat' dir='ltr'><strong>Sed</strong></span> <span class='ocrx_word' id='word_1_836' title='bbox 3755 4566 3894 4621; x_wconf 82' lang='lat' dir='ltr'><strong>argu-</strong></span> 
     </span>
    </p>
   </div>
   <div class='ocr_carea' id='block_1_112' title="bbox 2281 4646 3894 4735">
    <p class='ocr_par' dir='ltr' id='par_1_112' title="bbox 2281 4646 3894 4735">
     <span class='ocr_line' id='line_1_112' title="bbox 2281 4646 3894 4735; baseline -0.011 -18"><span class='ocrx_word' id='word_1_837' title='bbox 2281 4672 2333 4717; x_wconf 92' lang='lat' dir='ltr'><strong>te</strong></span> <span class='ocrx_word' id='word_1_838' title='bbox 2357 4661 2473 4716; x_wconf 90' lang='lat' dir='ltr'><strong>sibi</strong></span> <span class='ocrx_word' id='word_1_839' title='bbox 2504 4661 2773 4715; x_wconf 85' lang='lat' dir='ltr'><strong>videntur</strong></span> <span class='ocrx_word' id='word_1_840' title='bbox 2800 4659 3015 4721; x_wconf 87' lang='lat' dir='ltr'><strong>dicere,</strong></span> <span class='ocrx_word' id='word_1_841' title='bbox 3049 4671 3080 4710; x_wconf 91' lang='lat' dir='ltr'><strong>e</strong></span> <span class='ocrx_word' id='word_1_842' title='bbox 3141 4652 3317 4725; x_wconf 90' lang='lat' dir='ltr'><strong>quasi</strong></span> <span class='ocrx_word' id='word_1_843' title='bbox 3346 4646 3763 4719; x_wconf 83' lang='lat' dir='ltr'><strong>interrogando</strong></span> <span class='ocrx_word' id='word_1_844' title='bbox 3795 4653 3894 4735; x_wconf 47' lang='lat' dir='ltr'><strong>prf-</strong></span> 
     </span>
    </p>
   </div>
   <div class='ocr_carea' id='block_1_113' title="bbox 2281 4729 3895 4813">
    <p class='ocr_par' dir='ltr' id='par_1_113' title="bbox 2281 4729 3895 4813">
     <span class='ocr_line' id='line_1_113' title="bbox 2281 4729 3895 4813; baseline -0.011 -7"><span class='ocrx_word' id='word_1_845' title='bbox 2281 4767 2438 4806; x_wconf 89' lang='lat' dir='ltr'><strong>mere</strong></span> <span class='ocrx_word' id='word_1_846' title='bbox 2469 4767 2481 4805; x_wconf 92' lang='lat'><strong>:</strong></span> <span class='ocrx_word' id='word_1_847' title='bbox 2510 4751 2695 4805; x_wconf 83' lang='lat' dir='ltr'><strong>Potuit</strong></span> <span class='ocrx_word' id='word_1_848' title='bbox 2727 4747 2985 4803; x_wconf 86' lang='lat' dir='ltr'><strong>Christus</strong></span> <span class='ocrx_word' id='word_1_849' title='bbox 3016 4743 3178 4799; x_wconf 91' lang='lat' dir='ltr'><strong>carni</strong></span> <span class='ocrx_word' id='word_1_850' title='bbox 3207 4759 3328 4797; x_wconf 81' lang='lat' dir='ltr'><strong>suae</strong></span> <span class='ocrx_word' id='word_1_851' title='bbox 3349 4748 3628 4813; x_wconf 62' lang='lat' dir='ltr'><strong>praestare</strong></span> <span class='ocrx_word' id='word_1_852' title='bbox 3656 4742 3713 4791; x_wconf 90' lang='lat' dir='ltr'><strong>ut</strong></span> <span class='ocrx_word' id='word_1_853' title='bbox 3740 4729 3895 4788; x_wconf 72' lang='lat' dir='ltr'><strong>oculis</strong></span> 
     </span>
    </p>
   </div>
   <div class='ocr_carea' id='block_1_114' title="bbox 2276 4824 3892 4911">
    <p class='ocr_par' dir='ltr' id='par_1_114' title="bbox 2276 4824 3892 4911">
     <span class='ocr_line' id='line_1_114' title="bbox 2276 4824 3892 4911; baseline -0.014 -15"><span class='ocrx_word' id='word_1_854' title='bbox 2276 4839 2572 4911; x_wconf 88' lang='lat' dir='ltr'><strong>corporeis</strong></span> <span class='ocrx_word' id='word_1_855' title='bbox 2605 4837 2826 4893; x_wconf 82' lang='lat' dir='ltr'><strong>videret</strong></span> <span class='ocrx_word' id='word_1_856' title='bbox 2862 4835 3107 4897; x_wconf 87' lang='lat' dir='ltr'><strong>Patrem,</strong></span> <span class='ocrx_word' id='word_1_857' title='bbox 3134 4850 3207 4888; x_wconf 87' lang='lat' dir='ltr'><strong>an</strong></span> <span class='ocrx_word' id='word_1_858' title='bbox 3241 4846 3355 4886; x_wconf 90' lang='lat' dir='ltr'><strong>non</strong></span> <span class='ocrx_word' id='word_1_859' title='bbox 3388 4829 3573 4901; x_wconf 88' lang='lat' dir='ltr'><strong>potuit</strong></span> <span class='ocrx_word' id='word_1_860' title='bbox 3602 4827 3629 4883; x_wconf 85' lang='lat'><strong>?</strong></span> <span class='ocrx_word' id='word_1_861' title='bbox 3658 4834 3710 4879; x_wconf 90' lang='lat' dir='ltr'><strong>ut</strong></span> <span class='ocrx_word' id='word_1_862' title='bbox 3740 4824 3892 4911; x_wconf 71' lang='lat' dir='ltr'><strong>sinon</strong></span> 
     </span>
    </p>
   </div>
   <div class='ocr_carea' id='block_1_115' title="bbox 2279 4909 3895 5001">
    <p class='ocr_par' dir='ltr' id='par_1_115' title="bbox 2279 4909 3895 5001">
     <span class='ocr_line' id='line_1_115' title="bbox 2279 4909 3895 5001; baseline -0.014 -17"><span class='ocrx_word' id='word_1_863' title='bbox 2279 4909 2541 5000; x_wconf 79' lang='lat' dir='ltr'><strong>potuisse</strong></span> <span class='ocrx_word' id='word_1_864' title='bbox 2572 4917 3549 4997; x_wconf 74' lang='lat' dir='ltr'><strong>responderimus,omnipotentiae</strong></span> <span class='ocrx_word' id='word_1_865' title='bbox 3583 4916 3677 4971; x_wconf 88' lang='lat' dir='ltr'><strong>Dei</strong></span> <span class='ocrx_word' id='word_1_866' title='bbox 3710 4909 3895 5001; x_wconf 51' lang='lat' dir='ltr'><strong>nosdeo</strong></span> 
     </span>
    </p>
   </div>
   <div class='ocr_carea' id='block_1_116' title="bbox 2275 5010 3894 5097">
    <p class='ocr_par' dir='ltr' id='par_1_116' title="bbox 2275 5010 3894 5097">
     <span class='ocr_line' id='line_1_116' title="bbox 2275 5010 3894 5097; baseline -0.014 -22"><span class='ocrx_word' id='word_1_867' title='bbox 2275 5034 2520 5087; x_wconf 90' lang='lat' dir='ltr'><strong>rogasse</strong></span> <span class='ocrx_word' id='word_1_868' title='bbox 2536 5015 2907 5089; x_wconf 90' lang='lat' dir='ltr'><strong>proclament</strong></span> <span class='ocrx_word' id='word_1_869' title='bbox 2933 5028 2947 5079; x_wconf 91' lang='lat'><strong>;</strong></span> <span class='ocrx_word' id='word_1_870' title='bbox 2977 5014 3022 5066; x_wconf 90' lang='lat' dir='ltr'><strong>si</strong></span> <span class='ocrx_word' id='word_1_871' title='bbox 3054 5018 3254 5067; x_wconf 90' lang='lat' dir='ltr'><strong>autem</strong></span> <span class='ocrx_word' id='word_1_872' title='bbox 3279 5010 3547 5080; x_wconf 74' lang='lat' dir='ltr'><strong>potuisse</strong></span> <span class='ocrx_word' id='word_1_873' title='bbox 3572 5010 3894 5097; x_wconf 71' lang='lat' dir='ltr'><strong>concesseri-</strong></span> 
     </span>
    </p>
   </div>
   <div class='ocr_carea' id='block_1_117' title="bbox 2274 5098 3893 5184">
    <p class='ocr_par' dir='ltr' id='par_1_117' title="bbox 2274 5098 3893 5184">
     <span class='ocr_line' id='line_1_117' title="bbox 2274 5098 3893 5184; baseline -0.016 -20"><span class='ocrx_word' id='word_1_874' title='bbox 2274 5125 2429 5173; x_wconf 91' lang='lat' dir='ltr'><strong>mus,</strong></span> <span class='ocrx_word' id='word_1_875' title='bbox 2464 5104 3034 5175; x_wconf 88' lang='lat' dir='ltr'><strong>argumentationem</strong></span> <span class='ocrx_word' id='word_1_876' title='bbox 3048 5116 3219 5155; x_wconf 91' lang='lat' dir='ltr'><strong>suam</strong></span> <span class='ocrx_word' id='word_1_877' title='bbox 3233 5115 3304 5154; x_wconf 81' lang='lat' dir='ltr'><strong>ex</strong></span> <span class='ocrx_word' id='word_1_878' title='bbox 3325 5105 3527 5152; x_wconf 86' lang='lat' dir='ltr'><strong>nostra</strong></span> <span class='ocrx_word' id='word_1_879' title='bbox 3542 5098 3893 5184; x_wconf 75' lang='lat' dir='ltr'><strong>responsione</strong></span> 
     </span>
    </p>
   </div>
   <div class='ocr_carea' id='block_1_118' title="bbox 2272 5184 3893 5270">
    <p class='ocr_par' dir='ltr' id='par_1_118' title="bbox 2272 5184 3893 5270">
     <span class='ocr_line' id='line_1_118' title="bbox 2272 5184 3893 5270; baseline -0.015 -17"><span class='ocrx_word' id='word_1_880' title='bbox 2272 5196 2645 5253; x_wconf 88' lang='lat' dir='ltr'><strong>concludant.</strong></span> <span class='ocrx_word' id='word_1_881' title='bbox 2686 5194 2918 5259; x_wconf 87' lang='lat' dir='ltr'><strong>Quanto</strong></span> <span class='ocrx_word' id='word_1_882' title='bbox 2944 5191 3072 5262; x_wconf 86' lang='lat' dir='ltr'><strong>jam</strong></span> <span class='ocrx_word' id='word_1_883' title='bbox 3104 5186 3466 5244; x_wconf 86' lang='lat' dir='ltr'><strong>tolerabilius</strong></span> <span class='ocrx_word' id='word_1_884' title='bbox 3485 5184 3893 5270; x_wconf 51' lang='lat' dir='ltr'><strong>desitiillnqutll</strong></span> 
     </span>
    </p>
   </div>
   <div class='ocr_carea' id='block_1_119' title="bbox 2273 5266 3890 5342">
    <p class='ocr_par' dir='ltr' id='par_1_119' title="bbox 2273 5266 3890 5342">
     <span class='ocr_line' id='line_1_119' title="bbox 2273 5266 3890 5342; baseline -0.012 -1"><span class='ocrx_word' id='word_1_885' title='bbox 2273 5301 2516 5342; x_wconf 86' lang='lat' dir='ltr'><strong>carnem</strong></span> <span class='ocrx_word' id='word_1_886' title='bbox 2551 5288 2824 5339; x_wconf 85' lang='lat' dir='ltr'><strong>asserunt</strong></span> <span class='ocrx_word' id='word_1_887' title='bbox 2856 5295 3207 5336; x_wconf 89' lang='lat' dir='ltr'><strong>conversum</strong></span> <span class='ocrx_word' id='word_1_888' title='bbox 3226 5277 3292 5331; x_wconf 89' lang='lat' dir='ltr'><strong>iri</strong></span> <span class='ocrx_word' id='word_1_889' title='bbox 3312 5276 3368 5330; x_wconf 88' lang='lat' dir='ltr'><strong>in</strong></span> <span class='ocrx_word' id='word_1_890' title='bbox 3386 5273 3773 5330; x_wconf 88' lang='lat' dir='ltr'><strong>substantiam</strong></span> <span class='ocrx_word' id='word_1_891' title='bbox 3787 5266 3890 5321; x_wconf 78' lang='lat' dir='ltr'><strong>Dei.</strong></span> 
     </span>
    </p>
   </div>
   <div class='ocr_carea' id='block_1_120' title="bbox 2273 5350 3893 5445">
    <p class='ocr_par' dir='ltr' id='par_1_120' title="bbox 2273 5350 3893 5445">
     <span class='ocr_line' id='line_1_120' title="bbox 2273 5350 3893 5445; baseline -0.016 -13"><span class='ocrx_word' id='word_1_892' title='bbox 2273 5384 2328 5432; x_wconf 90' lang='lat' dir='ltr'><strong>et</strong></span> <span class='ocrx_word' id='word_1_893' title='bbox 2356 5374 2470 5431; x_wconf 93' lang='lat' dir='ltr'><strong>hoc</strong></span> <span class='ocrx_word' id='word_1_894' title='bbox 2499 5372 2757 5428; x_wconf 88' lang='lat' dir='ltr'><strong>futuram</strong></span> <span class='ocrx_word' id='word_1_895' title='bbox 2790 5386 2922 5424; x_wconf 89' lang='lat' dir='ltr'><strong>esse</strong></span> <span class='ocrx_word' id='word_1_896' title='bbox 2952 5371 3112 5439; x_wconf 86' lang='lat' dir='ltr'><strong>quod</strong></span> <span class='ocrx_word' id='word_1_897' title='bbox 3140 5367 3411 5430; x_wconf 88' lang='lat' dir='ltr'><strong>Deusest,</strong></span> <span class='ocrx_word' id='word_1_898' title='bbox 3438 5370 3498 5419; x_wconf 92' lang='lat' dir='ltr'><strong>ut</strong></span> <span class='ocrx_word' id='word_1_899' title='bbox 3526 5363 3608 5416; x_wconf 89' lang='lat' dir='ltr'><strong>sic</strong></span> <span class='ocrx_word' id='word_1_900' title='bbox 3638 5374 3762 5415; x_wconf 87' lang='lat' dir='ltr'><strong>eam</strong></span> <span class='ocrx_word' id='word_1_901' title='bbox 3797 5350 3893 5445; x_wconf 75' lang='lat' dir='ltr'><strong>sal-</strong></span> 
     </span>
    </p>
   </div>
   <div class='ocr_carea' id='block_1_121' title="bbox 2273 5440 3889 5544">
    <p class='ocr_par' dir='ltr' id='par_1_121' title="bbox 2273 5440 3889 5544">
     <span class='ocr_line' id='line_1_121' title="bbox 2273 5440 3889 5544; baseline -0.014 -23"><span class='ocrx_word' id='word_1_902' title='bbox 2273 5472 2388 5521; x_wconf 88' lang='lat' dir='ltr'><strong>tem</strong></span> <span class='ocrx_word' id='word_1_903' title='bbox 2420 5461 2675 5519; x_wconf 90' lang='lat' dir='ltr'><strong>videndo</strong></span> <span class='ocrx_word' id='word_1_904' title='bbox 2703 5462 2821 5515; x_wconf 91' lang='lat' dir='ltr'><strong>Deo</strong></span> <span class='ocrx_word' id='word_1_905' title='bbox 2861 5458 3083 5514; x_wconf 88' lang='lat' dir='ltr'><strong>faciant</strong></span> <span class='ocrx_word' id='word_1_906' title='bbox 3110 5456 3404 5544; x_wconf 84' lang='lat' dir='ltr'><strong>idoneam,</strong></span> <span class='ocrx_word' id='word_1_907' title='bbox 3453 5466 3613 5508; x_wconf 92' lang='lat' dir='ltr'><strong>nunc</strong></span> <span class='ocrx_word' id='word_1_908' title='bbox 3645 5440 3889 5544; x_wconf 75' lang='lat' dir='ltr'><strong>tanta</strong></span> 
     </span>
    </p>
   </div>
   <div class='ocr_carea' id='block_1_122' title="bbox 2281 5537 3891 5623">
    <p class='ocr_par' dir='ltr' id='par_1_122' title="bbox 2281 5537 3891 5623">
     <span class='ocr_line' id='line_1_122' title="bbox 2281 5537 3891 5623; baseline -0.016 -8"><span class='ocrx_word' id='word_1_909' title='bbox 2281 5553 2551 5623; x_wconf 86' lang='lat' dir='ltr'><strong>versitate</strong></span> <span class='ocrx_word' id='word_1_910' title='bbox 2582 5548 2955 5609; x_wconf 83' lang='lat' dir='ltr'><strong>dissimilem.</strong></span> <span class='ocrx_word' id='word_1_911' title='bbox 2979 5545 3173 5621; x_wconf 86' lang='lat' dir='ltr'><strong>Quam</strong></span> <span class='ocrx_word' id='word_1_912' title='bbox 3200 5543 3525 5603; x_wconf 80' lang='lat' dir='ltr'><strong>vanitatem</strong></span> <span class='ocrx_word' id='word_1_913' title='bbox 3544 5584 3548 5588; x_wconf 76' lang='lat'><strong>.</strong></span> <span class='ocrx_word' id='word_1_914' title='bbox 3565 5537 3739 5597; x_wconf 90' lang='lat' dir='ltr'><strong>credo</strong></span> <span class='ocrx_word' id='word_1_915' title='bbox 3766 5537 3891 5592; x_wconf 76' lang='lat' dir='ltr'><strong>istos</strong></span> 
     </span>
    </p>
   </div>
  </div>
