4040 6174
191 166 280 226 39f

180 294 393 362 abigere
421 304 456 348 a
479 290 591 347 ﬁde
628 305 758 357 sua,
802 289 1061 347 fortasse
1100 292 1157 345 et
1179 288 1258 346 ab
1305 289 1575 347 auribus.
1609 291 1675 345 Et
1706 292 1789 345 ta-

179 397 296 438 men
328 382 374 437 si
402 380 853 452 interrogatione
884 382 960 437 de
984 381 1098 437 hoc
1127 380 1396 436 similiter
1443 386 1784 451 urgeantur,

176 473 411 543 possitne
442 473 586 526 Deus
605 470 739 536 hoc,
789 486 863 526 an
891 486 1012 526 non
1051 470 1287 525 efficere
1318 469 1507 542 possit
1537 486 1551 535 ;
1587 476 1784 524 utrum

172 564 282 631 ejus
312 561 579 631 potestati
608 559 995 626 detrahent,si
1022 575 1141 615 non
1162 575 1334 630 posse
1346 558 1783 629 responderint,

170 665 232 704 an
262 649 367 704 hoc
397 648 1033 713 futurumfatebuntur,
1062 652 1110 703 si
1135 648 1730 719 posseconcesserint
1758 645 1786 700 ‘I

167 737 460 804 Quomodo
498 753 635 808 ergo
673 737 895 793 exirent
932 738 1008 792 de
1038 738 1152 794 hoc
1207 737 1423 808 laqueo
1451 736 1664 799 alieno,
1699 735 1786 790 sic

166 833 354 882 exeant
374 828 451 882 de
493 842 625 884 suo.
668 826 887 883 Deinde
916 842 1022 882 cur
1065 826 1208 883 solis
1250 825 1444 884 oculis
1477 827 1780 896 corporeis

163 916 342 972 Christi
360 916 474 972 hoc
485 916 711 972 donum
734 915 1086 972 attributum
1098 930 1228 972 esse
1241 914 1630 979 contendunt,
1660 929 1780 970 non

158 1008 312 1061 etiam
336 1006 563 1060 caeteris
586 1005 861 1061 sensibus
882 1005 910 1059 ?
955 1008 1149 1062 Sonus
1194 1021 1337 1076 ergo
1365 1006 1474 1060 erit
1506 1007 1682 1066 Deus,
1718 1006 1783 1057 ut

160 1094 319 1166 possit
346 1093 527 1150 etiam
544 1095 791 1150 auribus
826 1094 1088 1166 percipi?
1105 1102 1159 1151 et
1180 1095 1400 1150 halitus
1421 1093 1615 1158 erit,ut
1644 1106 1781 1147 sen-

157 1182 230 1239 tiri
251 1183 430 1254 possit
462 1183 683 1240 olfactu
705 1184 733 1240 ?
757 1190 813 1240 et
843 1183 1039 1256 liquor
1064 1184 1279 1256 aliquis
1334 1185 1463 1248 erit,
1494 1188 1558 1237 ut
1591 1183 1778 1253 possit

160 1272 331 1328 etbibi
362 1271 390 1329 *ἲ
410 1278 469 1328 et
499 1273 683 1329 moles
712 1274 840 1338 erit,
875 1280 938 1328 ut
972 1274 1238 1345 possitet
1268 1274 1430 1342 tangi
1459 1273 1486 1330 i'
1517 1274 1666 1334 Non,
1689 1272 1779 1327 in-

154 1363 360 1433 quiunt.
392 1364 550 1428 Quid
582 1364 769 1433 ergo?
797 1378 875 1418 an
890 1363 1033 1418 illud
1058 1368 1254 1434 potest
1269 1363 1507 1427 Deus,et
1529 1363 1773 1417 hocnon

154 1452 321 1523 poteSt
342 1452 370 1508 ?
394 1451 451 1509 Si
476 1468 597 1508 non
624 1468 802 1524 posse
828 1453 1105 1517 dixerint,
1136 1467 1242 1506 cur
1275 1451 1773 1520 derogantomni-

153 1543 399 1612 potentia:
456 1542 612 1597 Dei?
640 1541 687 1596 si
720 1557 899 1613 posse
925 1548 979 1597 et
1007 1541 1161 1596 nolle
1200 1541 1638 1611 responderint,
1670 1554 1777 1595 cur

159 1628 274 1684 solis
302 1630 488 1685 oculis
519 1630 1238 1695 favent,invidentautem
1258 1630 1487 1686 cteteris
1501 1629 1775 1684 sensibus

152 1720 384 1789 corporis
409 1720 624 1775 Christi
648 1720 677 1775 ‘I
695 1721 782 1775 An
822 1734 1140 1792 quousque
1168 1720 1391 1783 volunt,
1413 1718 1718 1791 desipiunt
1746 1719 1774 1776 ?

152 1808 353 1873 Quanto
383 1824 494 1864 nos
526 1808 761 1875 melius,
780 1809 1016 1880 quinon
1042 1825 1250 1864 eorum
1280 1809 1635 1881 insipientia
1667 1815 1768 1865 ter-

153 1900 313 1952 minos
340 1896 612 1969 ﬁgimus,
641 1899 744 1953 sed
769 1903 831 1954 ut
859 1897 1436 1970 desipiantprorsus,
1453 1898 1734 1953 nolumus
1758 1897 1770 1949 Ξ

203 1987 249 2042 ϐ.
288 1988 459 2043 Multa
500 1987 752 2059 proferri
784 1993 1039 2058 possunt
1073 1988 1148 2042 ad
1199 1988 1370 2043 istam
1405 1988 1772 2043 dementiam

150 2074 513 2131 refutaudam.
546 2076 665 2132 Sed
726 2076 774 2131 si
828 2077 1154 2148 aliquando
1203 2076 1480 2132 irruerint
1526 2076 1774 2132 auribus

150 2164 251 2233 tuis,
266 2164 380 2220 haec
409 2166 659 2221 interim
681 2165 932 2235 eislege,
960 2172 1019 2222 et
1038 2166 1183 2237 quid
1214 2166 1621 2237 respondeant
1654 2179 1771 2220 non

148 2252 372 2323 pigeatte
389 2254 723 2310 rescribere
747 2260 808 2310 ut
837 2260 1026 2326 potes.
1058 2254 1146 2309 Ad
1176 2254 1290 2309 hoc
1321 2255 1479 2309 enim
1501 2254 1618 2309 fide
1651 2270 1785 2310 cor.

146 2342 206 2396 da
229 2350 423 2398 nostra
444 2344 840 2409 mundantur,
875 2344 1021 2415 quio
1057 2344 1233 2399 nobis
1264 2343 1401 2398 ﬁdei
1436 2359 1662 2399 merces
1690 2346 1774 2400 vi-

144 2429 212 2485 sio
236 2430 320 2487 Dei
350 2431 739 2503 promittitur.
765 2433 908 2497 Quae
922 2434 966 2488 si
993 2448 1098 2502 per
1123 2434 1391 2503 corporis
1426 2434 1630 2490 oculos
1642 2436 1773 2504 erit,

143 2516 321 2575 frustra
335 2521 411 2576 ad
428 2536 567 2577 eam
606 2522 1053 2592 percipiendam
1068 2528 1417 2578 sanctorum
1430 2530 1736 2582 exercetur
1750 2526 1777 2577 8

143 2606 240 2662 imo
258 2624 387 2665 vero
426 2616 552 2667 tam
591 2625 865 2682 perverse
898 2611 1165 2666 sentiens
1193 2612 1433 2667 animus
1464 2628 1584 2669 non
1621 2614 1680 2669 in
1710 2631 1772 2671 se

142 2703 423 2765 exercetur,
457 2699 568 2753 sed
602 2705 760 2755 totus
780 2700 839 2754 in
852 2715 1029 2756 carne
1042 2705 1148 2755 est.
1181 2701 1287 2757 Ubi
1320 2702 1469 2756 enim
1502 2704 1773 2759 tenacius

143 2783 395 2850 habitabit
430 2792 491 2842 et
517 2788 718 2854 ﬁxius,
752 2788 867 2843 nisi
912 2790 1070 2844 unde
1129 2806 1191 2846 se
1252 2790 1441 2846 Deum
1500 2792 1769 2848 visurum

143 2888 245 2929 esse
274 2877 585 2947 praesumit
614 2876 643 2932 ?
666 2878 836 2942 Quod
885 2884 1037 2933 certe
1075 2886 1371 2951 quantum
1413 2879 1641 2936 malum
1674 2881 1761 2943 sit.

147 2961 510 3034 intelligentiae
551 2967 753 3039 potius
794 2967 1027 3024 dimitto
1059 2975 1195 3036 tuae,
1227 2985 1411 3042 quam
1439 2969 1620 3039 longo
1652 2986 1771 3025 ser-

143 3067 289 3107 mone
330 3056 540 3111 molior
594 3056 891 3128 explicare
917 3060 959 3112 ¹.
999 3058 1061 3113 In
1116 3059 1479 3130 protectione
1534 3059 1767 3115 Domini

144 3155 344 3213 semper
371 3145 605 3200 habitet
626 3151 930 3210 cortuum,
950 3146 1198 3203 domina
1219 3148 1438 3203 eximia
1469 3152 1523 3203 et
1554 3149 1765 3204 merito

139 3234 618 3299 praestantissima,
652 3242 830 3306 atque
846 3235 1054 3292 Christi
1077 3237 1364 3291 charitate
1406 3236 1765 3294 honoranda

136 3316 254 3375 ﬁlia.
314 3324 707 3379 Honorabiles
758 3332 956 3379 tecum
1026 3325 1321 3397 nobisque
1394 3326 1454 3382 in
1511 3327 1761 3382 Domino

134 3404 506 3469 dilectissimOs
539 3412 696 3469 ﬁlios
724 3420 877 3481 tuos,
904 3414 1109 3470 debito
1141 3416 1351 3469 meritis
1383 3416 1589 3471 vestris
1633 3415 1762 3473 ofﬂ-

144 3498 213 3552 cio
243 3507 500 3558 resatuta
513 3545 526 3557 .

556 3593 889 3649 EPISTOLA
938 3597 1095 3651 xcm
1137 3596 1158 3616 α
1199 3598 1298 3670 (α).

136 3677 464 3761 Augustinus
490 3680 788 3761 Vincenlii
798 3682 1151 3761 eschismate
1162 3688 1489 3761 Rogatiano
1500 3690 1762 3761 episcopi

192 3746 592 3824 (ξᾳτιεηηεηείε
653 3756 962 3820 epistolam
1017 3746 1321 3824 rerelzeﬁs,
1375 3746 1543 3817 dicit.
1568 3746 1757 3820 nisi».

189 3818 493 3899 sibi/uisse
520 3818 876 3899 aliquando,
899 3843 1019 3883 non
1052 3818 1110 3883 vi
1137 3846 1271 3885 cum
1304 3818 1614 3899 haereticis,
1634 3818 1758 3892 sed

188 3892 337 3969 verba
370 3895 475 3950 Dei
500 3901 557 3951 et
588 3892 820 3969 ratione
844 3892 1135 3967 agendum
1166 3922 1185 3969 ,-
1218 3917 1415 3957 verum
1451 3892 1756 3962 sententiis

185 3962 418 4038 aliorum
446 3966 855 4038 exemﬂisque
872 3962 1217 4037 superatum
1245 3979 1505 4031 mutasse
1528 3984 1754 4035 senten-

186 4034 328 4115 tiam,
342 4041 395 4092 et
414 4038 716 4115 ar_bilrari
729 4034 886 4115 [eges
904 4034 1239 4115 principum
1264 4052 1421 4102 recte
1438 4049 1758 4115 implorari

184 4105 441 4183 adversus
473 4110 671 4165 hostes
690 4105 865 4183 ﬁdei,
898 4105 1069 4169 modo
1100 4105 1173 4170 id
1198 4117 1305 4183 ﬁat
1338 4105 1537 4174 animo
1567 4125 1754 4177 corri-

183 4179 512 4262 gendihiion
556 4182 754 4262 studio
805 4179 1465 4262 vindicandifaliaque
1514 4192 1753 4262 subjici!

181 4252 460 4330 permulta
512 4259 727 4309 contra
754 4255 1153 4323 pervicaciam
1184 4265 1236 4313 et
1268 4252 1751 4330 anabaptisriium

187 4317 643 4381 Donaslitarum.

242 4427 628 4486 Dilectissimo
660 4430 821 4488 fratri
856 4431 1180 4502 VINCENTIO,
1224 4438 1600 4499 AUGUSTINUS.

180 4527 383 4591 CAPUT
414 4539 701 4595 PRIMUM.
730 4571 799 4580 —
836 4545 879 4594 ι.
922 4542 1139 4613 Accepi
1189 4546 1524 4616 epistolam,
1566 4566 1754 4621 quam

123 4621 259 4676 tuam
273 4639 398 4680 esse
412 4626 562 4681 mihi
581 4643 699 4681 non
715 4628 911 4683 incred
925 4631 933 4681 i
947 4630 999 4683 bi
1012 4629 1057 4683 le
1074 4632 1262 4687 visum
1278 4636 1755 4693 est:attulitenim

122 4720 250 4774 eam,
271 4729 447 4782 quem
479 4716 839 4771 catholicum
867 4720 1257 4777 christianum
1289 4738 1415 4778 esse
1438 4732 1753 4795 constaret,

122 4799 223 4865 qui,
267 4808 323 4856 ut
349 4806 587 4875 opinor,
622 4805 763 4861 mihi
795 4809 1025 4863 mentiri
1060 4825 1177 4864 non
1207 4811 1476 4871 auderet.
1508 4815 1619 4870 Sed
1647 4822 1763 4906 ets‘

122 4882 138 4906 Ι
155 4892 234 4906 .-ι-
505 4901 513 4906 .
536 4893 610 4906 ιο..
749 4901 758 4906 .
1051 4900 1057 4906 .
1166 4900 1174 4906 .
1291 4899 1301 4906 .
1383 4903 1389 4906 .
1604 4904 1630 4906 Α

121 4882 242 4940 forte
257 4906 362 4944 non
380 4901 521 4947 sunt
533 4893 734 4950 litterae
748 4901 998 4966 tuamego
1013 4900 1060 4952 ei
1076 4900 1177 4970 qui
1193 4899 1420 4972 scripsit
1435 4882 1762 4963 rescriben:

121 4970 238 5029 dum
263 4982 479 5049 putavi.
507 4983 673 5037 Nunc
698 5000 788 5039 me
814 4986 1008 5054 potius
1034 4988 1249 5058 quietis
1277 4970 1404 5046 esse
1427 4993 1671 5048 avidum
1699 5001 1756 5050 et

122 5067 410 5133 petentem,
441 5086 629 5142 quam
666 5078 805 5126 tunc
835 5090 973 5129 cum
1001 5091 1095 5130 me
1122 5076 1588 5147 adolescentem,
1619 5084 1754 5139 vivo

173 5220 418 5293 iactique
447 5228 608 5277 verba
634 5243 852 5293 prorsus
876 5231 1073 5282 absunt
1109 5246 1140 5283 α
1171 5234 1293 5285 Mss.
1327 5237 1620 5289 sexdecim.

169 5280 503 5364 trime-ridete
519 5294 601 5339 est
619 5280 692 5364 ad
726 5308 773 5364 ει.
801 5280 892 5364 bg.
924 5280 1007 5344 bl.’
1028 5280 1302 5364 bnis—.‘cc.
1328 5280 1657 5364 'j.
1693 5318 1748 5353 n.

217 5316 503 5338 mucuuum
519 5316 601 5339 υδι
628 5316 692 5340 au
726 5316 773 5343 σι.
801 5316 889 5355 ως.
924 5316 992 5344 υι.
1031 5316 1119 5345 un.
1148 5316 1194 5347 c.
1223 5316 1302 5348 cc.
1336 5316 1389 5347 ιι.
1464 5339 1474 5349 .
1503 5316 1592 5364 gv.
1648 5340 1657 5351 .
1693 5318 1745 5353 n.

123 5352 316 5457 {il-3.12;,
340 5350 425 5399 vd.
459 5355 565 5402 tres
587 5355 667 5404 sb.
709 5356 845 5406 duos
883 5362 916 5406 t.
949 5359 1189 5424 quinque
1213 5375 1261 5410 v.
1290 5366 1342 5410 et
1372 5316 1582 5413 adgArn.
1616 5318 1745 5416 Ded.

124 5470 233 5580 cilia)
514 5490 526 5525 :
552 5492 671 5543 quin
717 5484 899 5533 autem
928 5483 989 5532 93
1022 5488 1155 5542 erat,
1198 5499 1344 5537 nunc
1376 5489 1485 5540 181.
1529 5489 1742 5555 Scripta

1366 144 1871 229 EpismLARUM
1906 150 2196 225 CLAss’is
2241 166 2307 231 Η.

3444 178 3549 251 322

1897 293 2097 352 adhuc
2135 299 2359 391 Rogato
2389 302 2484 359 cui
2515 308 2866 377 successisti,
2911 314 3073 385 apud
3128 316 3547 391 Carthaginem

1897 398 2171 442 noveras.
2198 390 2311 445 Sed
2337 394 2647 451 Donatista:
2672 399 2923 458 nimium
2947 404 3191 476 inquieti
3210 390 3367 476 sunt,
3391 426 3546 483 quos

1897 487 2003 544 per
2023 475 2329 533 ordinatas
2345 481 2510 538 aDeo
2529 492 2846 554 potestates
2860 475 3125 549 cohiberi
3139 502 3316 567 atque
3333 475 3548 571 corrigi

1897 563 2041 617 mihi
2085 580 2203 620 non
2237 568 2470 625 videtur
2507 572 2729 631 inutile.
2768 577 2914 634 Nam
2949 579 3023 635 de
3065 563 3387 641 multorum
3418 563 3545 658 jam
3614 614 3618 616 γ

1893 653 2257 711 correctione
2288 660 2641 729 gaudemus,
2667 667 2769 737 qui
2802 672 2920 723 tam
2946 674 3231 729 veraciter
3260 677 3547 733 unitatem

1893 741 2251 833 catholicam
2269 752 2658 823 teneutatque
2670 754 3124 823 defendunt,eta
3137 763 3382 833 pristino
3395 781 3551 821 erro-

1892 844 1955 884 re
1995 848 2057 886 se
2094 831 2374 891 liberatos
2412 854 2541 893 esse
2590 840 2882 910 laetantur,
2927 853 2986 901 ut
3025 831 3295 907 eoscum
3326 869 3550 924 magna

1890 921 2283 987 gratulatione
2304 928 2609 985 miremur.
2627 932 2738 996 Qui
2761 937 2960 990 tamen
2978 940 3180 995 nescio
3195 956 3319 1012 qua
3338 947 3391 995 vi
3412 921 3553 1000 c‘on-

1890 1010 2246 1078 suetudinis,
2265 1013 2427 1071 nullo
2450 1017 2631 1074 modo
2656 1025 2870 1078 mutari
2887 1024 2945 1079 in
2962 1026 3175 1082 melius
3197 1010 3547 1099 cogitarent,

1891 1100 2003 1154 nisi
2028 1101 2140 1156 hoc
2164 1107 2380 1158 terrore
2398 1108 2667 1176 perculsi.
2685 1110 3002 1169 sollicitam
3028 1123 3285 1173 mentem
3309 1120 3386 1175 ad
3401 1136 3547 1177 con-

1889 1189 2308 1247 siderationem
2339 1196 2597 1251 veritatis
2626 1196 3031 1271 intenderent;
3056 1221 3132 1260 ne
3163 1206 3309 1263 forte
3342 1209 3391 1263 si
3424 1226 3545 1266 non

1889 1293 1996 1348 pro
2019 1279 2274 1350 justitia,
2308 1283 2413 1337 sed
2444 1300 2549 1355 pro
2579 1292 2959 1355 perversitate
2990 1299 3046 1348 et
3078 1300 3546 1369 praesumptione

1885 1364 2199 1423 hominum
2229 1370 2391 1440 ipsas
2421 1376 2774 1445 temporales
2817 1379 3142 1447 molestias,
3176 1364 3546 1445 infructuosa

1886 1461 1943 1511 et
1983 1472 2138 1512 vana
2167 1458 2478 1517 tolerantia
2512 1471 2869 1533 paterentur,
2904 1472 3067 1541 apud
3120 1476 3301 1529 Deum
3336 1483 3549 1548 postea

1886 1560 2006 1600 non
2039 1547 2372 1604 invenirent
2400 1552 2513 1606 nisi
2544 1554 2775 1611 debitas
2806 1574 3017 1629 paenae
3055 1547 3403 1633 impiorum,
3440 1566 3543 1638 qui

1885 1634 2015 1704 ejus
2040 1640 2161 1691 tam
2190 1635 2384 1693 lenem
2416 1640 2914 1710 admonitionem,
2945 1654 3001 1703 et
3031 1656 3280 1721 paterna
3310 1634 3547 1724 ﬂagella

1883 1727 2350 1796 contempserint
2374 1744 2386 1782 :
2420 1746 2492 1784 ac
2520 1732 2604 1786 sic
2626 1733 2735 1789 ista
2756 1736 3113 1805 cogitatione
3139 1740 3361 1797 dociles
3382 1725 3544 1811 facti,

1884 1827 2007 1867 non
2036 1813 2094 1868 in
2117 1814 2433 1871 calumniis
2453 1826 2510 1874 et
2532 1818 2753 1877 fabulis
2777 1824 3080 1892 humanis,
3112 1829 3214 1883 sed
3245 1829 3304 1885 in
3326 1832 3544 1888 divinis

1887 1900 2073 1955 Libris
2130 1905 2491 1975 promissam
2546 1924 2649 1979 per
2694 1927 2905 1968 omnes
2952 1923 3157 1983 gentes
3213 1918 3549 1978 invenirent

1884 1991 2231 2059 Ecclesiam,
2250 2011 2435 2065 quam
2461 1997 2585 2052 suis
2614 2000 2801 2055 oculis
2825 2002 2992 2057 reddi
3020 2007 3455 2076 conspicerent,
3481 2010 3540 2064 in

1884 2081 2102 2152 quibus
2124 2088 2179 2136 et
2200 2083 2492 2139 Christum
2510 2090 2998 2159 praenuntiatum,
3013 2094 3191 2149 etiam
3211 2111 3330 2151 non
3350 2098 3539 2153 visum

1886 2185 2065 2241 super
2086 2171 2267 2226 caelos
2288 2189 2419 2228 esse
2442 2175 2687 2230 minime
2709 2177 3075 2236 dubitarent.
3092 2185 3538 2256 Numquidnam

1885 2273 1996 2328 ego
2023 2261 2271 2315 istorum
2305 2263 2477 2317 saluti
2512 2264 2774 2321 invidere
2813 2268 3135 2335 debebam,
3177 2278 3238 2327 ut
3281 2274 3540 2345 collegas

1885 2363 2054 2403 meos
2080 2349 2159 2404 ab
2187 2350 2536 2420 hujusmodi
2560 2361 2811 2425 paterna
2836 2356 3144 2427 diligentia
3170 2377 3537 2431 revocarem,

1885 2451 1990 2507 per
2017 2453 2197 2507 quam
2223 2439 2444 2496 factum
2472 2446 2643 2498 estut
2668 2443 2889 2499 multos
2910 2447 3223 2504 videamus
3251 2466 3539 2508 accusare

1884 2541 2059 2581 suam
2090 2527 2401 2597 pristinam
2428 2530 2755 2587 cmcitatem
2777 2532 2804 2587 ?
2837 2534 2939 2605 qui
2969 2550 3108 2591 cum
3142 2554 3325 2610 super
3354 2541 3537 2597 caelos

1883 2614 2208 2671 exaltatum
2228 2615 2549 2685 Christum,
2564 2622 2743 2676 etiam
2764 2637 2885 2677 non
2901 2623 3171 2682 videntes
3184 2628 3538 2697 credebant;

1881 2704 2132 2775 gloriam
2168 2709 2365 2762 tamen
2398 2707 2527 2777 ejus
2577 2725 2759 2781 super
2795 2727 3040 2769 omnem
3071 2719 3309 2784 terram,
3357 2720 3536 2776 etiam

1880 2792 2149 2849 videntes
2201 2795 2525 2866 negabant,
2558 2814 2696 2853 cum
2731 2800 3021 2872 Propheta
3062 2811 3381 2879 utrumque
3416 2825 3536 2866 una

1879 2884 2172 2938 sententia
2206 2889 2372 2941 tanta
2410 2886 2890 2944 manifestatione
2918 2894 3272 2963 complexus
3314 2897 3407 2963 sit,
3449 2898 3537 2953 di-

1878 2986 2037 3043 cens.
2059 2972 2359 3029 Ezaltare
2385 2990 2565 3043 super
2590 2978 2785 3044 caelos,
2824 2982 2995 3047 Deus,
3020 2987 3076 3037 et
3099 2998 3280 3051 super
3303 3001 3534 3044 omnem

1877 3064 2100 3141 terram
2129 3062 2327 3131 gloria
2356 3067 2459 3119 tua
2492 3065 2680 3132 (Psal.
2722 3081 2851 3133 cvm,
2885 3069 2961 3137 6).

1945 3153 1997 3205 2.
2032 3150 2183 3205 Istos
2213 3166 2356 3221 ergo
2381 3160 2611 3208 atroces
2634 3156 2945 3226 quondam
2969 3159 3241 3217 inimicos
3271 3168 3531 3230 nostros,

1876 3254 2085 3309 pacem
2120 3244 2175 3295 et
2214 3242 2473 3312 quietem
2505 3250 2771 3299 nostram
2805 3247 2981 3301 variis
3028 3249 3441 3308 violentiarum
3473 3260 3531 3309 et

1871 3326 2229 3384 insidiarum
2243 3330 2561 3398 generibus
2578 3333 2861 3399 gravibus
2876 3336 3132 3404 graviter
3153 3338 3526 3408 infestantes,

1872 3416 1923 3470 si
1947 3416 2028 3471 sic
2051 3422 2572 3474 contemneremus
2594 3425 2649 3475 et
2673 3422 3081 3495 toleraremus,
3100 3427 3316 3484 utnihil
3332 3431 3530 3486 omni-

1869 3519 1949 3559 no
1963 3506 2126 3577 quod
2142 3508 2218 3561 ad
2231 3522 2336 3562 eos
2350 3508 2659 3564 terrendos
2680 3526 2751 3565 ac
2773 3513 3157 3583 corrigendos
3172 3517 3365 3574 valere
3389 3535 3531 3591 pos-

1868 3600 1972 3659 set,
2003 3596 2438 3664 excogitaretur
2459 3606 2515 3652 et
2539 3608 2814 3668 ageretur
2838 3617 2874 3657 a
2906 3604 3099 3670 nobis,
3132 3621 3265 3662 vere
3295 3608 3522 3664 malum

1868 3699 1977 3754 pro
2001 3683 2158 3738 malo
2186 3684 2592 3742 redderemus.
2612 3687 2845 3744 Sienim
2871 3691 3193 3764 quisquam
3212 3695 3520 3752 inimicum

1867 3787 2047 3825 suum
2071 3772 2414 3841 periculosis
2428 3773 2693 3829 febribus
2712 3777 3119 3846 phreneticum
3140 3782 3525 3845 factum,cur-

1865 3876 1991 3916 rere
2024 3861 2242 3916 videret
2271 3861 2331 3915 in
2361 3878 2648 3935 praeceps,
2675 3880 2873 3920 nonne
2900 3875 3041 3925 tunc
3069 3872 3266 3941 potius
3296 3874 3528 3929 malum

1866 3965 1973 4021 pro
2004 3950 2163 4005 malo
2197 3950 2483 4017 redderet,
2522 3953 2567 4006 si
2597 3969 2732 4009 eum
2762 3957 2845 4010 sic
2876 3972 3110 4013 currere
3144 3963 3525 4032 permitteret,

1863 4054 2047 4109 quam
2084 4038 2130 4092 si
2170 4037 2616 4110 corripiendum
2647 4042 3079 4116 ligandumque
3121 4051 3408 4107 curaret?
3456 4054 3523 4108 Et

1865 4133 2065 4183 tamen
2090 4134 2227 4183 tunc
2249 4129 2301 4183 ei
2327 4129 2783 4188 molestissimus
2806 4141 2860 4190 et
2877 4136 3337 4194 adversissimus
3360 4141 3519 4198 vide-

1865 4224 2043 4282 retur,
2058 4217 2306 4288 quando
2328 4219 2675 4276 utilissimus
2692 4225 3352 4284 etmisericordissimus
3374 4230 3525 4287 exti-

1865 4305 2030 4362 tisset
2060 4324 2073 4361 :
2110 4307 2212 4361 sed
2264 4307 2439 4379 plane
2470 4311 2659 4366 salute
2699 4323 2971 4383 reparata
3004 4321 3165 4371 tanto
3200 4317 3436 4374 uberius
3467 4321 3518 4377 ei

1866 4396 2087 4464 gratias
2118 4404 2337 4465 ageret,
2378 4405 2607 4468 quanto
2634 4400 2743 4455 sibi
2784 4418 2920 4457 eum
2957 4405 3153 4459 minus
3184 4409 3519 4477 pepercisse

1866 4481 2175 4537 sensisset.
2212 4482 2255 4535 0
2282 4482 2328 4535 si
2358 4498 2593 4552 possem
2630 4485 2730 4539 tibi
2762 4488 3094 4553 ostendere,
3126 4506 3194 4545 ex
3229 4491 3377 4562 ipsis
3405 4492 3524 4548 Cir-

1864 4568 2361 4624 cumcellionibus
2388 4586 2573 4640 quam
2609 4573 2966 4645 multosjam
2993 4578 3315 4635 catholicos
3335 4582 3526 4637 mani-

1864 4655 2409 4721 festoshabeamus,
2426 4658 2965 4719 damnantessuam
2983 4666 3292 4736 pristinam
3315 4669 3520 4737 vitam,

1867 4751 1924 4801 et
1951 4746 2346 4801 miserabilem
2389 4763 2649 4804 errorem
2680 4766 2802 4821 quo
2834 4769 2894 4807 se
2926 4754 3374 4814 arbitrabantur
3415 4776 3521 4830 pro

1872 4834 2130 4890 Ecclesia
2181 4835 2281 4889 Dei
2320 4836 2514 4891 facere
2552 4838 2849 4911 quidquid
2889 4842 3154 4915 inquieta
3196 4850 3519 4905 temeritate

1868 4924 2192 4979 faciebant!
2216 4925 2316 4995 qui
2343 4930 2539 4981 tamen
2557 4928 2633 4982 ad
2660 4930 2812 4984 hanc
2829 4934 3141 4990 sanitatem
3161 4951 3280 4990 non
3308 4938 3446 5007 perd
3460 4954 3519 4991 u-

1868 5020 2155 5077 cerentur,
2193 5012 2306 5067 nisi
2337 5014 2534 5084 legum
2570 5016 2817 5073 istarum
2858 5037 2992 5091 quae
3036 5023 3136 5077 tibi
3179 5023 3515 5094 displicent,

1867 5102 2117 5157 vinculis
2149 5108 2436 5173 tanquam
2466 5105 2787 5175 phrenetici
2808 5106 3150 5177 ligarentur.
3185 5111 3331 5175 Quid
3372 5111 3518 5167 illud

1866 5191 2117 5247 alterum
2145 5206 2333 5260 genus
2361 5193 2554 5247 morbi
2580 5195 2915 5264 gravissimi
2936 5214 3162 5266 eorum,
3184 5202 3285 5271 qui
3316 5201 3519 5257 turbu-

1863 5280 2085 5336 lentam
2114 5281 2357 5352 quidem
2388 5285 2702 5338 audaciam
2737 5301 2852 5339 non
2882 5285 3203 5350 habebant,
3231 5291 3335 5344 sed
3367 5307 3521 5363 qua-

1861 5369 2005 5423 dam
2023 5376 2250 5425 vetusta
2273 5372 2546 5426 socordia
2572 5374 3013 5442 premebantur,
3033 5375 3293 5433 dicentes
3318 5381 3515 5449 nobis,

1862 5459 2074 5513 Verum
2102 5459 2345 5530 quidem
2373 5461 2582 5523 dicitis,
2607 5476 2723 5515 non
2748 5471 2838 5516 est
2859 5463 3021 5534 quod
3050 5469 3515 5540 respondeatur;

1860 5546 1965 5605 sed
1981 5545 2133 5604 duru
2143 5564 2200 5603 m
2213 5554 2300 5604 est
2315 5548 2487 5605 nobis
2502 5549 2875 5607 traditionem
2890 5560 3210 5627 parentum
3220 5559 3520 5636 relinque-
