3996 6158
515 174 621 243 323

515 323 608 367 re:
638 288 838 367 nonne
864 292 1178 364 salubriter
1218 302 1423 375 regula
1452 301 1881 377 temporalium
1913 302 1932 338 ¹
1966 300 2184 357 moles-

1796 158 1860 233 s.
1901 151 2648 231 Auensrmi’ariscopi

3766 172 3858 245 998

2287 301 2416 356 tum
2446 304 2558 364 est,
2578 306 2634 357 et
2656 288 2777 358 hoc
2806 301 3075 376 prmcipit
3100 298 3277 370 Deus,
3310 308 3369 361 ut
3396 306 3568 364 simus
3592 308 3685 367 ﬁlii
3706 315 3858 372 Patris

518 400 736 457 tiarum
766 394 1100 454 excutiendi
1126 399 1315 459 erant,
1345 396 1406 448 ut
1432 398 1722 464 tanquam
1751 391 1825 447 de
1856 405 2071 446 somno
2102 389 2179 445 le-
2286 389 2466 444 nostri
2490 390 2590 460 qui
2613 389 2674 445 in
2697 390 2859 446 caelis
2873 396 2984 457 est,
3011 392 3116 464 qui
3139 390 3465 450 facitsolem
3480 412 3635 453 suum
3649 400 3770 457 oriri
3785 420 3859 458 su-

518 488 783 559 thargico
823 490 1210 556 emergerent,
1243 488 1300 539 et
1338 484 1397 539 in
1425 481 1677 538 salutem
1720 480 1957 536 unitatis
1987 479 2176 548 evigi-

513 578 702 632 larent
732 575 760 631 ‘i
790 576 974 641 Quam
1011 572 1175 628 multi
1207 588 1277 628 ex
1307 572 1451 644 ipsis
1484 587 1643 626 nunc
1674 570 1987 625 nobiscum
2030 584 2175 639 gau-

512 665 739 731 dentes,
803 664 1118 736 pristinum
1178 663 1416 734 pondus
1475 659 1794 732 perniciosi
1835 658 1924 713 sui
1970 658 2170 728 operis

512 759 819 819 accusant,
836 758 891 808 et
904 752 1159 808 fatentur
1174 768 1281 807 nos
1302 750 1413 806 sibi
1429 749 1711 805 molestos
1724 764 1854 804 esse
1869 747 2168 813 debuisse,

506 860 581 900 ne
610 849 899 915 tanquam
953 840 1256 897 mortifero
1285 854 1521 906 somno,
1550 839 1631 895 ita
1658 837 1870 894 morbo
1896 839 2172 891 veterno-

509 938 590 989 s‘aa
616 930 1064 989 consuetudinis
1094 930 1415 986 interirent.

577 1022 631 1077 3.
653 1023 723 1078 At
743 1021 901 1077 enim
918 1019 1288 1093 quibusdam
1309 1019 1418 1074 ista
1437 1033 1555 1073 non
1573 1019 1848 1089 prosunt.
1865 1012 2167 1085 Numquid

507 1112 644 1168 ideo
668 1111 1120 1181 negligendaest
1142 1107 1457 1169 medicina,
1473 1108 1609 1178 quia
1630 1104 2054 1161 nonnullorum
2076 1106 2168 1158 est

508 1198 862 1255 insanabilis
888 1196 1225 1268 pestilentia
1244 1196 1273 1253 ’ἲ
1293 1198 1373 1251 Tu
1396 1211 1514 1251 non
1536 1193 1791 1250 attendis
1811 1192 1921 1248 nisi
1937 1207 2040 1246 eos
2061 1190 2164 1263 qui

506 1290 588 1345 ita
618 1289 749 1343 duri
784 1293 939 1352 sunt,
978 1291 1038 1341 ut
1067 1302 1177 1341 nec
1232 1286 1409 1340 istam
1442 1283 1726 1355 recipiant
1757 1280 2165 1352 disciplinam.

506 1382 585 1434 De
623 1377 838 1433 talibus
874 1376 1033 1431 enim
1076 1375 1362 1446 scriptum
1392 1378 1515 1429 est:
1558 1373 1811 1429 Frustra
1849 1370 2169 1441 ﬂagellum”

500 1469 657 1536 ﬁlios
691 1474 907 1524 vestros
930 1478 953 1537 ,'
988 1464 1363 1533 disciplinam
1394 1479 1515 1518 non
1545 1464 1894 1531 receperunt
1924 1461 2069 1529 (Jer.
2104 1474 2160 1524 ιι,

505 1558 614 1629 30).
647 1560 788 1611 Puto
811 1561 1010 1610 tamen
1036 1554 1177 1625 quia
1203 1552 1540 1617 dilectione,
1573 1567 1690 1605 non
1714 1549 1856 1604 odio
1878 1546 2162 1617 ﬂagellati

505 1651 664 1701 sunt.
699 1644 811 1701 Sed
850 1644 1035 1699 debes
1067 1644 1242 1697 etiam
1288 1647 1411 1696 tam
1461 1640 1678 1695 multos
1718 1637 2041 1704 attendere,
2087 1635 2162 1691 de

501 1748 759 1806 quorum
792 1731 980 1787 salute
1009 1730 1371 1801 gaudemus.
1405 1729 1462 1785 Si
1502 1729 1662 1784 enim
1694 1730 2073 1790 terrerentur,
2106 1728 2162 1779 et

502 1838 623 1878 non
670 1822 1045 1889 docerentur,
1089 1818 1374 1890 improba
1403 1816 1576 1890 quasi
1621 1814 1956 1872 dominatio
2005 1814 2161 1868 vide-

500 1916 678 1968 retur.
702 1914 928 1967 Rursus
958 1909 1006 1965 si
1035 1909 1391 1964 docerentur
1422 1912 1476 1963 et
1507 1922 1624 1961 non
1658 1910 2030 1969 terrerentur,
2067 1918 2160 1958 ve-

501 2006 714 2057 tustate
758 1997 1214 2056 consuetudinis
1269 1995 1551 2053 obdurati
1605 1994 1682 2051 ad
1723 1992 2159 2065 capessendam

500 2089 660 2147 viam
692 2088 899 2145 salutis
934 2087 1163 2160 pigrius
1196 2090 1584 2142 moverentur
1617 2102 1631 2147 ;
1664 2081 2157 2157 quandoquidem

497 2179 689 2245 multi,
715 2193 869 2251 quos
898 2176 1049 2232 bene
1080 2178 1384 2243 novimus,
1412 2172 1654 2229 reddita
1685 2172 1797 2227 sibi
1826 2172 2054 2226 ratione
2102 2174 2159 2226 et

498 2268 877 2325 manifestata
903 2265 1116 2321 divinis
1148 2262 1502 2321 testimoniis
1534 2262 1801 2328 veritate,
1831 2259 2161 2332 responde-

495 2356 643 2413 bant
671 2356 868 2421 nobis,
903 2369 1119 2426 cupere
1149 2370 1210 2408 se
1244 2354 1299 2407 in
1347 2352 1615 2408 Ecclesia:
1657 2349 1962 2406 catholicae
1994 2364 2160 2404 com-

493 2447 843 2502 munionem
869 2442 1137 2508 transire,
1154 2441 1256 2496 sed
1276 2440 1565 2497 violentas
1578 2438 1944 2510 perditorum
1968 2436 2155 2492 homi-

495 2531 990 2590 numinimicitias
1006 2530 1354 2586 formidare:
1376 2545 1527 2601 quas
1548 2528 1791 2601 quidem
1809 2525 2159 2597 projustitia

493 2610 549 2679 et
565 2639 672 2694 pro
687 2627 908 2677 aeterna
930 2621 1044 2675 vita
1063 2621 1264 2691 utique
1278 2623 1660 2673 contemnere
1677 2615 2034 2681 debuerunt;
2052 2613 2157 2669 sed

496 2711 703 2767 talium
722 2708 1255 2775 inﬁrmitas,donec
1272 2706 1428 2761 ﬁrmi
1443 2705 1794 2770 efﬁciantur,
1810 2703 2159 2759 sustinenda

491 2806 600 2869 est,
630 2816 750 2855 non
774 2797 1177 2870 desperanda.
1196 2799 1309 2852 Nec
1336 2794 1812 2851 obliviscendum
1835 2792 1996 2865 quod
2028 2792 2157 2863 ipse

494 2890 782 2946 Dominus
839 2888 1037 2943 adhuc
1087 2885 1321 2940 inﬁrmo
1355 2887 1517 2939 Petro
1550 2884 1630 2939 ait
1659 2904 1675 2939 :
1708 2883 1844 2938 Non
1873 2888 2036 2951 potes
2066 2896 2159 2937 me

490 2979 661 3035 modo
688 2979 854 3049 sequi
880 2998 902 3048 ,-
926 2975 1181 3047 sequeris
1219 2977 1415 3031 autem
1438 2976 1643 3043 postea
1674 2973 1865 3044 (Joan.
1893 2987 2008 3037 xm,
2039 2971 2157 3042 36).

492 3070 637 3124 Cum
653 3084 790 3123 vero
817 3068 1016 3122 terrori
1049 3064 1172 3120 utili
1198 3063 1469 3119 doctrina
1490 3062 1765 3117 salutaris
1786 3061 2152 3133 adjungitur,

491 3163 687 3213 utnon
715 3156 906 3211 solum
932 3155 1211 3210 tenebras
1230 3153 1447 3208 erroris
1472 3151 1568 3206 lux
1592 3150 1849 3207 veritatis
1874 3150 2148 3222 expellat,

490 3261 695 3300 verum
726 3244 907 3300 etiam
936 3243 1110 3298 malm
1138 3241 1591 3298 consuetudinis
1620 3240 1851 3295 vincula
1872 3240 1960 3293 vis
1982 3240 2153 3294 timo-

488 3334 567 3389 ris
598 3334 941 3405 abrumpat,
971 3332 1044 3387 de
1078 3331 1423 3399 multorum,
1456 3330 1610 3384 sicut
1645 3329 1786 3393 dixi,
1829 3328 2017 3383 salute
2054 3330 2149 3383 lm-

487 3426 706 3486 tamur,
742 3421 1221 3478 benedicentium
1260 3419 1595 3483 nobiscum,
1629 3423 1684 3473 et
1710 3417 1933 3487 gratias
1969 3432 2147 3486 agen-

490 3511 635 3566 tium
679 3514 794 3566 Deo
846 3509 1011 3582 quod
1043 3524 1152 3565 sua
1183 3506 1608 3581 pollicitatione
1661 3506 1981 3578 completa,
2022 3522 2147 3579 qua

486 3613 654 3667 reges
702 3602 869 3653 terra:
927 3597 1159 3654 Christo
1200 3594 1520 3651 servituros
1560 3610 1691 3650 esse
1731 3593 2026 3666 promisit,
2060 3594 2145 3650 sic

485 3688 708 3743 curavit
735 3687 1062 3751 morbidos,
1101 3686 1184 3741 sic
1230 3685 1467 3741 sanavit
1498 3683 1786 3739 inﬁrmos.

555 3775 777 3832 CAPUT
825 3776 894 3830 ll.
941 3807 1005 3816 -—
1047 3778 1099 3830 4.
1134 3777 1260 3831 Non
1294 3773 1493 3830 omnis
1526 3772 1629 3845 qui
1663 3772 1872 3844 parcit,
1910 3771 2142 3827 amicus

481 3871 620 3932 est;
676 3882 783 3921 nec
815 3865 1016 3921 omnis
1066 3863 1167 3936 qui
1218 3864 1507 3928 verberat,
1560 3861 1854 3917 inimicus.
1908 3861 2141 3916 Meliora

482 3955 877 4010 suntvulnera
900 3952 1099 4016 amici,
1116 3968 1302 4024 quam
1327 3950 1662 4006 voluntaria
1682 3950 1888 4006 oscula
1914 3949 2140 4006 inimici

480 4045 681 4115 (Prov.
716 4060 892 4107 xxvii,
923 4043 998 4112 0).
1020 4042 1221 4096 Melius
1254 4046 1341 4095 est
1366 4057 1499 4095 cum
1533 4040 1838 4095 severitate
1870 4039 2135 4109 diligere,

478 4148 663 4204 quam
682 4148 819 4187 cum
839 4130 1078 4185 lenitate
1108 4130 1398 4200 decipere.
1429 4128 1633 4184 Utilius
1660 4129 1939 4184 esurienti
1968 4131 2139 4200 panis

480 4220 719 4287 tollitur,
737 4221 783 4274 si
810 4221 884 4275 de
902 4218 1035 4274 cibo
1062 4233 1306 4273 securus
1326 4217 1618 4288 justitiam
1645 4216 1925 4289 negligat,
1950 4234 2136 4289 quam

477 4309 756 4365 esurienti
783 4307 957 4380 panis
989 4306 1300 4377 frangitur,
1330 4311 1392 4361 ut
1412 4305 1715 4376 injustitiae
1738 4305 2019 4361 seductus
2042 4323 2137 4362 ac-

476 4400 767 4472 quiescat.
807 4400 870 4454 Et
895 4396 997 4469 qui
1025 4396 1433 4468 phreneticum
1459 4394 1621 4465 ligat,
1650 4401 1704 4451 et
1730 4395 1832 4467 qui
1862 4395 2135 4466 lethargi-

476 4505 612 4545 cum
636 4488 866 4553 excitat,
891 4486 1168 4543 ambolus
1199 4486 1502 4555 molestus,
1537 4485 1753 4541 ambos
1779 4489 1965 4542 amat.
1994 4485 2135 4551 Quis

475 4595 585 4634 nos
599 4584 789 4650 potest
811 4576 1072 4649 amplius
1086 4590 1500 4647 amare,quam
1521 4577 1671 4629 Deus
1687 4574 1714 4630 ?
1736 4576 1791 4628 Et
1809 4580 2006 4629 tamen
2023 4590 2134 4629 nos

476 4683 595 4723 non
621 4667 815 4723 solum
838 4666 1049 4722 docere
1082 4665 1358 4729 suaviter,
1378 4679 1581 4718 verum
1610 4664 1786 4719 etiam
1818 4664 2134 4720 salubriter

475 4761 689 4811 terrere
717 4772 835 4811 non
858 4762 1069 4811 cessat.
1100 4752 1648 4809 Fomentislenibus
1667 4753 1890 4825 quibus
1921 4768 2131 4808 conso-

471 4846 647 4914 latur,
676 4860 833 4917 saepe
863 4844 1044 4899 etiam
1074 4843 1590 4899 mordacissimum
1628 4842 2129 4898 medicamentum

472 4934 871 4992 tribulationis
902 4933 1257 5003 adjungens,
1290 4936 1521 4987 exercet
1567 4930 1723 4987 fame
1759 4931 2127 4987 Patriarchas

471 5027 649 5081 etiam
676 5024 806 5096 pios
826 5028 884 5080 et
905 5023 1212 5095 religiosos
1230 5022 1398 5091 (Gen.
1423 5037 1520 5087 xii,
1546 5036 1856 5084 xxv1,n.n,
1873 5024 1925 5077 et
1948 5026 2120 5087 xuii),

471 5115 764 5187 p0pulum
805 5119 1222 5169 contumacem
1270 5112 1461 5182 pcenis
1502 5110 1876 5180 gravioribus
1920 5110 2120 5179 agitat,

471 5218 591 5258 non
612 5203 801 5259 aufert
818 5202 896 5259 ab
916 5200 1203 5275 Apostolo
1227 5200 1530 5255 stimulum
1556 5197 1933 5254 carnistertio
1954 5213 2121 5267 roga-

470 5284 587 5354 tus,
623 5298 685 5347 ut
714 5293 988 5348 virtutem
1020 5295 1081 5347 in
1111 5290 1452 5345 inﬁrmitate
1473 5286 1736 5359 perficiat
1761 5289 1830 5355 (Il
1857 5286 1991 5342 Cor.
2016 5302 2116 5354 xn,

468 5379 598 5451 7-9).
618 5381 940 5451 Diligamus
954 5380 1136 5436 etiam
1155 5380 1427 5435 inimicos
1443 5383 1694 5441 nostros,
1711 5375 2119 5448 quiahocjus-

492 5548 503 5555 ο
530 5520 546 5553 ί
575 5518 724 5591 Ιτονς,
759 5519 1249 5591 regulatmporoli.
1273 5518 1404 5576 Bad.
1435 5521 1557 5572 Am.
1584 5515 1668 5569 Er.
1692 5521 1747 5568 et
1770 5517 1891 5569 Mss.
1917 5517 2117 5583 plures.

467 5580 645 5651 regula
679 5580 1057 5646 temporalium.

2282 492 2388 548 per
2408 478 2599 533 bonos
2624 486 2679 535 et
2710 480 2925 548 malos,
2947 486 3003 536 et
3021 480 3169 552 pluit
3190 483 3554 554 superjustos
3577 492 3627 541 et
3646 488 3856 559 injustos

2281 566 2523 636 (Matth.
2556 584 2609 634 v,
2633 570 2742 639 45).
2776 569 2887 625 Sed
2915 570 3065 626 sicut
3092 572 3207 625 ista
3236 572 3394 627 dona
3423 574 3542 642 ejus
3564 574 3856 646 laudamus,

2280 654 2361 711 ita
2381 656 2562 712 etiam
2584 657 2964 729 ﬂagellaejus
2988 661 3045 715 in
3062 676 3164 714 eos
3180 676 3333 733 quos
3350 661 3547 735 diligit,
3561 666 3854 736 cogitemus.

2349 745 2400 797 5.
2431 745 2603 800 Putas
2626 748 2926 803 neminem
2953 748 3171 804 debere
3192 748 3321 821 cogi
3351 750 3422 804 ad
3445 751 3728 820 justitiam,
3747 771 3855 814 cum

2274 830 2439 903 legas
2480 840 2708 905 patrem
2740 836 2996 893 familias
3036 838 3255 894 dixisse
3284 839 3487 905 servis,
3520 841 3853 915 Quoscumque

2273 921 2616 980 inveneritis
2646 927 2832 996 cogite
2856 926 3087 983 intrare
3114 929 3283 997 (Luc.
3316 944 3432 993 xiv,
3454 930 3570 999 23);
3591 945 3707 986 cum
3724 931 3849 1002 legas

2274 1010 2668 1084 etiamipsum
2696 1014 2891 1086 primo
2919 1016 3186 1080 Saulum,
3212 1021 3418 1088 postea
3433 1018 3751 1085 Paulum,ad
3772 1037 3851 1077 co-

2274 1102 2680 1168 gnOScendam
2702 1109 2758 1159 et
2778 1103 3098 1160 tenendam
3118 1106 3443 1170 veritatem,
3459 1121 3667 1177 magna
3683 1107 3858 1164 violen-

2273 1188 2353 1243 tia
2380 1190 2589 1246 Christi
2614 1194 2884 1263 cogentis
2906 1209 3039 1249 esse
3068 1194 3452 1266 compulsum
3476 1196 3621 1265 (Act.
3640 1212 3709 1261 ix,
3737 1201 3859 1268 3-7):

2274 1278 2385 1333 nisi
2428 1279 2573 1336 forte
2611 1281 2944 1339 chariorem
2988 1289 3161 1355 putas
3192 1283 3536 1339 hominibus
3570 1300 3683 1340 esse
3715 1301 3861 1357 pecu-

2273 1368 2455 1434 niam,
2490 1370 2576 1425 vel
2602 1371 2989 1444 qualemlibet
3028 1374 3479 1444 possessionem,
3509 1389 3677 1446 quam
3703 1375 3863 1429 lucem

2273 1458 2466 1524 istam,
2499 1475 2636 1532 quas
2677 1461 2865 1516 oculis
2886 1463 3177 1533 carpitur.
3199 1464 3358 1518 [lane
3388 1462 3480 1518 ille
3503 1462 3702 1519 caelesti
3726 1476 3865 1533 pros-

2272 1554 2455 1605 tratus
2469 1565 2611 1605 voce
2624 1550 2824 1606 subito
2838 1551 3115 1606 amissam
3134 1568 3253 1607 non
3266 1552 3746 1623 mcuperavitmisi
3759 1567 3865 1607 cum

2271 1646 2491 1695 sanctm
2529 1639 3006 1710 incorporaretur
3045 1640 3336 1696 Ecclesim.
3372 1643 3441 1696 Et
3475 1646 3639 1711 putas
3678 1639 3867 1696 nullam

2268 1728 2389 1783 vim
2414 1728 2818 1784 adhibendam
2838 1744 2967 1784 esse
2980 1729 3228 1795 homini,
3253 1734 3316 1785 ut
3333 1730 3411 1785 ab
3431 1728 3869 1802 errorispernicie

2267 1816 2575 1883 liberetur;
2606 1832 2743 1872 cum
2771 1818 2969 1889 ipsum
3000 1818 3206 1883 Deum,
3231 1834 3355 1890 quo
3381 1834 3555 1874 nemo
3576 1833 3677 1873 nos
3699 1816 3865 1885 utiqu

2268 1904 2478 1974 diligit,
2530 1904 2873 1961 certissimis
2904 1906 3192 1977 exemplis
3225 1908 3338 1963 hoc
3380 1909 3569 1962 facere
3598 1905 3871 1973 videas,“

2270 1995 2567 2050 Christum
2600 1994 2810 2050 audias
2830 1994 3147 2059 dicentem,
3166 1996 3351 2051 Nemo
3377 1998 3530 2052 venit
3556 1996 3631 2051 ad
3657 2009 3753 2059 me,
3777 1993 3869 2048 nisi

2267 2099 2437 2155 quem
2460 2085 2640 2140 Pater
2658 2084 2981 2141 attraxerit
3005 2085 3199 2154 (Joan.
3223 2086 3429 2157 v1.44),
3446 2083 3603 2156 quod
3623 2084 3682 2138 ﬁt
3697 2083 3749 2138 in
3766 2097 3867 2138 cor-

2268 2172 2445 2227 dibus
2474 2173 2749 2229 omnium
2787 2174 2888 2245 qui
2939 2189 3001 2229 se
3039 2173 3117 2229 ad
3156 2190 3294 2229 eum
3344 2174 3560 2229 divinas
3596 2171 3870 2228 iracundiae

2268 2261 2476 2317 timore
2488 2267 2839 2317 convertunt
2855 2278 2870 2329 ;
2886 2269 2942 2318 et
2956 2263 3189 2318 noveris
3202 2262 3531 2335 aliquando
3550 2261 3726 2317 furem
3740 2275 3869 2315 aver-

2269 2350 2459 2407 tendis
2489 2352 2805 2423 pecoribus
2838 2352 3129 2422 pabulum
3160 2366 3464 2423 spargere,
3497 2357 3552 2407 et
3587 2349 3869 2422 aliquando

2267 2445 2570 2540 pastorem
2598 2438 2835 2510 ﬂagello
2860 2440 2934 2497 ad
2963 2456 3206 2511 gregem
3228 2456 3446 2512 pecora
3470 2439 3714 2496 errantia
3738 2452 3871 2493 revo-

2266 2529 2401 2584 éare
2430 2529 2443 2584 l

2333 2620 2386 2676 6.
2425 2621 2627 2674 Nonne
2650 2624 3068 2674 contumacem
3100 2617 3381 2675 ancillam
3409 2618 3552 2674 data
3577 2615 3685 2673 sibi
3713 2618 3873 2688 potes-

2268 2711 2405 2774 tate,
2422 2709 2565 2764 Sara
2582 2707 2776 2779 potius
2788 2707 3130 2778 afﬂigebat?
3143 2709 3205 2763 Et
3219 2709 3425 2780 utique
3438 2723 3555 2763 non
3569 2719 3872 2777 eam,quam

2266 2796 2540 2867 superius
2568 2796 2859 2851 beneﬁcio
2890 2811 3002 2852 suo
3041 2803 3295 2853 matrem
3329 2796 3572 2866 fecerat,
3601 2793 3873 2851 crudeliter

2264 2884 2473 2941 oderat
2499 2901 2514 2952 ;
2547 2886 2650 2940 sed
2682 2885 2741 2941 in
2768 2901 2840 2942 ea
2869 2885 3215 2957 superbiam
3246 2884 3565 2941 salubriter
3593 2875 3876 2940 edomabal

2266 2974 2429 3045 (Gen.
2446 2990 2559 3040 xvi,
2576 2976 2651 3045 5).
2668 2977 2794 3030 Non
2807 2980 3007 3031 autem
3029 2975 3289 3045 ignoras,
3304 2975 3473 3047 quod
3491 2973 3747 3030 istaidum
3767 2986 3874 3026 mu-

2260 3061 2431 3118 lieres
2446 3062 2593 3119 Sara
2608 3069 2665 3117 et
2680 3068 2854 3132 Agar,
2871 3069 2927 3119 et
2942 3063 3064 3118 duo
3078 3062 3180 3118 ﬁlii
3192 3079 3402 3119 earum
3427 3066 3589 3119 Isaac
3604 3066 3655 3117 et
3673 3055 3871 3123 lsmael,

2260 3167 2369 3224 pro
2396 3150 2805 3224 spiritualibus
2834 3158 2891 3208 et
2919 3152 3261 3207 carnalibus
3289 3152 3638 3222 ﬁgurentur.
3671 3152 3730 3206 Et
3756 3162 3869 3204 cum

2257 3240 2530 3310 legamus
2556 3240 2835 3296 ancillam
2856 3246 2913 3296 et
2937 3240 3124 3297 ﬁlium
3150 3242 3281 3311 ejus
3304 3258 3337 3295 a
3365 3243 3513 3297 Sara
3544 3255 3741 3313 passos
3764 3250 3869 3307 gra-

2258 3346 2358 3386 ves
2378 3329 2699 3398 molestias,
2714 3330 2927 3385 Paulus
2950 3335 3147 3386 tamen
3160 3330 3470 3401 apostolus
3484 3330 3625 3386 dicit
3641 3326 3791 3402 quod
3808 3322 3870 3379 ab

2255 3419 2501 3475 Ismaele
2524 3421 2994 3491 persecutionem
3025 3421 3097 3475 sit
3120 3436 3332 3492 passus
3363 3422 3565 3475 Isaac:
3602 3418 3713 3476 Sed
3744 3414 3869 3471 sicut

2255 3517 2417 3576 tunc,
2445 3510 2656 3582 inquit,
2684 3509 2790 3566 ille
2812 3512 2917 3581 qui
2936 3513 3065 3566 erat
3085 3510 3409 3566 secundum
3431 3525 3692 3577 carnem,
3709 3518 3869 3577 perse-

2250 3598 2545 3669 quebatur
2568 3614 2698 3654 eum
2738 3600 2844 3669 qui
2870 3606 2999 3654 erat
3043 3598 3366 3655 secundum
3398 3601 3690 3667 spiritum,
3730 3595 3803 3650 ita
3828 3597 3868 3647 et

2252 3686 2650 3755 nunc(Gatat.
2667 3702 2743 3753 iv,
2760 3686 2874 3758 29),
2893 3688 3066 3759 utqui
3082 3694 3352 3758 possunt,
3368 3686 3696 3757 intelligant
3713 3680 3870 3751 magis

2252 3775 2573 3831 Ecclesiam
2596 3776 2951 3832 catholicam
2986 3777 3460 3847 persecutionem
3483 3777 3605 3848 pati
3628 3770 3870 3845 superbia

2250 3865 2617 3937 etimpietate
2635 3864 2987 3924 carnalium.
3002 3881 3156 3939 quos
3174 3864 3607 3935 temporalibus
3627 3858 3871 3919 molestiis

2248 3960 2430 4026 atque
2454 3954 2773 4011 terroribus
2793 3955 3115 4010 emendare
3135 3959 3407 4010 conatur.
3435 3951 3736 4025 Quidquid
3755 3962 3870 4017 ergo

2247 4042 2383 4098 fecit
2410 4059 2547 4099 vera
2572 4048 2628 4098 et
2649 4043 2916 4112 legitima
2938 4050 3147 4109 mater,
3172 4042 3407 4099 etiamsi
3425 4057 3707 4114 asperum
3730 4051 3870 4095 ama-

2248 4148 2502 4204 rumque
2527 4132 2837 4200 sentiatur,
2863 4148 2983 4187 non
3009 4132 3237 4188 malum
3256 4148 3365 4204 pro
3382 4133 3543 4188 malo
3557 4129 3766 4194 reddit;
3787 4123 3871 4181 sed

2243 4220 2476 4277 bonum
2508 4220 2857 4294 disciplinae,
2897 4221 3249 4293 expellendo
3284 4221 3512 4277 malum
3555 4216 3868 4293 iniquitatis,

2247 4314 2516 4382 apponit,
2551 4327 2670 4366 non
2696 4310 2837 4367 odio
2860 4312 3135 4377 nocendi,
3158 4310 3256 4366 sed
3281 4310 3602 4368 dilectione
3626 4304 3868 4365 sanandi.

2244 4399 2391 4455 Cum
2412 4400 2558 4456 boni
2584 4406 2638 4456 et
2663 4401 2803 4456 mali
2822 4401 3035 4457 eadem
3060 4400 3306 4466 faciunt,
3322 4401 3659 4472 eademque
3673 4398 3870 4471 patiun-

2244 4494 2356 4559 tur,
2386 4506 2507 4545 non
2539 4489 2709 4545 factis
2749 4495 2806 4545 et
2847 4490 3060 4562 poenis,
3094 4488 3198 4544 sed
3230 4490 3432 4545 causis
3463 4489 3666 4563 utique
3694 4487 3873 4542 discer-

2242 4578 2421 4634 nendi
2438 4584 2595 4634 sunt.
2615 4580 2840 4634 Pharao
2853 4578 3137 4651 populum
3154 4579 3253 4633 Dei
3267 4580 3427 4635 duris
3440 4577 3740 4635 laboribus
3752 4579 3872 4629 atte-

2238 4668 2405 4723 rebat
2428 4668 2644 4740 (Exod.
2673 4686 2722 4735 v,
2739 4672 2822 4741 9);
2852 4671 3080 4740 Moyses
3105 4669 3382 4724 eumdem
3409 4669 3701 4741 populum
3722 4662 3871 4735 impie

2240 4764 2546 4827 argentem
2573 4758 2740 4813 duris
2755 4757 3214 4813 coercitionibus
3240 4757 3546 4827 afﬂigebat
3566 4757 3867 4829 (Id.,xxxu.

2237 4829 2327 4916 97)
2357 4846 2600 4902 :similia
2616 4846 2903 4912 fecerunt,
2926 4846 3031 4902 sed
3052 4862 3170 4901 non
3194 4846 3465 4903 similiter
3490 4846 3769 4919 prodesse
3789 4855 3872 4896 vo.

2236 4930 2472 4991 luerunt
2498 4953 2512 5001 ;
2543 4936 2637 4991 ille
2664 4936 3072 4992 dominatione
3104 4935 3366 5002 inﬂatus,
3392 4936 3505 4992 iste
3538 4930 3868 4991 dilectione‘

2234 5024 2636 5081 inflammatus
2654 5024 3011 5081 est..lezabel
3031 5024 3614 5097 occiditProphetas;
3633 5023 3776 5080 Elias
3788 5033 3871 5075 oc-

2233 5115 2373 5170 cidit
2388 5114 3045 5187 pseudoprophetas(lll
3064 5115 3527 5187 Reg.xv1u,4,40)
3546 5132 3558 5169 :
3577 5120 3717 5186 puto
3729 5106 3871 5184 quod

2232 5204 2464 5260 diversa
2490 5205 2607 5260 sint
2635 5206 2848 5260 merita
2877 5203 3246 5274 facientium,
3277 5204 3519 5260 diversa
3552 5212 3868 5275 passorum-

2300 5299 2353 5349 7.
2376 5295 2587 5365 Aspice
2605 5293 2782 5349 etiam
2804 5299 3069 5365 tempora
3088 5292 3231 5349 Novi
3249 5294 3630 5361 Testamenti,
3646 5288 3869 5365 quando

2224 5382 2351 5454 jam
2374 5383 2501 5455 ipsa
2524 5383 2919 5438 mansuetudo
2937 5382 3242 5439 charitatis
3265 5398 3384 5438 non
3408 5380 3603 5438 solum
3628 5381 3684 5436 in
3711 5375 3865 5433 corde

2229 5478 2356 5529 erat
2402 5471 2723 5541 servanda,
2752 5487 2963 5529 verum
2992 5474 3170 5529 etiam
3202 5473 3262 5528 in
3292 5472 3423 5528 luce
3454 5466 3860 5531 monstranda;

2288 5584 2304 5615 ί
2332 5582 2484 5641 Edd.,
2498 5583 2624 5636 uta.
2646 5585 2713 5632 At
2730 5583 2856 5633 Mss.
2879 5583 3149 5637 sexdecim
3168 5582 3382 5644 habent,
3407 5582 3699 5634 dilectione.
