4040 6174
178 186 252 259 sit

170 319 362 399 quando
375 315 510 373 Petri
527 312 762 384 gladius
783 306 842 367 in
868 298 1149 377 vaginam
1166 306 1480 359 revocatur
1500 313 1537 353 a
1562 293 1748 351 Chris-

169 386 228 475 to,
254 418 297 465 et
319 403 627 464 ostenditur
650 417 771 457 non
798 397 1082 455 debuisse
1096 393 1171 447 de
1199 390 1418 459 vagina
1440 386 1617 444 eximi
1643 397 1751 438 nec

166 517 248 575 pro
270 496 460 553 Christo
485 491 727 563 (Matth.
756 504 918 552 xxVi,
946 485 1054 555 52).
1088 480 1361 550 Legimus
1397 484 1750 575 tamen'non

166 562 873 656 solum,quodcasciderunt
900 573 1085 631 Judaei
1117 569 1365 625 Paulum
1388 562 1750 656 apostolum,

167 648 331 734 verum.
352 648 515 728 etiam
549 667 715 743 quod
748 665 1106 721 casciderunt
1138 665 1195 716 et
1222 656 1403 714 Graeci
1435 668 1539 726 pro
1570 648 1753 706 Paulo

163 762 382 838 apostolo
408 759 757 815 Sosthenem
786 755 1061 809 Judaeum
1085 749 1239 821 (Act.
1272 762 1391 810 xvi,
1422 747 1512 807 22,
1561 744 1650 805 '23,
1700 742 1758 793 et

163 834 284 917 xviii,
311 853 391 920 t7)
422 870 433 902 :
486 862 685 904 nonne
716 841 1042 900 similitudo
1080 838 1219 895 facti
1266 834 1439 907 quasi
1472 837 1756 920 utrosque

161 919 433 1014 conjungit,
448 942 713 993 ettamen
738 950 841 989 eos
867 945 1069 986 causa:
1089 920 1516 983 dissimilitudo
1532 919 1755 974 discer-

162 1007 460 1099 uiti-Nempe
486 1028 636 1081 Deus
660 1021 895 1096 proprio
918 1019 1059 1076 Filio
1072 1032 1193 1074 non
1220 1011 1499 1086 pepercit,
1516 1007 1625 1099 sed
1648 1019 1757 1077 pro

162 1120 296 1176 nobis
316 1098 585 1172 omnibus
618 1111 857 1167 tradidit
884 1108 1051 1163 illum
1080 1106 1271 1178 (Rom.
1300 1118 1416 1165 viii,
1445 1098 1565 1169 32):
1594 1110 1757 1151 nem-

162 1224 210 1280 pe
234 1208 293 1261 de
321 1204 447 1262 Filio
467 1203 601 1274 ipso
621 1201 857 1263 dicitur,
891 1197 1004 1266 Qui
1040 1209 1132 1251 me
1159 1191 1394 1255 dilexit,
1430 1194 1483 1245 et
1513 1181 1757 1280 tradidit

158 1272 471 1364 semetipsum
492 1272 607 1362 pro
637 1288 967 1361 me(Galat.
996 1303 1055 1353 ii,
1081 1284 1204 1354 20):
1235 1294 1452 1351 nempe
1477 1282 1534 1332 et
1562 1273 1636 1329 de
1663 1272 1759 1327 Ju-

159 1387 218 1441 da
240 1385 427 1440 dicitur
452 1380 617 1454 quod
649 1375 939 1434 introierit
966 1375 1027 1430 in
1072 1388 1212 1429 eum
1239 1376 1503 1431 satanas,
1538 1371 1600 1419 ut
1639 1368 1764 1418 tra-

160 1474 285 1529 deret
311 1452 595 1528 Christum
629 1468 825 1540 (Joan.
858 1480 980 1530 xiii,
1013 1468 1095 1529 2).
1144 1466 1288 1518 Cum
1320 1472 1460 1528 ergo
1493 1460 1551 1511 et
1592 1452 1764 1508 Pater

161 1560 415 1616 tradiderit
450 1558 664 1613 Filium
706 1571 905 1617 suum,
956 1560 1012 1607 et
1063 1551 1190 1622 ipse
1240 1548 1505 1606 Christus
1543 1554 1763 1613 corpus

162 1665 320 1717 suum,
348 1656 400 1704 et
425 1646 614 1703 ludas
649 1644 969 1701 Dominum
996 1656 1193 1702 suum,
1226 1653 1333 1693 cur
1364 1637 1422 1691 in
1446 1635 1559 1690 hac
1587 1629 1766 1688 tradi-

162 1741 281 1795 tione
297 1738 438 1794 Deus
458 1742 552 1792 est
574 1734 731 1807 pius,
750 1738 806 1789 et
823 1732 1006 1787 homo
1029 1745 1188 1794 reus,
1204 1724 1540 1798 nisiquiain
1564 1737 1625 1776 re
1649 1734 1768 1774 una

161 1844 305 1900 quam
319 1806 793 1892 tecerunt,causa
805 1836 927 1876 non
942 1834 1062 1874 una
1074 1818 1254 1872 estob
1267 1830 1452 1889 quam
1466 1806 1768 1867 fecerunt?

160 1921 263 1973 Tres
287 1931 483 1971 cruces
503 1914 562 1968 in
590 1913 720 1967 loco
744 1926 864 1965 uno
886 1913 1082 1973 erant;
1107 1908 1164 1962 in
1186 1920 1326 1973 una,
1343 1905 1491 1959 latro
1516 1900 1772 1956 liberan-

162 2007 246 2061 dus
263 2023 278 2071 ;
306 2004 361 2059 in
388 2004 528 2069 alia,
557 2002 706 2058 latro
731 1997 1150 2060 damnandus;
1176 1995 1234 2050 in
1267 1992 1485 2057 media,
1510 1990 1772 2047 Christus

159 2096 363 2152 alterum
390 2094 773 2153 liberaturus,
797 2089 1045 2143 alterum
1076 2086 1505 2140 damnaturus:
1529 2079 1677 2152 quid
1700 2078 1774 2133 si-

162 2184 442 2239 miliusistis
455 2182 740 2237 crucibus
754 2176 942 2250 ?quid
959 2173 1311 2231 dissimilius
1330 2170 1453 2227 istis
1470 2166 1776 2241 pendenti-

159 2274 245 2329 bus
262 2272 285 2328 ?
302 2270 575 2329 Traditus
596 2275 651 2325 et
670 2266 887 2323 Paulus
913 2262 1309 2320 includendus
1326 2267 1383 2316 et
1403 2256 1777 2327 colligendus

158 2363 276 2432 (Act.
297 2379 406 2425 XXI,
421 2360 519 2425 23,
532 2360 645 2428 2i),
663 2356 768 2411 sed
791 2352 1058 2428 quolibet
1077 2350 1324 2408 custode
1342 2346 1594 2404 carceris
1611 2345 1779 2417 pejor

156 2456 222 2506 est
243 2452 425 2523 utique
449 2455 706 2504 satanas
731 2461 745 2511 ;
774 2446 870 2500 cui
897 2450 1053 2499 tame
1083 2459 1119 2496 ii
1152 2442 1281 2512 ipse
1305 2436 1517 2494 Paulus
1541 2433 1781 2491 tradidit

154 2522 492 2595 hominemin
522 2535 822 2592 interitum
841 2532 1056 2601 carnis,
1077 2537 1139 2585 ut
1156 2529 1393 2601 spiritus
1413 2526 1614 2582 salvus
1633 2522 1779 2578 sitin

156 2627 229 2683 die
254 2628 471 2684 Domini
504 2628 648 2681 Jesu
674 2624 719 2695 (ι
752 2623 882 2679 Cor.
916 2638 970 2689 v,
996 2621 1071 2692 ὅ).
1104 2621 1167 2674 Et
1195 2618 1288 2674 hic
1314 2616 1458 2689 quid
1485 2610 1783 2670 dicimus?

156 2718 266 2772 Ecce
288 2715 503 2773 mitiori
528 2712 771 2771 tradidit
784 2711 1042 2767 crudelis
1056 2708 1319 2772 traditor,
1336 2702 1653 2762 crudeliori
1672 2707 1783 2757 tra-

158 2804 275 2861 didit
301 2806 640 2861 misericors
663 2800 926 2858 traditor.
954 2800 1286 2862 Discamus,
1316 2794 1514 2860 frater,
1538 2794 1599 2849 in
1622 2789 1785 2846 simi-

156 2893 361 2950 litudine
373 2908 639 2968 operum
650 2892 989 2947 discernere
1003 2889 1243 2943 animos
1255 2883 1656 2957 operantium,
1677 2896 1785 2936 nec

159 2983 341 3039 clausis
351 2984 551 3040 oculis
566 2981 758 3037 calum
768 2980 1023 3043 niemur,
1038 2982 1095 3033 et
1107 2973 1432 3032 benevolos
1447 2988 1556 3044 pro
1569 2986 1785 3027 nocen-

158 3072 289 3129 tibus
309 3087 694 3129 accusemus.
711 3071 850 3125 Item
878 3083 1017 3123 cum
1041 3066 1121 3122 ait
1141 3064 1302 3121 idem
1322 3061 1646 3133 Apostolus
1673 3064 1787 3116 tra-

159 3160 344 3218 didisse
372 3180 434 3217 se
465 3159 773 3234 quosdam
804 3162 1054 3222 satana,
1086 3160 1146 3210 ut
1171 3154 1464 3209 discerent
1488 3166 1607 3207 non
1627 3148 1784 3205 blas-

160 3250 407 3321 phemare
425 3254 468 3322 (ι
494 3249 651 3305 Tim.
668 3247 852 3318 1,20),
870 3244 1095 3301 malum
1113 3257 1219 3315 pro
1237 3240 1397 3297 malo
1409 3238 1687 3309 reddidit,
1708 3252 1786 3293 an

162 3340 323 3408 potius
348 3342 539 3396 malos
572 3338 754 3395 etiam
785 3352 887 3408 per
920 3333 1145 3390 malum
1186 3329 1529 3398 emendare,
1558 3329 1787 3384 bonum

160 3442 283 3500 opus
305 3445 429 3486 esse
462 3426 764 3501 judicavit
794 3426 811 3461 ¹
840 3422 869 3479 ‘t

215 3520 258 3572 8.
282 3519 337 3575 Si
364 3532 611 3589 semper
627 3510 1105 3571 essetlaudabile
1136 3507 1611 3582 persecutionem
1643 3504 1796 3577 pati.

160 3605 417 3663 suﬁceret
447 3602 714 3662 Domino
743 3601 962 3668 dicere,
1002 3597 1162 3655 Beati
1196 3596 1300 3668 qui
1329 3594 1789 3665 persecutionem

160 3695 443 3760 patiuntur
465 3718 487 3766 ς
512 3709 629 3750 nec
660 3692 925 3755 adderet,
946 3694 1191 3759 propter
1200 3686 1511 3756 justitiam
1549 3682 1789 3754 (Matth.

162 3797 206 3844 v,
232 3785 479 3853 lO).ltem
504 3783 559 3838 si
589 3796 827 3852 semper
843 3776 1304 3849 essetculpabile
1320 3775 1791 3846 persecutionem

160 3869 339 3939 facere,
371 3889 495 3929 non
529 3870 823 3941 scriptum
852 3873 1005 3923 esset
1051 3867 1113 3921 in
1160 3864 1384 3920 sanctis
1424 3861 1644 3919 Libris:
1684 3863 1792 3917 De-

162 3961 458 4019 trahentem
473 3960 762 4031 proximo
785 3973 884 4012 suo
928 3957 1175 4021 occulte,
1212 3953 1372 4010 hunc
1394 3951 1796 4022 persequebar

161 4050 325 4116 (Psat.
356 4068 408 4118 c,
456 4052 536 4123 5).
570 4046 913 4120 Aliquando
959 4059 1101 4115 ergo
1139 4048 1196 4099 et
1243 4043 1345 4115 qui
1384 4058 1519 4097 eam
1552 4041 1792 4112 patitur,

161 4138 383 4209 injustas
414 4146 526 4205 est,
557 4144 618 4195 et
644 4138 745 4209 qui
766 4152 903 4192 eam
934 4134 1092 4199 facit,
1122 4133 1443 4204 justusest.
1473 4130 1586 4187 Sed
1619 4129 1797 4201 plane

161 4245 391 4299 semper,
416 4238 475 4285 et
492 4227 645 4284 mali
675 4224 965 4298 persecuti
990 4228 1128 4278 sunt
1157 4223 1372 4289 bonos,
1412 4224 1467 4275 et
1498 4219 1643 4275 boni
1671 4234 1797 4290 per-

160 4319 687 4375 seciitisuntmalos
716 4339 728 4370 :
783 4314 865 4370 illi
881 4313 1157 4370 nocendo
1176 4326 1281 4383 per
1314 4309 1688 4381 injustitiam,
1719 4307 1799 4364 illi

156 4408 510 4465 consulendo
531 4422 642 4480 per
658 4404 1073 4476 disciplinam;
1090 4401 1170 4456 illi
1190 4397 1642 4463 immaniter,illi
1659 4404 1801 4452 tem-

160 4506 441 4565 peranter;
460 4498 545 4553 illi
568 4496 895 4551 servientes
907 4489 1326 4564 cupiditati,illi
1344 4487 1638 4544 charitati.
1653 4489 1802 4543 Nam

158 4588 244 4657 qui
260 4587 676 4654 trucidat,non
699 4582 1036 4640 considerat
1053 4578 1566 4652 quemadmodum
1584 4577 1801 4642 taniet;

158 4690 246 4746 qui
273 4684 474 4733 autem
504 4682 702 4740 curat,
719 4671 1057 4730 considerat
1077 4668 1597 4742 quemadmodum
1613 4672 1799 4726 secet:

157 4760 241 4821 ille
256 4767 411 4822 enim
426 4765 815 4838 persequitur
832 4760 1142 4817 sanitatem
1154 4758 1269 4825 ,ille
1283 4756 1683 4829 putredinem.
1702 4759 1806 4812 Oc-

159 4853 603 4927 cideruntimpii
619 4852 957 4925 Prophetas,
973 4848 1320 4905 occiderunt
1345 4847 1563 4918 impios
1593 4852 1649 4901 et
1676 4849 1807 4901 Pro-

159 4942 352 5012 phetce.
376 4943 856 5015 Flagellaverunt
881 4937 1407 5000 JudasiChristum,
1436 4936 1677 4991 Judmos
1700 4933 1807 4990 ﬂa-

161 5033 379 5099 gellavit
409 5042 469 5091 et
500 5032 792 5091 Christus.
822 5028 1036 5085 Traditi
1057 5033 1195 5082 sunt
1217 5026 1478 5098 Apostoli
1510 5026 1588 5080 ab
1614 5023 1810 5080 homi-

162 5120 326 5178 nibus
364 5122 654 5197 potestati
700 5121 1006 5184 humanas,
1038 5116 1408 5174 tradiderunt
1436 5121 1492 5172 et
1543 5115 1810 5187 Apostoli

160 5212 419 5270 homines
438 5211 723 5287 potestati
736 5210 1054 5268 satanmJn
1067 5209 1156 5263 his
1170 5208 1453 5263 omnibus
1464 5206 1611 5280 quid
1626 5211 1813 5262 atten-

163 5300 328 5369 ditur,
355 5303 472 5359 nisi
504 5304 647 5375 quis
667 5316 876 5357 eorum
893 5314 998 5372 pro
1014 5299 1273 5363 veritate,
1295 5298 1431 5369 quis
1468 5312 1575 5368 pro
1591 5295 1813 5367 iniqui-

163 5396 289 5458 tate,
305 5395 444 5465 quis
466 5392 732 5448 nooendi
756 5405 958 5455 causa,
991 5389 1128 5460 quis
1145 5384 1513 5443 emendandi
1538 5385 1566 5442 ?

230 5483 449 5538 CAPUT
462 5482 559 5536 Ill.
583 5511 646 5521 —
663 5485 715 5536 9.
732 5477 1169 5535 Noninvenitur
1188 5476 1534 5549 exemplum
1560 5475 1619 5532 in
1632 5488 1813 5532 evan-

220 5586 370 5637 'Ain.
406 5585 543 5638 Bsd.
578 5584 661 5637 Er.
690 5588 747 5639 et
777 5583 875 5636 Ms.
905 5596 1017 5650 κγ..
1046 5582 1316 5637 indicavit.

1333 160 1847 229 EPISTOLARUM
1885 156 2174 221 CLASSIS
2212 158 2277 218 Il.

3393 156 3500 215 326

1860 316 2061 388 gelicis
2073 313 2484 387 etapostolicis
2501 313 2740 383 Litteris,
2757 311 2984 385 aliquid
3006 313 3253 384 petitum
3293 329 3331 370 a
3361 312 3513 382 regi-

1860 407 1977 463 bus
2011 412 2179 460 terrm
2211 418 2319 475 pro
2361 402 2638 466 Ecclesia,
2669 408 2876 457 contra
2908 402 3182 457 inimicos
3218 402 3511 459 Ecclesia.

1864 496 2005 561 Quis
2039 500 2217 561 negat
2248 506 2366 546 non
2388 489 2638 544 inveniri
2662 488 2817 544 ?Sed
2853 490 3123 545 nondum
3152 491 3516 561 implebatur

1862 584 1963 639 illa
1989 581 2347 654 prophetia:
2378 580 2646 643 Etnunc,
2698 593 2875 649 reges,
2928 576 3265 651 intelligite,
3319 581 3518 636 erudi-

1863 672 2013 729 mini
2067 671 2171 743 qui
2214 667 2510 739 judicatis
2557 674 2781 723 terram
2826 684 2846 731 ;
2896 667 3104 723 servile
3153 669 3400 725 Domino
3446 671 3517 724 in

1864 763 2093 819 timore.
2134 758 2342 814 Adhuc
2391 756 2551 812 enim
2602 755 2748 810 illud
2793 754 3173 825 implebatur,
3223 758 3389 830 quod
3457 758 3520 813 in

1866 851 2078 907 eodem
2122 847 2359 920 psalmo
2418 844 2598 917 paulo
2655 847 2935 917 superius
2998 845 3211 901 dicitur
3266 866 3279 899 :
3326 849 3520 915 Quare

1862 941 2241 1010 fremuerunt
2259 943 2482 1006 gentes,
2500 944 2553 990 et
2572 935 2785 1003 populi
2814 934 3088 991 meditati
3105 939 3244 990 sunt
3274 938 3480 992 inania
3496 937 3524 990 φ

1868 1028 2204 1084 Astiterunt
2230 1039 2394 1094 reges
2445 1030 2641 1087 terra,
2670 1028 2725 1079 et
2778 1022 3074 1093 principes
3123 1028 3523 1080 convenerunt

1866 1117 1930 1172 in
1952 1133 2159 1184 unum,
2189 1114 2478 1170 adversus
2512 1111 2845 1178 Dominum,
2897 1118 2950 1168 et
3001 1113 3287 1169 adversus
3324 1113 3524 1170 Chris-

1869 1214 1991 1263 tum
2020 1208 2146 1275 ejus
2170 1204 2351 1275 (Psal.
2382 1218 2443 1266 ιι,
2468 1204 2653 1266 10,“,
2684 1206 2730 1267 l,
2764 1204 2840 1270 ‘2).
2866 1203 3288 1257 Verumtamen
3309 1204 3526 1259 sifacta

1872 1293 2238 1368 prmteritain
2256 1290 2795 1363 propheticislibris
2817 1291 3025 1360 ﬁgurm
3039 1293 3277 1347 fuerunt
3306 1292 3529 1349 futuro-

1872 1384 2102 1451 rum,in
2126 1396 2261 1450 rege
2289 1380 2384 1435 illo
2397 1380 2498 1451 qui
2515 1378 2933 1449 appellabatur
2945 1379 3527 1453 Nabuchodonosor,

1876 1478 2195 1543 utrumque
2216 1477 2449 1540 tempus
2463 1468 2785 1537 ﬁguratum
2800 1472 2969 1534 est,et
2983 1468 3148 1539 quod
3162 1468 3269 1523 sub
3283 1476 3530 1539 Aposto-

1874 1562 1944 1617 lis
1958 1560 2185 1626 habuit,
2218 1559 2449 1630 etquod
2465 1572 2624 1613 nunc
2636 1557 2817 1612 habet
2833 1556 3110 1613 Ecclesia.
3136 1560 3530 1629 Temporibus

1875 1652 2079 1723 itaque
2110 1648 2531 1720 Apostolorum
2546 1649 2606 1701 et
2644 1645 3135 1717 martyrumillud
3167 1646 3533 1719 implebatur

1877 1740 2036 1813 quod
2050 1739 2370 1808 ﬁguratum
2388 1735 2749 1807 est,quando
2782 1750 2883 1789 rex
2917 1743 3284 1791 memoratus
3316 1741 3448 1808 pios
3476 1743 3534 1794 et

1880 1830 2074 1902 justos
2110 1826 2365 1895 cogebat
2385 1826 2638 1880 adorare
2662 1823 3075 1888 simulacrum,
3101 1831 3157 1879 et
3188 1832 3534 1882 recusantes

1880 1921 1939 1975 in
1973 1917 2287 1973 ﬂammam
2342 1913 2629 1969 mittebat.
2660 1915 2825 1967 Nunc
2856 1920 3056 1968 autem
3088 1912 3233 1968 illud
3254 1915 3537 1986 impletur

1880 2006 2043 2081 quod
2076 2004 2257 2077 paulo
2277 2011 2410 2074 post
2439 2002 2499 2057 in
2513 2002 2726 2057 eodem
2741 2016 2877 2069 rege
2909 2001 3234 2072 ﬁguratum
3259 2008 3367 2070 est,
3395 2020 3535 2059 cum

1883 2109 2210 2152 conversus
2225 2092 2299 2148 ad
2317 2089 2738 2146 honorandum
2757 2091 2939 2145 Deum
2952 2090 3365 2156 verum,docre
3375 2095 3454 2148 vit
3471 2093 3532 2148 in

1885 2200 2072 2255 regno
2102 2198 2212 2238 suo
2248 2187 2307 2237 ut
2336 2181 2703 2252 quicumque
2741 2178 3189 2249 blasphemaret
3233 2184 3422 2236 Deum
3460 2182 3539 2237 Si.

1886 2279 2050 2332 drac.
2086 2268 2713 2339 Misac,etAbdenago,
2738 2267 2927 2338 pmnis
2950 2268 3161 2323 debitis
3197 2270 3532 2341 subjaceret

1888 2365 2067 2436 (Dan.
2104 2376 2188 2426 ιιι,
2212 2361 2325 2427 96).
2344 2356 2509 2412 Prius
2539 2370 2681 2425 ergo
2697 2363 2935 2427 tempus
2960 2356 3115 2411 illius
3130 2358 3287 2429 regis
3311 2358 3539 2428 signiﬁ-

1888 2449 2281 2521 cabatpriora
2300 2452 2569 2517 tempora
2591 2459 2801 2514 regum
2818 2444 3173 2511 inﬁdelium,
3202 2462 3355 2518 quos
3372 2447 3535 2519 passi

1892 2532 2739 2607 suntChristianiproimpiis;
2778 2534 3072 2604 posterius
3116 2550 3253 2591 vero
3295 2542 3538 2608 tempus

1890 2630 2047 2686 illius
2091 2627 2245 2697 regis
2258 2623 2613 2695 signiﬁcavit
2633 2628 2906 2694 tempora
2921 2625 3314 2693 posteriorum
3331 2640 3539 2695 regum

1887 2720 2013 2792 jam
2037 2715 2328 2780 ﬁdelium,
2344 2728 2499 2786 quos
2522 2711 2832 2783 patiuntur
2859 2711 3026 2783 impii
3042 2728 3149 2784 pro
3166 2714 3538 2773 Christianis.

1969 2812 2051 2862 to.
2088 2804 2199 2862 Sed
2232 2803 2410 2875 plane
2431 2800 2828 2871 ineisquisub
2844 2802 3085 2856 nomine
3108 2800 3320 2858 Christi
3336 2812 3542 2861 errant

1894 2894 2118 2951 seducti
2151 2909 2186 2948 a
2208 2891 2522 2963 perversis,
2543 2905 2617 2945 ne
2643 2889 2789 2944 forte
2805 2904 2944 2944 oves
2958 2890 3167 2944 Christi
3202 2891 3319 2945 sint
3340 2908 3543 2949 erran-

1895 2989 2074 3053 tes,et
2094 2980 2170 3037 ad
2184 2978 2630 3051 gregemtaliter
2655 2976 3010 3031 revocandas
3039 2978 3174 3042 sint,
3209 2984 3543 3050 temperata

1893 3074 2241 3129 severitaset
2266 3067 2461 3138 magis
2479 3066 2875 3121 mansuetudo
2898 3072 3189 3131 servatur,
3226 3074 3287 3122 ut
3325 3070 3544 3125 coerci-

1897 3163 2053 3219 tione
2079 3158 2425 3215 exsiliorum
2457 3161 2634 3227 atque
2665 3155 3053 3223 damnorum,
3087 3155 3535 3214 admoneantur

1894 3250 2273 3306 considerare
2303 3246 2450 3319 quid
2506 3250 2562 3299 et
2590 3259 2775 3315 quare
2822 3245 3143 3316 patiantur,
3193 3250 3250 3301 et
3302 3246 3540 3304 discant

1896 3352 2245 3413 prmponere
2256 3334 2600 3390 rumoribus
2618 3334 3006 3389 etcalumniis
3020 3333 3333 3390 hominum
3353 3335 3544 3408 Scrip«

1899 3433 2057 3485 turas
2082 3443 2232 3499 quas
2256 3424 2531 3495 legunt.0
2543 3426 2631 3478 uis
2643 3421 2807 3478 enim
2822 3428 3112 3487 nostrum,
3128 3423 3266 3495 quis
3284 3432 3546 3483 vestrum

1898 3533 2017 3573 non
2042 3514 2419 3584 laudatleges
2439 3513 2517 3569 ab
2539 3512 3002 3583 imperatoribus
3032 3513 3206 3568 datas
3252 3514 3545 3571 adversus

1901 3605 2196 3662 sacriﬁcia
2223 3603 2602 3674 Paganorum
2639 3601 2666 3655 Ὺ
2712 3602 2775 3655 Et
2818 3606 2973 3655 certe
3022 3601 3197 3674 longe
3244 3603 3325 3658 ibi
3368 3620 3551 3675 poena

1902 3696 2164 3752 severior
2199 3693 2521 3747 constituta
2567 3694 2696 3755 est;
2734 3689 2890 3743 illius
2947 3691 3174 3762 quippe
3226 3693 3552 3763 impietatis

1902 3783 2152 3857 capitale
2166 3780 2523 3852 supplicium
2539 3785 2643 3833 est.
2664 3778 2741 3832 De
2758 3777 2927 3832 vobis
2940 3783 3140 3834 autem
3155 3781 3550 3851 corripiendis

1904 3878 2084 3945 atque
2105 3868 2442 3926 coercendis
2454 3866 2662 3922 habita
2699 3866 2850 3922 ratio
2862 3872 2969 3932 est,
2985 3883 3107 3938 quo
3123 3867 3319 3938 potius
3345 3868 3557 3925 admo«

1902 3960 2190 4018 ueremini
2221 3958 2298 4015 ab
2336 3972 2531 4012 errore
2557 3956 2883 4022 discedere,
2916 3972 3103 4027 quam
3159 3973 3266 4028 pro
3326 3957 3553 4015 scelere

1905 4046 2927 4125 puniremini.Potestenimfortasse
2967 4048 3146 4102 etiam
3169 4047 3244 4102 de
3268 4048 3439 4103 vobis
3459 4047 3555 4104 dic

1905 4140 2070 4214 quod
2096 4140 2177 4195 ait
2204 4136 2525 4208 Apostolus
2548 4136 2622 4191 de
2659 4135 2900 4191 Iudaeis.
2951 4136 3369 4192 Testimonium
3428 4138 3557 4193 illis

1905 4228 2181 4302 perhibeo
2211 4229 2352 4299 quia
2371 4227 2560 4282 zelum
2594 4224 2699 4281 Dei
2721 4224 2957 4291 habent,
2985 4226 3087 4281 sed
3098 4242 3218 4281 non
3239 4228 3560 4283 secundum

1907 4322 2231 4377 scientiam.
2268 4318 2610 4386 lgnorantes
2631 4314 2784 4370 enim
2812 4316 2916 4370 Dei
2929 4317 3231 4384 justitiam
3278 4323 3329 4371 et
3387 4330 3561 4371 suam

1910 4410 2163 4467 volentes
2188 4403 2831 4472 constituere,justitiai
2862 4402 2966 4459 Dei
2988 4419 3105 4459 non
3135 4410 3274 4459 sunt
3309 4403 3562 4473 subjecti

1912 4500 2104 4569 (Rom.
2135 4513 2199 4566 x,
2228 4499 2282 4563 2,
2324 4496 2400 4566 3).
2434 4493 2586 4559 Quid
2612 4493 2771 4547 enim
2796 4491 2956 4547 aliud
2997 4498 3055 4548 et
3083 4508 3190 4547 vos
3229 4508 3415 4565 quam
3433 4509 3565 4548 ves-

1913 4587 2095 4658 tramj
2110 4584 2368 4639 ustitiam
2383 4582 2557 4636 vultis
2568 4582 2950 4646 constituere,
2974 4582 3223 4652 quando
3236 4597 3357 4637 non
3370 4581 3564 4637 dicitis

1905 4672 2216 4750 justiﬁcari
2240 4672 2359 4727 nisi
2388 4686 2489 4726 eos
2519 4670 2623 4741 qui
2653 4670 2865 4725 avobis
2902 4670 3200 4741 potuerint
3226 4669 3561 4743 baptizari?

1916 4767 1978 4822 in
1991 4766 2103 4821 hac
2115 4778 2256 4833 ergo
2270 4759 2597 4833 apostolica
2610 4760 2900 4815 sententia
2912 4774 3097 4832 quam
3110 4761 3183 4816 de
3196 4762 3223 4815 J
3233 4761 3417 4818 udteis
3436 4777 3569 4832 pro-

1916 4856 2066 4922 tulit,
2094 4855 2206 4909 hoc
2236 4849 2951 4920 distatisaJudmis,quod
2978 4865 3083 4905 vos
3109 4851 3342 4907 habetis
3359 4854 3564 4907 Sacra-

1919 4948 2122 5000 menta
2133 4940 2485 5003 christiana,
2502 4938 2724 5012 quibus
2740 4937 2819 4994 illi
2832 4938 3030 4995 adhuc
3041 4942 3454 4996 carent.Caster
3465 4952 3565 4992 um

1918 5034 1996 5090 ad
2020 5035 2132 5088 hoc
2154 5032 2318 5104 quod
2332 5032 2431 5096 ait,
2460 5030 2809 5100 Ignorantes
2837 5029 2942 5085 Dei
2958 5028 3277 5098 justitiari,
3310 5035 3364 5083 et
3394 5043 3565 5083 suam

1919 5124 2176 5181 volentes
2193 5118 2562 5185 constituere,
2594 5126 2649 5173 et
2678 5117 2843 5190 quod
2871 5117 3062 5173 zelum
3089 5118 3197 5172 Dei
3217 5116 3570 5183 habent,sed

1922 5230 2040 5269 non
2051 5211 2370 5269 secundum
2385 5212 2711 5277 scientiam,
2728 5224 2901 5279 pares
2913 5207 3049 5262 estis
3062 5207 3331 5275 omnino,
3358 5222 3575 5279 excepc.

1923 5303 1993 5359 tis
2010 5298 2449 5366 duntaxatillis,
2468 5298 2834 5371 quicumque
2849 5296 2910 5350 in
2940 5294 3109 5350 vobis
3144 5300 3285 5349 sunt
3315 5296 3571 5351 scientes

1924 5391 2072 5464 quid
2085 5406 2291 5445 verum
2306 5388 2401 5453 sit,
2422 5394 2479 5443 et
2493 5402 2600 5458 pro
2615 5384 2991 5441 animositate
3009 5400 3132 5439 suae
3150 5384 3575 5455 perversitatis,

1926 5486 2135 5536 contra
2156 5478 2463 5534 veritatem
2484 5476 2665 5530 etiam
2677 5473 2786 5528 sibi
2800 5473 3179 5530 notissimam
3194 5473 3575 5533 dimicantes.

1928 5568 2152 5635 Horum
2176 5565 2705 5642 quippeimpietas,
2727 5564 2909 5621 etiam
2920 5561 3321 5641 idololatrian;
3332 5563 3577 5637 forsitan
