3996 6158
512 150 613 220 327

515 297 756 365 superat
776 293 818 347 ¹.
851 290 963 350 Sed
989 291 1133 363 quia
1158 306 1275 345 non
1293 289 1461 346 facile
1493 288 1766 345 convinci
1800 291 2052 361 possunt
2072 286 2156 358 (in

512 384 716 438 animo
730 396 991 452 namque
1008 378 1273 435 latethoc
1287 379 1562 448 malum),
1583 394 1792 434 omnes
1818 385 2107 451 tanquam
2122 393 2158 433 a

512 470 688 526 nobis
707 470 906 525 minus
931 468 1105 524 alieni
1120 467 1376 534 *,leniori
1390 469 1696 523 severitate
1709 467 2157 523 coercemini.Et

508 558 623 614 hoc
652 558 919 629 quidem,
942 557 1031 612 vel
1054 558 1127 612 de
1139 558 1423 612 omnibus
1446 556 1759 621 hmreticis,
1776 554 2156 627 quichristia-

509 650 599 703 nis
615 650 1012 704 Sacramentis
1025 649 1396 717 imbuuntur,
1418 652 1523 704 eta
1540 646 1749 703 Christi
1764 647 2002 703 veritate
2033 646 2155 700 sive

508 737 729 793 unitate
750 736 1126 803 dissentiunt,
1152 736 1568 792 velDonatistis
1583 735 1866 793 omnibus
1878 734 2151 791 dixerim.

582 832 668 881 tl.
702 826 873 892 Quod
901 833 1102 882 autem
1124 825 1204 881 ad
1245 841 1350 881 vos
1372 824 1600 892 attinet,
1646 825 1748 897 qui
1812 840 1931 880 non
1958 822 2154 879 solum

504 931 640 971 cum
663 914 773 970 illis
799 916 1198 970 communiter
1221 914 1538 969 Donatista:
1586 929 1623 969 a
1664 916 1913 980 Donato,
1946 927 2153 968 verum

504 1004 685 1059 etiam
740 1004 978 1075 proprie
1028 1003 1404 1073 Rogatistsea
1469 1005 1695 1072 Rogato
1742 1000 2149 1074 appellamini,

505 1093 767 1147 mitiores
796 1092 1035 1164 quidem
1066 1110 1198 1147 esse
1229 1091 1534 1155 videmini,
1567 1091 1864 1163 quiacum
1895 1090 2153 1145 Circum-

502 1181 823 1237 cellionum
847 1181 1299 1236 immanissimis
1322 1182 1604 1251 gregibus
1617 1196 1738 1236 non
1767 1179 2018 1250 saevitis;
2045 1178 2152 1234 sed

501 1270 667 1326 nulla
694 1271 905 1337 bestia,
930 1270 977 1324 si
993 1270 1291 1325 neminem
1321 1269 1603 1334 vulneret,
1627 1275 1941 1340 propterea
1984 1284 2153 1323 man-

502 1363 670 1413 sueta
708 1357 922 1412 dicitur
965 1357 1110 1429 quia
1158 1356 1365 1412 dentes
1404 1362 1461 1412 et
1501 1372 1732 1425 ungues
1786 1371 1905 1411 non
1945 1355 2147 1411 habet.

503 1446 722 1502 Saevire
761 1463 865 1501 vos
900 1445 1056 1501 nolle
1081 1445 1272 1500 dicitis
1297 1461 1311 1510 ;
1336 1460 1447 1514 ego
1497 1460 1615 1500 non
1647 1460 1827 1516 posse
1875 1444 2146 1500 arbitror.

500 1535 582 1591 ita
611 1535 768 1590 enim
802 1537 944 1589 estis
976 1550 1229 1590 numero
1259 1534 1474 1605 exigui,
1516 1541 1578 1589 ut
1610 1550 1845 1589 movere
1880 1550 1985 1589 vos
2013 1549 2151 1589 con-

500 1621 973 1678 traadversarias
997 1621 1165 1677 vobis
1190 1639 1243 1675 m
1256 1621 1597 1678 ultitudines
1612 1637 1729 1677 non
1744 1620 2148 1686 audeatis,etsi

498 1709 775 1781 cupiatis.
815 1710 927 1766 Sed
960 1726 1258 1781 ponamus
1281 1725 1388 1765 vos
1446 1710 1626 1765 etiam
1657 1708 1814 1765 nolle
1841 1708 2009 1781 quod
2027 1724 2147 1765 non

500 1798 738 1863 valetis;
771 1796 1613 1869 ponamnsvosevangelicam
1646 1798 2003 1853 sententiam
2023 1814 2147 1870 qua

494 1888 781 1958 scriptum
796 1888 975 1952 est,Si
998 1886 1129 1959 quis
1144 1887 1254 1942 tibi
1288 1889 1543 1944 voluerit
1574 1887 1843 1943 tunicam
1858 1888 2067 1945 tollere
2093 1895 2147 1945 et

482 1976 710 2046 judicio
750 1980 937 2032 tecum
957 1976 1331 2042 contendere,
1364 1975 1599 2033 dimitte
1646 1977 1746 2032 illi
1794 1982 1847 2033 et
1885 1977 2145 2045 pallium

493 2064 1003 2137 (Matth.v.40),sic
1016 2064 1454 2134 intelligere,sic
1472 2068 1691 2131 tenere,
1713 2071 1773 2120 ut
1788 2080 2146 2137 persequen-

494 2152 652 2209 tibus
667 2170 773 2209 vos
788 2169 908 2208 non
937 2152 1133 2208 solum
1157 2152 1321 2209 nulla
1340 2153 1577 2223 injuria,
1592 2169 1801 2209 verum
1822 2154 2002 2209 etiam
2018 2154 2145 2209 nul-

492 2242 688 2312 lojure
711 2242 1104 2298 resistendum
1150 2243 1401 2315 putetis;
1428 2242 1589 2297 hunc
1606 2247 1762 2299 certe
1780 2242 2141 2298 intellectum

493 2332 753 2401 Rogatus
772 2337 979 2387 auctor
993 2339 1183 2387 vester
1194 2337 1295 2387 aut
1311 2347 1430 2387 non
1443 2330 1784 2395 habuit.aut
1803 2346 1921 2386 non
1935 2331 2141 2403 imple-

494 2419 702 2492 vit,qui
721 2419 794 2474 de
810 2421 1010 2475 nescio
1023 2419 1245 2491 quibus
1256 2419 1735 2484 rebus,utdicitis
1749 2421 2143 2485 vestris,acer-

490 2506 644 2563 rima
658 2508 1305 2577 perseverantia,etiam
1323 2506 1545 2563 forensi
1558 2508 1986 2581 disceptatione
2004 2524 2140 2565 con-

489 2594 655 2652 ﬂixil.
678 2595 784 2651 Cui
802 2595 1176 2662 sidiceretur,
1191 2596 1331 2664 Quis
1353 2613 1620 2669 unquam
1637 2598 2055 2669 Apostolorum
2078 2599 2139 2654 in

487 2699 675 2753 causa
687 2685 827 2743 ﬂdei
842 2700 935 2740 res
946 2702 1087 2741 suas
1095 2685 1114 2754 j
1128 2684 1322 2741 udicio
1338 2684 1579 2757 publico
1592 2685 1855 2743 defendit
1869 2686 2060 2743 ?sicut
2077 2693 2137 2743 tu

487 2774 548 2830 in
574 2776 820 2847 epistola
835 2781 935 2831 tua
952 2776 1218 2846 posuisti,
1256 2775 1394 2841 Quis
1410 2791 1676 2847 unquam
1689 2778 2133 2847 Apostolorum,

486 2862 550 2919 in
571 2879 753 2921 causa
767 2864 908 2933 ﬁdei
928 2880 1020 2921 res
1035 2865 1267 2921 alienas
1281 2864 1503 2921 invasit
1515 2863 1544 2919 ‘l
1560 2864 1791 2921 nullum
1808 2866 2055 2938 quidem
2077 2867 2136 2921 in

485 2952 701 3008 divinis
717 2954 936 3009 Litteris
948 2954 1127 3025 hujus
1143 2954 1279 3010 facti
1295 2953 1580 3025 reperiret
1633 2954 1978 3026 exemplum
1997 2973 2011 3022 ;
2029 2954 2136 3010 sed

486 3046 683 3100 tamen
701 3043 848 3098 forte
878 3043 1169 3099 inveniret
1193 3042 1458 3115 aliquam
1475 3060 1675 3099 veram
1700 3042 2134 3110 defensionem,

475 3135 522 3188 si
540 3149 742 3190 veram
777 3133 1099 3188 Ecclesiam
1150 3134 1449 3201 retineret,
1490 3139 1546 3189 et
1577 3149 1697 3188 non
1723 3132 1831 3188 sub
1865 3133 2134 3190 Ecclesiae

480 3237 633 3277 verm
651 3221 1281 3291 nomiueimpudenter
1303 3221 1532 3294 aliquid
1569 3221 1923 3292 possideret.

547 3310 770 3365 CAPUT
795 3311 881 3364 IV.
911 3340 979 3349 —
1007 3314 1084 3364 t2.
1112 3310 1283 3374 Quod
1311 3320 1514 3365 autem
1541 3311 1797 3380 pertinet
1831 3310 1907 3365 ad
1959 3314 2132 3366 terre-

475 3413 693 3453 narum
726 3403 1084 3467 polestatum
1107 3399 1296 3467 jussa,
1345 3403 1554 3454 contra
1597 3398 2009 3453 schismaticos
2032 3405 2136 3456 aut

475 3485 787 3543 haereticos
802 3486 894 3541 vel
911 3487 1292 3559 impetranda
1311 3486 1768 3555 velexserenda,
1791 3486 1870 3542 illi
1885 3486 2135 3559 quidem

475 3592 513 3633 θ.
528 3576 751 3648 quibus
770 3592 874 3631 vos
896 3577 1215 3646 separastis
1228 3575 1567 3632 acerrimini
1583 3576 1844 3643 fuerunt,
1858 3583 1913 3632 et
1927 3583 2136 3635 contra

476 3680 605 3732 vos,
630 3666 1145 3738 quantumandire
1167 3665 1501 3736 potuimus;
1521 3670 1578 3721 et
1605 3674 1814 3722 contra
1838 3666 2135 3723 Maximia-

473 3756 648 3821 nitas,
669 3755 833 3827 quod
848 3756 1159 3811 Gestorum
1172 3753 1351 3810 etiam
1366 3754 1508 3809 certi
1531 3754 1827 3810 documen
1839 3756 1909 3809 tis
1924 3755 2135 3827 proba-

473 3859 610 3900 mus
635 3868 645 3899 :
676 3845 783 3899 sed
813 3850 1013 3900 tamen
1045 3844 1318 3900 nondum
1340 3844 1417 3899 ab
1433 3844 1517 3899 eis
1547 3844 1804 3916 separati
1832 3845 2130 3917 eratis(a),

471 3932 758 4004 quandoJ
771 3932 969 3989 uliano
984 3933 1327 4003 imperatori
1348 3933 1405 3988 in
1419 3949 1530 3989 sua
1544 3932 1823 4004 petitione
1837 3933 2130 4003 dixerunt,

472 4022 632 4093 quod
651 4021 817 4088 apud
841 4036 971 4076 eum
1002 4021 1371 4089 solajustitia
1410 4022 1602 4077 locum
1645 4021 1874 4078 haberet
1898 4038 1924 4088 ,'
1948 4038 2131 4094 quem

470 4115 626 4165 certe
643 4115 984 4180 apostatam
997 4115 1304 4174 noverant,
1320 4113 1376 4164 et
1396 4108 1744 4165 idololatriis
1758 4110 2026 4166 debitum
2046 4111 2131 4168 sic

470 4196 753 4254 videbant
778 4201 955 4252 utaut
986 4196 1275 4268 iustitiam
1302 4212 1431 4252 esse
1458 4196 1861 4253 idololatriam
1883 4198 2131 4255 fateren-

469 4291 776 4352 tur,autse
790 4284 1071 4341 scelerate
1098 4285 1378 4341 mentitos
1407 4301 1625 4355 negare
1651 4302 1769 4342 non
1789 4293 2130 4358 possent,ut

468 4375 629 4447 apud
662 4391 802 4431 eum
822 4376 1081 4430 dicerent
1108 4374 1295 4430 solum
1326 4374 1526 4431 locum
1548 4375 1773 4431 habere
1808 4375 2125 4448 justitiam,

469 4465 635 4536 apud
658 4481 841 4537 quem
871 4479 1160 4535 magnum
1184 4463 1383 4520 locum
1416 4469 1726 4521 cernerent
1747 4464 1965 4521 habere
2000 4466 2123 4521 ido-

467 4553 909 4609 lolatriam.Sed
932 4551 1105 4609 fuerit
1120 4552 1352 4608 errorin
1371 4553 1653 4618 verbo,de
1668 4551 1825 4609 facto
1839 4554 1969 4625 ipso
1981 4555 2126 4627 quid

466 4640 620 4696 dicis
642 4638 741 4698 ?Si
776 4640 1167 4711 nihiljustum
1191 4641 1269 4697 ab
1293 4640 1654 4713 imperatore
1672 4642 1997 4712 petendum
2017 4649 2124 4707 est,

464 4728 864 4785 curatuliano
879 4729 1128 4801 petitum
1142 4730 1647 4802 estquodjustum
1663 4735 1935 4802 putatum
1956 4736 2044 4787 est
2060 4734 2078 4766 ³
2097 4731 2125 4787 ‘l

528 4830 541 4860 ¹
580 4827 698 4891 Mss.
727 4828 965 4891 quinque
985 4826 1114 4891 Galli.
1147 4842 1159 4891 ς
1190 4827 1386 4876 Contra
1418 4827 1688 4877 veritatem
1712 4828 1865 4876 etiam
1892 4828 2126 4891 impieta-

463 4895 555 4939 tem
592 4888 889 4953 defendunt,
918 4903 1028 4951 qua:
1054 4890 1405 4938 idolotatriam
1440 4891 1663 4952 forsitan
1683 4895 1907 4952 superat.
1952 4888 2119 4941 Vatic.

466 4958 571 5003 tres
606 4966 615 5001 :
651 4952 849 5001 Contra
897 4954 1162 4999 veritatem
1197 4954 1350 5000 etiam
1379 4953 1479 5001 sibi
1512 4954 1832 5002 notissimam
1868 4952 2121 5002 dimican-

464 5021 551 5073 tes,
581 5016 895 5080 impietatem
920 5015 1216 5080 defendunt.
1246 5014 1446 5063 Horum
1480 5017 1685 5080 quippe,
1706 5019 1819 5080 etc.

525 5082 542 5108 ²
570 5080 623 5128 in
646 5076 765 5129 octo
794 5078 915 5127 Mss.
951 5076 1268 5140 :Tanquam
1297 5092 1449 5126 nona
1479 5076 1623 5127 nobis
1655 5079 1810 5125 nimis
1843 5076 2021 5125 alieni.

524 5142 595 5202 (a)
610 5143 740 5191 Hinc
754 5155 912 5204 porro
929 5140 1245 5203 intelligitur
1258 5140 1591 5203 Rogatistarn
1603 5155 1651 5188 in
1665 5140 1897 5204 schisma
1912 5152 2020 5204 non
2034 5154 2119 5188 ex-

461 5206 637 5251 ortum
659 5202 822 5253 fuisse
836 5208 959 5253 ante
971 5202 1173 5253 annum
1189 5202 1403 5261 361,3ub
1425 5205 1577 5265 cujus
1593 5204 1719 5252 anni
1734 5202 1893 5265 tinem
1908 5202 2117 5251 demor-

460 5265 552 5328 tuo
570 5266 878 5315 Constantio
899 5266 1147 5315 Julianus
1169 5279 1347 5315 rerum
1370 5264 1569 5328 potitus
1594 5269 1691 5313 est.
1720 5267 1792 5328 De
1813 5264 1904 5312 illa
1932 5268 2112 5328 autem

467 5323 856 5392 Donatistarum
882 5330 1182 5378 adulatoria
1208 5323 1479 5392 petitione,
1503 5327 1995 5392 quasupplicarunt
2013 5326 2116 5392 sibi

462 5389 938 5453 restituibasilicas
945 5392 1101 5453 jussu
1123 5388 1459 5440 Constantini
1472 5388 1602 5453 ipsis
1615 5388 1843 5453 ablatas,
1854 5388 2115 5453 legendus

462 5452 795 5510 augustinus
811 5453 864 5499 in
880 5452 969 5501 lib.
988 5456 1017 5501 2
1033 5458 1175 5503 cont.
1201 5455 1300 5502 litt.
1319 5452 1576 5509 Petiliani,
1595 5467 1640 5502 c.
1657 5454 1734 5507 92,
1750 5466 1800 5499 n.
1825 5452 1917 5499 203
1938 5466 2010 5509 ;c.
2030 5453 2112 5510 97,

459 5511 655 5585 n._2_24.
686 5516 739 5561 et
765 5513 824 5585 in
854 5516 1161 5585 ep_is__t._195.i
1180 5531 1231 5565 n.
1262 5518 1290 5564 9
1310 5530 1330 5585 _;
1353 5518 1587 5585 itemque
1612 5515 1839 5585 Optatus
1859 5514 1914 5563 in
1939 5516 2026 5565 lib.
2061 5516 2113 5565 2.

516 5574 539 5607 ³
556 5573 688 5625 Lov.
721 5573 818 5626 :Si
848 5573 981 5626 nihil
1003 5578 1252 5643 injustam
1271 5573 1335 5629 ab
1350 5573 1686 5642 Imperatori,
1709 5581 1831 5638 θὶς..
1847 5591 2107 5644 moxque.

2224 5138 2309 5187 res
2347 5138 2416 5187 Ed

1790 150 1849 217 ς.
1877 140 2273 218 AUGUSTINI
2316 140 2641 218 EpiscoPI
3757 146 3850 237 aes

2341 290 2426 345 l3.
2459 287 2547 343 An
2568 287 2681 342 hoc
2702 282 3029 358 petendum
3057 284 3163 346 est,
3191 282 3251 335 ut
3271 292 3377 333 sua
3388 276 3621 350 quisque
3640 293 3846 352 recupe-

2266 384 2369 443 ret,
2386 393 2506 432 non
2529 381 2592 432 ut
2615 374 2899 447 aliquem,
2920 387 3044 445 quo
3056 370 3135 426 ab
3156 368 3503 440 imperatore
3536 374 3847 435 coercealur,

2263 465 2538 521 accuset?
2554 464 2790 520 interim
2802 466 2859 518 et
2875 462 2932 517 in
2950 474 3199 515 suarum
3216 471 3409 512 rerum
3430 455 3844 526 recipiendarum

2265 553 2611 625 repetitione
2635 552 2713 608 ab
2740 548 3083 623 apostolicis
3101 543 3390 616 exemplis
3420 542 3703 609 receditur,
3730 546 3847 617 quia

2263 643 2377 699 hoc
2403 643 2609 699 fecisse
2626 636 3379 698 nemoinveniturillorum.
3396 632 3502 690 Sed
3532 638 3707 688 tamen
3733 650 3842 689 cum

2267 734 2523 803 majores
2555 731 2727 787 vestri
2763 731 2964 802 ipsum
3006 726 3393 783 Caecilianum
3444 729 3573 777 tunc
3618 721 3847 778 Ecclesia

2263 821 2742 893 Carthaginensis
2771 820 3145 892 episcopum,
3169 811 3851 885 cuitanquamcriminoso

2262 911 2708 967 communicare
2734 909 3073 973 noluerunt,
3096 905 3258 976 apud
3274 901 3590 976 principem
3612 902 3854 956 Constan-

2264 1001 2453 1056 tinum
2487 1016 2587 1071 per
2610 998 2933 1055 Anulinum
2964 992 3387 1069 proconsulem
3432 994 3853 1055 accusaverunt;

2263 1104 2384 1145 non
2410 1105 2501 1145 res
2542 1106 2681 1145 suas
2711 1089 2966 1145 amissas
3011 1087 3430 1158 repetiverunt,
3484 1080 3583 1134 sed
3613 1079 3853 1134 innocen-

2264 1184 2401 1242 tem,
2419 1180 2568 1234 sicut
2588 1177 3005 1233 existimamus
3027 1173 3243 1230 etsicnt
3258 1173 3384 1244 ipse
3402 1169 3742 1241 judiciorum
3762 1167 3862 1222 exi-

2265 1275 2355 1325 tus
2383 1268 2604 1333 docuit,
2662 1265 3033 1322 calumniose
3080 1262 3495 1334 appetiverunt
3539 1272 3691 1330 :quo
3735 1256 3859 1328 quid

2262 1358 2606 1413 sceleratius
2627 1355 2706 1411 ab
2727 1355 2811 1410 eis
2831 1354 2959 1410 ﬁeri
2990 1352 3220 1425 potuit?
3242 1350 3297 1405 Si
3329 1354 3549 1416 autem,
3572 1347 3710 1402 sicut
3736 1345 3862 1401 falso

2260 1446 2659 1514 arbritamini,
2691 1459 2824 1500 vere
2873 1442 3268 1500 criminosum
3293 1436 3679 1511 judicandum
3715 1439 3862 1490 terre-

2260 1538 2351 1593 nis
2383 1534 2771 1609 potestatibus
2798 1532 3191 1595 tradiderunt,
3237 1529 3384 1601 quid
3428 1526 3598 1583 nobis
3641 1522 3861 1595 objicitis

2258 1626 2422 1698 quod
2456 1630 2789 1680 vestrorum
2804 1621 3185 1694 praesumptio
3219 1617 3492 1690 primitus
3520 1614 3647 1670 fecit
3671 1613 3698 1669 τ
3725 1612 3861 1685 quod

2258 1731 2361 1771 eos
2390 1730 2510 1771 non
2542 1727 2931 1783 argueremns
2955 1709 3099 1782 quia
3137 1709 3423 1771 fecerunt,
3457 1704 3503 1760 si
3534 1719 3650 1760 non
3687 1700 3862 1757 animo

2257 1805 2460 1859 invido
2513 1809 2570 1859 et
2600 1802 2801 1867 noxio,
2868 1800 2973 1855 sed
3028 1796 3396 1855 emendandi
3455 1800 3512 1849 et
3564 1787 3864 1860 corrigendi

2259 1892 2560 1949 voluntate
2586 1892 2880 1947 fecissent.
2910 1890 3022 1945 Vos
3053 1890 3256 1945 autem
3285 1876 3863 1948 iudubitanterargui-

2256 1998 2412 2046 mus,
2444 1980 2666 2053 quibus
2691 1980 2915 2035 crimen
2947 1976 3182 2032 videtur
3220 1975 3292 2031 de
3340 1971 3597 2029 inimicis
3626 1982 3865 2025 commu-

2257 2072 2450 2126 nionis
2480 2075 2696 2125 nostras
2727 2067 3049 2123 christiano
3079 2063 3426 2136 imperatori
3475 2058 3699 2132 aliquid
3746 2070 3865 2112 con-

2252 2159 2441 2231 queri,
2474 2174 2613 2213 cum
2639 2155 2879 2212 libellus
2908 2171 2944 2210 a
3002 2152 3335 2224 majoribus
3376 2150 3587 2207 vestris
3644 2145 3866 2203 Anulino

2253 2246 2803 2319 proconsulidatus,
2819 2250 2876 2300 et
2893 2243 3275 2299 Constantino
3302 2238 3645 2312 imperatori
3672 2235 3867 2291 mitten-

2251 2340 2387 2404 dus,
2465 2338 2545 2394 ita
2614 2336 3059 2407 suprascriptns
3112 2335 3189 2388 sit
3235 2351 3248 2391 :
3304 2330 3567 2388 Libellus
3625 2325 3869 2383 Ecclesia

2251 2427 2578 2491 catholicae,
2629 2425 2948 2481 criminum
3004 2423 3338 2486 chiliani,
3373 2419 3634 2476 traditus
3662 2431 3699 2471 a
3724 2417 3869 2484 parte

2249 2514 2648 2589 Majorini(a).
2664 2513 3011 2569 Illosautem
3033 2512 3226 2583 magis
3250 2510 3390 2566 hinc
3414 2507 3741 2577 arguimus,
3754 2500 3871 2575 quia

2249 2622 2388 2662 cum
2426 2605 2590 2677 apud
2619 2604 3047 2675 Imperatorem
3103 2599 3255 2655 ultro
3301 2597 3685 2656 Caecilianum
3725 2605 3869 2648 accu-

2250 2701 2485 2752 sassent
2513 2696 2554 2761 1,
2578 2708 2761 2766 quem
2790 2691 2986 2764 primo
3001 2690 3202 2761 utique
3232 2687 3396 2759 apud
3426 2685 3687 2755 collegas
3708 2687 3872 2736 trans-

2249 2786 2516 2841 marinos
2543 2782 2895 2838 convincere
2942 2779 3301 2843 debuerunt,
3354 2778 3493 2848 ipso
3541 2775 3871 2843 imperatore

2242 2876 2420 2945 longe
2431 2870 2766 2929 ordinatius
2783 2873 3017 2940 agente,
3036 2868 3536 2939 utepiscoporum
3561 2875 3795 2919 causam
3806 2854 3871 2913 ad

2244 2981 2305 3019 se
2331 2960 2708 3027 delatam,ad
2734 2959 3054 3031 episcopos
3072 2956 3345 3021 mitteret,
3377 2971 3489 3011 nec
3521 2952 3658 3010 victi
3687 2962 3872 3023 pacem

2244 3068 2379 3108 cum
2395 3051 2677 3107 fratribus
2690 3048 2913 3104 habere
2927 3046 3271 3103 voluerunt:
3290 3046 3392 3100 sed
3414 3059 3627 3100 rursus
3642 3039 3717 3097 ad
3728 3052 3868 3094 eum-

2242 3141 2382 3197 dem
2414 3141 2835 3211 imperatorem
2868 3140 3157 3191 venerunt
3185 3149 3201 3200 ;
3233 3150 3445 3189 rursus
3478 3148 3603 3188 non
3643 3126 3877 3186 Cecilia-

2244 3247 2390 3287 num
2440 3234 2693 3292 tantum,
2727 3241 2931 3281 verum
2964 3224 3146 3280 etiam
3188 3224 3366 3279 datos
3408 3223 3527 3278 sibi
3584 3220 3872 3292 episcopos

2238 3320 2494 3391 judices,
2519 3316 2681 3388 apud
2706 3320 3003 3371 terrenum
3025 3328 3228 3383 regem
3258 3314 3702 3368 accusaverunt
3740 3319 3879 3374 ;ι·ιιι·⁸

2243 3424 2344 3462 sus
2365 3407 2443 3462 ab
2482 3405 2601 3461 alio
2640 3402 2965 3476 episcopali
3015 3400 3242 3472 judicio
3282 3399 3363 3456 ad
3389 3395 3878 3464 enmdemLimpe-

2243 3501 2502 3551 latorem
2547 3492 3025 3566 appellaverunt.
3056 3493 3171 3547 Nec
3224 3505 3295 3545 eo
3338 3489 3478 3559 ipso
3529 3488 3680 3542 inter
3709 3487 3879 3557 partes

2243 3589 2640 3653 cognoscente
2672 3587 2851 3653 atque
2874 3578 3206 3650 judicante,
3242 3577 3334 3633 vel
3366 3576 3606 3633 veritati
3654 3572 3737 3630 vel
3770 3567 3879 3643 paci

2241 3672 2579 3728 cedendum
2605 3687 2737 3727 esse
2769 3670 3087 3725 duxerunt.

2319 3765 2401 3818 14.
2454 3760 2604 3826 Quid
2656 3764 2856 3815 autem
2918 3757 3085 3813 aliud
3121 3759 3403 3812 statueret
3469 3748 3878 3812 Constantinus

2241 3851 2528 3909 adversus
2559 3847 2936 3905 Caecilianum
2964 3850 3021 3901 et
3060 3846 3254 3901 socios
3283 3843 3441 3914 ejus,
3468 3844 3517 3899 si
3549 3843 3749 3899 essent
3772 3851 3883 3893 ves-

2244 3940 2341 3996 tris
2369 3937 2699 4012 majoribus
2725 3934 3148 3992 accusantibus
3176 3932 3331 3997 victi,
3365 3948 3565 4005 quam
3603 3926 3767 4004 quod
3788 3929 3883 3980 sta-

2239 4028 2348 4085 tuit
2387 4029 2444 4083 in
2476 4044 2578 4083 eos
2605 4026 2790 4097 ipsos,
2832 4024 2932 4096 qui
2974 4038 3110 4078 cum
3137 4020 3289 4078 ultro
3329 4023 3753 4083 accussasent,
3790 4024 3882 4069 nec

2240 4132 2311 4173 ea
2322 4132 2457 4188 quas
2471 4112 2860 4171 intendebant
2878 4112 3134 4183 probare
3161 4109 3531 4181 potuissent,
3551 4098 3880 4164 noluerunt‘

2237 4204 2466 4262 veritati
2498 4205 2851 4267 consentire,
2878 4216 2987 4256 nec
3001 4198 3178 4255 victi?
3199 4198 3299 4254 Ille
3318 4198 3555 4271 quippe
3582 4196 3882 4267 imperator

2237 4290 2782 4368 primusconstituit
2810 4289 3208 4355 inhaccausa,
3233 4292 3298 4343 ut
3330 4302 3425 4342 res
3459 4287 3883 4347 convictorum,

2236 4390 2292 4439 et
2315 4382 2520 4438 unitati
2548 4377 2927 4452 pervicaciter
2957 4377 3383 4441 resistentium,
3440 4376 3599 4431 fisco
3646 4369 3885 4427 vindica-

2235 4476 2457 4528 rentur.
2482 4468 2599 4524 Sed
2632 4465 2899 4522 videlicet
2930 4466 2978 4520 si
3008 4463 3574 4534 vestrismajoribus
3620 4471 3888 4517 accusan-

2234 4563 2391 4619 tibus
2431 4564 2610 4631 atque
2653 4555 3098 4627 superantibus,
3138 4560 3346 4609 contra
3394 4551 3881 4608 communionem

2235 4649 2528 4707 Caeciliani
2557 4649 2882 4718 imperator
2915 4644 3031 4699 tale
3071 4642 3300 4714 aliquid
3339 4641 3736 4704 decrevisset,
3772 4648 3888 4708 pro-

2234 4740 2461 4796 visores
2484 4736 2776 4806 Ecclesiae,
2800 4733 3144 4789 defensores
3178 4731 3343 4803 pacis
3364 4736 3421 4787 et
3437 4731 3694 4787 unitatis
3715 4722 3888 4783 nomi.

2233 4827 2361 4885 nari
2394 4825 2637 4882 velletis.
2675 4827 2823 4881 Cum
2855 4838 2988 4877 vero
3016 4821 3074 4877 in
3094 4836 3197 4876 eos
3214 4819 3319 4892 qui
3355 4819 3514 4875 ultro
3539 4816 3885 4875 accusantes

2232 4916 2377 4972 nihil
2409 4915 2663 4988 probare
2695 4916 3037 4985 potuerunt,
3074 4926 3180 4965 nec
3216 4909 3423 4966 oblato
3494 4909 3617 4965 sibi
3672 4902 3885 4977 gremio

2227 5076 2369 5139 quod,
2393 5073 2641 5139 iniustum
2668 5075 2906 5139 putatum
2938 5075 3028 5139 est.
3060 5070 3161 5119 Sed
3196 5069 3383 5119 melius
3413 5069 3546 5119 Mss.
3568 5072 3623 5119 et.
3640 5062 3893 5129 antiquio-

2466 5175 2476 5185 .
2511 5134 2738 5200 utroque
2762 5134 2903 5200 loco,
2922 5135 3135 5200 justum.

2288 5204 2375 5312 (aL
2394 5200 2622 5270 Libellus
2651 5196 2722 5247 'de
2756 5197 2948 5269 quoin
2978 5198 3132 5258 epist.
3159 5196 3237 5252 88,
3277 5209 3330 5244 n.
3366 5196 3411 5243 2.
3529 5257 3539 5265 θ
3574 5255 3584 5265 .

2288 5268 2300 5297 ι
2381 5278 2464 5312 ov.
2487 5279 2497 5311 :
2522 5262 2650 5312 Outa
2682 5261 2824 5312 apud
2856 5263 3215 5312 imperatorem
3241 5260 3377 5306 ultro
3395 5255 3584 5304 Caedi

2286 5255 2305 5297 ί
2339 5255 2464 5313 Lov.
2487 5279 2497 5311 :
2522 5262 2650 5321 Quia
2682 5255 2824 5322 apud
2856 5255 3215 5322 imperatorem
3241 5260 3377 5306 ultro
3395 5255 3751 5322 Caeilianum
3766 5263 3892 5322 occur

2221 5312 2477 5375 iuverunt.
2508 5312 2570 5373 Et
2588 5312 2752 5372 mox‘:
2778 5323 2895 5384 Ipso
2925 5312 3092 5369 autem
3122 5320 3456 5384 lmperatore_,
3495 5322 3602 5384 etc.
3644 5312 3891 5384 At_parti-

2222 5389 2344 5439 cula
2372 5395 2538 5437 autem
2574 5388 2727 5436 abest
2763 5378 2947 5433 a'Mss.
2980 5384 3071 5447 qui
3108 5378 3231 5432 cum
3270 5388 3385 5432 Am.
3422 5382 3564 5430 Bad.
3603 5384 3661 5430 et
3704 5378 3785 5427 Er.
3820 5378 3889 5421 sic

2221 5451 2463 5502 habent:

2495 5449 2627 5509 Quia
2651 5464 2822 5498 eum...
2851 5452 3181 5495 accusarunt.
3213 5507 3218 5509 _
3459 5505 3472 5509 Α
3592 5508 3597 5509 ν
3624 5505 3635 5509 _
3732 5507 3739 5509 _
3835 5500 3845 5509 ο

2281 5517 2300 5548 ⁸
2335 5512 2463 5563 Edd.
2494 5505 2827 5563 z'Notuerunt
2853 5510 2989 5560 enim
3012 5507 3221 5559 veritati
3243 5505 3556 5557 consentire.
3574 5505 3749 5556 Abest
3766 5505 3891 5552 enim

2218 5590 2251 5628 ι
2280 5577 2427 5637 Μέθη
2458 5579 2511 5627 et
2536 5573 2932 5628 abesse-debet.
