4040 6174
432 130 443 139 ’⁷
465 106 575 166 339

451 246 524 287 ra
551 232 720 301 (Luc.
753 244 915 294 xvm,
946 229 1005 297 8)
1034 226 1062 281 ?
1112 226 1409 282 Dubitatio
1438 225 1599 281 enim
1632 228 1847 280 cuncta
1870 222 2103 277 scientis

452 325 722 376 nostram
747 318 805 373 in
838 317 936 372 illo
967 314 1405 370 dubitationem
1439 313 1867 386 praeﬁguravit,
1910 326 2106 384 quan-

455 410 533 466 do
548 408 805 465 Ecclesia
822 423 891 461 ex
907 404 1104 459 multis
1118 403 1191 459 de
1206 404 1423 476 quibus
1442 404 1694 459 multum
1710 400 2104 473 speravimus-

456 515 531 571 pe
555 492 1003 568 decepta,quod
1040 492 1203 548 aliter
1233 509 1417 565 quam
1448 492 1847 548 credebantur
1886 488 2107 543 inventi

458 594 615 654 sunt,
638 586 721 639 sic
748 581 1130 654 perturbatur
1164 582 1221 637 in
1248 580 1550 647 suis,utde
1582 580 1741 634 nullo
1756 578 1923 635 facile
1964 574 2111 632 boni

457 673 683 746 aliquid
706 671 844 726 velit
864 670 1122 726 credere.
1141 674 1303 742 Ipsos
1337 676 1535 726 tamen
1560 685 1816 741 quorum
1837 666 2113 722 inventu-

457 780 559 819 rus
588 766 675 817 est
697 760 879 815 ﬁdem
905 760 962 814 in
988 766 1160 825 terra,
1186 764 1483 830 pertotum
1498 773 1699 827 agrum
1721 772 1850 811 cum
1880 754 2116 811 zizaniis

459 866 745 914 crescere,
775 848 1051 904 dubitare
1083 847 1171 903 fas
1201 864 1322 903 non
1360 852 1465 903 est.

534 942 777 1010 34.1psa
807 943 893 993 est
912 953 1053 1008 ergo
1079 936 1678 1009 Ecclesia,quaeintra
1700 948 1991 1003 sagenam
2011 932 2121 987 do-

464 1030 746 1087 minicam
778 1044 915 1082 cum
944 1025 1115 1081 malis
1139 1026 1400 1097 piscibus
1422 1030 1604 1093 natat,
1633 1041 1667 1079 a
1689 1023 1913 1096 quibus
1943 1021 2122 1077 corde

464 1134 701 1190 semper
727 1122 781 1172 et
796 1116 1064 1172 moribus
1080 1120 1389 1186 separatur
1410 1121 1587 1187 atque
1601 1113 1947 1177 discedit,ut
1969 1110 2126 1166 exhi-

465 1209 677 1265 beatur
704 1206 827 1261 viro
855 1222 963 1259 suo
987 1204 1266 1274 gloriosa,
1293 1220 1411 1259 non
1428 1203 1657 1259 habens
1692 1201 1992 1258 maculam
2028 1215 2128 1255 ne-

466 1314 583 1371 que
614 1311 827 1365 rugam
856 1295 1034 1364 (Eph.
1062 1293 1640 1365 v,27).Corporalem
1664 1296 1863 1347 autem
1892 1304 2130 1361 separa-

448 1386 693 1453 ,tionem
720 1386 777 1439 in
812 1383 1003 1439 littore
1043 1383 1247 1449 maris,
1275 1383 1388 1438 hoc
1411 1390 1519 1449 est,
1552 1382 1609 1437 in
1636 1380 1753 1436 ﬁne
1776 1378 1974 1435 steculi
2006 1395 2131 1434 exs-

469 1480 666 1548 pectat
694 1473 932 1543 (Matth.
992 1488 1115 1537 X111,
1147 1472 1366 1543 47-49),
1403 1470 1710 1539 corrigens
1759 1484 1914 1541 quos
1940 1470 2135 1540 potest

472 1565 731 1620 tolerans
771 1578 925 1632 quos
958 1562 1275 1629 corrigere,
1322 1575 1444 1615 non
1491 1564 1681 1630 potest
1713 1576 1725 1614 :
1772 1573 1890 1613 non
1927 1562 2130 1611 tamen

474 1658 716 1725 propter
745 1666 955 1705 eorum
980 1666 1136 1721 quos
1168 1665 1287 1703 non
1317 1649 1555 1718 corrigit
1576 1647 1972 1721 iniquitatem,
1997 1645 2131 1716 ipsa

446 1742 775 1797 -bonorum
806 1738 1023 1795 deserit
1054 1739 1344 1795 initatem.

546 1830 776 1885 CAPUT
805 1830 862 1883 X.
887 1858 950 1867 -—
967 1832 1052 1881 35.
1070 1826 1345 1896 Noliergo
1362 1826 1553 1890 frater,
1572 1834 1779 1881 contra
1792 1823 2133 1879 divinatam

476 1919 809 1983 multa,tam
823 1916 1130 1982 clara,tam
1146 1915 1481 1970 indubitata
1496 1912 2137 1982 testimonia,colligere

476 2005 970 2061 vellecalumnias
1003 2020 1074 2059 ex
1102 2005 1524 2075 episcoporum
1560 2002 1821 2075 scriptis,
1855 2002 1973 2056 sive
1994 2016 2136 2056 nos-

434 2116 439 2121 λ
476 2102 725 2159 trorum,
751 2094 901 2148 sicut
948 2093 1177 2161 Hilarii;
1209 2093 1327 2147 sive
1359 2098 1684 2164 antequam
1728 2108 1870 2163 pars
1926 2088 2137 2146 Donati

475 2188 871 2255 separaretur,
888 2182 1076 2252 ipsius
1097 2182 1360 2247 unitatis,
1383 2182 1535 2236 sicut
1562 2180 1913 2252 Cyprianiet
1934 2179 2137 2248 Agrip-

477 2274 598 2344 pini
630 2290 644 2325 :
680 2272 894 2343 primo,
914 2272 1060 2342 quia
1084 2270 1199 2326 hoc
1217 2285 1409 2339 genus
1431 2269 1859 2326 litterarumab
1888 2268 2139 2324 auctori-

478 2366 592 2418 tate
607 2360 854 2416 canonis
868 2362 885 2395 ¹
903 2360 1396 2429 distinguendum
1410 2362 1653 2414 est.Non
1669 2358 1825 2413 enim
1840 2357 2136 2426 siclegun-

479 2456 591 2519 tur,
630 2455 920 2521 tanquam
957 2449 1038 2503 ita
1067 2465 1137 2503 ex
1157 2449 1238 2504 eis
1272 2448 1679 2504 testimonium
1697 2447 2050 2519 proferatur,
2076 2450 2137 2500 ut

477 2544 685 2595 contra
699 2538 917 2593 sentire
930 2553 1051 2593 non
1065 2537 1457 2603 liceat,sicubi
1472 2536 1615 2592 forte
1628 2536 1797 2593 aliter
1811 2539 2138 2607 sapuerunt

474 2644 659 2701 quam
674 2629 893 2683 veritas
911 2626 1191 2699 postulat.
1218 2629 1281 2681 In
1308 2642 1378 2681 eo
1396 2626 1621 2698 quippe
1642 2640 1888 2680 numero
1904 2640 2134 2688 sumus,

476 2725 539 2774 ut
552 2733 672 2773 non
688 2716 1083 2787 dedignemur
1094 2716 1275 2771 etiam
1293 2714 1466 2771 nobis
1482 2714 1709 2770 dictum
1750 2713 1827 2769 ab
1850 2715 1892 2768 A
1905 2712 2136 2786 postolo

476 2807 768 2878 accipere.
798 2806 870 2860 Et
901 2805 949 2860 si
993 2804 1139 2877 quid
1158 2805 1339 2860 aliter
1368 2804 1597 2872 sapitis,
1633 2803 1696 2859 id
1721 2818 1953 2875 quoque
1982 2804 2136 2858 Deus

477 2895 637 2952 vobis
666 2894 971 2951 revelabit.
1025 2894 1440 2950 Verumtamen
1471 2894 1531 2948 in
1561 2894 1721 2965 quod
1741 2891 2131 2962 pervenimus,

475 2986 540 3041 in
570 3000 634 3040 eo
660 2984 1028 3041 ambulemus
1056 2982 1382 3055 (Philippe.
1414 2999 1493 3049 iu,
1526 2983 1611 3047 15,
1650 2983 1735 3053 16)
1773 2998 1787 3047 ;
1823 2982 1882 3035 in
1916 2980 2013 3035 illa
2039 2980 2137 3035 via

475 3073 715 3140 scilicet,
756 3089 892 3143 quae
919 3078 1007 3127 est
1032 3071 1298 3129 Christus
1327 3088 1340 3127 :
1369 3071 1443 3127 de
1465 3086 1590 3143 qua
1619 3070 1715 3125 via
1745 3070 1825 3125 ita
1858 3068 2135 3124 Psalmus

472 3162 733 3235 loquitur
779 3163 937 3218 Deus
988 3162 1343 3218 misereatur
1378 3160 1591 3224 nostri,
1623 3165 1676 3215 et
1705 3159 2008 3215 benedicat
2037 3173 2139 3215 no-

475 3252 560 3308 bis
594 3270 612 3316 ;
644 3251 950 3310 illuminet
984 3252 1214 3305 vultum
1246 3266 1417 3305 suum
1445 3264 1624 3318 super
1652 3265 1778 3314 nos,
1804 3254 1868 3303 ut
1897 3263 2137 3317 cognos-

474 3357 677 3399 camus
707 3341 772 3396 in
815 3345 975 3395 terra
1024 3340 1182 3395 viam
1215 3344 1403 3401 tuam,
1441 3338 1505 3393 in
1556 3337 1820 3393 omnibus
1867 3336 2137 3408 gentibus

475 3432 748 3487 salutare
778 3435 945 3483 tuum
977 3427 1160 3497 (Psal.
1186 3443 1318 3491 va,
1344 3431 1396 3491 2,
1421 3427 1496 3495 3).

550 3522 639 3574 36.
671 3514 893 3572 Deinde
920 3515 966 3569 si
998 3515 1187 3571 sancti
1211 3515 1489 3587 Cypriani
1521 3513 1785 3586 episcopi
1810 3519 1867 3569 et
1897 3512 2139 3582 gloriosi

479 3607 759 3678 martyris
781 3610 834 3660 te
878 3604 1133 3660 delectat
1163 3604 1515 3673 auctoritas,
1554 3619 1741 3675 quam
1773 3602 2019 3675 quidem
2067 3601 2142 3657 si-

480 3700 579 3753 cut
606 3694 750 3761 dixi,
792 3711 827 3749 a
866 3694 1159 3750 canonica
1181 3694 1528 3749 auctoritate
1554 3692 1981 3763 distinguimus
2006 3706 2143 3758 ;cur

479 3786 541 3842 in
579 3801 650 3841 eo
682 3789 735 3840 te
765 3798 885 3839 non
916 3782 1192 3847 delectat,
1241 3783 1407 3855 quod
1449 3783 1738 3838 unitatem
1770 3782 1934 3838 orbis
1975 3786 2141 3837 terrae

481 3879 660 3947 atque
686 3872 959 3930 omnium
974 3872 1337 3942 gentium,et
1361 3871 1669 3941 diligendo
1697 3872 1904 3941 tenuit,
1932 3874 1990 3926 et
2027 3870 2141 3925 dis-

480 3962 754 4037 putando
792 3961 1059 4017 defendit
1092 3979 1103 4017 :
1139 3961 1303 4033 quod
1337 3977 1439 4017 eos
1483 3960 1586 4033 qui
1618 3977 1680 4015 se
1713 3960 2146 4032 tanquamjus-

484 4057 576 4108 tos
602 4052 679 4107 ab
710 4067 781 4106 ea
806 4065 1086 4121 separare
1144 4048 1489 4110 voluissent,
1537 4049 2059 4117 arrogantissimos
2088 4051 2147 4104 et

486 4138 951 4212 superbissimos
972 4137 1280 4208 judicavit,
1310 4136 1562 4192 irridens
1588 4152 1688 4192 eos
1710 4138 1824 4192 hoc
1846 4137 1956 4192 sibi
1982 4153 2144 4193 assu-

487 4244 670 4293 mere,
704 4228 869 4300 quod
900 4242 1009 4281 nec
1059 4225 1357 4297 Apostolis
1417 4226 1709 4280 concessit
1753 4227 2060 4290 Dominus,
2085 4230 2148 4281 ut

489 4323 626 4375 ante
668 4322 905 4387 tempus
928 4316 1153 4371 zizania
1173 4314 1535 4386 colligerent,
1565 4320 1666 4370 aut
1696 4316 2147 4387 tanquamipsis

486 4406 727 4479 paleam
762 4405 911 4461 ferre
940 4410 995 4460 et
1024 4420 1227 4460 aream
1256 4420 1511 4477 purgare
1552 4420 1909 4459 concessum
1938 4404 2149 4477 sit,pa-

486 4497 612 4553 leas
641 4499 1003 4552 conarentur
1046 4509 1083 4549 a
1136 4494 1328 4549 tritico
1385 4509 1710 4566 separare:
1744 4493 1907 4566 quod
1939 4509 2149 4549 unum-

488 4599 792 4658 quemque
806 4582 1066 4655 peccatis
1090 4581 1301 4637 alienis
1316 4581 1605 4637 maculari
1626 4597 1744 4637 non
1763 4598 1939 4653 posse
1956 4598 2151 4637 mons-

492 4674 685 4741 travit,
717 4688 891 4745 quam
920 4672 1032 4727 sibi
1059 4687 1271 4727 omnes
1309 4670 1509 4743 impia:
1534 4671 1841 4727 seditionis
1878 4679 2151 4727 auctores

490 4761 680 4818 solam
705 4778 952 4817 causam
989 4761 1388 4831 separationis
1418 4765 1739 4816 assumunt
1764 4776 1775 4816 :
1808 4761 1971 4832 quod
2002 4762 2060 4815 in
2079 4777 2150 4816 eo

488 4851 641 4925 ipso,
678 4851 737 4905 in
766 4866 887 4922 quo
914 4849 1084 4904 aliter
1112 4847 1329 4920 sapuit,
1355 4848 1613 4921 collegas
1638 4848 1874 4905 diversa
1901 4851 2153 4905 sentien-

487 4946 595 5007 tes,
630 4955 740 4997 nec
763 4938 1145 5010 judicandos,
1181 4938 1489 5008 necajure
1507 4939 1949 4994 communionis
1980 4955 2151 4995 amo-

486 5030 716 5087 vendos
742 5043 873 5084 esse
903 5026 1163 5082 decrevit
1188 5042 1201 5080 :
1243 5027 1409 5098 quod
1444 5027 1502 5081 in
1534 5043 1606 5081 ea
1639 5028 1768 5098 ipsa
1798 5027 2049 5099 epistola
2073 5028 2149 5084 ad

485 5118 869 5183 Jubaiauum,
898 5133 1036 5189 quae
1058 5116 1118 5171 in
1140 5116 1390 5171 concilio
1409 5115 1515 5185 (a),
1542 5116 1711 5187 cujus
1730 5116 2149 5173 auctoritatem

487 5208 564 5265 ad
604 5206 1094 5280 rebaptizandum
1128 5205 1298 5277 sequi
1327 5220 1431 5259 vos
1468 5205 1681 5270 dicitis,
1714 5205 1986 5277 primitus
2010 5208 2151 5263 reci—

488 5301 609 5353 tata
635 5302 894 5359 est,cum
922 5294 1250 5351 fateaturin
1284 5294 1647 5365 praeteritum
1667 5294 1747 5348 sic
1774 5310 1905 5349 esse
1928 5295 2147 5351 admis-

488 5400 588 5439 sos
620 5384 677 5439 in
713 5384 1033 5440 Ecclesiam
1062 5384 1164 5456 qui
1184 5383 1419 5438 fuerant
1449 5382 1587 5437 alibi
1628 5382 1928 5454 baptizati,
1965 5389 2027 5439 ut
2047 5385 2152 5440 de-

488 5487 611 5527 nuo
656 5488 777 5528 non
817 5473 1283 5544 baptizarentur,
1334 5471 1491 5527 unde
1534 5470 1661 5526 illos
1693 5474 1820 5527 sine
1851 5474 2151 5546 Baptismo

550 5580 565 5611 ¹
596 5579 718 5627 Mss.
753 5578 987 5627 melioris
1018 5583 1156 5627 nota:
1180 5578 1398 5633 habent,
1431 5594 1463 5627 α
1498 5578 1775 5630 canonicis.

552 5643 622 5706 (α)
661 5641 979 5704 Carthagine
1015 5641 1214 5696 habito,
1252 5654 1339 5691 an.
1381 5643 1490 5691 256.

1747 98 1811 155 s.
1856 94 2241 173 AUGUS'HNI
2280 96 2595 157 EPISCOPI

3700 148 3703 151 -
3720 108 3814 166 3&0

2218 222 2403 280 fuisse
2434 226 2753 281 arbitratur
2791 247 2801 290 ;
2841 229 3073 283 tantum
3108 228 3307 281 tamen
3334 225 3493 295 ponit
3521 227 3749 286 utilitatis
3771 238 3819 288 et

2217 312 2582 370 salubritatis
2613 315 2671 369 in
2700 331 2848 386 pace
2883 315 3177 380 Ecclesiae,
3209 318 3271 369 ut
3302 321 3531 386 propter
3560 316 3817 377 illamnon

2219 418 2323 459 eos
2365 404 2565 458 credat
2597 404 2675 459 ab
2708 403 2973 460 Ecclesiae
3003 402 3354 459 muneribus
3381 404 3673 474 separari?

2292 494 2379 548 37.
2410 495 2534 558 Qua
2555 493 2613 549 in
2633 510 2713 559 re,
2732 494 3205 564 sicutingenium
3228 500 3392 548 tuum
3418 494 3823 559 novi,facillime

2222 582 2508 653 perspicis
2532 588 2713 638 totam
2728 600 2974 638 causam
2992 589 3252 638 vestram
3273 582 3498 652 penitus
3515 598 3759 641 eversam
3780 592 3828 675 εἰ

2225 672 2594 727 exstinctam.
2612 672 2671 727 Si
2697 673 2855 728 enim
2898 674 3285 729 Sacramenta
3307 687 3440 726 cum
3464 668 3828 742 peccatoribus

2225 761 2754 828 communicando,
2793 760 3207 833 sicutputatis,
3241 760 3410 832 periit
3438 760 3679 816 Ecclesia
3716 778 3831 833 quis

2230 848 2419 905 fuerat
2440 849 2498 904 in
2521 850 2665 906 orbe
2697 858 2989 906 terrarum
3012 849 3177 922 (nam
3199 865 3306 905 vos
3340 848 3470 905 ideo
3509 852 3831 921 separastis),

2225 939 2350 1010 jam
2379 940 2546 1011 prius
2571 945 2691 997 tota
2717 941 3157 1013 perierat,cum,
3183 941 3334 996 sicut
3356 940 3493 996 dicit
3517 940 3832 1013 Cyprianus,

2233 1029 2292 1084 in
2307 1044 2438 1085 eam
2458 1030 2582 1086 sine
2599 1032 2898 1103 Baptismo
2913 1029 3381 1086 admittebantur
3404 1047 3415 1085 :
3435 1045 3501 1085 ac
3515 1031 3590 1085 sic
3613 1045 3711 1085 nec
3731 1030 3835 1101 ipse

2234 1118 2565 1189 Cyprianus
2579 1119 2905 1175 habebatin
2920 1136 3043 1193 qua
3057 1116 3315 1174 Ecclesia
3328 1122 3649 1175 nasceretur
3662 1134 3840 1191 ;quan-

2236 1213 2294 1263 to
2318 1207 2511 1277 magis
2527 1208 2716 1264 multo
2746 1209 3037 1281 posterior
3057 1214 3247 1265 vester
3261 1212 3463 1263 auctor
3478 1216 3740 1278 paterque
3753 1207 3841 1261 Do-

2237 1297 2526 1353 natus?Si
2562 1297 2874 1353 autemillo
2910 1304 3193 1370 tempore,
3226 1313 3364 1352 cum
3394 1297 3450 1351 in
3466 1312 3589 1352 eam
3614 1295 3731 1351 sine
3754 1297 3839 1351 Ba-

2238 1386 2462 1458 ptismo
2476 1386 2961 1452 admittebantur,
2981 1393 3106 1443 erat
3124 1393 3321 1444 tamen
3342 1384 3609 1450 Ecclesia,
3626 1400 3743 1457 quae
3760 1399 3844 1456 pa-

2240 1480 2391 1530 reret
2421 1474 2810 1547 Cyprianum,
2828 1481 3128 1547 pareretet
3152 1476 3473 1539 Donatum,
3502 1473 3842 1528 manifestum

2240 1570 2328 1619 est
2353 1579 2475 1619 non
2501 1565 2900 1621 contaminari
2916 1566 3110 1636 justos
3126 1564 3333 1620 alienis
3355 1561 3845 1634 peccatis,quando

2241 1669 2379 1709 cum
2391 1654 2473 1708 eis
2487 1655 2870 1710 Sacramenta
2892 1654 3363 1710 communicant.
3386 1657 3464 1707 Ac
3479 1668 3578 1723 per
3590 1651 3693 1706 hoc
3708 1665 3847 1721 sepa-

2240 1743 2531 1797 rationem
2557 1759 2677 1815 qua
2707 1744 2909 1799 existis
2961 1744 3039 1799 ab
3064 1744 3307 1809 unitate,
3351 1757 3473 1814 qua
3520 1739 3851 1797 excusatione

2242 1830 2483 1903 possitis
2511 1832 2752 1888 abluere
2785 1849 2903 1887 non
2924 1833 3173 1895 habetis,
3215 1831 3609 1903 impleturque
3633 1828 3685 1883 in
3708 1827 3849 1883 vobis

2246 1924 2464 1976 sanctae
2495 1922 2808 1993 Scripturie
2827 1921 2971 1976 illud
2985 1920 3296 1977 oraculum
3322 1936 3336 1975 :
3357 1920 3546 1976 Filius
3570 1918 3740 1972 malus
3754 1915 3853 1985 ipse

2245 2025 2305 2065 se
2317 2011 2549 2079 justum
2566 2010 2731 2075 dicit,
2764 2011 2989 2067 exitum
3019 2016 3215 2067 autem
3239 2026 3416 2066 suum
3445 2024 3561 2063 non
3578 2006 3743 2063 abluit
3767 2004 3849 2074 (a).

2319 2102 2405 2155 38.
2432 2100 2644 2155 Meritis
2667 2106 2866 2155 autem
2895 2099 3173 2172 Cypriani
3197 2100 3280 2155 sic
3314 2114 3437 2155 non
3468 2102 3740 2168 aequatur,
3768 2094 3849 2165 qui

2246 2194 2489 2260 propter
2503 2190 2670 2259 paria
2699 2188 3088 2244 Sacramenta
3108 2205 3213 2244 nec
3227 2189 3393 2259 ipsos
3406 2186 3698 2242 hmreticos
3709 2182 3855 2237 audet

2248 2278 2635 2349 rebaptizare,
2660 2278 2811 2333 sicut
2840 2295 2959 2334 non
2992 2283 3267 2349 aequatur
3300 2277 3524 2332 meritis
3557 2270 3855 2343 Petri,quis-

2246 2368 2381 2439 quis
2403 2383 2523 2422 non
2548 2369 2704 2438 cogit
2725 2374 2930 2439 gentes
2958 2368 3293 2439 judaizare.
3330 2367 3444 2424 Sed
3469 2365 3563 2421 illa
3602 2362 3734 2418 Petri
3760 2374 3856 2415 non

2244 2462 2478 2511 tanturn
2502 2457 2882 2525 claudicatio,
2903 2473 3107 2512 verum
3132 2458 3309 2511 etiam
3339 2453 3618 2511 correctio
3632 2450 3855 2519 Scriptu-

2246 2546 2327 2601 ris
2354 2549 2659 2601 canonicis
2676 2548 3036 2603 continetur:
3068 2546 3401 2618 Cyprianus
3426 2550 3618 2600 autem
3637 2538 3857 2597 sensisse

2246 2636 2412 2691 aliter
2436 2636 2509 2691 de
2539 2636 2869 2707 Baptismo,
2892 2652 3079 2708 quam
3106 2635 3302 2691 forma
3317 2640 3379 2690 et
3404 2629 3751 2689 consuetudo
3776 2627 3855 2680 ha-

2244 2726 2426 2782 bebat
2452 2725 2743 2791 Ecclesiae,
2775 2741 2897 2781 non
2919 2725 2978 2780 in
3009 2723 3340 2789 canonicis,
3385 2722 3489 2777 sed
3521 2721 3576 2775 in
3600 2721 3711 2774 suis
3738 2714 3855 2770 etin

2244 2814 2474 2872 concilii
2503 2814 2708 2871 litteris
2758 2814 3089 2880 invenitur;
3123 2814 3454 2870 correxisse
3492 2817 3682 2867 autem
3710 2807 3855 2861 istam

2246 2906 2601 2960 sententiam
2618 2920 2736 2959 non
2756 2903 2813 2959 in
2824 2903 3197 2969 venitur,non
3214 2903 3674 2974 incongruenter
3693 2902 3857 2951 tamen

2244 2995 2319 3051 de
2351 2994 2448 3049 tali
2485 2994 2611 3049 viro
2641 2992 3107 3048 existimandum
3148 2997 3238 3047 est
3264 2991 3436 3065 quod
3479 2984 3790 3046 correxerit,
3817 2985 3860 3035 et

2244 3084 2492 3140 fortasse
2520 3098 2909 3154 suppressum
2956 3081 3029 3137 sit
3067 3081 3144 3137 ab
3180 3082 3265 3137 eis
3299 3080 3409 3153 qui
3443 3080 3554 3135 hoc
3590 3088 3766 3133 errore
3792 3068 3860 3125 ni-

2246 3172 2435 3228 mium
2466 3170 2740 3226 delectati
2769 3175 2928 3238 sunt,
2969 3175 3024 3226 et
3070 3176 3234 3226 tanto
3264 3169 3432 3226 velut
3459 3162 3765 3241 patrocinio
3791 3174 3861 3212 ca-

2246 3277 2372 3317 rere
2426 3259 2763 3316 noluerunt.
2825 3261 3187 3332 Quanquam
3224 3275 3351 3315 non
3406 3259 3597 3315 desint
3638 3253 3731 3326 qui
3771 3250 3862 3306 hoc

2248 3351 2606 3422 Cyprianum
2635 3365 2881 3421 prorsus
2925 3365 3045 3405 non
3087 3348 3352 3404 sensisse
3384 3345 3752 3406 contendant,
3781 3336 3863 3393 sed

2247 3439 2361 3494 sub
2377 3438 2509 3509 ejus
2543 3438 2784 3493 nomine
2823 3454 2859 3494 a
2890 3437 3435 3509 praesumptoribus
3462 3442 3636 3508 atque
3660 3427 3861 3488 tuenda-

2247 3528 2420 3584 cibus
2444 3527 2624 3583 fuisse
2650 3528 2992 3583 conﬁctum.
3027 3530 3226 3598 Neque
3245 3526 3412 3582 enim
3445 3527 3527 3581 sic
3558 3521 3864 3596 potuitinte-

2249 3618 2429 3689 gritas
2460 3623 2639 3689 atque
2662 3617 2871 3673 notitia
2907 3616 3233 3672 litterarum
3278 3616 3463 3672 unius
3502 3605 3863 3687 quamlibetilv

2248 3706 2449 3763 lustris
2460 3706 2729 3778 episcopi
2754 3705 3593 3776 custodiri,quemadmodum
3611 3700 3865 3769 Scriptura

2251 3797 2563 3856 canonica.
2592 3799 2679 3851 tot
2703 3795 3043 3866 linguarum
3079 3794 3309 3863 litteris,
3341 3800 3400 3850 et
3426 3793 3649 3859 ordine,
3690 3792 3742 3844 et
3765 3798 3866 3840 suc-

2251 3886 2520 3941 cessione
2532 3884 2950 3941 celebrationis
2965 3883 3387 3939 ecclesiastica:
3404 3880 3745 3942 custoditur,
3761 3887 3869 3931 con-

2253 3978 2341 4029 tra
2362 3989 2549 4046 quam
2578 3978 2777 4028 tamen
2793 3988 2912 4028 non
2939 3971 3275 4038 defuerunt,
3305 3972 3410 4044 qui
3443 3962 3866 4025 subnominibus

2253 4062 2678 4135 Apostolorum
2706 4060 2894 4117 multa
2930 4059 3341 4129 conﬁngerent
3380 4052 3866 4128 :frustraquidem.

2254 4152 2390 4223 quia
2408 4152 2506 4208 illa
2532 4151 2613 4207 sic
2635 4150 3080 4215 commendata,
3106 4150 3187 4205 sic
3205 4149 3531 4213 celebrata,
3550 4148 3625 4202 sic
3640 4142 3867 4200 notaest;

2256 4257 2460 4297 verum
2499 4240 2643 4312 quid
2668 4239 2856 4310 possit
2892 4239 3184 4295 adversus
3213 4237 3460 4303 litteras,
3495 4228 3871 4293 noncanonica

2255 4329 2599 4386 auctoritate
2621 4328 2924 4392 fundatas,
2959 4327 3137 4383 etiam
3168 4326 3309 4382 hinc
3339 4322 3760 4382 demonstravit
3788 4318 3869 4370 im-

2256 4420 2369 4491 piae
2400 4423 2650 4474 conatus
2676 4416 2967 4484 audacias,
3011 4415 3175 4489 quod
3215 4421 3271 4471 et
3310 4416 3608 4472 adversus
3636 4409 3869 4479 easiqutﬁ

2219 4558 2237 4569 .
2260 4513 2424 4565 tanta
2454 4507 2674 4563 notitiae
2716 4505 2870 4562 mole
2900 4506 3150 4561 ﬁrmatae
3176 4510 3336 4571 sunt,
3379 4519 3511 4559 sese
3538 4503 3749 4572 erigere
3775 4506 3868 4553 non

2260 4596 2656 4668 praetermisit.

2331 4692 2418 4744 39.
2445 4690 2559 4742 Nos
2609 4691 2805 4741 tamen
2835 4684 2989 4740 duas
3030 4684 3109 4740 ob
3134 4701 3251 4750 res,
3296 4700 3421 4741 non
3450 4696 3735 4752 negamus
3757 4669 3870 4730 illud

2259 4778 2520 4833 sensisse
2565 4775 2931 4847 Cyprianum
2968 4792 2980 4830 :
3024 4774 3189 4846 quod
3231 4780 3289 4830 et
3340 4774 3510 4829 stilus
3570 4772 3693 4842 ejus
3726 4762 3872 4822 habet

2258 4865 2590 4938 quamdam
2612 4864 2917 4936 propriam
2940 4862 3152 4919 faciem
3179 4878 3301 4935 qua
3330 4862 3524 4934 possit
3552 4855 3780 4929 agnosci
3807 4853 3874 4918 ;el

2220 5016 2231 5023 ,
2258 4956 2422 5028 quod
2453 4954 2532 5009 ibi
2558 4952 2751 5023 magis
2768 4959 2971 5009 contra
2985 4968 3092 5008 vos
3109 4957 3308 5007 nostra
3331 4967 3517 5007 causa
3538 4948 3872 5004 demonstra-

2260 5049 2354 5099 tur
2383 5042 2673 5115 inviptior,
2703 5048 3029 5114 vestrasque
3068 5040 3470 5113 separationis
3503 5029 3871 5111 prmsumptio.

2260 5134 2529 5189 videlicet
2560 5148 2631 5187 nc
2661 5130 3111 5187 macularemini
3138 5130 3401 5202 peccatis
3420 5128 3648 5191 alienis,
3681 5127 3786 5179 tota
3812 5117 3875 5172 fa-

2260 5223 2473 5279 cilitate
2500 5220 2880 5289 subvertitur,
2905 5236 3041 5275 cum
3066 5224 3316 5291 apparet
3348 5220 3409 5273 in
3436 5216 3653 5274 Litteris
3675 5213 3876 5283 Cypria-

2321 5329 2391 5388 (a)
2422 5328 2572 5377 Prov.
2596 5340 2719 5375 xxiv
2733 5325 2955 5375 secund.
2976 5324 3481 5390 LXX.Absunthr_ec
3493 5320 3781 5390 aYulgata;

2258 5385 2675 5452 habenturapud
2702 5390 2825 5438 LXX
2837 5426 2848 5445 ,
2863 5390 3063 5438 inserta
3080 5390 3214 5437 inter
3225 5388 3431 5452 νεεδ.εὲ
3444 5389 3494 5435 et
3511 5385 3587 5438 23.
3606 5385 3874 5452 ubi-gracile

2258 5458 2435 5503 textus
2468 5456 2541 5502 ita
2561 5442 2661 5501 fert
2690 5467 2700 5500 :
2746 5442 2979 5512 lc‘cg'onon
3008 5466 3159 5499 cacon
3184 5451 3390 5512 dicaion
3422 5442 3790 5512 contriuerint,

2258 5516 2504 5564 d'exodon
2542 5520 2699 5563 nutant
2716 5508 3135 5575 ouk'apenipsen.
3159 5514 3325 5573 Quem
3354 5511 3535 5575 locum
3560 5508 3871 5575 Hieroni???

2259 5561 2457 5631 ini—lib:
2478 5561 2501 5626 ti
2536 5561 2807 5627 adversus
2825 5561 3008 5640 Pelag:
3033 5561 3077 5626 c.
3106 5561 3199 5630 ηῗ
3226 5561 3351 5624 citat
3390 5574 3474 5640 his
3501 5570 3670 5621 verbis
3698 5582 3709 5616 :
3736 5561 3873 5615 Filius

2258 5641 2442 5700 malus,
2480 5642 2674 5705 justum
2698 5655 2748 5691 se
2782 5641 2926 5704 facit,
2958 5638 3009 5689 et
3043 5653 3150 5689 non
3185 5640 3323 5689 lavat
3354 5638 3548 5687 exitum
3572 5644 3730 5683 suum.
