3996 6158
181 122 250 181 ul
1361 110 1869 174 EPISTOLARUM
1910 113 2202 173 CLASSIS
2242 118 2309 174 II.

167 247 229 312 ni,
254 242 679 302 communicata
736 257 862 298 esse
914 257 1049 298 cum
1095 242 1512 314 peccatoribus
1561 243 1763 297 Sacra-

162 340 344 398 menta,
375 349 506 389 cum
545 330 796 387 admissi
817 332 1026 386 suntin
1060 331 1400 399 Ecclesiam,
1426 330 1530 405 qui
1554 343 1765 385 secun-

158 424 276 479 dum
303 429 572 486 vestram,
626 425 684 476 et
733 423 884 475 sicut
940 421 1127 483 vultis,
1182 421 1337 475 illius
1390 419 1762 483 sententiam,

159 513 483 583 Baptismum
509 525 629 565 non
645 508 966 574 habebant,
999 515 1056 564 et
1077 513 1274 564 tamen
1309 509 1628 564 Ecclesiam
1644 521 1762 562 non

156 601 362 672 perisse,
399 599 498 654 sed
539 599 598 654 in
634 599 724 652 sui
755 599 988 667 generis
1011 597 1294 667 dignitate
1324 613 1429 668 per
1460 602 1646 652 totum
1673 610 1765 650 or-

154 690 264 744 bem
302 703 502 758 sparsa
547 687 847 743 dominica
871 685 1170 742 frumenta
1202 687 1512 742 mansisse.
1548 687 1629 740 Ac
1658 698 1765 756 per

153 778 243 832 hoc
269 776 309 830 si
338 775 655 848 perturbati
696 781 986 846 tanquam
1021 774 1096 830 ad
1125 775 1386 848 aliquem
1422 779 1660 847 portum
1679 773 1762 827 sic

151 864 212 921 ad
241 863 630 920 auctoritatem
661 863 942 935 Cypriani
978 863 1319 933 confugitis,
1345 862 1558 918 videtis
1580 876 1760 934 quem

149 953 242 1008 illic
260 951 560 1023 scopulum
591 958 781 1007 vester
814 968 978 1007 error
1001 951 1360 1019 offendat;si
1406 958 1606 1008 autem
1632 950 1758 1019 jam

150 1041 373 1096 necilluc
402 1040 721 1112 confugere
776 1040 1029 1105 audetis,
1089 1041 1214 1096 sine
1268 1041 1387 1097 ullo
1436 1038 1760 1096 luctamine

148 1130 498 1200 naufragatis.

202 1239 277 1292 40.
291 1239 458 1292 Porro
473 1241 679 1292 autem
692 1237 1048 1309 Cyprianus,
1066 1241 1297 1292 autnon
1312 1234 1759 1292 sensitomnino

147 1325 276 1399 quod
298 1341 428 1382 eum
446 1326 707 1382 sensisse
721 1325 980 1381 recitatis
1005 1332 1136 1392 ;aut
1159 1327 1270 1382 hoc
1285 1331 1494 1397 postea
1505 1324 1760 1380 correxit

146 1417 190 1469 in
216 1415 400 1486 regula
414 1416 669 1472 veritatis
685 1432 698 1480 ;
714 1416 989 1471 authunc
1001 1416 1173 1487 quasi
1192 1431 1430 1471 nmvum
1448 1415 1536 1469 sui
1554 1413 1758 1470 candi-

143 1502 338 1559 dissimi
355 1507 609 1574 pectoris
621 1504 928 1576 cooperuit
944 1506 1122 1560 ubere
1135 1503 1500 1570 charitatis,d
1511 1519 1611 1557 um
1629 1502 1759 1556 uni-

145 1597 292 1647 tatem
312 1592 584 1648 Ecclesim
610 1599 729 1649 toto
745 1593 889 1649 orbe
911 1595 1311 1659 crescentis,et
1341 1590 1755 1663 copiosissime

145 1680 1144 1752 defendit,etperseverantissimeten
1155 1683 1234 1738 uit
1248 1682 1554 1738 vinculum
1568 1679 1755 1752 pacis;

144 1771 386 1842 scriptum
408 1777 500 1826 est
530 1772 709 1836 enim,
744 1773 1018 1829 Charitas
1038 1774 1290 1842 cooperit
1311 1769 1754 1829 multitudinem

143 1865 478 1926 peccatorum
518 1864 560 1932 (1
578 1862 732 1920 Petr.
761 1879 840 1931 ιν,
861 1864 912 1932 8)
949 1863 1211 1919 Accessit
1228 1862 1349 1918 huc
1368 1860 1569 1925 etiam,
1590 1858 1756 1930 quod

143 1953 388 2019 tanquam
415 1957 790 2006 sarmentum
810 1950 1432 2016 fructuosissimum,si
1450 1948 1597 2021 quid
1612 1948 1670 2002 in
1685 1963 1755 2003 eo

146 2036 295 2091 fuerat
323 2038 754 2107 emendadum,
771 2042 1048 2110 purgavit
1071 2039 1399 2095 Paterfalce
1423 2037 1750 2110 passionis:

145 2126 477 2182 Sarmentum
513 2128 691 2194 enim,
714 2129 791 2183 ait
813 2129 1118 2196 Dominus,
1133 2128 1363 2200 quodin
1377 2144 1462 2183 me
1479 2128 1756 2196 dalfruc-

144 2219 481 2286 tum,purgat
516 2216 672 2272 illud
693 2219 875 2274 Pater
887 2233 1068 2283 meus,
1095 2224 1159 2273 ut
1178 2219 1465 2288 majorem
1487 2217 1754 2287 fructum

141 2303 310 2372 afferat
333 2307 536 2371 (Joan.
553 2309 741 2377 xv,2).
761 2307 944 2374 Unde,
971 2307 1237 2379 nisiquia
1253 2306 1486 2361 hmrens
1504 2306 1563 2360 in
1585 2305 1757 2360 diffu-

142 2392 271 2447 sione
286 2393 426 2458 vitis,
457 2394 730 2451 radicem
749 2412 867 2451 non
894 2394 1448 2452 deseruitunitatis?
1474 2394 1756 2465 Namjetsi

143 2481 600 2555 traderetcorpus
630 2501 805 2539 suum
836 2486 1164 2549 utarderet,
1190 2485 1539 2540 charitatem
1555 2488 1756 2539 autem

145 2585 235 2624 non
262 2570 520 2638 haberet,
550 2573 699 2628 nihil
730 2574 781 2628 ei
818 2575 1129 2646 prodesset
1161 2574 1204 2635 (Ι
1239 2576 1373 2630 Cor.
1402 2589 1523 2638 xm,
1555 2573 1630 2642 3).

195 2658 520 2717 “Attende
549 2663 749 2718 adhuc
772 2663 1080 2736 paululum
1101 2665 1159 2718 in
1196 2662 1754 2735 LitterasCypriani,

143 2750 456 2807 utadvertas
487 2767 681 2824 quam
710 2751 1666 2822 inexcusabilem'ostenderit,qui
1694 2767 1756 2806 se

143 2836 341 2895 voluerit
356 2841 432 2895 ab
449 2842 679 2897 unitate
695 2843 966 2897 Ecclesim
981 2843 1184 2915 (quam
1211 2842 1365 2896 Deus
1390 2842 1445 2896 in
1470 2840 1754 2896 omnibus

140 2928 373 2993 gentibus
403 2930 685 3001 promisit
714 2936 768 2987 et
821 2931 1120 3002 reddidit),
1157 2931 1337 3003 quasi
1363 2930 1606 3001 justitise
1632 2946 1756 2984 sum

140 3028 286 3073 causa
308 3033 612 3088 separare,
645 3019 964 3092 magisque
987 3019 1280 3090 intelligas
1310 3036 1493 3092 quam
1519 3019 1595 3074 sit
1619 3034 1758 3074 vera

138 3107 385 3163 sententia
413 3109 604 3180 paulo
636 3114 772 3165 ante
802 3127 836 3166 a
875 3125 968 3165 me
1004 3114 1476 3166 commemorata
1507 3125 1518 3163 :
1564 3108 1757 3164 Filius

138 3196 296 3251 malus
330 3197 523 3268 ipsese
523 3200 764 3268 justum
782 3199 944 3263 dicit,
975 3200 1197 3255 exitum
1218 3205 1416 3256 autem
1438 3213 1608 3254 suum
1637 3213 1756 3253 non

138 3282 313 3339 abluit.
340 3286 505 3342 Ponit
535 3287 600 3342 in
614 3287 880 3359 quadam
897 3289 1147 3360 epistola
1163 3304 1274 3344 sua
1313 3303 1499 3360 quam
1522 3286 1757 3359 scripsit

139 3372 196 3425 ad
209 3376 751 3440 Autonianum,rem
770 3377 1102 3449 quamdam
1117 3377 1258 3433 satis
1271 3377 1353 3432 rei
1366 3378 1440 3432 de
1457 3393 1579 3450 qua
1597 3391 1758 3432 nunc

137 3461 330 3529 agimus
360 3466 763 3521 necessariam
791 3488 802 3530 ;
837 3465 942 3522 sed
970 3467 1181 3522 melius
1203 3467 1330 3538 ejus
1345 3466 1525 3521 verba
1552 3465 1758 3521 inseri-

141 3565 262 3605 mus.
275 3554 316 3608 Α
327 3554 715 3620 ntecessores,i
725 3556 862 3628 nqui
874 3561 910 3626 t,
920 3555 1111 3611 nostri
1129 3556 1369 3629 quidam
1386 3557 1459 3612 de
1471 3555 1756 3624 episcopis

139 3635 276 3695 isthic
318 3643 378 3697 in
403 3643 720 3711 provincia
745 3651 972 3710 nostra,
997 3645 1255 3700 dandam
1282 3659 1485 3713 pacem
1518 3643 1758 3699 maschis

140 3743 228 3782 non
251 3738 635 3798 putaverunt,
659 3739 712 3788 et
735 3735 795 3788 in
826 3739 1005 3789 totum
1027 3733 1389 3803 paenitentia
1415 3734 1606 3789 locum
1623 3747 1757 3789 con-

139 3819 213 3870 tra
243 3820 538 3878 adulteria
567 3822 911 3878 clauserunt
935 3843 954 3879 :
985 3839 1103 3878 non
1117 3828 1313 3878 tamen
1336 3838 1372 3878 a
1400 3823 1754 3890 coepiscopo-

138 3919 242 3960 rum
263 3923 496 3966 suorum
512 3910 762 3981 collegio
777 3917 1162 3977 recesserunt,
1192 3915 1293 3966 aut
1327 3910 1638 3967 catholicm
1650 3911 1757 3968 Ec-

138 3993 292 4051 clesia
320 3999 606 4054 unitatem
628 3999 718 4056 vel
737 4000 960 4057 duritie
985 4000 1480 4056 velcensw'sesua.v
1500 3999 1756 4056 obstina-

137 4080 262 4140 tione
285 4094 602 4154 ruperunt,
634 4094 696 4143 ut
727 4089 865 4159 quia
918 4089 1085 4158 apud
1108 4090 1258 4145 alios
1306 4088 1598 4144 adulteris
1625 4105 1754 4158 pax

137 4170 366 4239 dabatur,
403 4177 509 4248 qui
548 4192 670 4232 non
719 4177 913 4245 dabat,
950 4179 1020 4233 de
1036 4178 1305 4234 Ecclesia
1341 4184 1749 4246 separaretur.

135 4259 372 4321 Manente
401 4266 740 4322 concor-dim
771 4268 1028 4332 vinculo,
1057 4274 1109 4323 et
1129 4274 1537 4334 perseverante
1551 4269 1753 4324 catho-

136 4348 238 4404 lica
261 4354 539 4412 Ecclesia
564 4356 876 4412 individuo
915 4365 1308 4424 sacramento,
1344 4366 1546 4413 actum
1577 4372 1749 4414 suum

133 4436 343 4505 disponit
364 4451 416 4500 et
457 4444 670 4515 dirigit
686 4446 1089 4517 unusquisque
1115 4446 1751 4514 episcOpus,rationem
1819 4486 1827 4493 -

134 4533 379 4594 propositi
394 4535 494 4588 sui
513 4535 765 4589 Domino
778 4534 1104 4590 reddituris
1129 4535 1341 4604 (Epist.
1376 4534 1486 4605 5'2).
1506 4536 1549 4600 Ο
1561 4536 1656 4590 uid
1672 4537 1750 4591 ad

134 4613 402 4686 hmcdicis,
419 4623 599 4678 frater
614 4622 920 4678 Vincenti?
935 4627 1152 4694 Nempe
1167 4622 1412 4679 intueris
1437 4625 1596 4679 hunc
1619 4629 1752 4679 tan-

135 4711 232 4761 tum
270 4710 481 4776 virum,
517 4713 834 4783 paciﬁcum
865 4714 1242 4783 episcopum,
1277 4718 1333 4768 et
1355 4713 1746 4769 fortissimum

134 4803 418 4869 martyrem
460 4800 609 4856 nihil
649 4801 1059 4856 vehementius
1101 4803 1407 4870 sategisse,
1461 4819 1646 4873 quam
1676 4820 1748 4860 ne

135 4887 336 4942 unitatis
391 4890 698 4945 vinculum
745 4897 1144 4962 rumperetur.
1208 4892 1380 4945 Vides
1413 4907 1550 4945 eum
1612 4909 1746 4962 par-

135 4973 433 5048 turientem,
469 4995 589 5034 non
609 4978 802 5034 solum
824 4984 885 5033 ut
910 4980 1140 5049 parvuli
1155 4979 1212 5034 in
1229 4980 1462 5038 Christo
1476 4982 1747 5052 concepti

135 5073 437 5134 nascantur,
459 5083 661 5122 verum
677 5069 856 5124 etiam
891 5084 963 5124 ne
983 5069 1111 5139 jam
1133 5070 1274 5134 nati,
1301 5069 1374 5124 de
1390 5069 1524 5125 sinu
1541 5070 1746 5125 matris

135 5155 358 5223 excussi,
399 5155 748 5212 moriantur.

187 5251 259 5303 42.
292 5253 460 5308 Porro
488 5260 688 5310 autem
715 5254 910 5325 ipsam
950 5271 1074 5309 rem
1095 5270 1281 5327 quam
1302 5255 1746 5327 contraimpios

134 5346 468 5406 separatores
501 5344 1011 5413 commemoravit,
1056 5343 1314 5398 attende.
1369 5345 1424 5400 Si
1462 5345 1746 5401 adulteris
1809 5361 1833 5374 "

135 5429 751 5504 communicabant,qui
770 5432 1195 5503 paenitentibus
1221 5433 1505 5488 adulteris
1536 5450 1746 5506 pacem

137 5510 349 5582 dabant,
385 5521 675 5592 numquid
707 5521 786 5577 illi
807 5522 908 5594 qui
932 5521 1046 5576 hoc
1073 5537 1191 5577 non
1227 5521 1546 5592 faciebant,
1569 5523 1748 5580 colle-

140 5599 218 5670 gio
245 5607 689 5666 maculabantur
709 5608 999 5667 istorum?
1024 5611 1071 5666 si
1100 5615 1321 5676 autem,
1347 5612 1512 5684 quod
1534 5613 1746 5669 veritas
1806 5626 1831 5640 "

3417 119 3522 175 342

1877 235 2079 305 habet,
2107 247 2161 296 et
2199 242 2360 313 quod
2393 244 2654 300 Ecclesia
2694 243 2908 300 merito
2940 248 3124 314 tenet,
3188 247 3345 298 recte
3375 241 3537 314 poeni

1877 329 2134 385 tentibus
2164 332 2446 389 adulteris
2487 349 2604 406 pax
2665 334 2941 400 dabatur,
2983 334 3063 388 illi
3101 333 3201 405 qui
3242 333 3301 387 in
3344 337 3529 387 totum

1873 416 2072 473 locum
2107 421 2473 491 pmnitentim
2526 429 2735 479 contra
2785 423 3086 478 adulteros
3144 420 3527 485 claudebant,

1872 506 2054 574 impie
2072 510 2272 581 utique
2286 513 2671 584 agebant,qui
2688 512 2971 568 membris
2987 510 3194 566 Christi
3213 510 3529 565 sanitatem

1871 597 2193 666 negabant,
2221 605 2276 654 et
2305 601 2501 656 claves
2528 602 2799 657 Ecclesim
2816 601 3197 672 pulsantibus
3217 599 3527 654 subtrahe-

1871 684 2034 750 bant,
2064 691 2119 741 et
2160 688 2738 745 misericordissimm
2765 690 3061 761 patientiae
3093 690 3361 760 Dei,qum
3391 687 3522 741 illos

1869 781 2183 846 propterea
2210 778 2441 834 sinebat
2471 781 2687 845 vivere,
2718 785 2780 835 ut
2801 779 3144 850 paenitendo
3167 782 3523 832 sanarentur

1869 864 2160 920 sacrificio
2221 869 2456 923 contriti
2515 868 2758 940 spiritus
2803 873 2859 922 et
2889 866 3267 922 contribulati
3321 865 3519 920 cordis

1867 953 2086 1019 oblato,
2115 955 2265 1011 dura
2279 957 2622 1014 crudelitate
2640 956 3151 1014 contradicebant.
3185 957 3298 1010 Nec
3317 958 3518 1009 tamen

1866 1042 2010 1098 istos
2045 1045 2456 1101 misericordes
2487 1052 2542 1102 et
2574 1046 2877 1117 paciﬁcos,
2909 1061 3048 1100 cum
3081 1045 3164 1099 eis
3194 1043 3519 1099 christiana

1868 1132 2252 1190 Sacramenta
2304 1137 2836 1200 communicantes,
2871 1140 2924 1190 et
2956 1150 3058 1190 eos
3087 1135 3240 1189 intra
3274 1131 3517 1187 unitatis

1862 1219 2009 1275 retia
2038 1221 2379 1288 tolerantes,
2413 1225 2605 1280 donec
2635 1226 2707 1280 ad
2768 1224 2928 1279 littus
2961 1222 3230 1294 perducti
3273 1236 3514 1292 separa-

1867 1314 2089 1377 rentur,
2115 1313 2233 1365 tam
2269 1311 2553 1368 immanis
2582 1329 2791 1368 eorum
2818 1327 2981 1367 error
3029 1315 3084 1366 et
3114 1310 3395 1380 impietas
3424 1310 3508 1364 in-

1864 1399 2181 1470 quinabat;
2236 1407 2339 1456 aut
2386 1401 2434 1456 si
2466 1403 2844 1474 inquinabat,
2895 1401 3018 1472 jam
3051 1404 3190 1455 tunc
3257 1398 3512 1455 Ecclesia

1865 1488 2162 1543 malorum
2183 1491 2607 1546 communione
2631 1490 2824 1546 deleta
2843 1495 2952 1555 est,
2983 1505 3092 1543 nec
3115 1493 3388 1559 eratqum
3411 1503 3514 1559 pa-

1864 1581 2015 1632 reret
2045 1576 2242 1648 ipsum
2257 1579 2712 1650 Cyprianum.Si
2735 1585 2960 1647 autem,
2975 1577 3136 1650 quod
3163 1583 3389 1632 certum
3405 1580 3509 1640 est,

1865 1665 2191 1735 permansit
2206 1668 2710 1733 Ecclesia,certum
2724 1674 2810 1724 est
2824 1668 2996 1724 etiam
3014 1667 3268 1738 peccatis
3287 1665 3511 1730 alienis,

1863 1754 1922 1808 in
1941 1755 2159 1810 unitate
2178 1754 2386 1811 Christi
2401 1757 2705 1812 neminem
2725 1772 2904 1828 posse
2920 1754 3234 1823 maculari,
3249 1769 3370 1809 non
3386 1769 3516 1810 ma-

1863 1842 2059 1899 lorum
2076 1844 2242 1900 factis
2273 1848 2766 1912 consentientem,
2799 1863 2874 1901 ne
2896 1846 3041 1918 ipsis
3073 1844 3329 1917 peccatis
3352 1859 3516 1900 com-

1865 1932 2232 1989 municando
2254 1934 2573 2006 polluatur,
2590 1936 2692 1992 sed
2709 1942 2949 2007 propter
2967 1935 3310 1991 societatem
3329 1933 3513 1990 bono-

1863 2038 2020 2087 rum,
2055 2023 2243 2078 malos
2301 2027 2593 2096 tanquam
2637 2024 2841 2096 paleas
2893 2039 3079 2095 usque
3122 2024 3198 2079 ad
3245 2022 3511 2078 ultimam

1863 2111 2299 2167 ventilationem
2316 2112 2372 2167 in
2387 2113 2835 2169 areadominica
2853 2112 3370 2176 tolerantem.Qum
3384 2126 3512 2165 cum

1863 2199 1944 2254 ita
1981 2199 2115 2265 sint,
2149 2201 2247 2255 ubi
2295 2207 2380 2256 est
2414 2201 2801 2272 prmsumptio
2832 2200 3229 2272 separationis
3261 2200 3514 2256 vestrm?

1863 2291 2067 2344 Nonne
2089 2288 2190 2344 ﬁlii
2232 2289 2558 2358 maliestis;
2594 2290 2826 2362 ipsivos
2851 2290 3045 2360 justos
3061 2289 3273 2355 dicitis,
3289 2289 3511 2345 exitum

1863 2383 2062 2433 autem
2084 2382 2342 2433 vestrum
2375 2394 2496 2433 non
2528 2378 2768 2434 abluitis
2795 2379 2824 2434 ?

1934 2469 2020 2522 43.
2043 2466 2174 2522 Jam
2196 2467 2241 2522 si
2256 2467 2434 2522 velim
2448 2466 2614 2523 etilla
2633 2482 3108 2523 commemorare
3126 2481 3257 2540 quae
3291 2467 3515 2538 Tycho-

1864 2555 2020 2622 nius,
2044 2555 2229 2611 homo
2259 2556 2702 2612 communionis
2735 2560 2963 2622 vestrm,
2997 2555 3225 2628 scriptis
3275 2557 3397 2611 suis
3425 2557 3515 2614 in-

1863 2645 2022 2709 serit,
2048 2644 2148 2716 qui
2183 2645 2374 2716 magis
2405 2651 2615 2701 contra
2645 2661 2750 2700 vos
2779 2661 2883 2716 pro
2915 2645 3173 2701 Ecclesia
3226 2645 3520 2703 catholica

1863 2733 2119 2806 scripsit,
2154 2734 2372 2789 frustra
2420 2750 2483 2789 se
2509 2735 2587 2790 ab
2610 2734 2906 2801 Afrorum,
2958 2734 3131 2807 quasi
3165 2735 3520 2792 traditorum

1863 2822 2290 2877 communione
2307 2838 2644 2892 secernens,
2657 2839 2781 2895 quo
2797 2839 2917 2878 uno
2931 2839 3070 2878 cum
3091 2824 3521 2881 Parmenianus

1863 2909 2116 2966 suﬁ‘ocat
2140 2928 2152 2976 ;
2182 2910 2329 2982 quid
2354 2911 2720 2981 respondere
2773 2911 3055 2982 poteritis,
3083 2912 3198 2966 nisi
3262 2912 3421 2983 quod
3447 2914 3522 2970 de

1865 2998 2031 3053 vobis
2061 2998 2220 3053 idem
2246 2999 2584 3070 Tychonius
2613 2999 2853 3067 dixit,et
2879 3014 2990 3068 ego
3005 3000 3184 3071 paulo
3198 3006 3331 3055 ante
3351 3016 3524 3058 reco-

1862 3087 1983 3143 lui:
2028 3087 2194 3155 Quod
2224 3089 2490 3144 volumus
2512 3095 2782 3144 sanctum
2811 3094 2891 3144 est
2920 3089 2947 3144 ?
2980 3088 3190 3143 Scribit
3223 3089 3384 3144 enim
3425 3090 3523 3147 ille

1863 3175 2221 3248 Tychonius,
2246 3177 2451 3243 homo,
2483 3181 2548 3232 ut
2577 3177 2719 3242 dixi,
2746 3183 2954 3233 vestrm
2987 3178 3452 3245 communionis,
3487 3195 3524 3236 a

1862 3265 2135 3321 ducentis
2164 3270 2220 3322 et
2245 3266 2618 3337 septuaginta
2647 3265 2945 3338 episcopis
2966 3266 3176 3322 vestris
3202 3268 3522 3324 concilium

1864 3353 2204 3424 Carthagini
2252 3354 2621 3411 celebratum
2669 3354 2787 3427 (a):
2821 3354 2882 3409 in
2936 3370 3059 3426 quo
3114 3354 3366 3410 concilio
3421 3371 3525 3428 per

1865 3443 2246 3515 septuaginta
2290 3449 2346 3499 et
2398 3444 2665 3516 quinque
2705 3443 2832 3498 dies
2863 3443 3211 3515 postpositis
3241 3443 3525 3500 omnibus

1865 3533 2166 3604 prmteritis
2177 3575 2190 3598 ,
2207 3532 2474 3588 limatam
2497 3549 2627 3588 esse
2641 3532 2996 3588 sententiam
3011 3541 3188 3604 atque
3201 3533 3521 3601 decretam,

1866 3626 1929 3676 ut
1955 3621 2338 3677 traditoribus
2370 3621 2652 3677 immensi
2691 3620 2958 3677 criminis
2986 3621 3121 3687 reis,
3160 3621 3208 3676 si
3232 3621 3525 3693 baptizari

1864 3709 2107 3776 nollent,
2138 3725 2246 3780 pro
2299 3709 2542 3780 integris
2582 3709 3146 3765 communicaretur.
3182 3711 3524 3767 Deuterium

1864 3798 2042 3854 etiam
2099 3798 2568 3854 Macrianensem
2602 3799 2621 3834 ι
2666 3799 3023 3870 episcopum
3077 3799 3524 3854 communionis

1865 3891 2090 3951 vestrm,
2115 3886 2256 3942 dicit
2293 3887 2649 3942 traditorum
2695 3887 2932 3958 plebem
2967 3894 3393 3957 congregatam
3422 3889 3524 3942 Ec-

1863 3975 2057 4032 clesim
2089 3975 2422 4044 miscuisse,
2440 3979 2496 4031 et
2521 3976 2855 4032 secundum
2872 3975 3257 4032 statutaillius
3283 3975 3518 4032 concilii

1862 4081 1899 4121 a
1928 4066 2200 4121 ducentis
2232 4071 2287 4121 et
2333 4066 2712 4136 septuaginta
2761 4064 3057 4137 episcopis
3110 4065 3319 4120 vestris
3358 4065 3515 4131 facti,

1862 4154 2069 4210 fecisse
2099 4171 2236 4210 cum
2272 4153 2658 4211 traditoribus
2702 4154 2987 4210 unitatem
3037 4153 3212 4226 eique
3247 4154 3518 4210 Deuterio

1862 4250 1997 4316 post
2030 4244 2143 4300 hoc
2175 4244 2396 4300 factum
2423 4244 2643 4314 jugiter
2682 4242 3162 4299 communicasse
3179 4245 3474 4298 Donatum
3496 4261 3513 4314 ;

1862 4348 1972 4387 nec
2003 4331 2200 4387 solum
2227 4332 2365 4387 huic
2402 4331 2694 4395 Deuterio,
2720 4331 2823 4386 sed
2840 4330 3018 4386 etiam
3035 4330 3327 4385 universis
3360 4333 3516 4386 Mau—

1922 4440 1938 4471 ¹
1965 4438 2117 4495 Lov.,
2146 4438 2537 4486 Macrinensem.
2557 4438 2621 4485 At
2646 4436 2772 4486 Bad.
2797 4439 2912 4484 Am.
2939 4435 3028 4489 Er.
3059 4438 3112 4484 et
3126 4435 3272 4493 Mss.,
3292 4434 3514 4484 Macria-

1859 4515 2080 4548 nensem.

1924 4564 1994 4623 (α)
2026 4561 2242 4610 Nullum
2265 4561 2388 4610 alibi
2421 4561 2649 4624 reperire
2671 4563 2750 4609 est
2774 4559 3056 4624 vestigium
3087 4559 3294 4624 concilii
3313 4559 3508 4624 hujus:

1860 4622 2004 4696 quOd
2027 4624 2244 4696 quidem
2258 4637 2364 4696 non
2382 4622 2504 4672 ante
2521 4636 2724 4696 agnum
2738 4623 2829 4696 3ξο
2850 4622 3175 4696 celebratum
3190 4622 3516 4696 fuissenvide-

1857 4685 1946 4736 tur
1973 4702 1985 4743 ;
2013 4685 2276 4750 siquidem
2296 4690 2530 4750 tempore
2547 4685 2820 4750 Tychonii,
2841 4685 3069 4750 quipost
3090 4698 3293 4750 annum
3315 4687 3404 4734 380
3422 4687 3516 4750 flo-

1859 4750 2030 4798 ruisse
2060 4747 2377 4812 ihtelligitur
2397 4747 2458 4797 ex
2481 4747 2771 4802 Gennadio,
2806 4765 2829 4794 α
2851 4747 3027 4796 adhuc
3057 4749 3309 4798 vivebant
3339 4747 3508 4806 multi,

1860 4830 1883 4857 α
1908 4817 1964 4859 ut
1987 4812 2070 4860 hic
2083 4811 2517 4875 aitAu’gustinus,
2542 4823 2780 4875 perquos
2793 4812 3155 4875 certissimaet
3174 4811 3512 4875 apertissima

1860 4893 1882 4919 ι
1906 4888 2022 4923 esse
2043 4874 2468 4937 ostenderentur,
2486 4892 2511 4919 ι)
2534 4873 2654 4937 qum
2675 4873 2761 4921 ille
2790 4873 3132 4922 obtendebat.
3157 4873 3308 4937 Certe
3335 4874 3512 4937 Dona-

1857 4937 2103 5000 tistarum
2128 4936 2378 4994 schisma,
2405 4935 2704 5000 quod‘anno
2716 4935 3353 5000 305excitatum,nonnisi
3367 4947 3509 4982 anno

1858 4999 1942 5062 311
1969 4998 2196 5061 perfecte
2228 4998 2444 5055 coaluit}
2465 4999 2700 5062 eratjam
2722 4999 3030 5048 roboratum
3062 5003 3113 5046 et
3134 4998 3364 5062 maxime
3386 5008 3509 5062 con-

1856 5057 2148 5125 ﬁrmatum,
2169 5075 2290 5109 cum
2327 5065 2509 5111 tantus
2544 5057 2917 5125 epiSCOporum
2947 5073 3206 5125 numerus
3237 5061 3292 5125 in
3320 5057 3510 5125 urbem

1856 5123 2045 5172 Africm
2081 5125 2386 5186 primariam
2414 5121 2681 5178 convehit.
2713 5121 2790 5173 uti
2813 5127 2953 5172 recte
2977 5123 3224 5186 observat
3252 5121 3512 5186 Henricus

1857 5182 2118 5250 Valesius,
2146 5187 2237 5250 qui
2269 5187 2498 5236 subinde
2519 5186 2787 5250 synodum
2815 5187 2971 5250 istam
2999 5184 3065 5232 ad
3087 5182 3275 5250 Donati
3297 5182 3510 5250 Cartha-

1856 5249 2097 5322 ginensis
2127 5244 2367 5322 tempore.
2391 5244 2654 5322 pertinere
2686 5247 3112 5322 contendit,‘non.
3139 5249 3317 5317 autem
3341 5244 3512 5322 adap-

1856 5307 1987 5360 num
2009 5311 2116 5367 308,
2139 5315 2201 5360 ut
2230 5307 2472 5360 Balduini
2495 5316 2544 5360 et
2574 5311 2780 5359 Baronii
2802 5309 3006 5358 ferebat
3029 5307 3228 5371 opinio,
3251 5311 3515 5371 concepta

1858 5387 1921 5445 ex
1934 5373 2033 5422 hoc
2050 5373 2165 5445 ipso
2187 5375 2472 5445 Augustini
2491 5373 2605 5445 loco
2623 5371 2915 5445 nonprobe
2933 5369 3332 5445 intellecto,pbi
3365 5369 3516 5419 vale-

1857 5437 1968 5484 sius
1992 5433 2174 5500 vellet
2201 5433 2456 5500 sic'legiﬂ:
2483 5452 2509 5500 ς
2556 5435 2656 5484 Sed
2692 5433 2853 5483 etiam
2891 5434 3164 5500 universis,
3204 5433 3512 5500 Maurorum

1861 5514 1886 5544 ‹
1919 5499 2199 5562 episcOpis,
2224 5513 2291 5561 qu
2303 5496 2632 5562 os'dicitper
2659 5510 2832 5562 annos
2849 5496 3224 5562 quadraginta,
3255 5511 3424 5561 usque
3446 5496 3515 5562 a_d

1863 5577 1888 5606 α
1916 5559 2337 5624 persecutionem
2367 5575 2461 5624 per
2490 5559 2802 5619 Macarium,
2832 5559 2976 5624 sete.
2994 5559 3172 5610 Lectio
3191 5559 3370 5624 tamen
3393 5559 3515 5624 vul-

1861 5623 2004 5689 gata,
2028 5637 2339 5688 quanquam
2353 5623 2531 5673 minus
2553 5626 2752 5689 aperta,
2768 5623 3100 5690 reperitur-in
3123 5623 3374 5678 omnibus
3389 5623 3512 5673 Mss.
