3996 6158
194 111 281 195 si,
1385 110 1890 181 EPISToLAmm
1929 114 2229 184 CLASSIS
2261 127 2332 188 ιι.

191 263 512 324 ιιιειιθιὶοιιω,
535 250 1789 330 quarationequamvisbaptizatumsitpost

187 354 460 417 Joannem,
484 362 599 401 non
623 345 957 418 baptizatur
980 349 1116 417 post
1135 343 1469 409 ebriosum;
1495 338 1785 411 quoniam

185 448 228 495 et
248 435 864 494 hzeresesetebrietates
906 435 964 489 in
998 434 1083 489 eis
1123 431 1409 505 operibus
1450 433 1609 493 sunt,
1650 441 1786 498 quia

181 542 335 599 Opera
346 525 440 595 qui
454 530 899 593 agunt,regnum
916 521 1013 576 Dei
1030 537 1147 576 non
1165 517 1786 591 possidebunt.Nonne

183 616 265 671 tibi
283 614 495 669 videtur
514 613 687 685 quasi
714 609 1514 678 intolerabiliterindignum,
1560 609 1620 659 ut
1645 619 1786 658 cum

179 704 511 775 baptizatum
536 700 707 756 fuerit
734 706 867 772 post
898 716 1035 755 eum
1060 697 1163 771 qui
1206 713 1326 753 non
1356 695 1553 751 sobrie
1575 693 1785 747 vinum

180 793 378 857 bibens,
401 791 499 845 sed
524 791 727 845 vinum
750 789 998 843 omnino
1027 803 1146 843 non
1178 786 1409 850 bibens,
1453 798 1640 851 regno
1682 778 1788 836 Dei

177 882 309 935 viam
347 878 589 950 paravit,
630 893 751 934 non
791 877 1118 949 baptizetur
1150 880 1285 948 post
1329 872 1658 937 ebriosum,
1683 869 1787 942 qui

176 985 393 1039 regnum
426 968 524 1024 Dei
551 984 668 1023 non
697 967 1066 1039 possidebit?
1088 966 1237 1033 Quid
1252 965 1347 1020 hic
1366 961 1782 1035 respondetur,

176 1058 269 1113 nisi
292 1058 426 1130 quia
463 1056 555 1112 ille
584 1056 923 1128 baptismus
968 1063 1093 1112 erat
1129 1054 1395 1119 Joannis,
1428 1057 1563 1124 p05t
1601 1064 1783 1122 quem

174 1147 354 1203 Christi
386 1145 679 1217 baptismo
705 1145 1024 1217 baptizavit
1051 1143 1362 1217 Apostolus
1394 1160 1412 1213 ;
1444 1142 1552 1196 iste
1582 1145 1782 1196 autem

174 1236 469 1306 baptismus
481 1233 693 1289 Christi
708 1239 942 1306 est,quo
960 1230 1631 1305 baptizaveritebriosus
1648 1228 1676 1283 ?
1689 1227 1786 1281 In-

171 1328 238 1379 ter
256 1321 535 1378 Joannem
568 1328 624 1378 et
654 1323 961 1378 ebriosum
994 1339 1030 1379 a
1059 1322 1356 1378 contrario
1406 1319 1660 1374 multum
1702 1316 1784 1370 in-

172 1416 344 1470 terest:
378 1412 523 1466 inter
543 1412 913 1483 baptismum
939 1412 1144 1468 Christi
1158 1411 1485 1482 etbaptism
1497 1424 1595 1462 um
1609 1407 1636 1460 ,Ι
1642 1420 1784 1461 oan-

171 1502 242 1556 nis
263 1516 370 1556 non
400 1517 431 1556 a
473 1502 796 1567 contrario,
843 1502 946 1557 sed
989 1506 1186 1557 tamen
1230 1499 1483 1555 multum
1521 1497 1781 1551 interest.

170 1588 296 1644 Inter
343 1590 691 1660 Apostolum
747 1596 803 1646 et
839 1590 1143 1646 ebriosum
1201 1588 1457 1644 multum
1507 1586 1780 1640 interest:

169 1677 293 1732 inter
309 1677 671 1750 baptismam
706 1680 915 1734 Christi
943 1695 1123 1751 quem
1164 1677 1326 1734 dedit
1354 1674 1696 1747 ApOStOIUS,
1729 1676 1784 1727 et

168 1765 501 1837 baptismum
529 1768 742 1824 Christi
764 1785 944 1840 quem
961 1763 1586 1829 deditebriosus,nihil
1610 1762 1780 1817 inter-

168 1861 251 1909 est.
276 1856 359 1912 Sic
386 1858 537 1912 inter
574 1859 866 1913 Joannem
908 1862 963 1913 et
992 1856 1362 1920 hmreticum,
1398 1871 1432 1909 a
1481 1852 1781 1909 contrario

169 1944 385 2001 multum
423 1946 667 2001 interest
694 1950 793 2013 ;"et
840 1947 989 2002 inter
1016 1946 1386 2019 baptismum
1416 1942 1683 2006 Joannis,
1725 1946 1781 1997 et

166 2031 286 2087 inter
305 2032 672 2105 baptismum
706 2035 915 2091 Christi
938 2051 1117 2107 quem
1131 2034 1235 2090 dat
1261 2032 1593 2097 hmreticus,
1610 2045 1730 2086 non
1746 2046 1780 2085 a

166 2124 444 2190 contrario,
478 2124 585 2180 sed
644 2124 899 2180 multum
932 2126 1196 2180 interest.
1228 2124 1381 2178 Inter
1405 2120 1779 2193 baptismum

168 2216 331 2266 autem
354 2213 563 2269 Christi
595 2229 774 2285 quem
790 2214 952 2270 dedit
980 2213 1325 2283 Apostolus,
1342 2211 1778 2283 etbaptismum

166 2298 336 2355 Christi
350 2316 529 2374 quem
543 2299 1781 2370 dathmreticusmihilinterest.Agnoscitur

166 2388 294 2443 enim
315 2391 836 2447 Sacramentorum
860 2391 1089 2464 species
1127 2391 1397 2464 aequalis,
1436 2390 1614 2445 etiam
1640 2403 1776 2443 cum

166 2491 354 2550 magna
373 2478 707 2537 differentia
733 2487 822 2537 est
843 2482 903 2536 in
938 2482 1252 2538 hominum
1280 2480 1526 2535 meritis.

215 2589 289 2641 49.
334 2587 443 2642 Sed
474 2588 555 2643 da
590 2590 849 2655 veniam,
895 2590 1106 2655 erravi,
1142 2588 1390 2662 quando
1423 2592 1474 2642 te
1517 2585 1670 2641 volui
1704 2584 1779 2640 de

164 2670 360 2730 ebrioso
378 2677 712 2748 baptizante
738 2679 1090 2735 convincere
1115 2695 1128 2745 ;
1158 2677 1455 2733 exciderat
1483 2674 1617 2730 mihi
1641 2690 1777 2729 cum

164 2765 405 2834 rogatista
420 2783 514 2821 me
534 2784 661 2823 rem
682 2768 920 2835 habere,
936 2786 1053 2825 non
1070 2785 1206 2824 cum
1226 2767 1654 2839 qualicumque
1676 2763 1779 2818 do-

162 2851 363 2907 natista.
394 2856 564 2910 Potes
591 2858 747 2911 enim
766 2864 823 2910 tu
851 2858 909 2912 in
934 2864 1055 2912 tam
1082 2858 1289 2930 paucis
1311 2853 1698 2925 collegistuis,
1724 2856 1780 2907 et

161 2937 206 2990 in
222 2943 481 2998 omnibus
501 2945 732 3001 clericis
758 2946 969 3003 vestris
984 2947 1213 3002 nullum
1238 2945 1503 3001 invenire
1533 2941 1778 2998 forsitan

163 3025 447 3088 ebriosum.
483 3035 600 3089 Vos
632 3036 792 3091 enim
818 3036 980 3097 estis,
1014 3037 1119 3109 qui
1151 3051 1270 3091 non
1299 3051 1369 3089 ex
1409 3033 1587 3089 totius
1615 3030 1778 3086 orbis

161 3122 685 3189 communione,sed
701 3141 772 3180 ex
785 3125 1201 3181 observatione
1216 3129 1643 3198 praeceptorum
1657 3136 1776 3174 0m-

160 3203 297 3261 nium
314 3209 653 3268 divinorum
677 3219 853 3286 atque
870 3216 1141 3270 omnium
1160 3215 1684 3269 Sacramentorum
1701 3214 1779 3265 te-

161 3298 284 3351 netis
302 3300 657 3357 catholicam
681 3302 862 3359 ﬁdem
889 3321 901 3359 :
930 3304 990 3358 in
1012 3304 1234 3376 quibus
1257 3318 1391 3357 eam
1415 3301 1555 3357 solis
1578 3300 1779 3354 inven-

162 3385 295 3439 turus
314 3395 414 3457 est,
438 3407 579 3445 cum
609 3395 836 3448 venerit
864 3392 1041 3448 Filius
1069 3390 1353 3458 hominis,
1387 3389 1634 3463 quando
1657 3403 1778 3443 non

161 3471 379 3533 inveniet
404 3478 591 3535 ﬁdem
616 3479 676 3535 in
700 3487 852 3537 terra
881 3483 1057 3554 ;quia
1084 3483 1368 3552 necjterra
1400 3480 1561 3543 estis,
1586 3494 1694 3533 nec
1721 3477 1778 3531 in

163 3564 303 3629 terra,
316 3568 413 3621 sed
430 3568 704 3625 calestes
724 3569 782 3625 in
798 3570 947 3626 coelo
965 3571 1246 3626 habitatis
1264 3570 1277 3625 ι
1294 3573 1407 3626 Nec
1423 3568 1778 3631 timetis,nec

168 3653 427 3712 attenditis
449 3659 599 3730 quia
624 3660 775 3715 Deus
797 3661 1055 3728 superbis
1072 3659 1309 3726 resistit,
1335 3659 1656 3715 humilibus
1677 3673 1783 3713 au—

169 3742 257 3796 tem
271 3744 363 3799 dat
386 3749 654 3817 gratiam
684 3747 713 3802 ?
738 3749 965 3821 (Jacobi
991 3767 1068 3816 1v,
1098 3750 1174 3820 6.)
1208 3753 1321 3805 Nec
1344 3765 1453 3804 vos
1480 3747 1782 3818 Evangelii

165 3825 301 3885 locus
325 3833 448 3905 ipse
478 3853 615 3893 com
629 3841 855 3909 pungit,
881 3839 981 3893 ubi
1008 3840 1293 3895 Dominus
1323 3840 1435 3895 ait:
1465 3839 1603 3894 Cum
1618 3852 1781 3893 vene-

165 3916 407 3979 rilFilius
424 3923 887 3997 hominis,putas
898 3928 1156 3984 inveniet
1168 3929 1343 3997 ﬁdem
1357 3930 1419 3984 in
1435 3935 1597 3983 terra
1611 3926 1776 3999 (Luc.

163 4011 348 4081 xv111,8)
377 4011 406 4067 ?
431 4015 734 4071 Continuo
752 4017 974 4090 quippe
990 4024 1277 4089 tanquam
1296 4018 1612 4090 prtasciens
1634 4030 1781 4071 non-

163 4095 329 4153 nullos
371 4103 484 4158 sibi
530 4105 781 4177 superbe
811 4111 1196 4177 arrogaturos
1221 4107 1376 4162 hanc
1400 4106 1599 4172 ﬁdem,
1632 4106 1780 4161 dixit

163 4184 221 4237 ad
235 4192 542 4260 quosdam,
559 4194 658 4266 qui
678 4195 785 4250 sibi
804 4196 947 4267 justi
965 4196 1326 4252 videbantur
1343 4202 1397 4252 et
1412 4195 1777 4267 spernebant

161 4281 388 4344 caeteros,
411 4281 865 4339 similitudinem
884 4285 1041 4342 hanc
1064 4306 1076 4341 :
1095 4286 1225 4341 Duo
1246 4286 1482 4357 quidam
1505 4284 1777 4341 ascende-

159 4373 275 4419 runt
292 4366 347 4423 in
373 4372 660 4441 templum
687 4389 875 4440 orare,
901 4390 1053 4429 unus
1073 4374 1401 4443 pharisaeus
1421 4381 1475 4431 et
1503 4375 1775 4443 alterpu-

162 4449 543 4531 blicanus(1d.,
566 4462 671 4533 l0),
694 4469 751 4518 et
768 4464 1145 4519 caeteraJam
1164 4463 1257 4519 tibi
1273 4479 1407 4536 quas
1421 4469 1771 4535 sequuntur,

161 4539 261 4609 iPse
282 4551 590 4619 responde.
614 4551 843 4623 Inspice
861 4558 1061 4608 tamen
1090 4552 1431 4622 diligentius
1450 4554 1608 4625 ipsos
1630 4569 1775 4624 pau-

160 4643 241 4685 cos
269 4642 509 4705 vestros,
566 4645 761 4696 utrum
805 4641 1003 4697 nullus
1034 4642 1155 4697 illic
1192 4642 1451 4713 baptizet
1480 4642 1769 4698 ebriosus.

161 4718 275 4775 Tam
306 4725 459 4781 enim
499 4727 616 4784 late
646 4736 838 4786 vastat
882 4730 1009 4787 haec
1043 4731 1377 4803 pestilentia
1423 4732 1677 4797 animas,
1720 4738 1775 4787 et

161 4809 297 4867 tanta
317 4813 581 4873 libertate
606 4818 972 4884 dominatur,
1004 4820 1336 4876 utmultum
1371 4821 1550 4876 mirer
1575 4821 1621 4877 si
1653 4836 1773 4876 non

163 4896 311 4957 etiam
357 4913 618 4961 vestrum
672 4908 1039 4977 gregiculum
1082 4910 1409 4980 penetravit
1442 4928 1455 4978 ;
1488 4910 1774 4982 quamvis

164 4993 274 5043 ante
300 4991 490 5065 ipsum
524 4995 845 5051 adventum
879 4996 998 5052 Filii
1053 4997 1339 5063 hominis,
1392 5002 1569 5054 unius
1628 5000 1773 5055 boni

162 5080 408 5148 pastoris,
426 5084 554 5153 jam
571 5099 671 5140 vos
702 5099 843 5140 oves
871 5085 948 5141 ab
966 5085 1152 5142 haedis
1180 5103 1491 5158 separasse
1515 5089 1770 5159 jactetis.

220 5183 422 5244 CAPUT
454 5190 561 5245 XII.
590 5221 661 5233 —
700 5196 786 5247 50.
815 5192 964 5248 Audi
998 5209 1140 5249 sane
1174 5210 1277 5263 per
1309 5211 1401 5250 me
1437 5212 1637 5251 vocem
1670 5197 1774 5254 do-

161 5273 484 5359 minicorum
499 5279 1003 5345 frnmentorum,in
1020 5298 1158 5339 area
1172 5282 1474 5341 dominica
1494 5302 1681 5359 usque
1697 5288 1772 5344 ad

163 5358 403 5421 ultimam
437 5369 875 5426 ventilationem
912 5372 1059 5427 inter
1088 5372 1329 5444 paleam
1370 5358 1773 5433 laborantium

159 5443 366 5538 (Matth.
408 5471 488 5523 ιιι,
534 5458 635 5530 t2),
670 5475 773 5530 per
798 5464 987 5516 totum
1017 5443 1233 5516 scilicet
1284 5463 1600 5531 mundum,
1631 5467 1773 5538 quia

166 5535 293 5592 Deus
318 5546 543 5601 vocavit
562 5552 773 5603 terram
810 5563 846 5603 a
863 5548 1003 5604 solis
1025 5556 1156 5605 ortu
1173 5567 1362 5623 usque
1394 5552 1471 5607 ad
1484 5535 1769 5611 occasum

162 5623 325 5697 (Psal.
352 5648 507 5701 χιιι,
540 5636 612 5708 1),
644 5636 745 5694 ubi
771 5637 951 5695 etiam
977 5640 1146 5712 pueri
1164 5638 1414 5700 laudant
1442 5641 1768 5702 Daminum

3424 118 3551 190 ’346

1894 246 2219 319 (Psal.cxn,
2252 255 2363 327 1-3)
2390 275 2401 314 :
2430 254 2803 329 Quicumque
2824 270 2932 311 vos
2966 271 3035 312 ex
3062 257 3377 313 occasione
3402 257 3547 329 legis

1894 336 2072 408 hujus
2089 341 2432 413 imperialis,
2454 361 2565 401 non
2587 344 2895 400 dilectione
2923 345 3278 415 corrigendi,
3306 346 3413 402 sed
3433 346 3547 401 ini-

1897 428 2157 485 micandi
2179 432 2319 489 odio
2339 435 2728 505 persequitur,
2744 434 3219 505 displicetnobis.
3250 436 3313 491 Et
3332 452 3547 509 quam-

1894 516 1979 570 vis
1996 534 2087 572 res
2100 536 2353 593 quaeque
2367 527 2599 578 terrena
2612 538 2729 578 non
2746 529 2897 577 recte
2915 539 2949 578 a
2962 539 3264 595 quoquam
3278 524 3544 594 posside-

1894 605 1946 661 ri
1976 608 2183 679 possit,
2213 610 2326 665 nisi
2356 611 2595 682 veljure
2622 612 2981 683 divino,quo
3010 614 3544 683 cunctajustorum

1895 702 2049 760 sunt,
2069 699 2155 754 vel
2177 700 2309 770 jure
2325 702 2616 764 humano,
2642 702 2805 773 quod
2826 701 2886 755 in
2910 706 3200 773 potestate
3219 719 3428 772 regum
3455 705 3545 759 est

1895 789 2083 851 terrae,
2113 788 2367 861 ideoque
2389 806 2481 845 res
2501 796 2725 845 vestras
2748 789 2895 845 falso
2915 790 3241 861 appelletis,
3262 808 3413 863 quas
3433 806 3545 848 nec

1888 873 2026 945 justi
2058 877 2395 947 possidetis,
2420 883 2477 934 et
2507 880 2836 934 secundum
2866 878 3025 946 leges
3046 894 3256 949 regum
3288 885 3544 936 terreno.

1894 978 2027 1018 rum
2058 967 2495 1038 amitterejussi
2517 970 2680 1034 estis,
2706 967 3283 1039 frustraquedicatis,
3318 969 3433 1023 Nos
3459 969 3543 1024 eis

1893 1055 2326 1125 congregandis
2351 1057 2776 1123 laboravimus,
2819 1072 2956 1111 cum
2984 1058 3268 1128 scriptum
3312 1056 3540 1126 legatis,

1893 1142 2147 1199 Labores
2169 1143 2485 1213 impiorum
2505 1147 2659 1215 justi
2687 1147 2859 1201 edent
2889 1145 3089 1217 (Prov.
3124 1162 3243 1212 xm,
3270 1147 3358 1217 22)
3395 1162 3406 1199 :
3440 1144 3543 1201 sed

1893 1238 2093 1290 tamen
2122 1237 2472 1310 quisquisex
2498 1240 2813 1294 occasione
2839 1239 3018 1309 hujus
3046 1239 3211 1308 legis,
3243 1254 3430 1311 quam
3456 1254 3542 1293 re-

1894 1338 1997 1394 ges
2030 1329 2194 1381 terrae
2218 1326 2442 1383 Christo
2473 1329 2813 1393 servientes,
2839 1327 2916 1383 ad
2938 1327 3384 1384 emendandam
3420 1342 3545 1382 ves-

1893 1417 2044 1469 tram
2059 1415 2428 1487 impietatem
2442 1416 2992 1489 promulgaverunt,
3008 1432 3100 1471 res
3117 1416 3389 1488 proprias
3406 1432 3543 1471 ves-

1892 1507 2013 1558 tras
2035 1505 2249 1574 cupide
2276 1507 2521 1578 appetit,
2547 1506 2816 1576 displicet
2848 1506 3042 1561 nobis.
3070 1505 3355 1577 Quisquis
3378 1504 3543 1560 deni-

1892 1608 2009 1664 que
2025 1593 2185 1665 ipsas
2207 1610 2301 1650 res
2325 1611 2683 1667 pauperum,
2715 1596 2807 1650 vel
2840 1594 3115 1650 basilicas
3137 1593 3545 1664 congregatio-

1892 1696 2062 1747 num,
2087 1699 2238 1755 quas
2258 1685 2365 1739 sub
2388 1685 2629 1739 nomine
2648 1683 2917 1739 Ecclesiae
2933 1683 3240 1753 tenebatis,
3268 1699 3541 1755 quaeom-

1893 1769 2037 1826 nino
2051 1787 2169 1826 non
2186 1772 2478 1828 debentur
2499 1774 2679 1829 nisiei
2708 1773 2976 1829 Ecclesiae
3001 1789 3136 1844 quas
3164 1788 3305 1828 vera
3336 1770 3544 1829 Christi

1894 1858 2158 1917 Ecclesia
2178 1868 2286 1929 est,
2320 1878 2440 1917 non
2474 1878 2576 1934 per
2601 1862 2917 1934 justitiam,
2950 1862 3054 1917 sed
3098 1877 3204 1933 per
3229 1861 3544 1917 avaritiam

1893 1953 2067 2017 tenet,
2100 1949 2376 2021 displicet
2406 1951 2601 2006 nobis.
2638 1951 2916 2022 Quisquis
2940 1966 3049 2022 pro
3077 1950 3278 2023 aliquo
3318 1949 3545 2020 ﬂagitio

1891 2037 1981 2092 vel
2011 2037 2270 2094 facinore
2304 2038 2630 2111 projectum
2672 2055 2707 2094 a
2737 2039 2909 2095 vobis
2957 2040 3038 2095 ita
3078 2039 3343 2109 suscipit,
3394 2037 3549 2092 sicut

1892 2126 2297 2197 suscipiuntur
2325 2128 2448 2200 qui,
2487 2136 2735 2199 excepto
2775 2144 2969 2183 errore
3003 2143 3126 2200 quo
3181 2143 3216 2183 a
3256 2127 3431 2183 nobis
3462 2143 3548 2181 se-

1890 2216 2207 2286 paramini,
2240 2216 2364 2271 sine
2390 2217 2638 2272 crimine
2657 2217 2821 2288 apud
2835 2232 2942 2272 vos
2970 2214 3547 2286 vixerunt,displicet

1889 2303 2210 2360 nobis.Sed
2225 2320 2332 2360 nec
2347 2305 2643 2362 facileista
2665 2305 3084 2373 monstratis;et
3101 2305 3149 2360 si
3175 2303 3539 2373 monstretis,

1890 2392 2208 2448 nonnullos
2221 2393 2567 2460 toleramus,
2584 2411 2738 2467 quos
2758 2394 3054 2464 corrigere
3080 2393 3171 2450 vel
3193 2392 3399 2465 punire
3421 2407 3544 2449 non

1888 2497 2211 2554 possumus
2240 2498 2251 2538 :
2281 2499 2474 2556 neque
2503 2490 2745 2556 propter
2773 2483 3010 2556 paleam
3038 2482 3435 2555 relinquimus
3456 2498 3545 2537 ar-

1890 2588 2019 2627 eam
2038 2573 2121 2627 Do
2131 2573 2271 2628 mini
2280 2589 2497 2645 .neque
2512 2577 2756 2645 propter
2783 2574 2977 2646 pisces
2997 2572 3188 2629 malos
3202 2570 3542 2643 rumpimus

1888 2660 2033 2715 retia
2061 2660 2318 2727 Domini,
2354 2678 2464 2717 nec
2498 2667 2737 2735 propter
2765 2662 2972 2719 haedos
3003 2663 3063 2717 in
3084 2662 3203 2717 ﬁne
3223 2674 3544 2730 segregan-

1888 2749 2365 2815 dos,deserimus
2378 2767 2619 2823 gregem
2638 2752 2894 2815 Domini,
2917 2767 3108 2824 neque
3135 2755 3377 2823 propter
3400 2765 3546 2805 vasa

1888 2837 2121 2895 factain
2149 2840 2599 2906 contumeliam,
2632 2841 2961 2911 migramus
2980 2840 3054 2894 de
3080 2840 3264 2895 domo
3288 2836 3541 2894 Domini.

1961 2927 2189 2982 CAPUT
2215 2928 2356 2984 Xlll.
2396 2959 2463 2968 —
2497 2933 2582 2983 5t.
2624 2931 2704 2983 Tu
2745 2935 2967 2994 autem,
3002 2928 3202 2993 frater,
3245 2932 3543 2998 quantum

1890 3015 2035 3072 mihi
2050 3016 2301 3082 videtur,
2318 3017 2365 3071 si
2380 3032 2598 3073 vanam
2614 3016 2874 3086 gloriam
2890 3018 3204 3072 hominum
3225 3030 3344 3070 non
3360 3019 3546 3069 atten-

1888 3104 2535 3170 das,etinsensatorum
2554 3110 2905 3162 contemnas
2918 3101 3442 3178 opprobrium,qui
3458 3100 3545 3157 di-

1888 3193 2037 3249 cturi
2069 3197 2224 3259 sunt,
2245 3195 2436 3259 Quare
2465 3194 2645 3250 modo
2672 3194 2927 3249 destruis
2950 3209 3084 3265 quas
3110 3191 3271 3265 prius
3287 3189 3546 3246 adiﬁca-

1888 3281 2000 3337 bas
2031 3282 2048 3318 ¹
2078 3300 2094 3352 ;
2142 3283 2266 3338 sine
2325 3282 2512 3338 dubio
2546 3283 2794 3339 transies
2839 3286 2917 3339 ad
2950 3281 3293 3346 Ecclesiam,
3353 3293 3541 3350 quam

1889 3386 2096 3427 veram
2110 3372 2325 3428 sentire
2351 3371 2685 3443 teintelligo
2721 3389 2734 3428 :
2764 3373 3071 3444 nechujus
3092 3369 3400 3426 sententia;
3423 3372 3540 3423 tuas

1892 3460 2231 3516 testimonia
2256 3461 2430 3531 longe
2460 3468 2615 3534 peto.
2647 3466 2727 3518 Tu
2765 3464 2990 3535 quippe
3032 3463 3091 3517 in
3112 3458 3384 3532 ejusdem
3424 3461 3541 3512 tum

1892 3550 2156 3620 epistolas
2181 3550 2497 3622 principio,
2527 3553 2617 3606 cui
2634 3567 2793 3607 nunc
2821 3551 3184 3624 respondeo,
3205 3548 3333 3604 haec
3355 3545 3543 3601 verba

1894 3639 2143 3711 posuisti
2172 3656 2183 3694 :
2207 3640 2348 3694 Cum
2379 3640 2612 3709 optime,
2634 3641 2852 3711 inquis,
2883 3642 3144 3698 noverim
3167 3646 3222 3696 te
3245 3639 3410 3708 longe
3434 3634 3542 3691 ad-

1895 3727 2058 3783 huca
2089 3728 2201 3797 ﬁde
2217 3727 2549 3785 christiana
2571 3730 2963 3797 sepositum,et
2987 3728 3197 3784 studiis
3211 3729 3351 3783 olim
3375 3724 3543 3780 dedi-

1895 3821 2019 3871 tum
2034 3816 2611 3889 litterarum,quielis
2624 3824 2678 3874 et
2694 3818 3013 3874 honestatis
3019 3817 3202 3887 fuisse
3214 3816 3498 3872 cultorem
3513 3826 3535 3876 ,'

1894 3919 2143 3977 cumque
2156 3913 2362 3974 postea
2396 3922 2711 3963 conversus
2740 3907 2822 3963 ad
2850 3906 3246 3963 christianam
3269 3904 3444 3973 ﬁdem
3474 3906 3539 3956 ut

1892 3996 2299 4053 exmultorum
2321 3996 2612 4054 relatione
2631 3998 2901 4069 cognovi,
2930 3994 3435 4066 disputationibus
3463 3992 3544 4049 le-

1889 4084 2128 4154 galibus
2157 4101 2397 4154 operam
2424 4088 2606 4141 dares.
2628 4087 2790 4143 Certe
2818 4088 2865 4143 si
2895 4092 2956 4144 tu
2972 4086 3050 4143 ad
3081 4102 3174 4141 me
3205 4084 3368 4139 illam
3385 4082 3544 4154 epis-

1890 4171 2075 4229 tolam
2101 4173 2329 4243 misisti,
2361 4174 2485 4231 haec
2516 4175 2700 4231 verba
2718 4181 2817 4233 tua
2838 4182 2995 4232 sunt.
3015 4178 3163 4233 Cum
3184 4189 3325 4243 ergo
3357 4171 3544 4228 fatea-

1888 4262 1971 4317 ris
2004 4278 2097 4317 me
2128 4278 2487 4319 conversum
2505 4266 2582 4320 ad
2612 4265 2998 4321 christianum
3027 4264 3235 4329 ﬁdem;
3259 4278 3397 4317 cum
3429 4275 3541 4331 ego

1889 4366 1998 4407 nec
2023 4351 2099 4406 ad
2122 4352 2477 4419 Donatistas,
2496 4369 2602 4409 nec
2621 4354 2697 4409 ad
2716 4354 3051 4423 Rogatistas
3064 4367 3388 4407 conversus
3402 4350 3535 4413 sim,

1888 4439 2012 4493 sine
2046 4439 2162 4494 ulla
2187 4440 2556 4497 dubitatione
2574 4442 2921 4507 conﬁrmas,
2948 4447 3002 4497 et
3034 4446 3249 4512 praeter
3272 4436 3541 4507 Rogatis-

1888 4531 2000 4597 tas,
2029 4532 2084 4582 et
2114 4535 2321 4598 praeter
2352 4530 2686 4584 Donatistas
2731 4547 2861 4586 esse
2902 4529 3287 4586 christianam
3329 4526 3535 4581 ﬁdem.

1888 4618 2019 4671 Hinc
2044 4631 2186 4686 ergo
2208 4618 2378 4683 ﬁdes,
2404 4618 2555 4673 sicut
2575 4618 2854 4688 dicimus,
2878 4620 2935 4672 in
2957 4617 3237 4673 omnibus
3259 4613 3537 4687 gentibus

1886 4704 2187 4768 dilatatur,
2218 4721 2354 4777 quas
2383 4707 2715 4761 secundum
2742 4707 2839 4762 Dei
2860 4705 3340 4762 testimoniumin
3363 4702 3540 4759 semi-

1885 4808 1959 4848 ne
1988 4792 2243 4849 Abrahaa
2271 4794 2881 4865 benedicuntur(Gen.
2898 4796 3158 4869 xxu,18).
3184 4794 3336 4861 Quid
3362 4795 3538 4863 igitur

1887 4880 2086 4937 adhuc
2110 4881 2350 4938 dubitas
2367 4890 2561 4940 tenere
2588 4885 2753 4957 quod
2771 4888 2974 4952 sentis,
2996 4886 3106 4941 nisi
3133 4885 3277 4956 quia
3300 4883 3358 4937 id
3372 4878 3532 4951 quod

1886 4984 2047 5024 nunc
2069 4970 2267 5037 sentis,
2302 4971 2395 5027 vel
2427 4972 2753 5046 aliquando
2783 4991 2902 5030 non
2939 4973 3216 5037 sensisse,
3252 4969 3339 5023 vel
3370 4966 3535 5023 aliud

1887 5057 2224 5115 defendisse
2254 5060 2638 5118 confunderis
2679 5079 2695 5131 ;
2736 5070 2792 5121 et
2829 5064 2976 5119 dum
3016 5058 3315 5117 erubescis
3346 5056 3531 5112 corri-

1888 5162 2025 5219 gere
2054 5164 2336 5220 errorem,
2369 5167 2491 5209 non
2518 5152 2818 5208 erubescis
2844 5164 3191 5226 permanere
3219 5149 3279 5203 in
3310 5161 3533 5214 errore,

1888 5237 2049 5310 quod
2076 5238 2279 5312 utique
2310 5242 2507 5312 potius
2538 5242 3014 5298 erubescendum
3046 5240 3154 5295 fuit
3177 5238 3204 5294 ?

1957 5326 2046 5381 52.
2080 5330 2297 5383 Hocest
2319 5328 2463 5384 illud
2487 5330 2653 5402 quod
2688 5330 2988 5401 Scriptura
3020 5345 3138 5386 non
3169 5326 3355 5383 tacuit
3388 5326 3532 5382 :Est

1888 5416 2154 5485 confusio
2181 5418 2478 5475 adducens
2493 5425 2827 5488 peccatum,
2854 5423 2905 5476 et
2936 5425 3019 5477 est
3041 5418 3313 5490 confusio
3346 5416 3536 5473 addu-

1945 5591 1963 5626 ί
1987 5591 2115 5641 Mss.
2147 5592 2384 5657 plerique
2409 5596 2459 5642 et
2486 5592 2816 5657 antiquiores
2849 5594 2980 5646 Edd.
2998 5598 3182 5656 carent
3210 5596 3293 5651 his
3327 5597 3503 5655 verbis
3531 5605 3545 5641 τ

1883 5654 2115 5707 Destruis
2145 5654 2254 5724 Quae
2275 5654 2429 5724 prius
2463 5654 2774 5723 (veliﬁcabas,
2849 5670 2858 5677 '
3033 5654 3038 5656 ’
3236 5670 3251 5690 ι
