3996 6158
447 94 568 153 ’847

473 235 610 276 cens
631 219 891 290 gratiam
912 223 965 276 et
985 217 1238 290 gloriam
1259 217 1466 290 (Eccli.
1483 233 1560 284 iv,
1576 217 1687 286 25).
1713 214 1994 272 Confusio
2006 213 2114 269 ad-

463 309 624 364 ducit
640 315 972 380 peccatum,
987 325 1122 362 cum
1139 307 1706 379 erubescitquisque
1722 321 1967 378 pravam
1985 319 2113 358 mu-

466 405 586 454 tare
619 397 969 452 sententiam
997 411 1070 450 ne
1101 402 1202 450 aut
1226 395 1570 451 inconstans
1593 401 1851 467 putetur,
1881 398 1982 448 aut
2011 392 2114 447 diu

465 502 689 542 errasse
721 487 738 521 ¹
764 485 959 554 seipso
987 484 1183 554 judice
1208 491 1472 541 teneatur
1507 499 1518 539 :
1553 485 1631 539 ita
1661 483 2029 538 descendunt
2056 481 2112 534 in

465 575 758 631 infernum
786 574 1045 627 viventes
1065 573 1246 642 (Psal.
1275 589 1388 638 LIV,
1416 575 1526 642 16),
1556 573 1610 627 id
1645 577 1754 636 est,
1790 587 1958 626 suam
1988 585 2116 641 per-

465 663 750 718 ditionem
773 662 1292 733 sentientes;quos
1317 662 1548 717 Dathan
1577 666 1634 716 et
1652 661 1874 716 Abiron
1893 664 1950 713 et
1973 662 2116 714 Core

467 752 628 807 hiatu
663 757 827 807 terra;
861 751 1126 822 absorpti
1154 752 1354 816 (Num.
1382 767 1501 815 xvn,
1533 751 1742 819 3l-33),
1782 754 1940 803 tanto
1981 754 2116 802 ante

467 841 698 896 futuros
725 840 1150 912 ﬁguraverunt.
1185 839 1468 894 Confusio
1494 844 1690 895 autem
1721 837 1964 892 adducit
1989 851 2118 905 gra-

468 931 610 985 tiam
638 935 690 982 et
725 929 997 997 gloriam,
1024 945 1159 982 cum
1187 928 1752 998 erubescitquisque
1779 925 1852 981 de
1879 924 2118 996 propria

468 1017 800 1090 iniquitate,
835 1025 891 1072 et
912 1017 1256 1088 paenitendo
1307 1017 1366 1071 in
1415 1015 1624 1071 melius
1671 1020 2116 1077 commutatur;

469 1107 630 1179 quod
659 1111 711 1161 te
748 1106 938 1161 facere
977 1106 1135 1176 piget
1167 1105 1265 1160 illa
1289 1106 1622 1176 perniciosa
1644 1102 1997 1158 confusione
2029 1119 2120 1157 su-

471 1200 746 1268 peratum
789 1211 802 1259 ;
834 1210 906 1248 ne
935 1195 1036 1248 tibi
1070 1194 1147 1248 ab
1170 1194 1513 1248 hominibus
1541 1191 1944 1248 nescientibus
1976 1190 2120 1263 quid

471 1285 812 1357 loquantur,
847 1283 1162 1353 objiciatur
1193 1282 1292 1336 illa
1332 1283 1662 1353 apostolica
1693 1280 1987 1336 sententia
2017 1297 2030 1334 :
2057 1279 2123 1334 Si

473 1373 626 1431 enim
650 1388 778 1444 qua:
800 1373 1088 1434 destruxi,
1105 1372 1306 1428 eadem
1328 1371 1543 1426 iterum
1574 1370 1814 1438 cedi/ica,
1838 1369 2122 1438 praevari-

474 1472 722 1520 catorem
750 1463 1035 1529 meipsum
1063 1461 1352 1516 constituo
1371 1461 1528 1533 (Gal.
1555 1479 1610 1525 ιι,
1633 1461 1745 1531 18).
1771 1464 1908 1524 Qua:
1935 1459 1984 1513 si
2007 1458 2122 1512 dici

473 1551 869 1625 possetetiam
884 1551 939 1604 in
955 1567 1056 1606 eos
1069 1551 1170 1622 qui
1187 1551 1490 1605 veritatem
1516 1551 1756 1605 correcti
1775 1548 2119 1620 praedicant,

475 1658 657 1714 quam
689 1641 949 1711 perversi
973 1639 1494 1711 oppugnabant,in
1520 1639 1715 1710 ipsum
1747 1637 1990 1692 Paulum
2011 1636 2121 1707 pri-

479 1731 660 1786 mitus
693 1729 1006 1788 diceretur,
1040 1728 1099 1782 in
1138 1743 1260 1800 quo
1296 1727 1568 1782 Ecclesiae
1601 1727 1812 1782 Christi
1855 1724 2123 1794 magniﬁ-

478 1819 700 1874 cabant
729 1820 931 1882 Deum,
962 1817 1270 1872 audientes
1290 1817 1452 1888 quod
1483 1816 1914 1884 evangelizaret
1944 1814 2123 1870 ﬁdem

477 1925 658 1980 quam
682 1906 1010 1978 aliquando
1044 1907 1311 1961 vastabat
1339 1906 1562 1976 (Galat.
1593 1922 1625 1966 ι.
1659 1905 1767 1977 23).

553 2001 640 2052 53.
657 1997 775 2050 Nec
792 2011 1161 2067 quemquam
1190 2001 1359 2067 putes
1385 1995 1462 2050 ab
1483 2010 1679 2051 errore
1697 1995 1772 2049 ad
1797 1994 2123 2059 veritatem,

479 2086 573 2142 vel
597 2102 632 2142 a
661 2100 1046 2157 quocumque
1067 2101 1170 2140 seu
1199 2099 1420 2154 magno
1437 2101 1541 2140 seu
1572 2099 1758 2156 parvo
1787 2088 2030 2154 peccato
2049 2083 2121 2138 ad

480 2175 910 2231 correctionem
937 2174 1063 2229 sine
1093 2174 1440 2244 paenitentia
1483 2189 1664 2245 posse
1706 2173 1974 2228 transire.
2013 2171 2126 2228 Sed

482 2265 658 2320 nimis
681 2264 1001 2334 impudens
1018 2279 1179 2318 error
1196 2267 1305 2330 est,
1329 2261 1467 2318 hinc
1487 2263 1633 2317 velle
1651 2261 2003 2318 calumniari
2030 2264 2128 2316 Ec-

483 2354 746 2418 clesiam,
773 2368 958 2424 quam
991 2357 1074 2407 tot
1102 2352 1322 2406 divinis
1354 2352 1707 2408 testimoniis
1732 2356 1966 2407 constat
1997 2366 2128 2406 esse

487 2445 812 2500 Ecclesiam
845 2441 1077 2508 Christi,
1100 2441 1264 2512 quod
1287 2441 1452 2496 aliter
1476 2446 1687 2495 tractat
1716 2439 1844 2495 illos
1870 2439 1974 2512 qui
1994 2455 2127 2494 eam

483 2534 786 2595 deserunt,
812 2531 858 2584 si
887 2531 998 2585 hoc
1031 2531 1226 2600 ipsum
1252 2529 1592 2600 pmnitendo
1617 2530 1937 2597 corrigant,
1961 2529 2130 2585 aliter

483 2620 610 2676 illos
629 2620 731 2692 qui
749 2621 807 2674 in
827 2635 895 2674 ea
915 2619 1181 2673 nondum
1205 2619 1463 2683 fuerunt,
1484 2623 1540 2672 et
1557 2623 1696 2672 tunc
1721 2617 1978 2688 primum
2002 2619 2131 2688 ejus

483 2725 695 2781 pacem
723 2707 1023 2778 accipiunt
1057 2723 1070 2772 ;
1105 2705 1235 2761 illos
1274 2706 1533 2778 amplius
1563 2706 1958 2772 humiliando,
1989 2709 2130 2764 istos

482 2796 674 2852 lenius
688 2795 1094 2867 suscipiendo,
1116 2802 1394 2867 utrosque
1415 2794 1738 2863 diligendo,
1758 2796 2020 2867 utrisque
2042 2813 2134 2852 sa-

485 2885 703 2942 nandis
730 2891 998 2939 materna
1028 2884 1313 2940 charitate
1336 2884 1665 2940 serviendo.
1704 2885 1896 2940 Habes
1924 2887 2133 2955 episto-

483 2975 602 3030 lam
629 2973 1007 3044 prolixiorem
1030 2973 1276 3028 fortasse
1299 2989 1482 3045 quam
1513 2973 1711 3028 velles.
1745 2976 1904 3028 Esset
1933 2982 2132 3029 autem

484 3064 674 3121 multo
703 3062 960 3127 brevior,
994 3062 1043 3117 si
1077 3067 1128 3118 te
1168 3067 1400 3118 tantum
1441 3063 1499 3117 in
1522 3063 1948 3135 respondendo
1979 3064 2136 3135 cogi-

484 3160 672 3210 tarem
691 3171 708 3208 :
726 3169 886 3208 nunc
912 3168 1052 3208 vero
1066 3153 1296 3208 etiamsi
1319 3152 1425 3208 tibi
1449 3153 1595 3208 nihil
1615 3154 1820 3224 prosit,
1848 3170 1965 3209 non
1991 3159 2134 3226 puto

486 3243 629 3298 nihil
645 3243 730 3298 eis
749 3242 1144 3313 profuturam,
1159 3242 1262 3313 qui
1278 3257 1412 3296 eam
1427 3241 1619 3311 legere
1633 3258 1770 3296 cum
1789 3244 1882 3296 Dei
1901 3242 2133 3312 timore,

485 3337 543 3388 et
564 3333 692 3386 sine
723 3345 1118 3402 personarum
1167 3330 1510 3400 acceptione
1537 3331 1893 3386 curaverint.
1925 3336 2132 3387 Amen.

952 3418 1286 3473 EPISTOLA
1331 3419 1487 3472 xcw
1519 3419 1533 3434 ·
1565 3418 1663 3490 (a).

488 3506 786 3564 Paulinus
821 3504 1153 3575 Augustino
1199 3506 1433 3576 gratias
1473 3521 1654 3576 agens
1706 3523 1817 3576 pro
1849 3507 2003 3564 libro
2051 3507 2139 3564 vel

560 3595 809 3665 epistola
831 3595 905 3650 ab
929 3595 1053 3664 ipso
1076 3601 1330 3664 recepta,
1349 3596 1731 3667 prosequitur
1745 3597 1942 3654 laudes
1955 3598 2137 3654 Mela-

562 3686 677 3742 nia
706 3687 975 3748 senioris,
1005 3691 1054 3740 et
1077 3685 1239 3741 unici
1267 3687 1394 3755 ejus
1427 3686 1542 3753 ﬁlii
1588 3685 1908 3743 Publicolae
1948 3702 2142 3756 nuper

462 3815 474 3858 τ,
559 3777 838 3847 defuncti
867 3793 888 3832 :
922 3776 1218 3832 nonnulla
1269 3775 1340 3831 de
1364 3776 1585 3844 futura
1618 3777 1678 3832 in
1720 3776 1877 3833 stetis
1909 3778 2142 3832 actione

564 3867 867 3924 beatorum
891 3869 1019 3934 post
1050 3867 1568 3922 resurrectionem.

495 3959 710 4014 Sancto
732 3955 964 4011 Domini
985 3953 1335 4010 beatissimo
1353 3961 1407 4010 et
1431 3955 1603 4009 unice
1626 3955 1800 4010 nobis
1832 3955 2138 4018 unanimo,

564 4061 634 4100 ac
665 4043 988 4098 venerabili
1034 4045 1204 4113 patri,
1249 4042 1435 4110 fratri,
1489 4044 1777 4114 magistro
1826 4045 2143 4101 Auccsrmo

564 4133 867 4203 episcopo,
903 4134 1178 4187 PAULINUS
1209 4136 1264 4187 et
1289 4131 1567 4186 THERASIA
1601 4138 1962 4203 peccatores.

572 4226 618 4275 1.
642 4220 887 4274 Lucerna
914 4235 1116 4290 semper
1143 4226 1216 4274 est
1247 4219 1472 4289 pedibus
1501 4220 1630 4274 meis
1652 4220 1864 4274 verbum
1898 4226 2070 4287 tuum,
2094 4229 2142 4276 et

498 4311 682 4367 lumen
709 4309 914 4364 semitis
944 4309 1092 4363 meis.
1126 4309 1214 4363 Ita
1257 4308 1682 4380 quotiescumque
1712 4309 1928 4364 litteras
1957 4309 2146 4364 beatis-

494 4401 646 4456 sima:
667 4399 935 4454 Sunctitut
944 4399 988 4452 is
1007 4406 1115 4453 tum
1136 4399 1360 4470 accipio,
1385 4398 1630 4452 tenebras
1653 4399 1988 4468 insipientia
2019 4417 2145 4455 meae

461 4552 468 4558 ,
494 4491 696 4546 discuti
709 4489 900 4554 sentio,
915 4494 963 4543 et
978 4488 1133 4560 quasi
1147 4487 1381 4559 collyrio
1395 4487 1779 4542 declarationis
1794 4493 1811 4522 ²
1827 4489 2007 4559 infuso
2023 4507 2148 4544 ocu-

499 4580 567 4634 lis
591 4579 786 4634 mentis
818 4595 965 4642 meae,
991 4579 1192 4649 purius
1225 4577 1398 4643 video,
1431 4577 1761 4648 ignorantia
1787 4587 1935 4633 nocte
1965 4579 2148 4649 depul-

497 4686 558 4723 sa
599 4677 647 4723 et
688 4667 917 4738 caligine
947 4667 1304 4722 dubitationis
1343 4665 1603 4722 abstersa.
1649 4667 1802 4731 Quod
1848 4686 1967 4723 cum
2012 4685 2147 4740 sepe

497 4758 637 4813 alias
651 4774 750 4828 per
766 4773 990 4811 munera
1005 4756 1352 4827 epistolurum
1373 4763 1591 4811 tuarum
1612 4757 1748 4810 mihi
1763 4758 2018 4813 donatum
2034 4775 2148 4812 sen-

497 4849 682 4913 serim,
716 4854 825 4901 tum
848 4847 1122 4916 prmeipue
1151 4845 1252 4900 isto
1284 4848 1572 4900 recentium
1600 4846 1914 4902 litterarum
1941 4847 2147 4914 libello,

499 4939 652 5011 cujus
679 4935 817 4992 mihi
847 4942 958 4992 tum
999 4942 1188 5005 gratus
1217 4951 1373 5006 quam
1426 4935 1625 5006 dignus
1650 4937 1889 5006 portitor
1917 4937 2024 5008 fuit
2063 4939 2151 4992 vir

502 5028 804 5085 benedictus
830 5024 1052 5080 Domini
1068 5024 1249 5096 frater
1271 5032 1446 5080 noster
1473 5025 1706 5084 Quintus
1730 5025 1989 5081 diaconus
2012 5047 2030 5084 :
2055 5027 2149 5097 qui

503 5118 654 5192 longo
677 5117 891 5191 quidem
915 5122 1252 5188 posteaquam
1275 5114 1346 5169 ad
1381 5114 1574 5170 Urbem
1598 5123 1815 5170 venerat
1839 5116 2148 5182 intervallo,

562 5243 579 5275 ¹
601 5242 686 5293 Sic
709 5242 832 5290 Mss.
861 5239 1100 5303 plerique
1115 5242 1168 5290 et
1193 5238 1322 5288 Edd.
1345 5237 1473 5288 Bad.
1497 5240 1612 5287 Am.
1631 5239 1713 5288 Er.
1730 5240 1794 5288 At
1812 5240 1936 5290 Lov.
1957 5239 2116 5292 habet
2140 5256 2150 5290 :

502 5303 604 5350 Aut
625 5304 852 5366 diversus
869 5317 900 5350 u
924 5316 974 5351 se
996 5303 1132 5366 ipso.

566 5366 760 5414 ’Edita
805 5365 930 5414 olim
961 5363 1032 5413 ex'
1071 5365 1327 5415 Vaticano
1381 5363 1669 5416 exemplari
1702 5379 1712 5413 :
1752 5364 1841 5414 sed
1876 5379 2017 5415 nunc
2070 5365 2156 5416 de-

507 5440 658 5491 mum
683 5429 848 5491 nitori
876 5441 974 5476 suo
1005 5429 1252 5478 restituta
1273 5441 1375 5491 ope
1399 5427 2006 5478 cod.Phimarconensis.

542 5489 809 5564 latinius
833 5490 977 5564 Sig“:
1015 5489 1344 5564 rimantem
1376 5492 1434 5540 9b
1467 5495 1596 5550 erat,
1632 5504 1775 5541 nunc
1805 5493 1912 5540 178.
1949 5493 2156 5557 Scripta

503 5552 719 5601 videtur
742 5564 835 5604 an.
867 5552 975 5606 408.
999 5552 1084 5601 die
1109 5555 1167 5603 15
1193 5553 1342 5607 maii.
2036 5578 2048 5606 :

565 5616 586 5651 ³
613 5613 766 5674 Lov.,
790 5613 1150 5666 dilectationis.

1659 115 1684 163 χ
1754 90 1816 149 8.
1855 85 2242 147 AUGUSTINI
2276 85 2598 146 'EPISCOPI

3737 89 3836 150 348

2228 229 2345 268 cum
2385 230 2442 269 eo
2462 214 2628 285 juxta
2656 213 2944 270 solomnem
2972 229 3144 271 meum
3174 229 3367 270 morem
3394 219 3508 286 post
3535 213 3726 271 Pascha
3745 217 3832 274 Do-

2223 303 2383 367 mini,
2415 319 2512 374 pro
2533 303 2914 373 Apostolorum
2938 310 2986 358 et
3007 307 3312 372 martyrum
3336 303 3663 358 veneratione
3685 306 3836 360 venis-

2223 407 2347 457 sem,
2369 392 2789 447 benedictionem
2810 393 2924 447 oris
2944 392 3027 448 tui
3053 392 3291 447 reddidit
3317 392 3494 462 nobis;
3509 401 3838 447 verumtamen

2224 481 2554 547 oblitterato,
2603 483 2740 553 quod
2784 483 3046 537 nesciente
3098 499 3176 536 me
3225 482 3401 536 Romae
3450 489 3838 553 consumpserat,

2224 578 2478 642 tempore,
2513 572 2909 627 recentissimus
2940 572 3072 626 mihi
3102 573 3247 626 visus
3276 578 3347 626 est
3393 588 3424 624 a
3448 579 3716 641 conspectu
3744 578 3839 634 tuo,

2225 661 2306 714 itu
2339 667 2397 715 ut
2427 667 2552 717 tunc
2575 663 2759 716 statim
2783 679 2898 716 eum
2925 677 2963 716 a
2992 668 3040 716 te
3069 661 3205 715 mihi
3234 660 3432 714 venisse
3458 660 3554 713 vix
3581 658 3843 721 crederem,

2225 765 2341 804 cum
2371 752 2608 820 primum
2638 749 2875 805 videbam
2903 757 2952 806 et
2977 766 3100 804 cum
3130 749 3262 804 mihi
3279 749 3501 820 plenum
3518 748 3724 801 odorem
3743 764 3846 801 suu-

2226 840 2414 893 vitatis
2445 846 2551 894 tuae
2585 840 2642 893 in
2688 839 2913 911 eloquiis
2944 839 3052 894 tuis
3076 839 3299 894 caelestis
3342 837 3600 907 unguenti
3627 837 3845 891 castitate

2229 928 2610 1000 fragrantibus
2637 929 2914 998 offerebat.
2947 931 3142 984 Fateor
3163 935 3336 983 tamen
3359 926 3695 982 venerande.
3719 925 3836 981 Una-

2228 1017 2479 1072 nimitati
2500 1025 2629 1081 tute,
2655 1035 2758 1072 non
2779 1018 3010 1089 potuisse
3034 1035 3112 1071 me
3135 1017 3376 1072 volumen
3393 1017 3588 1087 ipsum,
3609 1014 3777 1068 statim
3797 1020 3846 1068 ut

2231 1123 2553 1178 acceperam,
2573 1107 2748 1163 Romae
2767 1107 2952 1178 legere.
2978 1108 3164 1162 Tantm
3187 1106 3330 1160 enim
3352 1105 3472 1161 illic
3499 1103 3667 1159 turbae
3688 1109 3845 1166 erant,

2234 1203 2293 1251 ut
2323 1213 2428 1252 non
2454 1213 2655 1268 possem
2683 1213 2877 1252 manus
2908 1201 3062 1251 tuum
3094 1196 3392 1266 diligenter
3423 1193 3701 1261 inspicere,
3731 1197 3774 1246 et
3800 1207 3846 1244 eo

2230 1292 2290 1340 ut
2316 1285 2590 1357 cupiebam
2618 1286 2840 1357 perfrui
2863 1308 2881 1354 ,-
2910 1284 3108 1340 scilicet
3141 1292 3198 1340 ut
3226 1284 3554 1355 perlegerem
3570 1281 3784 1352 jugiter,
3811 1279 3852 1333 si

2235 1376 2408 1445 legere
2437 1377 2722 1446 coepissem.
2756 1375 2957 1445 Itaque
2986 1380 3045 1428 ut
3073 1373 3197 1443 ﬁeri
3224 1373 3358 1428 solet
3387 1388 3580 1426 secura
3608 1375 3850 1439 exspecta-

2213 1464 2377 1520 .tione
2405 1464 2641 1519 convivii
2677 1463 3004 1534 praeparati,
3036 1462 3208 1516 avida:
3259 1461 3378 1516 licet
3411 1460 3604 1515 mentis
3648 1458 3852 1512 esuriem

2213 1554 2529 1624 'refrenavi,
2560 1560 2609 1607 et
2645 1570 2735 1623 spe
2768 1560 2918 1608 certa
2963 1551 3234 1622 capienda
3274 1550 3614 1613 suturitatss,
3654 1564 3765 1602 cum
3807 1546 3854 1599 in

2231 1660 2454 1699 manum
2485 1647 2711 1698 tenerem
2739 1659 2906 1713 panes
2935 1641 3322 1707 desideriifmei
3346 1641 3407 1694 in
3440 1639 3700 1694 volumine
3719 1635 3850 1690 devo-

2237 1733 2430 1801 rando,
2462 1732 2599 1804 quod
2637 1738 2812 1802 postea
2837 1731 3054 1786 voranti
3085 1731 3220 1784 mihi
3248 1737 3297 1784 et
3329 1730 3388 1784 in
3416 1746 3508 1784 ore
3536 1735 3585 1781 et
3621 1729 3678 1781 in
3700 1733 3856 1779 ventre

2235 1823 2604 1878 dulcissimum
2627 1822 2764 1889 fuit,
2794 1821 3094 1876 inhiantem
3133 1820 3191 1873 in
3214 1820 3378 1889 favos
3411 1818 3721 1873 litterarum
3760 1821 3855 1868 tua-

2240 1931 2366 1970 rum
2403 1912 2584 1984 gulam
2620 1910 2779 1982 facile
2803 1910 3080 1982 suspendi,
3112 1909 3277 1963 donec
3313 1907 3454 1964 Urbe
3495 1905 3854 1978 proﬁciscerer,

2236 2009 2284 2056 et
2313 2001 2759 2072 interponendum
2784 1999 2854 2054 ad
2885 1999 3104 2054 itineris
3131 1999 3330 2053 stativa
3351 1997 3515 2060 diem,
3539 2011 3685 2066 quem
3714 1993 3765 2046 in
3785 2008 3858 2061 op-

2231 2090 2361 2162 pido
2387 2089 2684 2144 Formiano
2713 2088 3014 2152 habuimus,
3045 2095 3220 2142 totum
3250 2087 3377 2140 huic
3415 2086 3569 2156 operi
3619 2081 3858 2151 mancipa-

2233 2198 2365 2243 rem.
2399 2188 2459 2235 ut
2499 2182 2558 2234 in
2595 2179 2801 2234 deliciis
2829 2179 3069 2249 epistola
3099 2185 3205 2232 tum
3233 2174 3624 2248 spiritualibus
3654 2172 3715 2227 ub
3740 2169 3859 2226 omni

2231 2271 2359 2342 faece
2386 2285 2642 2324 curarem
2673 2275 2720 2322 et
2746 2269 3098 2338 suﬂ'ocatione
3119 2266 3414 2321 turbarum
3442 2263 3580 2319 liber
3606 2261 3852 2333 epulurer.

2308 2363 2360 2412 2.
2388 2358 2532 2425 Quid
2557 2374 2680 2428 ergo
2709 2357 2931 2411 humilis
2952 2365 3000 2412 et
3025 2364 3272 2411 terrenus
3294 2353 3638 2425 respondeam
3655 2350 3720 2405 ad
3747 2350 3859 2402 hanc

2238 2448 2693 2519 sapientiamque:
2720 2449 2846 2502 data
2867 2453 2939 2501 est
2967 2447 3076 2501 tibi
3097 2445 3344 2516 desuper,
3366 2460 3530 2515 quam
3554 2443 3641 2496 hic
3664 2437 3860 2495 mundus

2241 2555 2345 2593 non
2369 2537 2534 2608 capit,
2569 2545 2613 2591 et
2642 2553 2799 2607 quam
2827 2553 2975 2592 nemo
3020 2537 3182 2607 sapit,
3212 2535 3320 2588 nisi
3347 2533 3629 2603 sapientia
3656 2531 3752 2585 Dei
3791 2544 3862 2581 sap

2237 2631 2416 2700 piens,
2449 2635 2497 2683 et
2530 2626 2632 2681 Dei
2663 2625 2820 2681 verbo
2849 2624 3136 2696 eloquens?
3171 2623 3353 2694 Itaque
3380 2622 3520 2694 quia
3556 2620 3859 2690 experimen-

2243 2727 2353 2775 tum
2382 2719 2541 2774 habeo
2573 2715 2779 2772 Christi
2810 2715 2868 2769 in
2899 2722 2947 2768 te
2974 2713 3255 2785 loquentis,
3291 2712 3349 2766 in
3383 2711 3496 2766 Deo
3530 2707 3746 2763 laudabo
3771 2721 3863 2760 ser-

2240 2826 2414 2864 mones
2438 2813 2571 2874 tuos,
2601 2812 2650 2860 et
2681 2821 2786 2858 non
2816 2802 3013 2858 timebo
3033 2820 3066 2856 a
3091 2803 3285 2857 timore
3309 2807 3597 2855 nocturno.
3632 2797 3766 2863 Quia
3787 2794 3860 2847 do-

2240 2898 2408 2954 cuisti
2435 2913 2513 2951 me
2554 2899 2609 2952 in
2655 2894 2857 2965 spiritu
2895 2892 3145 2947 veritatis
3173 2890 3394 2945 salubre
3433 2891 3450 2925 ι
3485 2885 3786 2943 moderandi
3819 2883 3865 2936 in

2241 2987 2476 3044 occiduis
2495 2982 2816 3040 mortalibus
2841 2982 3015 3036 animi
3034 2986 3531 3051 temperamentum,
3555 2993 3653 3048 quo
3671 2982 3716 3029 et
3739 2973 3865 3027 illum

2245 3078 2448 3132 beatam
2489 3081 2710 3129 matrem
2752 3083 2797 3126 et
2835 3072 3013 3126 aviam
3051 3069 3349 3127 Melanium
3389 3069 3595 3138 ﬂevisse
3631 3061 3868 3121 carnalem

2243 3167 2450 3222 obitum
2480 3163 2634 3220 unici
2658 3162 2785 3234 ﬁlii,
2814 3161 3088 3216 taciturno
3112 3157 3324 3230 quidem
3371 3157 3544 3222 luctu,
3585 3171 3687 3210 non
3721 3160 3868 3207 tamen

2243 3258 2380 3312 sicco
2408 3273 2442 3310 a
2471 3252 2728 3309 maternis
2759 3251 3010 3321 lacrymis
3039 3248 3218 3302 dolore
3244 3247 3454 3302 vidisti.
3501 3247 3665 3318 Cujus
3690 3241 3870 3315 quidem

2245 3344 2506 3400 modestus
2527 3349 2574 3397 et
2606 3357 2790 3412 graves
2805 3339 3090 3409 lacrymas,
3107 3337 3244 3392 sicut
3263 3336 3503 3407 propior
3530 3336 3616 3390 vel
3639 3330 3870 3404 zquulior

2245 3435 2442 3490 anima:
2472 3431 2588 3502 ejus
2616 3430 2848 3501 spiritus
2875 3428 3048 3483 altius
3087 3425 3426 3489 intellexisti,
3463 3431 3515 3480 et
3557 3424 3791 3495 perfecta
3827 3417 3871 3471 in

2250 3525 2465 3580 Christo
2517 3521 2758 3592 feminae,
2789 3518 2938 3573 salva
2967 3516 3164 3571 virilis
3201 3515 3371 3569 animi
3421 3512 3769 3586 fortitudine,
3798 3522 3871 3561 cor

2248 3620 2552 3667 maternum
2580 3610 2643 3664 de
2684 3608 2863 3662 cordis
2913 3607 2996 3660 tui
3023 3604 3386 3661 similitudine
3421 3603 3615 3658 melius
3646 3617 3705 3655 ex
3749 3611 3871 3668 aequo

2247 3709 2397 3757 statu
2431 3698 2816 3769 contemplatus
2853 3713 2924 3760 es,
2974 3702 3033 3750 ut
3099 3709 3213 3748 eum
3243 3693 3484 3763 primum
3530 3707 3631 3763 pro
3661 3683 3873 3744 naturali

2250 3791 2536 3861 affectione
2553 3794 2872 3861 permotum,
2899 3783 3089 3839 deinde
3108 3799 3273 3838 causa
3305 3781 3516 3852 potiore
3545 3782 3871 3850 compunctum

2250 3882 2452 3951 flevisse
2479 3877 2820 3950 perspiceres,
2851 3891 2956 3930 non
2982 3882 3091 3928 tum
3114 3871 3251 3927 illud
3280 3872 3597 3936 humanum,
3617 3865 3746 3941 quod
3769 3862 3873 3918 uni-

2251 3987 2369 4025 cum
2401 3969 2575 4040 ﬁlium
2615 3965 2915 4021 conditione
2944 3962 3163 4018 mortali
3197 3961 3512 4033 defunctum
3561 3961 3620 4013 in
3650 3951 3876 4040 pruenti

2253 4039 2448 4114 saeculo
2475 4056 2762 4120 amisisset,
2801 4071 2961 4126 quam
2991 4051 3128 4125 quod
3151 4049 3534 4124 propemodum
3568 4041 3627 4103 in
3656 4039 3875 4101 saeculari

2253 4149 2497 4202 vanitate
2533 4151 2866 4219 prmoentum
2898 4143 3048 4214 (quia
3086 4141 3314 4196 necdum
3375 4139 3546 4194 illum
3598 4134 3873 4192 deseruerat

2252 4237 2547 4292 senatoriae
2576 4233 2867 4306 dignitatis
2892 4231 3153 4295 ambitio),
3181 4245 3288 4284 non
3311 4229 3478 4300 juxta
3503 4233 3736 4281 sanctam
3759 4227 3876 4274 coto-

2255 4343 2379 4382 rum
2416 4342 2633 4382 suorum
2690 4322 2986 4377 avaritiam
3043 4320 3305 4390 cogitaret
3362 4323 3697 4388 assumptum
3735 4317 3788 4366 ut
3828 4306 3874 4359 de

2255 4416 2614 4476 conversionis
2643 4413 2823 4484 gloria
2855 4412 3132 4464 transisset
3171 4408 3248 4463 ad
3285 4407 3515 4478 gloriam
3557 4397 3872 4460 resurrectio-

2256 4511 2365 4574 nis,
2424 4519 2750 4562 communem
2810 4517 2928 4556 cum
2987 4505 3159 4554 matre
3227 4498 3492 4568 requiem,
3563 4499 3873 4557 coronamque

2256 4605 2534 4669 capturus,
2567 4594 2616 4648 si
2641 4593 2699 4646 in
2737 4591 2900 4660 hujus
2926 4587 3119 4643 saeculi
3147 4586 3260 4642 vita
3297 4586 3491 4640 matris
3527 4579 3757 4652 exemplo
3781 4590 3875 4630 sac-

2255 4705 2374 4744 cum
2407 4687 2534 4756 logw
2559 4689 2607 4736 et
2636 4680 3025 4735 monasterium
3056 4676 3286 4732 Senatui
3311 4674 3657 4746 praetulisset.

2331 4782 2382 4833 3.
2426 4775 2802 4830 Verumtamen
2837 4768 2974 4823 idem
3004 4768 3110 4832 vir,
3144 4774 3202 4822 ut
3247 4773 3295 4820 et
3333 4772 3494 4819 antea
3542 4761 3780 4817 retulisse
3813 4767 3874 4806 me

2256 4873 2387 4937 puto
2416 4861 2711 4919 Sanctituti
2743 4864 2846 4912 tum
2878 4860 2920 4921 ²,
2955 4856 3039 4910 his
3067 4853 3315 4925 operibus
3346 4853 3698 4923 locupletatus
3731 4846 3876 4900 abces-

2259 4956 2355 5020 sit,
2388 4959 2446 5008 ut
2499 4955 2766 5005 maternae
2808 4944 3137 5000 humilitatis
3185 4943 3524 4997 nobilitatem
3555 4941 3604 4995 si
3633 4945 3760 4993 veste
3793 4946 3875 4985 non

2258 5043 2499 5118 gesserit,
2549 5048 2724 5096 tamen
2752 5043 2921 5092 mente
2951 5032 3281 5106 praetulerit.
3336 5033 3422 5088 Ita
3452 5032 3593 5085 enim
3624 5022 3875 5118 secundum

2261 5109 2492 5190 verbum?
2531 5128 2756 5187 Domini
2810 5127 2959 5180 mitis
3008 5122 3245 5178 moribus
3273 5121 3385 5191 fuit
3425 5129 3472 5176 et
3511 5116 3727 5174 humilis
3749 5109 3877 5167 corde

2264 5221 2483 5297 (Matth.
2510 5235 2590 5286 xl,
2615 5218 2726 5287 ‘29),
2760 5221 2819 5269 ut
2853 5231 2956 5268 non
2982 5211 3251 5266 immerito
3279 5208 3541 5264 credatur
3568 5199 3875 5297 ἐπινοίας.ιή

2263 5288 2497 5384 requiem
2516 5305 2754 5362 Domini.
2773 5303 3040 5370 Quoniam
3053 5307 3178 5355 sunt
3200 5298 3448 5370 reliquiae
3471 5295 3672 5350 homini
3687 5288 3875 5364 paciﬁca

2265 5401 2446 5476 (Psal.
2495 5413 2697 5461 xxxvr,
2753 5394 2864 5466 37),
2916 5399 2962 5447 et
3001 5391 3269 5446 mansueti
3311 5385 3657 5460 possidebunt
3702 5391 3875 5470 terra}?!

2327 5554 2341 5582 ¹
2363 5551 2520 5606 Lov.,
2545 5548 2766 5597 sulvare.

2325 5618 2346 5652 ³
2377 5604 2528 5673 Low,
2557 5610 2790 5662 retulies:
2815 5611 2928 5659 voto
2956 5604 3254 5657 Sunetitatis
3274 5608 3387 5654 tute.
