3996 6158
138 136 243 198 su
1352 124 1862 193 EPISTULABUM
1901 124 2194 204 crussis
2230 128 2298 185 ιι.

138 257 321 332 (Hatth.
348 272 399 321 γ,
426 255 498 321 ἂ),
518 254 792 326 placentes
819 252 930 309 Deo
958 253 1020 309 in
1050 253 1262 325 regione
1288 255 1534 309 vivorum
1562 252 1743 323 (Psal.

132 365 257 411 cnv,
282 346 352 415 9).
371 345 665 401 Namcerte
695 350 741 399 et
772 342 914 397 illud
937 342 1212 415 Apostoli,
1242 360 1347 398 non
1370 342 1544 398 solum
1572 342 1738 396 tacito

131 437 296 493 mentis
330 436 551 505 affectu,
606 433 697 487 sed
734 439 782 487 et
819 432 1119 503 conspicuis
1161 432 1451 504 religiosus
1499 430 1739 501 implevit

128 525 309 597 ofﬁciis,
340 530 396 577 ut
421 540 538 577 cum
565 529 693 577 esset
718 521 955 576 altorum
985 521 1146 593 hujus
1168 522 1360 577 saculi
1392 521 1449 575 in
1477 520 1667 575 ordine
1690 526 1738 574 et

129 616 302 670 honore
318 612 535 681 collega,
560 628 667 666 non
695 617 872 665 tamen
904 616 964 664 ut
992 610 1259 681 gloriosus
1285 618 1472 675 terra,
1500 608 1623 664 alta
1651 624 1741 662 sa-

123 709 268 775 peret,
287 701 373 756 sed
392 708 453 756 ut
481 700 696 756 Christi
712 699 987 771 perfectus
1014 700 1273 755 imitator
1303 697 1594 753 humilibus
1620 712 1741 751 con-

121 790 502 862 sentiret(Rom.
527 805 629 854 xu,
646 790 755 857 16),
773 795 822 842 et
845 795 955 843 tota
979 791 1141 843 etiam
1160 787 1248 841 die
1261 786 1509 842 misereri
1538 793 1585 840 et
1605 801 1740 840 com-

122 880 309 934 modare
328 879 664 950 persisteret.
694 876 849 933 Unde
865 884 921 932 et
946 892 1122 932 semen
1150 878 1265 947 ejus
1284 883 1469 947 potens
1499 876 1561 929 in
1588 882 1741 930 terra

120 970 293 1039 {auum
318 974 410 1034 est,
432 967 578 1022 inter
597 983 680 1021 eos
698 967 794 1038 qui
816 966 903 1021 dii
925 967 1093 1038 fortes
1116 973 1282 1021 terra
1300 965 1529 1019 nimium
1548 964 1741 1018 elevati

122 1062 264 1127 sunt;
292 1063 349 1111 ut
372 1054 538 1111 etiam
560 1056 623 1110 de
652 1056 956 1111 beatissima
978 1055 1212 1125 familia
1237 1071 1301 1110 ac
1328 1054 1513 1109 domus
1525 1054 1638 1124 ejus
1660 1052 1741 1107 vi-

122 1149 343 1201 sitatione
370 1154 619 1201 sanctum
649 1146 881 1200 hominis
912 1148 1167 1201 meritum
1193 1142 1483 1199 reveletur.
1519 1162 1547 1195 «
1580 1142 1742 1197 Gene-

122 1236 257 1300 ratio,
285 1257 311 1288 ››
332 1236 539 1305 inquit,
572 1256 601 1284 α
633 1242 901 1290 rectorum
933 1234 1295 1289 benedicetur.
1328 1233 1536 1295 Gloria.
1574 1251 1602 1283 »
1635 1248 1739 1286 non

121 1326 309 1388 caduca,
342 1343 369 1375 α
393 1331 443 1379 et
473 1324 715 1392 divitia,
751 1344 775 1375 υ
818 1340 925 1378 non
962 1322 1210 1390 labentes,
1247 1343 1271 1373 α
1302 1323 1363 1377 in
1390 1321 1541 1377 domo
1567 1323 1681 1391 ejus
1711 1340 1739 1373 ιο

122 1413 263 1483 (Psal.
291 1427 404 1477 cxx,
438 1417 492 1480 2,
521 1413 575 1484 3)
603 1429 615 1468 :
658 1412 811 1467 domo
838 1430 954 1483 qua
1001 1411 1308 1483 aediﬁcatur
1350 1411 1411 1465 in
1438 1409 1604 1477 catis,
1638 1426 1742 1465 non

121 1501 271 1556 labore
296 1518 575 1566 manuum,
607 1501 697 1556 sed
715 1517 934 1572 operum
961 1501 1265 1557 sanctitate.
1292 1499 1400 1555 Sed
1423 1515 1559 1554 cesso
1574 1498 1744 1569 plura

118 1592 165 1645 de
186 1591 429 1645 memoria
448 1598 561 1646 tam
586 1590 773 1647 dilecti
796 1591 936 1645 mihi
954 1607 1112 1663 quam
1137 1589 1314 1645 devoti
1338 1589 1554 1645 Christo
1575 1588 1745 1643 homi-

120 1682 184 1735 nis
204 1697 484 1746 enarrare,
518 1697 636 1736 cum
662 1687 711 1736 et
741 1681 997 1752 pristinis
1027 1680 1225 1735 litteris
1248 1696 1353 1734 non
1382 1695 1563 1749 pauca
1582 1694 1744 1749 super

119 1788 163 1825 eo
181 1787 419 1825 narrasse
440 1787 525 1825 me
555 1778 817 1842 reputem,
851 1777 900 1825 et
919 1769 1065 1825 nihil
1088 1771 1283 1843 possim
1313 1768 1375 1823 de
1408 1768 1560 1824 beata
1585 1768 1746 1839 hujus

122 1860 397 1928 ﬁliimatre,
417 1868 466 1915 et
488 1868 797 1916 sanctorum
818 1861 973 1932 pari1
989 1860 1172 1915 radice
1186 1876 1484 1924 ramorum,
1504 1858 1746 1915 Melania

122 1950 276 2004 melius
300 1954 395 2005 aut
423 1950 671 2004 sanctius
700 1949 1021 2021 pradicare.
1054 1967 1213 2021 quam
1251 1950 1521 2004 Sanctitas
1561 1955 1655 2002 tua
1686 1946 1745 2001 in

120 2055 210 2093 eam
234 2039 446 2110 profari
478 2046 531 2094 et
558 2039 842 2110 disputare
870 2039 1095 2109 dignata
1121 2044 1237 2108 est;
1271 2045 1332 2094 ut
1356 2038 1486 2110 quia
1511 2053 1601 2109 ego
1623 2052 1744 2107 pec-

119 2134 241 2183 cator
267 2128 554 2184 immunda
582 2128 727 2184 labia
755 2128 968 2195 habens,
986 2129 1129 2183 nihil
1148 2128 1371 2199 dignum
1391 2127 1536 2198 loqui
1557 2133 1741 2197 potue-

122 2234 235 2283 ram,
260 2226 315 2273 ut
347 2218 686 2290 longinquus
715 2235 749 2272 a
775 2218 989 2273 meritis
1008 2216 1133 2289 ﬁdei
1161 2218 1273 2289 ejus
1301 2217 1606 2287 animaque
1631 2216 1747 2269 vir-

122 2305 310 2371 tutibus,
364 2315 424 2362 tu
462 2307 558 2362 ille
600 2307 689 2361 vir
718 2307 952 2375 Christi,
986 2307 1168 2361 doctor
1210 2305 1386 2361 Israel
1414 2308 1473 2360 in
1504 2303 1746 2359 Ecclesia

124 2397 356 2459 veritatis,
389 2404 728 2467 procurante
753 2396 814 2451 in
864 2396 1055 2451 melius
1094 2395 1433 2467 Dei-gratia,
1463 2393 1747 2466 parareris

122 2483 303 2554 dignior
332 2492 443 2541 tam
469 2486 659 2540 virilis
686 2486 745 2539 in
783 2485 1005 2541 Christo
1032 2487 1231 2540 anima
1261 2485 1621 2554 pradicator,
1654 2484 1749 2555 qui

123 2580 376 2629 etmesuem
403 2576 522 2644 ejus
543 2574 734 2630 divina
758 2575 964 2632 virtute
978 2576 1274 2646 ﬁrmatam,
1300 2583 1358 2630 ut
1379 2573 1519 2638 dixi,
1540 2574 1747 2644 spiritu

122 2666 341 2734 propiore
370 2665 724 2736 conspiceres.
759 2672 811 2721 et
840 2666 1067 2720 mixtam
1106 2682 1226 2720 cum
1255 2666 1460 2720 virtute
1492 2664 1746 2735 pietatem

124 2751 294 2823 eloquio
315 2754 575 2825 digniore
614 2753 892 2809 laudares.

176 2843 221 2896 4.
247 2841 369 2906 Qua
387 2860 516 2897 vero
541 2849 660 2913 post
680 2842 1121 2897 resurrectionem
1141 2842 1325 2897 carnis
1348 2842 1408 2897 in
1431 2842 1528 2897 illo
1547 2842 1747 2898 saculo

124 2927 361 2987 lectarum
389 2933 595 3000 futura
615 2931 687 2985 sit
706 2931 866 2996 actio,
896 2936 916 2966 ¹
940 2936 1000 2985 tu
1028 2947 1110 2986 me
1132 2930 1469 3003 interrogare
1492 2931 1747 3003 dignatus

122 3033 177 3073 es.
200 3018 267 3073 At
294 3036 383 3092 ego
410 3019 475 3074 de
504 3020 765 3091 prasenti
794 3020 920 3075 vita
946 3037 1073 3077 mea
1096 3027 1242 3075 statu
1262 3027 1326 3075 ut
1352 3020 1672 3091 magistrum
1697 3026 1746 3075 et

120 3107 345 3165 medicum
370 3108 727 3180 spiritualem
756 3109 986 3179 consulo,
1015 3116 1077 3165 ut
1104 3110 1289 3165 doceas
1327 3127 1407 3165 me
1442 3110 1620 3181 facere
1661 3126 1747 3165 vo-

120 3194 321 3252 luntates
351 3198 476 3266 Dei,
497 3198 722 3269 tuisque
741 3198 980 3270 vestigiis
1008 3199 1284 3255 ambulare
1303 3207 1417 3271 post
1442 3200 1742 3267 Christum,

119 3292 157 3339 et
178 3294 327 3342 morte
353 3288 460 3343 ista
494 3286 800 3358 evangelica
822 3288 981 3359 prius
1009 3289 1198 3356 emori,
1229 3304 1335 3361 qua
1364 3289 1637 3344 carnalem
1667 3305 1746 3343 re-

117 3374 398 3433 solutionem
419 3377 743 3432 voluntario
758 3379 1122 3449 pravenimus
1139 3382 1158 3413 ³
1182 3394 1403 3443 exessu;
1442 3395 1545 3433 non
1572 3377 1744 3445 obitu,

120 3464 188 3517 sed
206 3468 460 3521 sententia
489 3465 792 3522 recedentes
819 3466 885 3521 ab
916 3467 1077 3539 hujus
1096 3468 1282 3523 saculi
1310 3470 1446 3534 vita,
1478 3484 1594 3539 qua
1639 3471 1747 3523 ista

120 3557 459 3619 tentationum,
485 3555 589 3620 vel,
619 3562 680 3610 ut
705 3562 763 3611 tu
786 3556 1083 3627 aliquando
1103 3556 1175 3611 ad
1198 3575 1278 3613 me
1311 3558 1521 3612 locutus
1537 3574 1610 3621 es,
1635 3564 1746 3613 tota

122 3645 311 3698 tentatio
333 3653 431 3700 est.
471 3645 701 3702 Utinam
728 3662 854 3715 ergo
882 3647 958 3700 sic
986 3646 1308 3717 dirigantur
1336 3648 1441 3702 via
1470 3663 1597 3702 mea
1631 3654 1746 3718 post

123 3735 313 3803 vestigia
336 3743 452 3799 tua,
479 3741 542 3790 ut
564 3734 805 3804 exemplo
826 3741 915 3790 tuo
932 3736 1135 3790 solvens
1155 3737 1569 3791 calceamentum
1599 3743 1746 3791 vetus

120 3818 167 3872 de
183 3822 383 3890 pedibus
406 3824 568 3887 meis,
588 3823 922 3895 disrumpam
942 3825 1159 3879 vincula
1181 3841 1317 3893 mea,
1340 3832 1389 3880 et
1412 3824 1553 3880 liber
1572 3825 1746 3880 exsul-

121 3915 201 3964 tem
225 3912 289 3966 ad
334 3911 670 3968 currendam
710 3915 876 3981 viam,
909 3929 1011 3984 quo
1046 3913 1238 3984 possim
1278 3914 1486 3984 assequi
1524 3920 1745 3969 mortem

122 3998 270 4063 istam.
295 4019 398 4073 qua
430 4010 491 4058 tu
526 4008 770 4057 mortuus
797 4018 848 4055 es
876 4002 1002 4058 huic
1030 4002 1243 4068 saculo,
1278 4009 1334 4058 ut
1362 4004 1513 4057 vivas
1543 4003 1656 4059 Deo
1688 4003 1746 4057 in

124 4086 312 4145 Christo
336 4093 559 4147 vivente
595 4091 656 4144 in
686 4097 760 4152 te,
788 4092 945 4163 cujus
971 4099 1020 4147 et
1046 4108 1188 4147 mors
1215 4099 1265 4147 et
1290 4094 1406 4147 vita
1436 4094 1495 4147 in
1523 4108 1747 4164 corpore

121 4181 191 4230 tuo
210 4186 253 4232 et
275 4179 427 4235 corde
448 4187 499 4235 et
521 4194 617 4234 ore
637 4180 971 4251 cognoscitur
994 4181 1014 4235 Ι
1032 4182 1165 4252 quia
1188 4198 1293 4236 non
1317 4182 1461 4253 sapit
1481 4198 1572 4237 cor
1593 4190 1746 4237 tuum

120 4271 323 4335 terrena,
352 4287 445 4325 nec
468 4286 529 4324 os
553 4276 667 4324 tum
688 4269 932 4341 loquitur
975 4287 1140 4341 opera
1169 4270 1442 4327 hominum
1467 4290 1487 4337 ;
1513 4273 1603 4327 sed
1628 4290 1748 4328 ver-

122 4353 219 4410 bum
241 4359 448 4415 Christi
469 4358 709 4414 abundat
746 4360 806 4415 in
833 4366 1039 4430 pectore
1068 4367 1181 4423 tuo,
1208 4368 1260 4417 et
1288 4362 1520 4433 spiritus
1548 4363 1748 4417 verita-

123 4445 179 4498 tis
201 4448 496 4518 eﬂ'unditur
527 4450 586 4503 in
616 4448 804 4521 lingua
850 4456 947 4505 tua
975 4451 1205 4520 superni
1251 4451 1498 4519 ﬂuminis
1548 4453 1750 4523 impetu

124 4531 371 4605 laetiﬁcans
396 4538 675 4593 civitatem
706 4538 821 4592 Dei.

175 4624 220 4678 5.
252 4626 375 4692 Qua
404 4635 589 4684 autem
623 4628 796 4683 virtus
826 4627 963 4683 hanc
1018 4628 1073 4683 in
1105 4626 1255 4683 nobis
1293 4628 1457 4699 e/ﬁcit
1501 4633 1748 4699 mortem,

125 4714 208 4766 nisi
228 4715 488 4781 charitas,
520 4733 650 4788 qua
672 4717 838 4787 [ortis
878 4724 953 4771 est
982 4724 1042 4772 ut
1074 4733 1218 4772 mors
1246 4716 1274 4771 ?
1301 4717 1388 4773 Sic
1412 4719 1557 4773 enim
1588 4720 1749 4775 oblit-

124 4806 241 4856 terat
270 4806 414 4860 nobis
446 4812 498 4860 et
522 4806 748 4876 perimit
782 4806 874 4861 hoc
903 4807 1178 4873 saculum,
1210 4814 1270 4862 ut
1298 4808 1520 4879 impleat
1560 4810 1749 4865 mortis

126 4891 343 4957 enectum
364 4911 470 4965 per
494 4895 743 4964 affectum
764 4894 996 4960 Christi,
1024 4896 1085 4949 in
1108 4912 1258 4967 quem
1283 4898 1526 4953 conversi
1549 4898 1750 4952 averti-

124 4995 226 5033 mur
246 4982 307 5036 ab
330 4984 421 5038 hoc
452 4984 671 5049 mundo,
704 4992 753 5039 et
782 4986 873 5039 cui
895 4986 1123 5040 viventes
1151 4986 1422 5042 morimur
1444 4987 1510 5041 ab
1528 4988 1752 5043 elemen-

123 5070 178 5123 tis
200 5070 347 5143 hujus
376 5074 583 5129 mundi.
615 5074 726 5131 Nec
758 5081 1013 5145 tanquam
1044 5075 1279 5130 viventes
1310 5077 1367 5130 in
1395 5092 1575 5132 eorum
1608 5095 1751 5133 cons-

122 5166 252 5226 pectu
285 5162 501 5235 visuque
530 5164 551 5199 ⁴
599 5163 950 5230 decernimus,
991 5164 1121 5234 quia
1168 5165 1347 5237 portio
1383 5172 1572 5221 nostra
1611 5184 1751 5223 mors

175 5329 187 5393 ξ
219 5327 359 5393 Low,
392 5335 564 5393 patre.

174 5392 191 5422 ⁸
221 5392 357 5448 Lov.,
380 5392 515 5442 actio
551 5399 747 5443 nostra.

175 5452 192 5482 ³
210 5454 568 5523 Lov._,_mortem
584 5458 734 5523 istam
760 5457 1184 5523 evangelicum...
1203 5460 1594 5521 praveniamus.
1609 5462 1752 5523 Quos

126 5510 265 5623 tricas,
295 5507 530 5582 aliosque
556 5519 737 5584 plures
768 5520 835 5569 ad
852 5507 1360 5572 Pﬁimarconehsemi
1377 5507 1753 5577 'c‘o'aie'é'm‘cBE

176 5590 353 5623 “mus-

176 5590 353 5628 mnus.

178 5639 193 5667 ⁸
215 5639 309 5693 ιιι.
341 5643 624 5704 Phimarc.,
654 5657 868 5711 usuque.

1858 250 2075 307 Christi
2101 259 2217 309 est:
2262 255 2423 326 cujus
2470 272 2506 311 a
2544 258 2775 314 mortuis
2797 259 3249 316 resurrectionem
3292 276 3399 316 non
3428 270 3524 333 ἀρα

1852 340 2235 411 prehendimus
2264 344 2325 398 in
2346 344 2549 415 gloria,
2577 348 2695 402 nisi
2720 356 2946 403 mortem
2974 350 3089 421 ejus
3114 351 3173 404 in
3198 365 3353 405 cruce
3377 366 3521 406 mor-

1848 430 2071 501 tiﬁcatis
2097 431 2349 487 membris
2377 440 2426 487 et
2456 435 2697 491 sensibus
2729 438 2915 492 carnis
2956 440 3246 493 imitemur
3273 461 3293 508 ,-
3320 445 3381 494 ut
3406 440 3519 510 jam

1845 535 1956 574 non
1985 528 2171 575 nostra
2202 521 2472 577 voluntate
2507 524 2771 592 vivamus,
2818 528 2911 581 sed
2942 527 3116 591 illius,
3147 530 3307 597 cujus
3339 528 3521 584 volun-

1846 614 1930 663 tas
1957 609 2315 679 sanctiﬁcatio
2350 617 2537 666 nostra
2566 619 2661 677 est,
2722 620 2771 669 et
2799 618 2893 686 qui
2923 616 3041 670 ideo
3072 632 3170 687 pro
3198 616 3347 671 nobis
3378 633 3520 672 mor-

1846 704 1971 752 tuus
1998 705 2073 753 est
2097 706 2145 753 et
2174 702 2504 764 resurrexit,
2539 709 2599 757 ut
2616 704 2733 773 jam
2782 721 2888 759 non
2920 704 3087 769 nobis,
3118 704 3208 759 sed
3239 704 3331 759 illi
3365 706 3519 760 viva-

1847 802 1982 852 mus,
2008 787 2101 858 qui
2124 804 2230 858 pro
2262 789 2412 843 nobis
2442 799 2689 847 mortuus
2716 800 2792 848 est
2828 800 2881 848 et
2926 796 3254 859 resurrexit,
3289 799 3341 851 et
3373 794 3519 851 dedit

1848 874 1997 930 nobis
2021 876 2225 947 pignus
2254 879 2688 949 repromissionis
2712 898 2825 937 sua
2856 882 3061 953 spiritu
3115 898 3229 947 suo,
3255 882 3393 938 sicut
3427 882 3521 953 pi-

1844 980 1981 1035 gnus
2003 966 2132 1021 vita
2172 973 2368 1022 nostra
2401 970 2579 1038 posuit
2612 970 2673 1024 in
2704 971 2851 1026 caelis
2889 971 2952 1025 in
2983 986 3205 1041 corpore
3231 988 3350 1036 suo,
3382 972 3520 1042 quod

1849 1058 1923 1107 est
1952 1062 2118 1116 caput
2148 1056 2165 1091 ¹
2196 1057 2441 1127 corporis
2470 1059 2669 1113 nostri.
2706 1060 2864 1117 Unde
2906 1076 3048 1116 nunc
3078 1060 3372 1131 exspectati
3399 1077 3521 1115 nos-

1849 1148 1939 1197 tra
1969 1142 2229 1199 Dominus
2251 1152 2329 1201 est
2360 1152 2407 1200 et
2446 1147 2770 1213 substantia,
2816 1166 2935 1221 qua
2985 1148 3051 1203 ab
3084 1151 3197 1219 ipso
3240 1150 3389 1219 facta
3443 1157 3520 1205 est

1848 1232 1994 1302 apud
2017 1233 2218 1302 ipsum,
2246 1241 2293 1289 et
2327 1235 2386 1289 in
2418 1235 2553 1306 ipso,
2587 1244 2636 1291 et
2664 1254 2765 1307 per
2796 1240 2989 1309 ipsum,
3025 1238 3121 1309 qui
3148 1238 3520 1307 con/armatus

1848 1326 1927 1376 est
1956 1323 2171 1393 corpori
2196 1323 2525 1380 humilitatis
2546 1332 2765 1390 nostra,
2789 1334 2849 1382 ut
2879 1343 2976 1381 nos
3007 1328 3367 1397 conformaret
3393 1344 3519 1382 cor-

1846 1409 1971 1480 pori
1994 1410 2188 1479 gloria
2206 1428 2338 1478 sua,
2354 1419 2405 1468 et
2429 1431 2606 1470 secum
2627 1416 2687 1469 in
2709 1415 3007 1472 caelestibus
3027 1415 3328 1472 collocaret.
3344 1415 3516 1487 Prop-

1850 1505 1998 1554 terea
2026 1506 2079 1555 et
2108 1502 2205 1572 qui
2223 1502 2386 1573 digni
2422 1504 2645 1574 fuerint
2678 1505 2792 1560 vita
2814 1514 3041 1570 aterna,
3073 1507 3315 1561 eruntin
3334 1506 3519 1575 gloria

1850 1588 2010 1659 regni
2035 1589 2169 1659 ejus,
2202 1597 2262 1645 ut
2308 1608 2428 1647 cum
2483 1593 2599 1663 ipso
2646 1594 2759 1649 sint
2820 1594 2874 1665 (Ι
2908 1594 3084 1650 Thess.
3116 1610 3196 1658 Iv,
3234 1594 3338 1665 16),
3379 1593 3517 1649 sicut

1850 1677 2138 1748 Apostolus
2175 1679 2280 1745 ait,
2311 1686 2361 1734 et
2399 1698 2520 1737 cum
2574 1682 2689 1753 ipso
2718 1690 2993 1749 maneant,
3025 1684 3163 1738 sicut
3193 1690 3243 1738 et
3272 1683 3383 1754 ipse
3413 1683 3519 1739 Do-

1851 1767 2034 1822 minus
2060 1768 2131 1822 ad
2155 1768 2377 1825 Patrem
2406 1771 2591 1827 dixit:
2619 1792 2648 1824 (ί
2689 1772 2821 1828 Volo
2850 1780 2912 1828 ut
2932 1773 3031 1829 ubi
3059 1790 3148 1844 ego
3171 1789 3311 1837 sum,
3351 1779 3402 1829 et
3428 1772 3522 1828 illi

1848 1858 1961 1911 sint
1994 1872 2194 1913 mecum
2222 1880 2249 1909 ››
2283 1859 2463 1929 (Joan.
2493 1876 2633 1925 xvu.
2669 1862 2783 1934 24).

1922 1944 1976 1999 6.
2009 1946 2133 2001 Sine
2160 1946 2321 2002 dubio
2362 1949 2458 2004 hoc
2487 1949 2625 2005 illud
2664 1957 2739 2005 est
2769 1951 2908 2023 quod
2951 1952 3011 2006 in
3043 1950 3278 2007 Psalmis
3315 1951 3517 2008 habes:

1856 2052 1885 2086 α
1906 2034 2066 2088 Beati
2079 2036 2175 2106 qui
2197 2036 2446 2092 habitant
2470 2040 2532 2093 in
2555 2038 2704 2094 domo
2734 2046 2831 2095 tua
2863 2062 2885 2110 ;
2909 2041 2968 2095 in
2987 2040 3185 2096 sacula
3201 2040 3518 2097 saculorum

1854 2121 2151 2179 laudabunt
2176 2132 2225 2180 te
2244 2145 2272 2178 ι)
2303 2126 2474 2196 (Psal.
2501 2143 2741 2195 Lxxxm,
2776 2129 2851 2200 5).
2876 2129 3018 2184 Puto
3042 2136 3225 2185 autem
3252 2129 3389 2185 hanc
3404 2128 3517 2185 lau-

1851 2211 2119 2268 dationem
2148 2214 2361 2271 vocibus
2410 2217 2816 2272 concinentium
2854 2234 2959 2273 esse
2988 2218 3373 2289 promendam:
3413 2219 3521 2275 etsi

1852 2300 2289 2359 immutabuntur
2315 2313 2623 2362 sanctorum
2654 2308 3060 2379 resurgentium
3073 2325 3321 2379 corpora,
3334 2310 3521 2365 utsint

1850 2392 1992 2448 sicut
2015 2401 2064 2449 et
2088 2394 2309 2451 Domini
2324 2412 2515 2467 corpus
2533 2404 2650 2468 post
2665 2397 3118 2453 resurrectionem
3138 2398 3436 2469 apparuit;
3458 2397 3520 2453 in

1852 2499 1958 2553 qua
1969 2483 2154 2554 utique
2174 2487 2601 2543 resurrectionis
2618 2487 2871 2542 humana
2886 2488 3011 2542 viva
3023 2488 3201 2559 imago
3212 2487 3517 2559 praefulsit,

1855 2578 1915 2627 ut
1938 2572 2212 2629 Dominus
2239 2574 2369 2645 ipse,
2400 2575 2493 2646 qui
2524 2576 2584 2630 in
2609 2592 2831 2647 corpore
2858 2577 2974 2648 ipso
3000 2593 3102 2648 quo
3126 2593 3312 2649 passus
3329 2577 3513 2647 fuerat

1853 2669 1905 2717 et
1918 2671 2316 2729 resurrezerat,
2332 2666 2492 2735 quasi
2502 2665 2772 2736 speculum
2786 2666 3255 2738 contemplationis
3265 2666 3514 2723 omnibus

1856 2750 2047 2823 fuerit.
2068 2751 2175 2818 Qui
2186 2753 2370 2824 utique
2388 2770 2505 2809 cum
2521 2757 2582 2809 in
2594 2755 2773 2810 eadem
2786 2772 2953 2811 carne
2963 2798 2976 2821 ,
2991 2772 3095 2827 qua
3107 2763 3352 2812 mortuus
3363 2764 3411 2811 et
3430 2772 3513 2812 se-

1854 2840 2040 2909 pultus
2051 2842 2259 2911 fuerat,
2282 2844 2690 2908 resurrexisset,
2713 2845 2956 2900 omnium
2969 2846 3151 2900 omnia
3161 2846 3347 2916 ofﬁcia
3359 2862 3516 2901 mem-

1856 2928 2074 2984 brorum
2098 2946 2349 3001 expressa
2367 2932 2536 2987 oculis
2560 2940 2609 2987 et
2638 2933 2866 2987 auribus
2894 2934 3168 2989 hominum
3194 2951 3331 3004 sape
3355 2934 3517 2990 colla-

1854 3024 1941 3072 tus
1967 3020 1987 3052 ²
2009 3018 2285 3075 exhibuit.
2312 3019 2462 3085 Quod
2479 3023 2530 3075 si
2543 3021 3166 3093 stiamAngeli,quorum
3190 3023 3517 3094 simpliciter

1852 3106 2165 3178 spiritualis
2189 3114 2264 3163 est
2283 3115 2560 3179 creatura,
2585 3109 2804 3182 linguas
2826 3110 3019 3167 habere
3029 3112 3309 3178 dicuntur,
3324 3112 3517 3183 quibus

1853 3196 2039 3268 utique
2062 3196 2246 3253 laudes
2259 3198 2488 3255 Domino
2507 3200 2741 3256 creatori
2754 3207 2975 3257 cantant
2994 3208 3045 3256 et
3074 3202 3287 3274 gratias
3305 3204 3515 3274 referre

1851 3302 1959 3341 non
1985 3285 2260 3352 desinunt,
2301 3296 2500 3359 quanto
2528 3289 2701 3361 magis
2730 3289 3027 3357 hominum,
3060 3292 3159 3345 etsi
3185 3292 3517 3363 spiritualia

1843 3376 1959 3446 jam
1973 3382 2088 3447 post
2113 3378 2565 3434 resurrectionem
2576 3395 2826 3450 corpora,
2843 3379 3183 3435 manentibus
3197 3387 3372 3436 tamen
3398 3381 3515 3451 glo-

1852 3464 2083 3535 riﬁcata
2115 3468 2302 3521 carnis
2322 3467 2571 3524 omnibus
2601 3468 2869 3535 membris,
2888 3477 2937 3525 et
2956 3486 3057 3540 per
3079 3470 3259 3525 omnia
3283 3469 3520 3525 membra

1850 3554 2050 3623 formis
2078 3562 2127 3609 et
2162 3557 2407 3612 numeris
2433 3559 2567 3626 suis,
2614 3564 2664 3612 et
2705 3558 2923 3629 linguas
2954 3558 3216 3615 habebunt
3246 3560 3307 3614 in
3337 3558 3522 3615 oribus

1822 3644 1984 3707 .suis,
2012 3651 2061 3698 et
2087 3644 2291 3715 linguis
2320 3646 2610 3715 eﬂ'antibus
2636 3648 2838 3703 dabunt
2887 3664 3051 3715 voces,
3084 3648 3281 3719 quibus
3304 3649 3521 3705 divinas

1855 3732 2036 3787 laudes
2066 3734 2146 3788 vel
2175 3751 2430 3791 sensuum
2459 3753 2679 3791 suorum
2708 3737 3147 3810 gaudiorumque
3173 3740 3395 3809 affectus
3424 3755 3521 3810 per

1851 3822 2014 3877 verba
2033 3822 2371 3893 depromant.
2403 3825 2567 3880 Forte
2591 3827 2753 3882 etiam
2777 3826 2869 3881 hoc
2889 3828 3092 3898 gratia
3120 3828 3411 3899 gloriaque
3428 3844 3521 3899 ap-

1850 3911 2097 3982 posituro
2118 3912 2321 3967 sanctis
2366 3912 2479 3968 suis
2512 3912 2762 3980 Domino,
2796 3914 2858 3969 in
2896 3913 3112 3970 saculis
3140 3914 3298 3986 regni
3322 3915 3429 3981 sui,
3457 3922 3519 3971 ut

1855 4006 2004 4055 tanto
2030 4000 2333 4071 potioribus
2347 4001 2551 4074 linguis
2570 4008 2619 4056 et
2633 4002 2851 4058 vocibus
2863 4011 3084 4072 canant,
3101 4010 3301 4075 quanto
3319 4003 3390 4059 ad
3405 4004 3522 4060 bea-

1853 4090 2044 4145 tiorem
2074 4097 2337 4146 naturam
2366 4107 2655 4163 corporum
2687 4091 2839 4148 beata
2867 4094 3243 4149 immutatione
3270 4092 3519 4165 pro/ece-

1853 4178 1992 4244 rint,
2010 4186 2069 4234 ut
2098 4179 2156 4233 in
2185 4180 2499 4251 corporibus
2514 4182 2631 4252 jam
2657 4182 3063 4253 spiritualibus
3079 4182 3381 4246 constituti,
3401 4183 3520 4253 jam

1852 4270 2093 4338 [orsitan
2119 4286 2224 4323 non
2251 4270 2523 4336 humanis,
2549 4270 2639 4325 sed
2661 4271 2777 4326 illis
2808 4272 3071 4344 angelicis
3104 4279 3268 4343 atque
3296 4271 3524 4329 caelesti-

1856 4358 1970 4426 bus,
1983 4361 2170 4429 quales
2184 4361 2225 4414 Α
2236 4360 2476 4429 postolus
2493 4360 2711 4416 audivit
2726 4362 2787 4415 in
2811 4362 3071 4432 paradiso
3084 4362 3172 4431 (II
3188 4362 3317 4417 Cor.
3342 4376 3440 4427 xu,
3465 4361 3521 4431 4)

1853 4448 2184 4503 sermonibus
2206 4449 2552 4519 eloquuntur.
2586 4451 2657 4504 Et
2672 4449 2797 4503 ideo
2822 4449 3067 4518 forsitan
3090 4449 3299 4503 homini
3331 4448 3524 4520 inetia-

1857 4536 1992 4591 biles
2024 4554 2107 4593 eos
2135 4554 2404 4592 sermones
2419 4538 2583 4607 fuisse
2597 4544 2823 4592 testatus
2849 4545 2945 4603 est,
2971 4538 3102 4609 quia
3120 4538 3344 4603 sanctis,
3375 4538 3524 4593 inter

1853 4625 1996 4679 alias
2020 4626 2371 4696 pramiorum
2397 4627 2614 4696 species,
2654 4628 2770 4697 jam
2800 4643 2951 4682 nova
2984 4626 3187 4697 lingua
3212 4633 3515 4698 parantur.

1860 4713 2066 4781 Quibus
2090 4714 2296 4769 idcirco
2309 4714 2617 4769 hominibus
2628 4714 2790 4786 hujus
2814 4714 3005 4771 saculi
3022 4714 3197 4772 adhuc
3220 4716 3307 4771 uti
3325 4733 3429 4773 non
3454 4715 3525 4771 li-

1857 4810 1958 4869 cet,
1979 4811 2040 4859 ut
2059 4806 2179 4875 jam
2205 4804 2290 4859 his
2311 4804 2502 4875 gloria
2526 4821 2638 4860 sua
2663 4804 3079 4876 congruentibus
3105 4806 3437 4862 immortales
3450 4806 3524 4863 lo-

1856 4900 2115 4965 quantur,
2149 4894 2212 4948 de
2235 4894 2428 4965 quibus
2464 4894 2670 4950 dictum
2701 4902 2796 4960 est,
2830 4915 2855 4947 α
2889 4895 3111 4951 Etenim
3138 4895 3444 4951 clamabunt
3473 4902 3523 4950 et

1856 4984 2108 5055 hymnum
2161 4983 2338 5039 dicent
2378 5006 2404 5033 κ
2436 4984 2611 5047 (Psal.
2678 5000 2825 5052 mm,
2892 4987 3023 5055 14);
3058 4982 3433 5056 proculdubio
3461 4983 3525 5039 in

1856 5072 2177 5136 caelestibus,
2210 5072 2306 5129 ubi
2329 5090 2448 5128 cum
2476 5073 2705 5129 Domino
2744 5080 2926 5139 erunt,
2951 5080 2999 5129 et
3030 5071 3438 5128 delectabuntur
3462 5072 3523 5127 in

1860 5161 2202 5239 abundantia
2252 5163 2420 5234 pacis,
2450 5164 2736 5234 gaudentes
2766 5163 2825 5218 in
2850 5170 3129 5234 conspectu
3158 5160 3365 5228 throni,
3393 5162 3523 5219 mit-

1862 5256 2025 5306 tentes
2052 5257 2176 5306 ante
2203 5251 2356 5323 pedes
2377 5252 2527 5324 Agni
2545 5260 2767 5324 pateras
2791 5259 2841 5307 et
2867 5266 3107 5317 coronas,
3123 5256 3446 5306 et-canentes
3470 5251 3523 5307 ei

1859 5342 2129 5396 canticum
2159 5358 2372 5411 novum,
2410 5340 2691 5412 aggregati
2721 5341 2903 5397 choris
2940 5340 3294 5412 Angelorum,
3335 5339 3525 5398 Virtu-

1862 5434 1995 5495 tum,
2022 5429 2481 5515 quinationum,
2501 5430 2859 5496 Thronorum,
2876 5436 2935 5486 ut
2958 5436 3007 5486 et
3031 5430 3140 5504 ipsi
3164 5445 3286 5488 cum
3307 5430 3526 5491 Cheru-

1922 5589 2062 5653 ίέιίε.
2099 5590 2362 5640 Phimsrc.
2396 5589 2594 5641 omittit
2629 5593 2798 5653 caput.

1921 5655 1943 5687 ²
1962 5651 2112 5713 Lov.,
2135 5653 2343 5709 collata.
