4040 6174
490 262 601 320 bim
628 272 786 339 atque
821 264 1130 338 Seraphim,
1170 270 1222 319 et
1254 270 1484 336 quatuor
1511 264 1627 320 illis
1647 264 2000 330 animalibus,
2024 276 2143 317 voce

482 364 744 428 perpetua
770 358 1101 412 concinentes
1124 354 1329 417 dicant,
1348 376 1374 404 «
1391 355 1648 421 Sanctus,
1673 363 1880 416 santus,
1904 358 2139 415 sanctus,

484 446 749 501 Dominus
778 447 922 499 Deus
956 442 1177 498 sabaoth
1211 464 1231 491 ›
1267 442 1419 513 (Isai.
1482 461 1556 515 v1,
1607 448 1660 510 3,
1692 452 1743 499 et
1766 445 1933 515 Apoc.
1966 457 2042 507 IV,
2075 440 2141 495 8-

491 534 599 606 lO),
631 542 681 589 et
707 533 919 603 reliqua
946 549 1064 604 quae
1094 532 1256 587 nosti.

554 627 605 677 7.
640 624 755 676 Hoc
776 629 851 676 est
880 639 1005 693 ergo
1036 621 1175 692 quod
1200 638 1393 693 egenus
1413 629 1461 677 et
1482 639 1691 694 pauper
1719 639 1845 693 ergo
1882 621 1975 676 ille
2006 619 2140 674 insi-

483 714 637 784 piens
666 720 715 768 et
739 714 1011 784 parvulus
1039 720 1185 779 tuus,
1200 730 1348 784 quem
1372 720 1433 768 ut
1452 730 1609 769 verus
1627 714 1837 785 sapiens
1854 713 2007 784 ferre
2020 728 2139 766 con-

483 804 667 871 suesti,
701 819 828 873 rogo
865 810 926 858 ut
956 820 1036 858 me
1073 802 1354 858 scientiam
1386 803 1466 857 vel
1494 803 1798 874 opinionem
1853 818 2015 873 super
2046 801 2139 856 hoc

486 898 634 948 tuam
659 893 842 948 doceas
858 892 1010 963 (quia
1033 893 1141 947 scio
1165 899 1212 947 te
1231 891 1605 948 illuminatum
1623 894 1830 964 spiritu
1853 891 2139 947 revelatio-

484 982 575 1037 nis
597 982 662 1036 ab
693 982 810 1053 ipso
833 982 963 1037 duce
978 989 1029 1036 et
1057 983 1203 1052 fonte
1230 983 1583 1052 sapientium,
1607 990 1669 1037 ut
1692 984 1829 1036 sicut
1847 981 2138 1052 prseterita

485 1072 795 1143 cognovisti,
822 1079 872 1125 et
893 1071 1364 1142 praesentiavides,
1392 1073 1473 1126 ita
1495 1073 1659 1127 etiam
1675 1072 1736 1125 de
1761 1071 1973 1140 futuris
1994 1070 2137 1125 aesti-

485 1177 593 1215 mes
613 1160 654 1232 ¹)
684 1177 704 1224 ;
734 1161 866 1231 quid
890 1160 1176 1214 censeasde
1203 1160 1287 1214 his
1311 1160 1597 1215 caelestium
1624 1166 2029 1223 creaturarum,
2060 1159 2138 1213 vel

485 1249 647 1304 etiam
667 1266 828 1320 super
851 1249 1005 1304 caelos
1031 1249 1090 1303 in
1110 1256 1383 1321 conspectu
1402 1250 1443 1304 Α
1457 1250 1686 1305 ltissimi
1700 1250 1973 1321 agentium
1994 1250 2139 1303 voci-

484 1337 577 1392 bus
603 1338 965 1408 sempiternis,
1014 1339 1204 1409 quibus
1234 1339 1443 1394 tandem
1484 1340 1706 1410 organis
1733 1339 2135 1409 exprimantur.

487 1426 739 1492 Quamvis
775 1428 915 1482 enim
948 1428 1232 1499 Apostolus
1251 1428 1496 1492 dicendo,
1528 1448 1557 1481 ί(
1582 1427 1643 1482 Si
1668 1427 1877 1499 linguis
1912 1426 2138 1498 Angelo-

483 1532 607 1571 rum
639 1516 828 1587 loquar
859 1539 887 1570 »
920 1516 963 1588 (l
998 1518 1121 1571 Cor.
1151 1533 1273 1583 xui,
1298 1518 1374 1585 1),
1404 1518 1687 1588 proprium
1708 1516 1987 1589 quemdam
2014 1515 2139 1570 illos

482 1621 595 1661 suae
616 1613 854 1670 natura,
886 1605 984 1669 vel,
999 1613 1058 1660 ut
1079 1605 1161 1661 ita»
1171 1605 1424 1669 dixerim,
1447 1607 1616 1676 gentis
1632 1606 1825 1661 habere
1846 1622 2138 1661 sermonem

483 1693 795 1760 ostenderit,
822 1700 970 1749 tanto
991 1694 1247 1749 humanis
1274 1695 1513 1750 sensibus
1536 1702 1583 1749 et
1608 1695 1835 1767 eloquiis
1862 1693 2134 1758 altiorem,

485 1790 689 1855 quanto
706 1784 826 1854 ipsa
848 1785 1181 1855 Angelorum
1200 1792 1452 1839 creatura
1464 1792 1512 1840 et
1531 1785 1695 1839 statio
1708 1783 2029 1839 mortalibus
2054 1784 2137 1837 in-

484 1873 713 1932 colis’et
742 1873 1195 1928 terrenissedibus
1217 1880 1444 1945 praestat
1464 1890 1485 1929 .°
1498 1881 1737 1929 attamen
1766 1874 2005 1944 forsitan
2027 1872 2134 1927 lin-

482 1979 615 2035 guas
642 1962 976 2033 Angelorum
999 1980 1100 2034 pro
1127 1963 1414 2034 generibus
1444 1980 1631 2019 vocum
1654 1970 1811 2035 atque
1833 1978 2137 2017 sermonum

482 2051 720 2114 dixerit,
738 2053 880 2106 sicut
906 2058 956 2106 et
976 2051 1038 2106 de
1059 2052 1446 2108 charismatum
1476 2052 1739 2107 varietate
1763 2051 2029 2105 disserens
2052 2050 2137 2103 in-

486 2147 575 2196 ter
586 2141 726 2195 dona
743 2142 1057 2211 gratiarum
1070 2150 1321 2197 numerat
1338 2159 1535 2213 genera
1550 2142 1863 2213 linguarum
1882 2140 1985 2210 (Id.
2012 2140 2135 2211 xu),

483 2231 668 2302 utique
696 2231 787 2286 hoc
824 2233 886 2286 in
931 2232 1085 2303 signo
1149 2248 1253 2287 esse
1305 2233 1639 2304 signiﬁcans,
1669 2231 1809 2303 quod
1836 2230 2137 2285 multarum

481 2321 722 2389 gentium
746 2337 985 2375 sermone
1017 2321 1161 2391 loqui
1204 2321 1439 2392 singulis
1466 2321 1791 2376 donaretur.
1820 2318 1920 2374 Sed
1957 2325 2006 2373 et
2036 2334 2138 2372 vos:

484 2408 588 2464 Dei
612 2426 749 2480 saepe
777 2411 848 2464 ad
875 2417 1083 2465 sanctos
1120 2411 1312 2465 emissa
1340 2411 1402 2465 de
1439 2410 1596 2476 nube,
1623 2408 1855 2464 ostendit
1879 2424 2023 2479 posse
2063 2408 2135 2462 lo-

481 2498 691 2570 quelam
725 2515 830 2553 esse
873 2502 987 2553 sine
1033 2498 1240 2569 lingua.
1319 2499 1600 2570 Siquidem
1650 2499 1839 2569 lingua
1893 2497 2136 2567 corporis

480 2587 775 2641 membrum
798 2587 870 2642 sit
899 2587 1179 2658 pusillum,
1213 2595 1262 2643 et
1303 2605 1574 2658 magnum.
1615 2587 1715 2641 Sed
1762 2586 1903 2656 forte
1949 2603 2015 2640 ea:
2042 2585 2135 2640 hoc

481 2675 595 2746 ipso
626 2676 758 2747 quia
801 2677 858 2729 in
920 2676 1012 2731 hoc
1055 2676 1287 2731 membro
1310 2678 1449 2731 vocis
1487 2677 1725 2747 ofﬁcium
1760 2676 1901 2730 Deus
1932 2676 2131 2745 posuit,

478 2767 643 2824 etiam
666 2766 992 2836 incorporea
1019 2767 1352 2838 Angelorum
1364 2774 1631 2822 creaturae
1656 2767 1677 2800 ⁸
1697 2782 1963 2820 sermones
1983 2772 2031 2819 et
2043 2782 2136 2819 vo-

478 2873 558 2914 ces
586 2854 827 2926 linguam
853 2856 1139 2921 vocaverit,
1171 2856 1310 2911 sicut
1335 2856 1625 2927 Scriptura
1646 2855 1778 2910 solet
1807 2855 1913 2909 Deo
1935 2870 2134 2926 quoque

477 2944 768 3000 secundum
796 2945 990 3015 species
1017 2946 1413 3015 operationum,
1438 2946 1657 2999 nomina
1675 2944 1952 3016 assignare
1979 2960 2134 2999 mem-

481 3034 725 3090 brorum.
760 3032 871 3089 Ora
893 3051 993 3105 pro
1020 3034 1192 3098 nobis,
1223 3041 1274 3088 et
1310 3034 1432 3089 doce
1459 3051 1573 3089 nos.

547 3124 602 3177 ὃ.
643 3124 851 3178 Frater
868 3130 1049 3178 noster
1074 3124 1427 3179 charissimus
1444 3131 1497 3179 et
1516 3122 1856 3179 dulcissimus
1878 3122 2129 3189 Quintus,

476 3228 636 3285 quam
661 3211 813 3267 tarde
837 3212 916 3267 ad
943 3229 1036 3267 nos
1063 3220 1266 3268 remeat
1297 3230 1331 3267 a
1351 3212 1516 3278 vobis,
1550 3220 1661 3267 tam
1689 3212 1794 3267 cito
1818 3229 1853 3267 a
1885 3211 2033 3266 nobis
2060 3211 2132 3267 ad

477 3317 566 3357 vos
593 3301 777 3355 redire
799 3301 1027 3371 festinat
1049 3316 1069 3353 :
1088 3301 1413 3356 instantiam
1435 3318 1556 3355 vero
1576 3303 1691 3369 ejus
1714 3301 1773 3354 in
1796 3300 2000 3355 litteris
2015 3300 2125 3354 exi-

476 3391 661 3463 gendis
689 3398 739 3445 et
770 3391 881 3444 hac
909 3389 1129 3461 epistola
1151 3390 1339 3446 lituris
1366 3408 1522 3461 quam
1554 3390 1793 3445 versibus
1821 3389 2031 3444 crebior
2056 3389 2129 3444 lo-

475 3480 688 3549 quitur,
729 3477 1122 3533 commemorati
1168 3480 1438 3533 eamctoris
1467 3478 1693 3533 nimiam
1727 3478 2127 3548 festinationem

473 3566 660 3622 scheda
681 3566 834 3636 fecit.
855 3565 1000 3623 Nam
1024 3567 1213 3637 pridie
1240 3566 1361 3622 idus
1389 3567 1559 3622 maias
1573 3568 1721 3622 venit
1745 3566 1816 3621 ad
1846 3583 1938 3621 nos
1962 3574 2023 3621 ut
2043 3584 2126 3623 re-

474 3656 686 3724 scripta
720 3663 942 3727 peteret,
979 3664 1028 3711 et
1051 3656 1230 3711 idibus
1252 3664 1377 3711 ante
1402 3665 1609 3712 sextam
1629 3656 1841 3711 dimitti
1862 3657 2123 3714 obtinuit.

482 3744 671 3803 Videte
708 3761 832 3816 ergo
860 3752 1047 3800 utrum
1072 3762 1192 3801 eum
1217 3746 1712 3810 commendaverim,
1747 3745 1826 3800 vel
1852 3761 2128 3801 accusave-

471 3835 585 3890 rim
615 3834 927 3904 huiusmodi
949 3834 1277 3893 testimonio.
1307 3836 1473 3891 Forte
1498 3836 1658 3903 enim,
1687 3836 1795 3890 imo
1818 3835 1933 3890 sine
1960 3835 2127 3891 dubio

473 3922 773 3980 laudabilis
794 3924 966 3995 magis
1001 3941 1159 3996 quam
1215 3926 1506 3997 culpabilis
1551 3925 1916 3996 judicabitur.
1973 3924 2127 3995 quia

472 4014 727 4080 tenebris,
760 4014 899 4084 quod
936 4014 997 4068 in
1018 4015 1425 4084 comparatione
1462 4015 1632 4069 vestri
1668 4014 1896 4071 luminis
1919 4029 2121 4079 sumus,

461 4101 760 4172 justissime
796 4103 1140 4175 refestinavit
1167 4103 1237 4157 ad
1268 4103 1433 4158 lucem
1460 4120 1634 4157 suam.
1670 4124 1695 4154 ι

963 4192 1297 4247 EPISTOLA
1330 4193 1459 4247 XCV
1488 4192 1505 4210 '
1535 4192 1638 4263 (a).

470 4278 843 4349 Augustinus
874 4279 1171 4347 superiori
1197 4280 1461 4349 epistola
1494 4280 1855 4349 respondens
1898 4280 2019 4351 agit
2056 4280 2129 4337 de

537 4368 848 4438 praesentis
872 4368 1009 4424 vitae
1028 4375 1209 4436 statu,
1239 4384 1469 4425 necnon
1505 4370 1579 4426 de
1601 4370 1892 4442 qualitate
1919 4385 2130 4439 corpo-

540 4456 625 4513 ris
673 4456 998 4525 beatorum,
1049 4458 1236 4530 deque
1283 4459 1677 4515 membrorum
1725 4459 1941 4529 ofﬁciis
1996 4464 2127 4529 post

542 4546 1054 4603 resurrectionem.

423 4674 431 4681 .
471 4635 1185 4692 Dominischarissimiset
1202 4636 1637 4704 sincerissimis,
1663 4637 1882 4693 sanctis
1902 4642 1958 4693 et
1978 4636 2128 4693 desi-

544 4724 914 4781 derabilibus
931 4732 986 4781 et
1009 4726 1765 4792 venerabilibusfratribus,
1781 4727 1893 4782 sub
1913 4728 2127 4796 megis-

545 4817 635 4868 tro
649 4814 901 4869 Domino
922 4815 1063 4870 Jesu
1085 4815 1513 4887 condiscipulis
1535 4816 1639 4888 (b),
1660 4819 1731 4870 PA
1742 4832 1901 4873 ULmo
1916 4822 1971 4871 et
1990 4818 2126 4872 Tae-

540 4918 738 4969 assm,
766 4904 1132 4970 AUGUSTINUS,
1162 4903 1223 4958 in
1251 4904 1504 4960 Domino
1535 4905 1809 4962 salutem.

540 4994 594 5049 1.
630 4991 779 5049 Cum
812 5008 919 5048 vos
952 4992 1161 5047 fratres
1190 4992 1376 5048 nostri
1408 4994 1884 5066 conjunctissimi
1925 4994 2120 5063 nobis,

529 5120 551 5190 ξ
575 5118 724 5190 [.ov.,
754 5115 877 5190 quid
905 5116 1136 5190 restimes.

531 5183 552 5214 ²
569 5180 729 5241 Lov.,
760 5180 815 5228 in
836 5180 990 5229 salis.

528 5243 547 5274 ⁸
576 5242 702 5292 Lov.
738 5257 750 5291 :
784 5242 916 5303 Quia
929 5242 1042 5292 sine
1070 5242 1159 5291 hoc
1184 5242 1406 5291 membro
1428 5244 1485 5291 in
1505 5257 1601 5306 quo
1623 5248 1693 5293 est
1722 5244 1856 5293 vocis
1876 5244 2119 5367 ofgeium,

528 5319 600 5354 ius
640 5307 795 5367 possit
826 5308 981 5355 etiam
1011 5307 1067 5353 in
1090 5320 1304 5367 corpore
1347 5305 1658 5367 Angelorum
1691 5320 1880 5355 creare.
1967 5310 2119 5358 uibus

468 5304 600 5368 Deus
640 5307 795 5367 possit
826 5308 981 5355 etiam
1011 5307 1067 5353 in
1090 5320 1304 5367 corpore
1347 5304 1658 5368 Angelorum
1691 5320 1880 5355 creare.
1907 5304 2121 5367 'Quibus

466 5366 616 5423 locis,
638 5366 691 5417 et
713 5370 767 5416 in
789 5368 1045 5418 nonnulis
1070 5368 1186 5416 aliis
1209 5366 1473 5417 Pbimarc.
1512 5368 1628 5417 cod.
1658 5371 1823 5418 secuti
1855 5366 2119 5420 summus.

529 5429 548 5496 ‘_
584 5430 1011 5496 Ad_Yaticnnum
1035 5430 1308 5494 exemplar
1337 5434 1386 5496 et
1420 5431 1486 5480 ad
1515 5431 1640 5480 Lov.
1671 5434 1963 5496 recognita.

534 5492 605 5552 (a)
637 5490 777 5542 Alias
810 5494 902 5541 250
934 5508 946 5541 :
980 5508 1112 5561 quas
1129 5490 1320 5561 autem
1343 5495 1403 5542 95
1433 5498 1567 5561 erat,
1588 5508 1736 5561 nunc
1768 5490 1880 5546 1'77.
1918 5496 2123 5561 Scripta

470 5552 663 5608 hieme,
695 5566 781 5602 an.
806 5552 1031 5605 exeunte
1062 5557 1151 5604 408
1186 5560 1280 5605 aut
1309 5556 1526 5606 ineunte
1554 5557 1657 5605 109.

533 5616 611 5693 (ὁ)
623 5616 1019 5693 qui‘aﬂagister
1030 5622 1082 5667 et
1092 5618 1374 5693 Episcopus
1383 5620 1723 5693 insuperiore
1749 5620 1974 5693 epistola
1986 5622 2124 5693 salu-

473 5681 625 5733 tatus
634 5680 736 5730 fuit
749 5681 1095 5745 Augustinus,
1108 5680 1305 5733 idcirco
1319 5682 1493 5733 reddit
1509 5680 1734 5735 salutem
1753 5680 1898 5735 hisce
1916 5685 2091 5735 verbis
2103 5726 2115 5740 ,

1774 158 1837 216 S.
1874 140 2261 212 AUGUSTINI
2297 150 2618 214 EPISCOPI

3727 176 3830 235 352

2256 275 2412 332 quos
2450 263 2766 322 nobiscum
2805 267 3128 325 desiderati
3167 267 3508 339 desiderare,
3536 278 3584 330 et
3629 278 3831 341 salutati

2255 350 2577 407 resalutare
2607 356 2962 427 consuestis,
2991 357 3234 414 assidue
3261 357 3472 425 vident,
3499 369 3732 423 nontam
3750 386 3836 426 au-

2254 446 2467 508 gentur
2490 441 2648 497 bona
2674 452 2894 513 nostra,
2928 463 3115 519 quam
3140 447 3511 504 consolantur
3532 453 3689 510 mala.
3716 457 3838 516 Nam

2250 528 2413 599 ipsas
2442 546 2658 588 causas
2691 540 2745 589 et
2772 537 3178 601 necessitates,
3208 543 3263 593 et
3289 544 3566 609 quantum
3588 543 3838 612 valemus,

2250 616 2512 675 devitarc
2525 636 2834 689 conamur,
2852 630 2908 680 et
2925 632 3147 691 tamen,
3167 627 3366 682 nescio
3380 630 3680 700 quomodo,
3694 636 3842 689 credo

2252 723 2358 778 pro
2373 711 2594 765 meritis
2615 714 3073 781 nostris,deesse
3096 732 3214 771 non
3236 722 3507 787 possunt:
3528 719 3623 773 sed
3641 737 3762 777 cum
3780 724 3843 778 ad

2248 811 2359 851 nos
2386 800 2647 865 veniunt,
2674 808 2732 857 et
2762 804 2961 859 vident
3006 821 3132 870 nos,
3170 804 3233 860 6t
3261 805 3423 876 quod
3468 808 3735 877 scriptum
3756 818 3842 871 est.

2246 886 2584 944 Secundum
2604 892 3046 951 multitudinem
3067 895 3339 950 dolorum
3361 910 3609 953 meorum
3624 900 3679 952 in
3701 901 3848 957 corde

2246 991 2393 1040 meo,
2433 979 2880 1039 exhortationes
2929 989 3046 1039 tum
3087 984 3571 1052 jucundaverunt
3622 988 3850 1044 animam

2246 1081 2431 1122 meam
2448 1068 2635 1138 (Psal.
2651 1086 2807 1136 xcm,
2824 1072 2931 1145 19).
2952 1073 3197 1129 Proinde
3214 1074 3290 1129 ad
3315 1074 3487 1129 istam
3500 1073 3739 1130 lmtitiam
3752 1094 3852 1149 qua

2247 1155 2562 1212 vobiscum
2596 1164 2681 1215 est
2714 1159 2890 1217 frater
2915 1163 3210 1217 Possidius
3242 1162 3349 1235 (a),
3376 1178 3510 1218 cum
3536 1180 3603 1219 ex
3630 1164 3746 1235 ipso
3770 1182 3853 1221 au-

2247 1243 2470 1300 dieritis
2490 1262 2674 1319 quam
2702 1250 2882 1310 tristis
2911 1268 3049 1308 cum
3071 1268 3252 1309 causa
3276 1252 3636 1323 compulerit,
3659 1254 3758 1310 hoc
3778 1271 3854 1310 me

2251 1334 2557 1394 verissime
2573 1341 2768 1398 dicere
2794 1342 3270 1411 cognoscetiszet
3287 1347 3481 1396 tamen
3511 1343 3555 1396 si
3572 1343 3855 1413 quisquam

2250 1431 2519 1482 nostrum
2554 1437 2793 1503 propter
2829 1431 2944 1486 hoc
2999 1430 3196 1486 solum
3240 1430 3350 1485 iret
3402 1436 3559 1486 trans
3610 1446 3773 1499 mare,
3808 1437 3857 1487 ut

2250 1518 2445 1571 vestra
2474 1520 2791 1587 praesentia
2821 1519 3133 1584 frueretur,
3160 1519 3309 1591 quid
3336 1519 3448 1574 hac
3476 1535 3651 1575 causa
3672 1519 3857 1590 justius

2248 1602 2393 1672 quid
2429 1608 2875 1678 possetdignius
2905 1607 3196 1663 inveniri?
3224 1608 3335 1664 Sed
3356 1606 3415 1663 id
3443 1608 3668 1663 vincula
3689 1614 3860 1665 nostra

2249 1706 2369 1747 non
2399 1693 2632 1764 ferrent,
2650 1698 2874 1770 quibus
2900 1698 3128 1767 religati
3155 1696 3741 1753 sumusinﬁrmorum
3762 1713 3858 1752 ser-

2249 1781 2367 1837 vire
2394 1783 2801 1855 languoribus,
2820 1804 2928 1843 nec
2946 1804 3049 1843 eos
3074 1787 3394 1858 prementia
3415 1786 3697 1858 corporali
3720 1786 3863 1841 relin-

2247 1874 2567 1942 quere,nisi
2583 1891 2718 1931 cum
2735 1879 2849 1933 hoc
2860 1881 3257 1949 cogunttanto
3271 1875 3861 1947 imperiosius,quanto

2249 1961 2642 2030 periculosius
2665 1966 3035 2036 aegrotando.
3058 1966 3258 2021 Utrum
3284 1979 3660 2020 exerceamur
3680 1963 3779 2025 his,
3804 1978 3865 2018 an

2247 2049 2444 2118 potius
2470 2052 2818 2122 plectamur,
2849 2056 3070 2115 nescio,
3097 2054 3207 2108 nisi
3234 2053 3401 2125 quod
3430 2068 3549 2108 non
3572 2051 3861 2107 secundum

2246 2146 2493 2210 peccata
2510 2150 2712 2199 nostra
2735 2144 2872 2200 facit
2898 2144 3092 2210 nobis,
3118 2160 3312 2215 neque
3334 2143 3665 2199 secundum
3685 2140 3864 2213 iniqui-

2248 2233 2393 2284 tates
2419 2237 2653 2287 nostras
2682 2233 2950 2289 retribuit
2967 2233 3140 2289 nobis
3159 2233 3349 2304 (Psal.
3373 2249 3465 2299 cu,
3485 2232 3594 2302 10),
3616 2232 3708 2303 qui
3731 2235 3867 2284 tanta

2248 2316 2775 2377 solatiadoloribus
2802 2324 3027 2388 miscet,
3044 2323 3285 2394 agitque
3314 2320 3569 2377 mirabili
3587 2317 3865 2381 medicina,

2247 2422 2321 2461 ne
2347 2423 2622 2465 amemus
2657 2411 2973 2469 mundum.
3009 2426 3082 2466 ne
3107 2411 3465 2467 deﬁciamus
3490 2410 3548 2465 in
3586 2406 3809 2463 mundo.

2317 2501 2369 2551 2.
2403 2498 2662 2563 Quaesivi
2696 2500 2804 2556 abs
2843 2505 2897 2556 te
2946 2500 3245 2571 prioribus
3288 2499 3517 2563 litteris,
3567 2496 3867 2570 qualisnam

2246 2586 2351 2640 tibi
2367 2588 2634 2643 videatur
2650 2589 3079 2645 futuramterna
3090 2589 3213 2645 vita
3235 2593 3616 2651 sanctorum;
3640 2585 3731 2641 sed
3747 2585 3870 2639 bene

2244 2675 2390 2730 mihi
2402 2678 2969 2748 respondisti,etiam
2981 2679 3055 2734 de
3070 2680 3382 2750 prmsentis
3397 2679 3530 2733 vitai
3543 2682 3691 2732 statu
3706 2673 3874 2729 adhuc

2244 2778 2377 2819 esse
2409 2766 2611 2838 utique
2637 2768 3109 2824 consulendum:
3137 2768 3247 2823 nisi
3274 2768 3449 2839 quod
3479 2782 3571 2823 me
3603 2762 3874 2819 consulere

2245 2852 2502 2919 voluisti,
2524 2857 2687 2927 quod
2718 2863 2820 2912 aut
2851 2872 3086 2912 mecum
3118 2856 3337 2924 nescis,
3371 2861 3477 2912 aut
3508 2868 3733 2910 mecum
3758 2848 3870 2909 scis.

2243 2946 2346 2997 aut
2383 2946 2572 3013 magis
2616 2961 2802 3018 quam
2851 2962 2993 3017 ergo
3033 2946 3280 3002 forsitan
3328 2945 3493 3016 scis;
3545 2943 3760 3016 quippe
3793 2937 3875 3009 qui

2243 3031 2423 3086 etiam
2451 3033 2758 3089 verissime
2778 3034 2996 3090 dixeris
3018 3032 3437 3102 evangelicum
3464 3037 3711 3088 mortem
3738 3028 3874 3099 prius

2242 3122 2680 3191 emoriendum,
2703 3139 2888 3195 quam
2910 3123 3214 3179 carnalem
3242 3122 3680 3178 resolutionem
3701 3116 3875 3173 volun-

2244 3208 2393 3265 tario
2420 3212 2861 3282 prteveniamus
2885 3227 3155 3279 excessu,
3180 3226 3301 3267 non
3325 3211 3523 3275 obitu,
3548 3208 3651 3264 sed
3671 3208 3876 3261 senten-

2241 3298 2323 3354 tia
2360 3300 2702 3357 recedentes
2731 3300 2809 3356 ab
2840 3300 3023 3373 hujus
3056 3299 3262 3356 seaculi
3287 3301 3439 3355 vita.
3489 3296 3748 3369 Simplex
3772 3294 3877 3348 hinc

2239 3387 2417 3454 actio,
2443 3394 2498 3444 et
2520 3388 2684 3444 nullo
2713 3390 3097 3446 dubitationis
3135 3393 3292 3445 testu
3322 3388 3602 3451 ﬂuctuat;
3636 3382 3789 3457 quod
3816 3382 3875 3435 ita

2238 3492 2350 3532 nos
2399 3477 2594 3532 vivere
2623 3483 2896 3549 oportere
2936 3493 3250 3534 censemus
3281 3477 3343 3532 in
3376 3478 3496 3533 hac
3527 3476 3647 3531 vita
3674 3466 3878 3529 mortali

2238 3570 2302 3621 ut
2320 3568 2451 3622 vitm
2475 3566 2796 3623 immortali
2816 3567 3274 3640 quodammodo
3294 3571 3677 3639 coaptemur.
3696 3565 3877 3616 Verum

2236 3655 2432 3710 omnis
2456 3657 2730 3728 quaestio,
2757 3672 2894 3728 quae
2920 3662 3158 3728 agentes
3183 3664 3651 3728 querentesque
3675 3654 3878 3706 contur-

2241 3744 2639 3810 bathomines,
2657 3745 2853 3818 qualis
2866 3761 2979 3815 ego
2993 3762 3149 3812 sum,
3167 3745 3271 3802 illa
3290 3750 3405 3812 est,
3424 3758 3699 3817 quonam
3720 3736 3875 3795 modo

2238 3834 2563 3889 vivendum
2595 3835 2687 3901 sit,
2723 3835 2810 3891 vel
2854 3836 3004 3892 inter
3044 3850 3169 3901 eos,
3219 3835 3315 3890 vel
3365 3838 3618 3905 propter
3658 3845 3756 3886 eos
3791 3823 3877 3899 qui

2238 3923 2509 3979 nondum
2526 3925 2718 3980 vivere
2735 3925 3045 3981 moriendo
3062 3928 3387 3991 noverunt,
3406 3939 3533 3979 non
3549 3918 3879 3977 resolutione

2237 4012 2528 4083 corporis,
2560 4012 2664 4068 sed
2693 4014 2961 4086 quodam
2992 4028 3054 4068 se
3085 4028 3121 4068 a
3149 4011 3583 4084 corporalibus
3614 4002 3877 4063 illecebris

2238 4105 2570 4156 avertentes
2598 4104 2811 4157 mentis
2832 4101 3068 4158 affectu.
3096 4101 3469 4174 Plerumque
3488 4100 3654 4155 enim
3674 4093 3885 4152 videtur

2238 4190 2414 4246 nobis
2442 4191 2609 4263 quod
2649 4190 2760 4246 nisi
2791 4192 2873 4247 eis
2900 4190 3345 4263 aliquantulum
3377 4199 3788 4259 congruamus
3818 4176 3881 4234 ad

2238 4295 2311 4335 ea
2339 4280 2471 4351 ipsa
2518 4280 2675 4335 unde
2715 4280 2845 4336 illos
2874 4279 3102 4336 extrahi
3133 4280 3447 4351 cupimus,
3472 4276 3623 4335 nihil
3652 4289 3783 4330 cum
3812 4268 3883 4325 eis

2242 4368 2558 4425 salubriter
2603 4384 2778 4440 agere
2827 4368 3173 4439 poterimus.
3226 4368 3403 4434 Quod
3448 4383 3593 4424 cum
3636 4363 3882 4420 facimus,

2241 4458 2449 4514 talium
2489 4457 2798 4514 delectatio
2829 4457 3096 4529 subrepit
3125 4462 3181 4513 et
3206 4456 3413 4523 nobis,
3445 4461 3515 4512 ut
3542 4468 3700 4527 saepe
3731 4448 3886 4506 etiam

2240 4619 2513 4685 exquibus
2538 4618 2711 4667 obiter
2726 4617 3027 4685 conjectare
3043 4616 3196 4685 nobis
3208 4616 3337 4685 licet
3354 4615 3697 4685 dignitatem
3714 4608 3888 4685 episco:

2239 4676 2415 4746 palém
2441 4686 2563 4731 ante
2582 4695 2797 4746 annum
2816 4676 2907 4746 £09
2931 4679 3318 4746 nognqcollatam
3349 4676 3529 4746 fuisse
3553 4676 3771 4746 Paulino
3793 4687 3807 4746 ξ
3818 4682 3888 4746 sit}

2238 4738 2477 4808 alioquin
2508 4745 2746 4808 ornatior
2765 4743 2954 4808 titulus
2976 4743 3185 4808 debitus
3201 4742 3499 4808 etquejpsi
3520 4742 3592 4808 a_b
3615 4738 3888 4808 Augustine

2237 4802 2626 4859 adscribendus
2647 4806 2834 4855 fuerat.
2857 4806 3017 4854 Porro
3028 4802 3355 4867 conjecturas
3369 4802 3524 4853 favet
3541 4802 3889 4867 Ruftiuus,g_u1

2239 4874 2297 4935 in,
2318 4870 2557 4935 Epistola
2591 4860 3177 4935 nuncupaioriaZlibfri
3212 4867 3277 4915 de
3316 4860 3893 4935 Benedictionibusnlfa-

2234 4924 2611 4987 triarcharum,
2636 4924 2795 4994 queui
2822 4931 3030 4994 circiter
3047 4930 3097 4977 id
3127 4934 3345 4994 tempus
3364 4924 3889 4994 scripsissejidetur,

2238 5010 2346 5045 non
2380 4987 2838 5059 episcopum._sed
2876 4987 3619 5059 fratremipsumappéllat.
3656 4987 3891 5059 Deinceps

2238 5073 2363 5107 vero
2390 5053 2671 5121 e'pisco'pus
2696 5055 2768 5121 ab
2781 5056 3080 5121 Augustino
3097 5053 3297 5121 dicitur
3314 5054 3374 5121 in
3387 5053 3635 5121 epistola
3660 5053 3774 5121 159,
3787 5058 3895 5121 serti:

2275 5106 2550 5170 taive'rsus
2567 5106 2652 5168 an.
2686 5119 2795 5174 H3,
2828 5106 2957 5167 et'in
2988 5116 3079 5165 lib.
3100 5118 3123 5165 1
3153 5116 3218 5165 de
3245 5106 3488 5167 Civitates
3514 5116 3631 5172 Dei,
3655 5128 3701 5164 c.
3723 5114 3796 5168 to,
3816 5106 3892 5155 ubi

2275 5136 2331 5170 ta
2364 5136 2550 5169 VCI'SUS
2567 5136 2652 5168 an.
2686 5136 2795 5174 910,
2828 5136 2880 5167 ϐῐ.
2903 5136 2957 5165 ιι]
2988 5136 3079 5165 HD.
3100 5136 3123 5165 ι
3153 5136 3218 5165 ue
3245 5136 3329 5166 υη

2237 5136 2304 5232 se
2337 5196 2393 5232 re
2426 5184 2604 5244 agitur
2632 5195 2752 5245 qua)
2783 5194 2929 5245 anno
2960 5180 3050 5228 HO
3085 5179 3329 5245 contigit.

2299 5251 2373 5305 (a)
2412 5242 2682 5293 Possidius
2708 5242 3037 5292 Calamensis
3066 5242 3377 5305 episcOpusi
3413 5245 3647 5291 acturus
3695 5242 3894 5305 causam

2237 5303 2485 5358 EcClesiaa
2504 5320 2757 5370 suamque:
2769 5303 3164 5370 expilationein,
3180 5304 3649 5370 i_ncendia,_cmd_es
3662 5303 3894 5370 perpetis}!

2236 5356 2393 5442 erata
2405 5356 3057 5442 paganisCalame'nsibus,
3079 5356 3374 5442 utidocent
3387 5356 3637 5442 epistolae
3658 5356 3889 5442 ille;

2236 5423 2511 5505 navigavit
2522 5433 2589 5481 ad
2603 5432 3002 5503 imperatorem,
3029 5445 3091 5478 ex
3104 5429 3287 5502 eadem
3314 5423 3615 5502 epiét._ll)t,
3636 5426 3735 5498 sub
3753 5423 3891 5470 ﬁnem

2236 5496 2617 5545 videlicetanm
2632 5495 2721 5542 408
2736 5491 3219 5557 (quqannoseditio
3231 5491 3328 5557 illa
3341 5496 3650 5557 contigisse
3668 5484 3890 5557 videtur):

2235 5572 2330 5627 seu
2359 5558 2517 5627 initio
2545 5558 2657 5627 tot),
2689 5547 3201 5627 quandoquidem‘is
3235 5554 3410 5627 dubio
3452 5547 3647 5627 procul
3681 5547 3891 5627 perliti?

2235 5572 2330 5607 seu
2365 5570 2517 5606 mmo
2547 5570 2657 5612 ιιυυ,
2725 5570 3127 5618 uanuoqumem
3158 5570 3201 5603 IS
3235 5570 3410 5603 (lllDlO
3452 5570 3647 5617 procur
3682 5570 3882 5614 Ptﬂ‘lalw

2235 5621 2397 5687 fuerit
2424 5570 2862 5687 epistolie‘iiujus
2901 5620 2985 5687 _95_,
3022 5618 3089 5667 ad
3125 5616 3417 5687 Paulinum
3440 5619 3672 5687 scriptas
3702 5608 3890 5687 ῼξςίῒὶω

2237 5685 2380 5756 gina,
2410 5676 2533 5733 cum
2558 5682 2631 5732 ibi
2658 5676 2916 5731 hiemaret
2944 5680 3295 5745 Augustinus,
3323 5678 3496 5742 juxta
3519 5676 3679 5747 epist.
3708 5676 3807 5726 121.
