3996 6158
173 152 249 208 353
1332 141 1841 201 EPISTOLARUM
1881 141 2174 200 CLASSIS
2215 146 2283 201 II.

159 263 287 335 loqui
313 277 456 317 vana
484 260 745 327 delectet,
779 277 1106 334 auremque
1144 261 1409 334 prtebere
1454 260 1751 334 loquenti-

157 355 262 417 bus,
293 367 389 406 nec
413 351 664 406 arridere
695 355 946 415 tantum,
987 352 1092 406 sed
1124 353 1299 407 etiam
1338 352 1465 406 risu
1501 351 1648 406 vinci
1684 366 1752 406 ac

152 440 274 497 solvi
303 458 314 494 :
343 441 417 495 ita
465 439 755 510 pulvereis
797 439 1184 512 quibusdam,
1223 442 1311 495 vel
1359 442 1537 496 etiam
1583 440 1753 494 luteis

151 530 418 587 affectibus
440 536 670 584 nostras
697 530 933 585 animas
957 539 1379 599 aggravantes,
1397 530 1753 585 laboriosius

151 628 192 674 et
214 621 419 691 pigrius
450 618 719 674 levamus
753 619 829 672 ad
861 619 1068 683 Deum,
1103 626 1164 673 ut
1191 619 1464 674 vivamus
1501 634 1754 688 evange-

147 709 293 764 licam
315 709 510 772 vitam,
527 707 836 762 moriendo
857 708 1266 776 evangelicam
1290 715 1563 763 mortem.
1581 706 1754 773 Quod

147 800 180 852 si
207 797 508 868 aliquando
539 799 909 861 successerit,
951 797 1146 852 statim
1174 797 1541 867 subjicietur,
1573 799 1750 865 Euge,

150 889 304 954 Euge;
334 901 448 940 non
481 885 560 940 ab
591 885 973 950 hominibus;
1006 901 1200 957 neque
1233 885 1396 941 enim
1426 886 1750 957 quisquam

143 975 416 1030 hominum
447 976 620 1030 sentit
651 975 708 1029 in
741 974 860 1028 alio
894 975 1070 1029 talem
1102 976 1318 1029 mentis
1349 975 1747 1046 agnitionem;

143 1064 218 1118 sed
235 1064 284 1118 in
309 1063 570 1135 quodam
591 1064 748 1118 intus
763 1063 1018 1127 silentio,
1043 1064 1242 1118 nescio
1259 1065 1415 1119 unde
1433 1063 1746 1128 clamatur,

145 1156 284 1222 Euge,
300 1155 472 1221 Euge.
493 1156 732 1224 Propter
744 1154 856 1208 hoc
869 1169 984 1225 gen
996 1170 1064 1208 us
1081 1155 1423 1210 tentationis
1441 1154 1519 1209 ab
1533 1153 1748 1221 angelo

144 1241 538 1312 colaphizatum
559 1258 618 1298 se
642 1243 1167 1313 tantusApostolns
1193 1243 1589 1313 confitetur(ll
1608 1245 1746 1299 Cor.

141 1347 218 1396 xu,
244 1331 310 1400 7).
350 1333 489 1386 Ecce
523 1331 680 1386 unde
703 1336 816 1386 vita
847 1332 1121 1388 humana
1159 1348 1338 1404 super
1373 1338 1591 1388 terram
1627 1339 1748 1389 tota

143 1421 342 1474 tentatio
360 1423 481 1486 est;
505 1419 754 1490 quando
775 1419 923 1474 etibi
942 1420 1406 1486 homotentatur,
1437 1421 1536 1475 ubi
1554 1437 1749 1493 quan-

143 1513 237 1562 tum
261 1512 446 1578 potest
475 1508 609 1563 vitm
641 1507 901 1563 caelestis
932 1508 1302 1564 similitudini
1337 1517 1673 1581 coaptatur.

192 1601 232 1651 3.
253 1596 391 1664 Quid
407 1597 608 1652 dicam
622 1597 695 1651 de
711 1596 1092 1661 vindicando,
1111 1597 1201 1653 vel
1214 1614 1334 1652 non
1349 1598 1746 1654 vindicando?

140 1685 594 1756 quandoquidem
617 1687 730 1740 hoc
751 1691 939 1740 totum
959 1687 1037 1740 ad
1063 1702 1272 1742 eorum
1293 1687 1543 1742 salutem
1565 1687 1748 1758 proti-

138 1791 235 1829 cere
256 1775 546 1840 volumus,
580 1777 640 1830 in
667 1791 821 1846 quos
847 1775 1280 1831 vindicandum
1299 1781 1404 1830 aut
1425 1792 1544 1831 non
1563 1777 1748 1831 vindi-

138 1863 352 1918 candum
379 1879 507 1918 esse
525 1863 906 1919 arbitramur.
932 1864 1070 1929 Quis
1091 1864 1270 1920 etiam
1296 1865 1370 1919 sit
1401 1864 1747 1920 vindicandi

141 1952 328 2015 modus,
348 1968 467 2007 non
490 1952 692 2006 solum
716 1967 822 2023 pro
846 1951 1134 2024 qualitate
1160 1952 1247 2007 vel
1273 1955 1605 2024 quantitate
1627 1955 1748 2008 cul-

137 2055 326 2110 parum,
340 2057 545 2096 verum
559 2041 742 2095 etiam
759 2039 1248 2112 proquibusdam
1274 2043 1500 2097 viribus
1521 2042 1747 2098 animo-

137 2146 254 2194 rum,
280 2131 415 2202 quid
444 2131 705 2202 quisque
738 2130 1002 2194 sufferat,
1045 2131 1192 2202 quid
1233 2137 1485 2199 recuset,
1518 2147 1593 2186 ne
1625 2147 1744 2186 non

137 2218 284 2272 solum
301 2235 410 2274 non
430 2219 832 2290 proficiat,sed
851 2219 1028 2274 etiam
1043 2220 1490 2291 deﬁciat,quam
1507 2220 1675 2292 profu
1687 2236 1746 2275 n-

135 2306 246 2363 dum
267 2314 315 2364 et
333 2308 704 2363 latebrosum
731 2308 1318 2379 estlimpendentem
1345 2325 1587 2381 quoque
1616 2311 1742 2364 vin-

135 2395 306 2452 dictam
335 2402 688 2461 metuentes,
729 2413 864 2468 quas
911 2397 990 2452 ab
1041 2397 1395 2452 hominibus
1437 2400 1741 2464 metuitur,

137 2487 295 2541 nescio
310 2492 504 2542 utrum
528 2485 729 2557 plures
745 2486 990 2541 correcti
1013 2493 1170 2551 sunt,
1191 2502 1377 2558 quam
1404 2487 1462 2542 in
1484 2487 1742 2542 deterius

135 2573 367 2630 abierunt.
400 2575 580 2641 Quid,
626 2590 765 2630 cum
795 2590 954 2645 saepe
985 2574 1237 2640 accidat,
1274 2582 1336 2630 ut
1361 2576 1409 2630 si
1441 2576 1501 2630 in
1531 2592 1742 2647 quem-

135 2677 278 2732 quam
297 2663 711 2728 vindicaveris,
731 2663 856 2734 ipse
877 2669 1110 2734 pereat;
1142 2664 1188 2717 si
1216 2663 1472 2719 inultum
1499 2667 1744 2736 relique-

137 2751 209 2816 ris,
232 2751 358 2808 alter
384 2751 636 2824 pereat?
668 2754 784 2822 Ego
823 2753 883 2806 in
932 2752 1024 2808 his
1072 2752 1340 2824 quotidie
1372 2769 1618 2824 peccare
1653 2770 1745 2808 me

136 2838 296 2908 lateor,
313 2848 365 2898 et
389 2843 953 2913 ignorarequando,
975 2857 1173 2913 quove
1204 2842 1385 2897 modo
1410 2843 1745 2898 custodiam

135 2927 176 2982 id
205 2932 346 3001 quod
376 2935 669 3003 scriptum
712 2938 818 2995 est,
874 2932 1192 2986 Peccantes
1241 2945 1442 2986 coram
1473 2931 1745 2987 omnibus

136 3031 296 3087 argue,
325 3029 381 3074 ut
411 3020 618 3077 exteri
643 3023 910 3075 timorem
932 3020 1187 3076 habeant
1215 3023 1256 3089 (l
1289 3020 1438 3077 Tim.
1461 3036 1519 3086 v,
1542 3024 1665 3090 20);
1692 3025 1748 3076 et

138 3110 262 3177 quod
288 3112 572 3180 scriptum
603 3115 710 3173 est,
753 3108 1001 3178 Corripe
1030 3124 1158 3165 eum
1189 3109 1348 3165 inter
1376 3116 1430 3164 te
1459 3116 1512 3165 et
1550 3109 1746 3177 ipsum

136 3198 526 3269 solum(.l{atth.
559 3214 716 3263 xviii,
733 3199 821 3268 15)
840 3215 854 3264 ;
873 3199 1102 3270 etquod
1124 3199 1409 3269 scriptum
1427 3205 1533 3264 est,
1549 3199 1748 3256 Nolite

139 3291 240 3342 ante
258 3294 466 3358 tempus
476 3288 788 3358 judicare,
820 3294 883 3342 ut
910 3304 1029 3343 non
1045 3288 1405 3357 judieemini
1431 3289 1474 3358 (1
1505 3289 1622 3344 Cor
1667 3305 1744 3355 1v,

141 3376 195 3442 5),
217 3391 384 3447 neque
414 3379 580 3432 enim
621 3375 714 3430 hic
745 3376 977 3431 addidit
1003 3384 1141 3431 ante
1175 3383 1442 3447 tempus;
1485 3382 1542 3431 et
1582 3377 1748 3448 quod

142 3463 377 3534 scriptum
407 3472 511 3530 est,
548 3466 634 3519 Tu
660 3464 788 3535 quis
815 3480 892 3529 es,
925 3464 1027 3535 qui
1044 3465 1293 3534 judicas
1320 3465 1582 3521 alienum
1626 3481 1751 3521 ser-

146 3566 248 3607 vum
268 3551 291 3606 ?
315 3555 430 3611 Suo
460 3553 705 3610 domino
734 3561 852 3609 stat
883 3562 986 3609 aut
1037 3554 1195 3609 cadit
1229 3573 1250 3610 .-
1288 3555 1466 3610 stabit
1506 3561 1704 3611 autem
1729 3572 1748 3622 ;

143 3647 305 3704 potens
327 3651 403 3700 est
429 3645 594 3700 enim
618 3644 774 3698 Deus
798 3649 1060 3699 statuere
1088 3643 1260 3699 illum
1291 3645 1481 3715 (Rom.
1509 3661 1622 3709 xw,
1654 3644 1709 3716 4)
1735 3660 1749 3712 ;

145 3731 265 3786 unde
293 3732 604 3788 conﬁrmat
634 3733 707 3788 de
731 3733 823 3788 his
856 3749 916 3788 se
944 3733 1161 3801 dicere,
1187 3734 1286 3803 qui
1315 3734 1475 3789 intus
1503 3739 1669 3789 sunt:
1698 3739 1752 3789 et

145 3830 309 3875 rursus
322 3838 417 3877 eos
427 3824 446 3893 j
461 3823 692 3878 ndicari
705 3821 893 3893 jubet,
908 3837 1049 3877 cum
1074 3823 1234 3887 dicit,
1265 3822 1414 3887 Quid
1430 3824 1585 3879 enim
1606 3823 1753 3879 mihi

144 3909 196 3962 de
217 3909 306 3976 his,
337 3914 434 3984 qui
457 3913 619 3983 foris
643 3921 782 3968 sunt
797 3912 1080 3981 judicare
1109 3911 1137 3966 ‘1’
1175 3914 1386 3970 Nonne
1416 3915 1487 3970 de
1518 3914 1628 3979 his,
1654 3915 1756 3985 qui

145 3996 266 4053 intus
292 4008 438 4068 sunt,
473 4017 577 4058 vos
597 4000 933 4070 judicatis‘t
957 4002 1213 4071 Auferte
1234 4003 1460 4058 malum
1492 4018 1567 4058 ex
1595 4002 1752 4058 vobis

142 4083 249 4150 lIpsis
275 4089 314 4160 (1
345 4091 475 4146 Cor.
507 4107 568 4156 v,
597 4092 681 4156 12,
707 4091 1002 4159 13).Ουο‹1
1027 4106 1166 4146 eum
1197 4093 1376 4146 etiam
1406 4091 1749 4147 faciendum

145 4173 344 4244 videtur,
373 4185 671 4251 quatenus
688 4179 809 4245 ﬁat,
834 4186 1074 4251 quanta:
1097 4195 1254 4235 curas
1276 4196 1346 4235 ac
1373 4181 1600 4236 timoris
1622 4182 1750 4237 est?

141 4277 194 4316 ne
206 4263 328 4322 forte
349 4270 833 4341 contingatquod
851 4269 1036 4324 deillo
1057 4270 1190 4340 ipso
1212 4269 1557 4339 intelligitur
1581 4271 1638 4325 in
1663 4286 1750 4324 se-

139 4354 298 4410 cunda
323 4357 395 4412 ad
412 4357 662 4414 easdem
681 4357 941 4429 Epistola
959 4359 1298 4414 cavendum
1311 4359 1656 4424 admonere,
1672 4374 1745 4416 ne

140 4444 323 4511 majore
346 4447 588 4502 tristitia
613 4447 1002 4503 absorbeatur
1025 4448 1128 4518 qui
1154 4449 1443 4517 ejusmodi
1463 4453 1562 4505 est.
1584 4449 1648 4504 Et
1673 4465 1744 4505 ne

140 4533 416 4603 quisquam
444 4537 563 4592 hoc
594 4552 714 4592 non
742 4537 993 4592 multum
1021 4537 1355 4593 curandum
1387 4544 1640 4609 putaret,
1663 4537 1748 4594 ibi

140 4618 216 4681 ait.
241 4622 302 4678 Ut
330 4641 441 4682 non
462 4625 870 4695 possideamur
897 4643 931 4681 a
961 4634 1169 4681 satana
1199 4646 1217 4681 .·
1248 4642 1366 4682 non
1398 4628 1551 4683 enim
1583 4629 1747 4698 igno-

141 4720 303 4766 ramus
326 4721 541 4771 mentes
568 4717 776 4787 ejus(ll
803 4716 938 4771 Cor.
955 4733 1008 4781 ιι,
1035 4721 1084 4780 7,
1103 4717 1211 4785 11).
1231 4717 1341 4781 Qui
1361 4717 1420 4770 in
1438 4715 1525 4771 his
1547 4717 1746 4772 omni-

142 4793 228 4851 bus
247 4807 467 4872 tremor,
499 4806 579 4859 mi
601 4806 1079 4870 Pauline,sancte
1103 4806 1285 4860 homo
1315 4805 1445 4860 Deil
1475 4806 1608 4877 quis
1634 4811 1751 4861 tre-

145 4900 258 4953 mor,
283 4906 405 4962 qua:
427 4893 715 4950 tenebras!
737 4896 942 4949 Nonne
971 4901 1252 4965 putamus
1270 4895 1344 4950 de
1368 4894 1463 4949 hic
1475 4911 1606 4948 esse
1625 4896 1748 4950 dic-

143 4975 261 5034 tum:
281 4981 463 5036 Timor
483 4989 534 5039 et
552 4990 773 5038 tremor
790 4989 1074 5038 venerunt
1088 4998 1276 5052 supra
1290 4989 1458 5051 me,et
1479 4989 1747 5040 contexe-

144 5074 254 5120 runt
282 5085 361 5126 me
385 5074 664 5142 tenebrae,-
696 5078 748 5128 et
780 5072 929 5138 dixi,
974 5073 1111 5140 Quis
1142 5072 1306 5128 dabit
1338 5073 1487 5128 mihi
1513 5089 1746 5141 pennas

140 5153 258 5208 sicut
285 5159 575 5230 columbas,
591 5169 642 5217 et
666 5161 876 5217 volabo
898 5169 950 5218 et
976 5163 1380 5233 requiescam?
1410 5164 1562 5218 Ecce
1587 5164 1748 5218 elon-

141 5244 251 5306 gavi
263 5246 561 5318 fugiens,el
575 5253 765 5307 mansi
776 5252 838 5306 in
853 5252 1103 5308 deserto.
1125 5251 1550 5308 Verumtamen
1567 5252 1745 5307 etiam

146 5329 187 5381 in
206 5333 411 5392 deserto
432 5342 558 5411 ipso
575 5341 846 5396 fortassis
863 5351 1144 5413 expertus
1165 5343 1236 5396 sit
1250 5343 1413 5414 quod
1434 5344 1530 5412 adj
1544 5343 1743 5410 ungit:

147 5417 528 5490 Exspectabam
557 5446 688 5486 eum
711 5431 816 5502 qui
847 5447 936 5486 me
967 5432 1199 5487 salvum
1225 5433 1455 5500 faceret
1486 5445 1522 5487 a
1549 5431 1746 5500 pusil-

145 5504 428 5571 lanimitate
445 5527 496 5573 et
519 5525 858 5589 tempestate
873 5520 1062 5592 (Psal.
1079 5537 1189 5586 LIV,
1207 5523 1340 5585 6-9).
1360 5523 1584 5592 Nempe
1599 5535 1744 5590 ergo

147 5597 347 5660 latitatio
359 5611 444 5662 est
472 5608 589 5666 vita
615 5609 888 5668 humana
912 5625 1090 5682 super
1122 5616 1340 5666 terram
1364 5609 1516 5682 (Job.
1541 5625 1637 5679 vu,
1665 5610 1740 5683 1).

3417 159 3522 214 354

1935 263 1987 315 4.
2022 261 2196 329 Quid,
2217 260 2352 332 ipsa
2368 259 2572 319 divina
2587 260 2828 335 eloquia
2849 279 3048 321 nonne
3061 265 3384 340 palpantur
3407 288 3521 344 po-

1865 350 1978 406 tius
2004 366 2189 421 quam
2211 356 2534 407 tractantur
2563 369 2598 408 a
2631 353 2822 418 nobis,
2857 354 3002 409 dum
3033 357 3090 411 in
3123 360 3309 414 multo
3340 361 3520 432 pluri-

1863 439 1978 493 bus
2026 441 2354 511 quaerimus
2391 442 2585 512 potius
2621 443 2769 513 quid
2802 445 3178 501 sentiendum
3209 451 3300 514 sit,
3333 467 3519 522 quam

1863 527 2174 583 definitum
2199 529 2423 600 aliquid
2447 530 2756 601 ﬁxumque
2789 532 3124 592 sentimus?
3154 539 3216 591 Et
3233 555 3302 593 ea
3323 542 3519 597 cautio

1863 632 1998 670 cum
2029 617 2442 672 sollicitudinis
2463 618 2638 688 plena
2655 621 2747 686 sit,
2771 621 2954 676 multo
2972 625 3176 679 melior
3188 633 3275 680 est
3295 633 3518 700 tamen,

1863 721 2050 776 quam
2069 707 2367 761 temeritas
2394 707 2757 762 affirmandi.
2787 712 2992 765 Nonne
3015 713 3074 768 in
3099 715 3317 780 multis,
3336 715 3378 769 si
3396 732 3517 772 non

1864 795 2450 850 secundumcarnem
2478 797 2660 851 homo
2677 799 2884 868 sapiat,
2908 817 3093 870 quam
3111 810 3359 858 mortem
3375 805 3519 860 dicit

1861 898 1993 937 esse
2013 884 2342 954 Apostolus,
2361 901 2582 955 magno
2597 887 2882 941 scandalo
2897 888 3068 944 eritei
3093 891 3192 962 qui
3216 893 3413 948 adhuc
3433 910 3521 948 se-

1861 972 2383 1029 cundumcarnem
2400 976 2552 1044 sapit
2580 977 2767 1046 (Rom.
2800 992 2914 1041 Vill,
2935 982 2985 1041 5,
3013 980 3106 1048 6)?
3137 981 3304 1035 ubiet
3324 982 3518 1037 dicere

1858 1060 2004 1132 quid
2031 1062 2251 1116 sentias
2274 1063 2873 1132 periculosissimum,
2899 1072 2952 1119 et
2975 1081 3096 1120 non
3122 1067 3321 1122 dicere
3351 1068 3522 1124 labo-

1859 1149 2281 1216 riosissimum,
2306 1157 2362 1205 et
2387 1151 2551 1206 aliud
2569 1168 2756 1223 quam
2791 1153 2973 1208 sentis
3005 1155 3202 1210 dicere
3230 1159 3521 1228 pernicio-

1861 1239 2162 1293 sissimum
2187 1246 2294 1293 est.
2323 1239 2514 1304 Quid?
2537 1256 2674 1294 cum
2702 1256 2768 1296 ea
2793 1259 2928 1314 quae
2955 1259 3072 1298 non
3102 1245 3519 1316 approbemus

1859 1327 1918 1381 in
1945 1343 2174 1393 eorum,
2195 1329 2296 1399 qui
2324 1330 2481 1383 intus
2513 1337 2670 1396 sunt,
2692 1346 2966 1386 sermone
3004 1333 3090 1386 vel
3125 1336 3381 1404 scriptis,
3415 1352 3521 1406 pu-

1859 1421 2169 1488 tantesqne
2197 1416 2256 1471 id
2288 1417 2363 1471 ad
2390 1416 2664 1472 fraterna:
2691 1419 2993 1474 charitatis
3023 1421 3356 1478 libertatem
3390 1440 3520 1494 per-

1858 1503 2062 1570 tinere,
2090 1504 2385 1574 judicium
2418 1512 2688 1560 nostrum
2733 1523 2853 1561 non
2888 1509 3280 1575 occultamus,
3321 1519 3376 1566 et
3400 1513 3516 1567 hoc

1858 1608 1978 1648 non
1993 1594 2540 1658 benevolentia,sed
2557 1595 2987 1650 invidiafacere
3001 1598 3521 1671 credimur,quan-

1859 1686 1983 1736 tum
2016 1688 2292 1752 peccatur
2322 1683 2384 1737 in
2409 1681 2549 1737 nosl
2576 1689 2630 1738 et
2669 1699 2807 1738 cum
2840 1684 3108 1740 similiter
3130 1703 3232 1742 eos
3253 1688 3354 1759 qui
3378 1705 3523 1743 nos-

1859 1773 1980 1823 tras
2013 1772 2335 1825 sententias
2372 1771 2838 1841 reprehendunt,
2879 1773 3094 1828 laedere
3127 1776 3329 1845 potius
3368 1777 3517 1832 velle

1857 1873 2043 1928 quam
2072 1859 2366 1927 corrigere
2379 1860 2783 1930 suspicamur,
2800 1871 3096 1932 quantum
3111 1880 3434 1935 peccamus
3455 1867 3516 1921 in

1857 1945 2036 2001 alios!
2084 1951 2248 2003 Certe
2286 1949 2424 2002 hinc
2466 1949 2727 2003 existunt
2778 1951 3104 2006 inimicitias
3159 1953 3515 2025 plerumque

1858 2034 2032 2091 etiam
2068 2038 2217 2090 inter
2247 2036 2632 2091 charissimas
2663 2037 3288 2114 familiarissimasque
3317 2058 3517 2113 perso-

1858 2127 2566 2196 nas,dum,supraquam
2581 2126 2871 2196 scriptum
2895 2134 3002 2197 est,
3024 2145 3175 2184 unus
3199 2146 3306 2202 pro
3331 2132 3516 2188 altero

1855 2211 2098 2268 inflatur
2119 2214 2408 2268 adversus
2429 2215 2680 2269 alterum
2704 2216 2746 2285 (l
2772 2217 2909 2270 Cor.
2927 2232 3005 2281 iv,
3024 2221 3102 2287 6),
3120 2225 3176 2274 et
3197 2218 3343 2274 dum
3363 2237 3518 2276 mor-

1855 2302 1998 2357 dent
2027 2308 2083 2358 et
2115 2302 2434 2358 comedunt
2465 2302 2744 2368 invicem,
2778 2304 3115 2361 timendum
3142 2315 3229 2362 est
3263 2325 3335 2363 ne
3366 2325 3515 2364 con-

1856 2397 2170 2447 sumantur
2195 2392 2272 2446 ab
2310 2391 2569 2447 invicem
2597 2392 2754 2462 (Gal.
2790 2408 2847 2458 v,
2881 2397 2988 2465 15).
3017 2396 3156 2461 Quis
3187 2411 3324 2467 ergo
3349 2397 3512 2454 dabit

1855 2481 2002 2537 mihi
2030 2497 2252 2549 pennas
2288 2481 2440 2536 sicut
2486 2481 2791 2548 columbae,
2825 2490 2879 2538 et
2912 2486 3142 2554 volabo,
3176 2494 3225 2542 et
3262 2488 3516 2558 requies-

1856 2585 1985 2626 cam
2008 2570 2197 2642 (Psal.
2228 2586 2335 2634 LIV,
2367 2569 2460 2642 7)?
2481 2571 2613 2625 Sive
2636 2573 2794 2625 enim
2822 2572 2968 2643 quia
2994 2574 3277 2645 pericula,
3299 2577 3356 2630 in
3382 2576 3517 2648 qui-

1855 2657 1972 2713 bus
1988 2661 2242 2731 quisque
2271 2667 2558 2723 versatur,
2576 2663 2855 2728 graviora
2875 2668 3012 2717 sunt
3032 2680 3219 2734 quam
3246 2667 3520 2736 inexper-

1858 2753 1935 2812 ta,
1970 2751 2092 2803 sive
2119 2749 2263 2819 quia
2289 2764 2495 2804 revera
2513 2750 2592 2803 ita
2618 2750 3023 2821 est,qu{elibet
3052 2753 3515 2823 pusillanimitas

1857 2843 2299 2909 tempestasque
2324 2837 2541 2892 deserti
2565 2841 2764 2892 minus
2799 2839 2942 2894 mihi
2969 2843 3203 2896 videtur
3239 2845 3516 2913 molesta,

1855 2943 2041 2998 quam
2065 2943 2135 2981 ea
2154 2943 2289 2998 quas
2323 2927 2410 2980 vel
2434 2929 2712 2996 patimur,
2737 2927 2826 2982 vel
2847 2929 3123 2984 timemus
3147 2934 3206 2984 in
3232 2933 3440 2987 turbis.

1928 3021 1978 3071 ὅ.
2004 3016 2256 3070 Proinde
2278 3016 2532 3071 multum
2552 3016 2828 3087 approbo
2854 3021 3209 3074 sententiam
3235 3023 3518 3090 tuam,de

1855 3106 2037 3178 hujus
2073 3105 2200 3159 vitm
2235 3109 2393 3159 statu
2424 3120 2555 3159 esse
2597 3106 2922 3175 agendum,
2960 3107 3049 3160 vel
3083 3109 3279 3178 potius
3334 3125 3516 3165 cursu

1858 3211 2042 3267 quam
2074 3200 2248 3249 statu.
2281 3193 2451 3248 Addo
2479 3193 2664 3256 aliud,
2692 3194 2837 3265 quia
2871 3196 3034 3265 prius
3068 3197 3181 3251 hoc
3209 3197 3520 3269 requiren-

1858 3284 2003 3339 dum
2035 3291 2214 3355 atque
2247 3284 2570 3338 tenendum
2597 3290 2703 3351 est,
2737 3298 2921 3354 quam
2955 3285 3120 3351 illud,
3155 3289 3331 3358 quale
3364 3287 3519 3342 futu-

1859 3389 1993 3428 rum
2019 3372 2105 3438 sit,
2143 3387 2262 3443 quo
2293 3373 2401 3426 iste
2428 3372 2537 3426 fert
2567 3387 2797 3427 cursus.
2825 3373 2965 3426 lude
2992 3389 3133 3442 ergo
3160 3376 3519 3446 interrogavi

1861 3462 2006 3535 quid
2031 3463 2267 3525 sentias,
2299 3460 2466 3533 quasi
2498 3462 2678 3531 hujus
2711 3462 2842 3515 vitae
2877 3467 3034 3519 recta
3059 3464 3265 3535 regula
3290 3471 3521 3523 retenta

1862 3558 2041 3624 atque
2074 3557 2305 3606 servata
2330 3552 2456 3621 jam
2491 3551 2681 3606 securi
2711 3549 2922 3617 simus,
2954 3568 3091 3606 cum
3125 3552 3183 3607 in
3218 3560 3338 3609 tam
3372 3554 3522 3611 mul-

1864 3641 1955 3705 tis,
1991 3641 2371 3712 maximeque
2402 3643 2460 3695 in
2491 3641 2584 3694 his
2606 3657 2741 3712 quas
2773 3641 3047 3708 breviter,
3069 3651 3128 3697 ut
3151 3646 3338 3713 potui,
3358 3661 3520 3700 com-

1867 3729 3004 3800 memoravi,periculosissimelaborare
3017 3747 3112 3785 me
3126 3733 3521 3788 sentiam.Sed

1863 3819 2007 3891 quia
2037 3820 2232 3873 omnis
2261 3819 2385 3872 haec
2417 3819 2755 3886 ignorantia
2777 3826 2831 3873 et
2865 3819 3181 3875 difﬁcultas
3205 3821 3342 3876 hinc
3372 3824 3519 3878 mihi

1867 3908 2097 3962 videtur
2127 3908 2390 3972 existere,
2420 3907 2585 3978 quod
2616 3907 2674 3960 in
2704 3923 2926 3976 magna
2956 3908 3237 3963 varietate
3256 3925 3517 3979 morum,

1863 3998 2273 4052 etanimarum
2286 3997 2717 4052 occultissimas
2731 3997 3065 4053 voluntates
3083 3999 3522 4069 atqueinﬁrmi-

1866 4092 2013 4143 tates
2037 4087 2409 4151 habentium,
2445 4102 2568 4141 rem
2601 4085 2805 4158 populi
2837 4087 3118 4155 gerimus,
3149 4103 3271 4144 non
3299 4090 3516 4146 terreni

1864 4181 2042 4247 atque
2079 4176 2349 4241 Romani,
2382 4175 2483 4230 sed
2515 4176 2990 4246 Jerosolymitani
3018 4177 3290 4243 caelestis,
3321 4180 3517 4249 magis

1863 4282 1958 4321 me
1988 4266 2159 4321 libuit
2187 4266 2350 4337 loqui
2384 4271 2577 4320 tecum
2605 4272 2691 4320 est
2718 4265 2816 4319 illo
2841 4266 3008 4337 quod
3043 4268 3285 4336 erimus,
3328 4284 3516 4340 quam

1861 4373 1931 4412 ex
1970 4357 2083 4411 isto
2125 4356 2290 4427 quod
2320 4371 2549 4410 sumus.
2591 4354 2673 4408 Ibi
2704 4357 2865 4409 enim
2915 4357 3018 4409 etsi
3053 4358 3350 4411 nescimus
3382 4373 3518 4427 qum

1860 4447 2024 4501 bona
2054 4445 2249 4499 futura
2275 4449 2432 4506 sunt,
2467 4458 2589 4497 non
2622 4449 2822 4497 tamen
2852 4443 2925 4496 de
2957 4459 3139 4513 parva
3163 4460 3224 4498 re
3250 4446 3392 4500 certi
3422 4462 3517 4502 su-

1861 4551 2020 4603 mus,
2045 4533 2212 4604 quod
2241 4535 2344 4587 ista
2382 4533 2540 4586 mala
2567 4532 2647 4586 ibi
2678 4547 2797 4586 non
2827 4537 3018 4587 erunt.

1934 4630 1984 4680 6.
2013 4629 2088 4679 De
2117 4623 2353 4692 agenda
2381 4637 2522 4691 ergo
2545 4623 2656 4678 ista
2687 4623 2996 4692 temporali
3030 4623 3173 4689 vita,
3204 4639 3274 4680 eo
3308 4624 3516 4692 modo,

1863 4730 1968 4786 per
1997 4729 2178 4786 quem
2213 4711 2568 4766 veniendum
2595 4717 2681 4766 est
2707 4713 2784 4766 ad
2806 4718 3111 4777 aeternam,
3132 4713 3270 4768 novi
3293 4729 3518 4770 concu-

1863 4802 2180 4875 piscentias
2210 4800 2478 4856 carnales
2503 4816 2634 4854 esse
2665 4799 3022 4867 frenandas;
3057 4809 3408 4874 tantumque
3437 4818 3517 4858 re-

1864 4892 2220 4948 mittendum
2246 4890 2304 4945 in
2331 4890 2752 4945 delectationes
2777 4907 3062 4946 sensuum
3091 4892 3513 4962 corporalium,

1863 4987 2156 5054 quantum
2181 4979 2582 5034 sustentandae
2609 4980 2959 5050 hujusmodi
2984 4981 3351 5051 agendusque
3385 4980 3515 5033 vita)

1866 5072 2008 5125 satis
2033 5075 2488 5141 est,omnesque
2512 5069 2815 5124 molestias
2839 5069 3218 5140 temporales,
3242 5082 3349 5138 pro
3375 5065 3518 5121 veri-

1866 5166 1978 5216 tate
1997 5163 2114 5226 Dei,
2135 5166 2189 5214 et
2205 5161 2390 5214 salute
2406 5166 2625 5214 aeterna
2643 5166 2849 5214 nostra
2865 5165 2921 5213 et
2935 5158 3208 5229 proximi,
3227 5158 3517 5226 patienter

1863 5249 2205 5322 fortiterque
2225 5249 2749 5305 tolerandas-Novi
2780 5248 2956 5301 etiam
2989 5247 3259 5316 proximo
3293 5245 3370 5300 ad
3400 5246 3518 5301 hoc

1863 5338 2294 5394 consulendum
2313 5339 2477 5393 omni
2503 5337 2698 5391 studio
2717 5336 3043 5398 charitatis,
3059 5341 3120 5388 ut
3140 5335 3316 5390 istam
3331 5337 3515 5391 vitam

1861 5435 2015 5485 recte
2059 5436 2223 5498 gerat
2265 5434 2503 5500 propter
2545 5431 2852 5480 aeternam.
2887 5425 3290 5495 Prmponenda
3329 5425 3515 5482 etiam

1861 5504 2035 5574 nobis
2058 5518 2392 5590 spiritualia
2413 5514 2775 5579 carnalibus,
2801 5513 3314 5571 incommutabilia
3329 5521 3518 5572 muta-

1858 5607 2105 5676 bilibus,
2135 5614 2193 5665 et
2218 5608 2346 5664 haec
2375 5605 2584 5663 omnia
2617 5610 2782 5662 tanto
2813 5604 3006 5675 magis
3041 5607 3319 5662 minusve
3340 5621 3518 5679 posse
