3996 6158
495 170 610 226 355

489 295 818 361 hominem,
845 301 1064 368 quanto
1094 294 1285 363 magis
1315 295 1588 350 minusve
1613 295 1932 367 adjuvatur
1958 295 2146 365 gratia

491 385 614 451 Dei,
651 402 754 456 per
781 386 980 439 Jesum
1016 384 1308 438 Christum
1343 385 1664 440 Dominum
1697 393 1989 439 nostrum.
2035 387 2148 440 Cur

488 481 688 531 autem
716 474 806 527 ille
830 473 932 536 sic,
963 471 1056 526 ille
1086 478 1286 526 autem
1317 473 1404 527 sic
1426 473 1868 544 adjuvetur,vel
1892 489 2011 528 non
2043 473 2145 529 ad-

479 564 736 634 juvetur,
768 562 970 615 nescio
1007 578 1018 617 :
1077 561 1134 614 id
1176 567 1378 616 tamen
1420 565 1604 618 Deum
1638 580 1882 619 summa
1912 563 2145 634 sibique

485 657 625 706 nota
655 649 932 720 aequitate
974 649 1167 704 facere
1209 651 1353 704 scio.
1408 653 1649 722 Propter
1701 652 1797 706 illa
1839 668 1976 707 vero
2008 668 2142 723 quas

484 755 666 809 supra
680 739 1170 799 commemoravi,
1187 740 1712 810 quemadmodum
1730 741 2053 795 vivendum
2073 741 2146 794 sit

481 843 618 882 cum
633 827 1053 891 hominibus,si
1069 829 1213 899 quid
1232 828 1332 883 tibi
1349 829 1725 900 exploratum
1741 829 1944 901 liquet,
1961 830 2142 885 edoce

481 915 593 979 me,
617 915 999 972 obsecro.Sin
1020 925 1074 970 et
1093 921 1146 969 te
1165 917 1242 971 ita
1264 925 1324 972 ut
1339 934 1431 972 me
1447 924 1690 973 movent
1705 920 1838 982 ista,
1853 919 2058 975 confer
2074 935 2144 974 ea

480 1021 621 1060 cum
643 1006 844 1077 aliquo
867 1012 1187 1060 mansueto
1209 1007 1402 1060 cordis
1429 1007 1686 1074 medico,
1703 1008 1826 1062 sive
1849 1007 1964 1062 illic
1985 1008 2143 1063 inve-

479 1094 636 1148 neris
665 1095 764 1149 ubi
791 1093 1023 1162 degitis,
1043 1094 1160 1148 sive
1184 1111 1318 1149 cum
1355 1097 1605 1150 Romam
1640 1101 1760 1150 toto
1791 1095 2142 1152 anniversa-

479 1183 566 1238 rio
618 1183 878 1254 pergitis,
929 1187 983 1236 et
1015 1199 1114 1237 cor
1147 1199 1251 1254 per
1283 1183 1451 1238 illum
1487 1184 1587 1238 tibi
1628 1183 1994 1256 loquentem,
2035 1201 2141 1239 seu

476 1271 648 1326 vobis
662 1270 1140 1342 colloquentibus
1160 1272 1439 1325 Dominus
1455 1274 1772 1342 aperuerit,
1790 1272 1979 1328 scribe
1995 1272 2138 1328 mihi

547 1380 599 1432 7.
637 1380 712 1432 De
737 1379 1165 1433 resurrectione
1201 1385 1400 1433 autem
1439 1395 1784 1450 corporum,
1840 1379 2140 1434 membro-

475 1481 731 1538 rumque
764 1469 820 1521 in
853 1467 954 1522 illa
984 1466 1426 1537 incorruptione
1480 1475 1657 1540 atque
1697 1469 2140 1523 immortalitate

476 1556 686 1611 futuris
727 1555 960 1620 ofﬁciis,
1011 1555 1299 1627 quoniam
1333 1557 1589 1610 vicissim
1639 1574 1732 1612 me
1765 1558 2138 1626 interrogasti

474 1645 619 1717 quid
647 1647 919 1708 sentiam,
957 1647 1096 1698 audi
1126 1643 1376 1698 breviter
1403 1645 1588 1716 quod,
1611 1646 1657 1699 si
1687 1662 1806 1700 non
1841 1647 1985 1700 satis
2009 1647 2132 1716 erit,

475 1734 705 1804 poterit,
740 1735 785 1786 si
818 1734 1103 1786 Dominus
1132 1732 1440 1802 adjuverit,
1473 1732 1646 1788 latius
1678 1733 1994 1804 disputari.
2030 1735 2141 1789 Fir-

475 1822 742 1876 missime
757 1821 1081 1876 tenendum
1099 1820 1374 1884 est,uude
1396 1821 1704 1892 Scripturaa
1719 1829 1938 1877 sanctm
1961 1839 2140 1878 verax

470 1917 526 1967 et
542 1912 703 1967 clara
721 1912 1012 1965 sententia
1031 1917 1137 1975 est,
1155 1909 1410 1965 visibilia
1432 1912 1542 1966 ista
1560 1927 1817 1982 corpora
1830 1918 2009 1984 atque
2032 1917 2138 1967 ter-

467 2016 612 2056 rena
636 2017 771 2073 qua:
787 2015 943 2054 nunc
969 1998 1254 2054 animalia
1271 1999 1570 2064 dicuntur,
1589 2001 2138 2072 spiritualiafutura

464 2089 525 2144 in
547 2089 976 2144 resurrectione
1001 2087 1264 2142 fidelium
1291 2094 1469 2159 atque
1500 2090 1811 2158 iustorum.
1835 2092 2008 2145 Porro
2023 2091 2134 2160 spi-

464 2178 694 2234 ritualis
724 2176 984 2248 corporis
1015 2177 1276 2249 qualitas
1301 2178 1610 2248 inexperta
1629 2179 1822 2245 nobis,
1845 2179 2136 2250 quemad-

464 2268 716 2323 modum
733 2267 816 2322 vel
839 2267 1288 2337 comprehendi,
1309 2266 1401 2320 vel
1421 2267 1714 2321 insinuari
1732 2273 1949 2339 possit,
1970 2269 2135 2338 igno-

462 2372 550 2412 ro.
577 2357 886 2427 Corruptio
907 2355 984 2409 ibi
1012 2362 1166 2410 certe
1190 2354 1355 2409 nulla
1378 2355 1505 2424 erit,
1523 2372 1592 2410 ac
1628 2371 1730 2426 per
1757 2357 1870 2411 hoc
1901 2358 2132 2414 necisto

461 2461 583 2518 quo
619 2462 778 2501 nunc
809 2444 1083 2512 indigent
1137 2443 1694 2514 corruptibili,cibo,
1726 2452 1862 2500 tunc
1904 2445 2130 2516 indige-

462 2537 613 2592 bunt
645 2555 657 2602 ;
697 2551 804 2590 nec
838 2542 1036 2590 tamen
1070 2550 1206 2588 eum
1239 2549 1452 2604 capere
1482 2551 1600 2590 non
1635 2541 1933 2605 poterunt,
1968 2553 2132 2591 vera-

461 2625 606 2680 citer
622 2640 738 2696 que
759 2638 1117 2678 consumere
1136 2629 1443 2692 potestate,
1462 2638 1580 2678 non
1597 2624 1963 2679 necessitate.
1982 2625 2132 2679 Alio-

465 2713 613 2784 quin
647 2727 752 2766 nec
781 2711 1070 2766 Dominus
1098 2727 1234 2764 eum
1273 2717 1406 2780 post
1435 2713 1929 2766 resurrectionem
1962 2729 2132 2768 acce-

466 2802 787 2874 p_isset,qui
818 2800 991 2855 nobis
1015 2800 1093 2855 ita
1123 2799 1722 2872 prmbuitcorporalis
1755 2803 2127 2858 resurrectio-

466 2872 558 2946 nis
591 2872 956 2962 exemplum,
993 2895 1048 2942 ut
1077 2888 1220 2943 hinc
1253 2889 1575 2960 Apostolus
1599 2889 1790 2945 dicat:
1823 2890 1888 2946 Si
1908 2891 2130 2946 mortui

465 2996 584 3036 non
597 2987 942 3048 resurgunt,
961 2993 1148 3048 neque
1167 2977 1436 3033 Christus
1458 2979 1845 3049 resurrexit“
1870 2981 2007 3036 Cor.
2025 2997 2122 3046 xv,

462 3070 841 3140 16).Quicum
860 3067 1143 3122 membris
1157 3067 1438 3122 omnibus
1456 3075 2127 3139 appareret,eorumque

463 3159 676 3227 ofﬁciis
698 3164 980 3222 uteretur,
997 3156 1128 3212 loca
1154 3156 1332 3211 etiam
1357 3156 1672 3211 vulnerum
1694 3156 2129 3213 demonstravit

463 3251 624 3316 Quas
645 3263 756 3317 ego
775 3247 1096 3310 cicatrices,
1123 3261 1241 3299 non
1269 3245 1400 3316 ipsa
1437 3246 1685 3301 vulnera
1709 3263 1945 3317 semper
1965 3263 2127 3302 acce-

463 3338 542 3409 pi,
559 3344 726 3392 eteas
741 3338 899 3406 ipsas
916 3339 1354 3403 potestate,non
1372 3335 1730 3389 necessitate.
1743 3335 1841 3404 Cuj
1855 3351 1919 3388 us
1935 3341 2122 3405 potes-

463 3426 596 3481 tatis
610 3422 948 3479 facilitatem
966 3428 1102 3475 tunc
1119 3420 1379 3475 maxime
1394 3421 1814 3484 ostendit,cum
1833 3425 1921 3476 vel
1935 3424 1990 3475 in
2009 3423 2126 3478 alia

461 3513 658 3568 forma
673 3528 732 3564 se
747 3509 1196 3573 demonstravit,
1216 3509 1303 3563 vel
1330 3509 1389 3563 in
1421 3509 1602 3564 domo
1621 3509 1928 3581 discipulis
1957 3527 2125 3565 cons~

463 3600 816 3665 titutis,cum
843 3597 992 3652 ostia
1011 3597 1212 3652 clausa
1237 3604 1449 3659 essent,
1469 3613 1644 3651 verus
1663 3600 1938 3668 apparuit
1954 3600 2119 3670 (Luc.

461 3705 619 3754 xxiv,
650 3687 828 3751 15-43,
851 3694 902 3742 et
928 3687 1100 3742 Joan.
1135 3703 1234 3754 xx,
1271 3689 1449 3751 14-29,
1479 3695 1531 3742 et
1554 3686 1741 3742 Marc.
1767 3704 1880 3757 xvx,
1914 3687 2120 3759 12-14).

531 3801 582 3852 8.
606 3797 750 3851 llinc
775 3795 961 3850 oritur
978 3794 1052 3849 de
1078 3793 1315 3863 Angelis
1337 3795 1612 3865 qurestio,
1641 3799 1836 3849 utrum
1860 3795 2124 3851 habeant

458 3902 712 3960 corpora
743 3885 868 3939 suis
899 3883 1111 3939 ofﬁciis
1145 3891 1200 3937 et
1232 3881 1788 3938 concursationibus
1830 3899 2118 3953 congrua,

457 3991 535 4033 an
555 3973 973 4031 tantummodo
1000 3972 1242 4044 spiritus
1261 3972 1646 4026 sint?sienim
1661 3972 1881 4026 habere
1909 3972 2118 4028 dixeri-

456 4081 608 4127 mus,
643 4064 899 4119 occurrit
937 4061 1137 4116 nobis:
1171 4060 1282 4126 Qui
1309 4061 1462 4127 facit
1487 4062 1748 4130 Angelos
1779 4077 1912 4116 suos
1943 4062 2116 4130 Spiri-

455 4160 548 4207 tus
577 4153 766 4223 (Psal.
795 4166 911 4214 cui,
941 4153 1017 4219 4).
1048 4150 1104 4204 Si
1130 4154 1332 4204 autem
1365 4165 1482 4203 non
1510 4149 1731 4204 habere
1757 4149 2110 4217 dixerimus,

453 4241 591 4313 plus
619 4240 802 4296 habet
827 4238 1437 4310 scrupuli,quomodo
1463 4227 1751 4308 scriptum
1771 4239 1844 4293 sit
1871 4255 1972 4294 eos
1987 4256 2112 4295 cor-

451 4331 648 4403 poreis
700 4328 1012 4384 hominum
1048 4326 1326 4381 sensibus
1359 4327 1485 4381 sine
1506 4342 1756 4397 corpore
1791 4334 2113 4398 praesenta-

451 4425 559 4487 tos,
587 4418 842 4490 hospitio
861 4423 1192 4488 susceptos,
1218 4417 1400 4486 pedes
1419 4417 1502 4470 eis
1520 4415 1694 4480 lotos,
1718 4416 2033 4471 edentibus
2056 4425 2111 4474 et

448 4509 790 4565 bibentibus
819 4509 1217 4562 ministratum
1239 4507 1405 4577 (Gen.
1434 4505 1727 4574 xvui,2-9,
1750 4507 2104 4576 etx1x,1-3).

449 4599 698 4679 [facilius
720 4598 880 4653 enim
905 4597 1090 4652 videri
1118 4601 1308 4668 potest
1328 4597 1409 4650 sic
1435 4611 1562 4650 esse
1583 4597 1820 4666 spiritus
1847 4596 2106 4666 Angelos

444 4687 658 4752 dictos,
692 4691 754 4740 ut
779 4687 1053 4742 homines
1083 4686 1340 4748 animas,
1360 4686 1510 4739 sicut
1541 4686 1826 4755 scriptum
1856 4692 1942 4739 est
1969 4701 2107 4740 cum

440 4778 626 4833 Jacob
657 4776 715 4830 in
761 4776 1081 4848 ngyptum
1122 4782 1204 4830 tot
1243 4791 1477 4829 animas
1511 4773 1888 4829 descendisse
1931 4776 2103 4844 (Gen.

439 4881 594 4934 xLVi,
623 4868 713 4936 27)
735 4864 1126 4938 [nequeenim
1141 4879 1391 4934 corpora
1419 4880 1539 4918 non
1555 4863 1901 4936 habebant],
1920 4879 2105 4934 quam

445 4962 506 5013 ut
525 4956 623 5012 illa
645 4955 852 5012 omnia
873 4954 1000 5008 sine
1023 4954 1370 5023 corporibus
1389 4957 1557 5022 gesta
1574 4953 1908 5008 credantur.
1930 4953 2102 5007 Dein-

440 5047 515 5103 de
536 5053 695 5102 certa
715 5043 1002 5118 quaedam
1027 5044 1086 5097 in
1108 5042 1468 5114 Apocalypsi
1491 5042 1699 5111 Angeli
1719 5048 1944 5097 statura
1961 5041 2104 5096 deti-

437 5132 972 5208 nitur(Apoc.x),in
986 5149 1057 5188 ea
1070 5147 1498 5203 mensuraquae
1515 5132 1626 5186 nisi
1640 5146 1958 5202 corporum
1974 5147 2102 5186 esse

438 5238 559 5282 non
583 5227 792 5297 possit,
827 5231 887 5280 ut
907 5223 1073 5296 quod
1096 5221 1443 5278 hominibus
1470 5221 1839 5290 apparuerit,
1876 5235 1996 5274 non
2024 5219 2101 5275 ad

434 5309 770 5378 falsitatem,
789 5314 942 5369 seda
959 5312 1121 5367 illam
1145 5315 1502 5382 potestatem
1521 5325 1590 5363 ac
1606 5307 1948 5362 facilitatem
1980 5307 2100 5378 spi-

435 5400 738 5458 ritualium
762 5418 1082 5473 corporum
1100 5399 1405 5455 referatur.
1436 5396 1548 5453 Sed
1563 5396 1684 5451 sive
1697 5396 1957 5451 habeant
1981 5398 2102 5451 An-

433 5491 550 5564 geli
579 5505 853 5560 corpora,
879 5493 1000 5545 sive
1032 5491 1354 5561 quisquam
1389 5487 1576 5558 possit
1613 5485 1925 5541 ostendere
1951 5502 2100 5558 que-

435 5579 833 5644 madmodum
846 5594 1098 5649 corpora
1116 5594 1235 5633 non
1255 5578 1545 5634 habentes
1559 5592 1762 5646 gerere
1778 5575 1876 5631 ilIa
1888 5577 2096 5633 omnia

1791 170 1849 227 S.
1893 160 2251 227 AUGUSTIN
2260 171 2280 225 Ι
2319 170 2645 230 EPISCOPI
3777 192 3871 250 356

2260 311 2365 367 per
2394 298 2691 356 Christum
2723 301 3013 372 redempti
3033 317 3068 357 a
3087 305 3461 372 generatione
3491 309 3617 376 hac,
3647 312 3700 368 in
3726 320 3870 372 aster-

2260 401 2404 442 num
2435 389 2873 460 conjungentur
2895 390 3158 446 millibus
3186 395 3558 464 Angelorum,
3582 416 3746 456 voces
3768 421 3874 461 cor-

2258 477 2494 546 porales
2519 493 2633 533 non
2652 479 2901 534 latentes
2924 481 3158 536 animos
3178 483 3547 553 indicabunt;
3568 491 3701 561 quia
3718 493 3767 546 in
3791 494 3874 551 illa

2258 568 2536 621 societate
2562 566 2761 622 divina
2794 569 2938 623 nihil
2970 571 3342 639 cogitationis
3386 577 3649 644 proximo
3692 585 3876 651 poterit

2256 654 2557 720 occultari,
2577 657 2680 710 sed
2697 657 3159 714 eritconsonans
3183 661 3239 714 in
3270 663 3362 716 Dei
3377 663 3550 719 laude
3566 671 3870 737 concordia,

2257 759 2375 798 non
2406 745 2600 799 solum
2636 747 2863 816 spiritu,
2893 764 3096 803 verum
3125 752 3304 806 etiam
3339 752 3622 823 spirituali
3655 773 3873 830 corpore

2256 847 2540 902 expressa
2572 850 2583 888 :
2618 834 2731 889 hoc
2765 835 2908 890 mihi
2945 837 3195 893 videtur.

2326 925 2378 976 9.
2417 923 2651 979 Interim
2676 923 2721 977 si
2751 924 2895 995 quid
2925 928 3353 995 congruentius
3383 931 3610 986 veritati
3655 935 3740 990 vel
3767 935 3870 1006 jam

2257 1013 2440 1078 tenes,
2469 1011 2552 1065 vel
2571 1012 2968 1067 adoctoribus
2993 1015 3201 1070 audire
3228 1019 3630 1090 potueris,per
3658 1028 3705 1077 te
3727 1040 3867 1081 nosse

2254 1098 2696 1155 studiosissime
2741 1109 3042 1173 exspecto.
3101 1107 3356 1160 Recense
3409 1123 3551 1163 sane
3597 1112 3867 1181 epistolam

2256 1203 2454 1243 meam
2481 1189 2583 1258 (a),
2610 1192 2699 1243 cui
2731 1191 3021 1260 quoniam
3053 1191 3546 1251 festinantissime
3580 1205 3629 1253 te
3657 1218 3871 1272 respon-

2252 1276 2410 1332 disse
2442 1278 2514 1332 de
2544 1279 2782 1334 diaconi
2802 1279 3174 1336 festinatione
3205 1291 3490 1340 causatus
3513 1303 3593 1352 es,
3624 1290 3744 1344 ideo
3774 1307 3872 1346 non

2252 1381 2606 1438 conqueror,
2641 1369 2744 1423 sed
2780 1369 2974 1440 potius
3013 1387 3447 1436 commemoro.
3485 1382 3545 1430 ut
3574 1379 3726 1448 quod
3757 1386 3873 1436 tunc

2251 1456 2547 1511 omissum
2565 1463 2668 1519 est,
2687 1473 2845 1513 nunc
2859 1460 3162 1516 reddatur.
3183 1464 3242 1516 Et
3257 1462 3330 1518 de
3347 1466 3470 1519 otio
3486 1467 3702 1538 quippe
3723 1469 3872 1523 chris-

2253 1545 2416 1599 tiano
2434 1545 2511 1599 ad
2533 1546 2978 1617 percipiendam
2993 1549 3080 1604 vel
3095 1551 3510 1609 disserendam
3527 1556 3871 1613 christianam

2251 1635 2606 1704 sapientiam
2632 1637 2777 1707 quid
2809 1639 3045 1700 sentias,
3081 1645 3136 1692 et
3174 1639 3248 1694 de
3277 1642 3401 1696 otio
3431 1644 3591 1714 quod
3623 1647 3872 1716 putabam

2252 1723 2561 1792 tuo,cujus
2587 1725 2727 1779 mihi
2752 1727 3176 1797 occupationes
3205 1729 3590 1788 incredibiles
3624 1735 3872 1791 nuntiata;

2251 1815 2408 1874 sunt,
2443 1814 2674 1884 require
2699 1819 2756 1868 et
2789 1814 2915 1869 vide
2948 1816 3050 1886 qui
3084 1832 3118 1870 a
3152 1822 3200 1871 te
3235 1819 3382 1873 scire
3411 1823 3760 1890 quaesierim.
3789 1825 3871 1894 (Et

2249 1900 2375 1955 alia
2400 1903 2628 1972 manu).
2658 1904 2941 1958 Memores
2975 1907 3173 1970 nostri,
3210 1905 3410 1962 felices
3449 1909 3638 1979 vivite,
3681 1928 3870 1984 magna

2249 1989 2468 2057 gaudia
2497 1996 2554 2044 et
2583 1991 2792 2046 solatia
2825 1999 3027 2048 nostra
3059 1996 3246 2050 sancti
3285 1997 3411 2052 Dei.

2723 2081 3054 2137 EPISTOLA
3100 2083 3248 2138 xcv:
3287 2086 3301 2101 ·
3331 2085 3436 2156 (b).

2247 2167 2618 2237 Augustinus
2642 2169 2936 2238 Olympio,
2962 2186 3130 2241 quem
3154 2173 3436 2230 audierat
3458 2185 3779 2244 provectum
3803 2195 3868 2234 re-

2318 2272 2451 2312 cens
2482 2258 2562 2312 ad
2591 2273 2802 2314 novam
2832 2258 3181 2329 dignitatem
3208 2263 3454 2330 (scilicet
3484 2267 3869 2336 Magistrio/‘ﬁ-

2316 2345 2562 2410 ciorum,
2586 2347 2745 2417 quod
2774 2349 2887 2415 ipsi
2919 2364 3134 2403 munus
3153 2357 3283 2418 post
3317 2352 3663 2411 Stilichonis
3702 2372 3866 2412 necem

2314 2449 2413 2490 an.
2453 2439 2550 2490 408
2573 2437 2857 2491 collatum
2883 2437 3048 2507 fuit),
3073 2441 3447 2498 commendat
3476 2443 3727 2511 impense
3752 2461 3869 2500 cau-

2313 2539 2438 2580 sam
2485 2525 2782 2594 Bonifacii
2828 2526 3216 2597 Cataquensis
3247 2531 3530 2599 episcOpi,
3563 2548 3731 2602 super
3763 2550 3868 2603 pos-

2312 2614 2563 2668 sessione
2587 2614 2845 2684 quadam
2878 2616 3156 2672 Ecclesiae
3175 2617 3248 2673 ab
3273 2619 3463 2688 ipsius
3483 2623 3868 2690 prwdecessore

2312 2718 2431 2757 non
2463 2703 2588 2758 sine
2612 2703 2834 2770 fraude
2863 2711 3234 2773 comparata.

2245 2793 2496 2846 Domino
2517 2791 2922 2858 dilectissimo,
2943 2799 2998 2848 et
3019 2795 3074 2848 in
3101 2796 3308 2851 Christi
3334 2800 3620 2855 membris
3643 2802 3863 2857 honora-

2312 2880 2502 2936 biliter
2531 2881 2952 2950 amplectendo
2986 2882 3103 2937 tilio
3146 2885 3423 2955 OLYMPIO,
3456 2891 3804 2946 AUGUSTINUS.

2313 2971 2361 3024 1.
2396 2971 2697 3041 Quidquid
2721 2972 2803 3025 sis
2829 2973 3162 3027 secundum
3190 2978 3391 3030 saeculi
3422 2978 3601 3049 hujus
3631 2996 3862 3043 cursum,

2242 3075 2352 3114 nos
2373 3065 2570 3114 tamen
2586 3059 2936 3115 charissimo
2959 3067 3012 3115 et
3029 3061 3436 3121 sincerissimo
3455 3083 3732 3123 conservo
3754 3084 3863 3122 nos-

2240 3156 2330 3204 tro
2371 3148 2645 3219 Olympio
2685 3149 3004 3204 christiano
3051 3150 3339 3208 ﬁdissime
3393 3157 3725 3212 scribimus.
3768 3160 3862 3211 Hoc

2239 3237 2398 3292 enim
2419 3237 2520 3291 tibi
2543 3253 2671 3292 esse
2689 3237 2913 3292 scimus
2935 3239 3097 3293 omni
3123 3239 3310 3308 gloria
3333 3243 3861 3310 gloriosus,etomui

2239 3326 2604 3380 sublimitate
2619 3325 2958 3380 sublimius.
2977 3329 3155 3383 Fama
3175 3331 3403 3401 quippe
3423 3333 3500 3387 ad
3515 3349 3622 3389 nos
3643 3333 3858 3405 pertulit,

2236 3409 2526 3466 honorem
2562 3418 2614 3466 te
2644 3413 2930 3484 adeptum
2963 3430 3089 3468 esse
3121 3415 3437 3475 celsiorem
3471 3440 3483 3486 ;
3531 3438 3663 3492 quae
3695 3428 3858 3475 utrum

2237 3514 2377 3554 vera
2402 3506 2573 3565 esset,
2609 3502 2876 3557 nondum
2899 3503 3062 3573 apud
3095 3520 3201 3559 nos
3228 3505 3421 3562 fuerat
3452 3511 3856 3571 confirmatum,

2237 3603 2374 3642 cum
2407 3589 2531 3643 haec
2563 3590 2860 3644 scribendi
2885 3593 3152 3662 provenit
3181 3597 3441 3651 occasio.
3469 3598 3583 3653 Sed
3609 3597 3856 3669 quoniam

2237 3677 2517 3732 novimus
2539 3682 2593 3733 te
2611 3694 2645 3732 a
2672 3679 2920 3734 Domino
2942 3679 3219 3736 didicisse
3251 3699 3368 3738 non
3393 3685 3514 3742 alta
3537 3703 3750 3758 sapere,
3772 3683 3856 3740 sed

2235 3765 2568 3821 humilibus
2601 3769 2951 3832 consentire,
2988 3770 3255 3840 quolibet
3280 3773 3548 3830 culmine
3579 3781 3854 3848 provectus

2233 3870 2542 3920 esses,non
2558 3856 2921 3927 aliterquam
2939 3858 3096 3912 soles
3117 3860 3341 3916 litteras
3359 3869 3594 3919 nostras
3613 3870 3661 3919 te
3682 3876 3854 3931 accep-

2235 3949 2427 3998 tarum
2457 3961 2590 3998 esse
2613 3946 3311 4015 prmsumimus,domiue
3333 3951 3726 4015 dilectissime,
3743 3957 3790 4005 et
3808 3951 3852 4003 in

2231 4032 2436 4088 Christi
2455 4033 2737 4088 membris
2754 4035 3178 4092 honorabiliter
3189 4039 3604 4110 amplectende
3617 4043 3852 4095 tili.Tem-

2229 4122 2417 4192 porali
2452 4137 2588 4176 vero
2619 4122 2892 4178 felicitate
2919 4125 2996 4179 ad
3033 4132 3254 4182 aeterna
3285 4128 3447 4183 lucra
3486 4137 3536 4186 te
3569 4129 3850 4202 prudenter

2230 4227 2477 4266 usurum
2502 4212 2744 4266 minime
2765 4213 3136 4280 dubitamus,
3155 4221 3216 4271 ut
3235 4225 3467 4287 quanto
3488 4220 3618 4290 plus
3636 4224 3784 4289 potes
3805 4217 3848 4268 in

2223 4302 2338 4354 hac
2364 4306 2594 4356 terrena
2624 4301 2950 4371 republica,
2972 4308 3133 4358 tanto
3157 4305 3291 4375 plus
3315 4307 3633 4379 impendas
3659 4304 3847 4362 ccelesti

2223 4389 2323 4452 illi,
2343 4405 2478 4460 quae
2505 4395 2556 4444 te
2577 4389 2636 4444 in
2659 4389 2888 4445 Christo
2909 4393 3411 4463 peperit,civitati,
3427 4401 3591 4469 quod
3615 4397 3711 4451 tibi
3732 4395 3843 4448 ube-

2221 4480 2344 4533 rius
2361 4479 2720 4550 rependatur
2738 4481 2796 4534 in
2815 4481 3054 4549 regione
3075 4482 3426 4550 viventium,
3445 4489 3502 4539 et
3516 4487 3572 4540 in
3587 4500 3716 4540 vera
3729 4496 3844 4554 pace

2222 4582 2567 4622 securorum
2601 4583 2670 4622 ac
2706 4569 2830 4623 sine
2861 4569 2978 4624 tine
3013 4573 3382 4627 manentium
3416 4575 3780 4642 gaudiorum.

2291 4661 2341 4710 2.
2374 4656 2573 4710 Sancti
2601 4657 2793 4711 fratris
2819 4663 2874 4712 et
2903 4660 3242 4730 coepiscopi
3273 4664 3385 4717 mei
3423 4662 3694 4718 Bonifacii
3728 4658 3839 4731 peti~

2221 4744 2439 4800 tionem
2483 4750 2594 4800 tua:
2634 4762 2840 4801 rursus
2879 4747 3153 4803 charitati
3194 4753 3580 4816 commendo,
3615 4767 3682 4805 ne
3720 4750 3840 4803 forte

2219 4849 2379 4889 nunc
2410 4834 2533 4889 fieri
2566 4836 2753 4905 possit
2777 4836 2940 4906 quod
2973 4844 3108 4892 ante
3138 4854 3256 4893 non
3291 4842 3501 4910 potuit.
3538 4843 3678 4895 Cum
3706 4837 3840 4892 enim

2219 4929 2420 4996 posset
2443 4926 2569 4978 sine
2604 4926 2720 4979 ulla
2750 4925 2992 4980 forsitan
3019 4929 3348 4998 quaestione
3365 4931 3530 5001 quod
3554 4941 3840 5002 praecessor

2217 5015 2368 5083 ejus,
2385 5013 2666 5084 quamvis
2689 5015 2801 5068 sub
2824 5013 3016 5070 alieno
3040 5018 3304 5080 nomine,
3332 5021 3783 5089 comparaverat,
3798 5017 3839 5067 et

2217 5103 2329 5157 sub
2364 5102 2633 5157 Ecclesiae
2664 5102 2906 5158 nomine
2939 5104 3248 5174 possidere
3272 5107 3400 5176 jam
3431 5111 3699 5179 coeperat,
3725 5117 3838 5158 con-

2216 5196 2531 5263 sequenter
2573 5193 2748 5247 etiam
2800 5192 2929 5262 ipse
2965 5194 3256 5260 retinere;
3316 5197 3594 5251 nolumus
3645 5200 3833 5252 tamen,

2213 5280 2503 5351 quoniam
2537 5281 2660 5335 fisci
2689 5280 2917 5336 debitor
2941 5281 3066 5347 fuit,
3093 5298 3254 5338 nunc
3278 5284 3620 5357 scrupulum
3645 5280 3833 5338 habere

2273 5423 2344 5484 (α)
2382 5422 2502 5471 Hac
2532 5436 2640 5472 non
2663 5425 2856 5472 exstat.

2272 5478 2291 5504 ⁸
2323 5478 2525 5534 Collata
2557 5489 2634 5533 est
2662 5499 2783 5533 cum
2803 5501 2850 5532 α.
2885 5485 2959 5533 bl.
2993 5500 3037 5534 c.
3070 5500 3145 5535 cc.
3171 5486 3228 5551 (Ι,
3269 5501 3323 5551 g.
3350 5501 3434 5551 gv.
3466 5487 3508 5548 j.
3534 5500 3587 5534 n.
3622 5498 3659 5532 r.
3693 5495 3731 5530 s.
3760 5478 3825 5527 sb.

2211 5551 2248 5595 t.
2279 5561 2356 5613 vc.
2384 5553 2624 5613 quatuor
2653 5562 2698 5594 ν.
2731 5554 2785 5596 et
2813 5562 2936 5596 cum
2973 5551 3085 5596 Am.
3126 5549 3252 5598 Bad.
3280 5549 3371 5598 Er;
3402 5550 3582 5613 Lov.r_
3652 5608 3674 5613 _
3735 5605 3743 5613 .

2269 5611 2336 5671 (ὁ)
2374 5605 2515 5674 A'lias
2546 5611 2633 5657 124
2671 5625 2682 5657 :
2715 5625 2834 5674 quas
2859 5616 3038 5660 autem
3074 5615 3131 5659 96
3169 5617 3301 5669 erat,
3335 5626 3479 5662 nunc
3509 5611 3619 5660 183.
3647 5605 3826 5666 Scripta

430 5667 935 5747 potuerint,inilla
950 5675 1150 5720 tamen
1161 5668 1391 5722 civitate
1404 5674 1772 5731 sanctorum,
1791 5661 1894 5721 ubi
1907 5667 2092 5722 etiam
2207 5661 2300 5722 ω’.
2323 5661 2446 5731 ⁷408,
2471 5676 2613 5722 circa
2638 5661 2854 5722 initium
2880 5675 3221 5737 septembris.
