4040 6174
183 168 260 230 351
1345 149 1851 210 EPISTOLARUM
1892 150 2186 209 CLASSIS
2229 153 2303 217 Il.

173 297 214 352 in
238 285 569 348 conscientia.
625 285 823 356 Neque
871 282 1031 339 enim
1071 281 1233 337 fraus
1263 281 1396 344 ista,
1438 277 1582 351 quia
1610 277 1756 333 ﬁsco

168 383 326 444 ﬁebat,
346 378 461 433 ideo
481 390 600 431 non
622 374 821 429 ﬁebat.
855 375 916 428 Et
943 371 1038 427 ille
1064 370 1308 443 quidem
1333 368 1574 432 Paulus,
1600 372 1756 438 post-

164 485 308 544 quam
320 468 614 539 episcopus
627 461 821 518 factus
837 467 944 526 est,
961 460 1406 516 renuntiaturus
1422 457 1546 512 suis
1562 455 1752 512 omni-

165 563 250 616 bus
268 558 419 613 rebus
441 561 677 626 propter
709 551 1077 606 immensum
1111 548 1421 604 cumulum
1454 545 1750 600 ﬁscalium

163 649 457 712 debitorum,
504 647 715 697 exacta
745 640 1011 712 quadam
1050 640 1345 701 cautione,
1380 636 1438 691 in
1470 651 1588 708 qua
1627 649 1755 690 cer-

165 746 255 794 tum
274 737 315 790 ei
338 733 556 804 pondus
577 729 911 785 debebatur
933 727 1182 796 argenti,
1201 726 1312 781 hoc
1334 725 1579 795 exiguos
1599 721 1754 792 agel-

162 823 387 891 los,unde
401 822 612 875 victum
627 823 954 873 sustentare
965 823 1296 888 t,tanquam
1316 814 1582 869 Ecclesiae
1595 827 1756 867 com-

163 913 361 984 paravit,
391 909 495 964 sub
524 908 766 964 nomine
795 913 935 962 tunc
966 905 1390 977 potentissimae
1419 901 1658 967 domus,
1695 907 1758 956 ut

159 1005 298 1058 etiam
316 1017 376 1055 ex
395 999 553 1070 ipsis,
570 1013 796 1052 morem
822 1011 997 1050 suum
1021 1009 1298 1065 sequens,
1317 1009 1454 1048 cum
1476 991 1621 1046 ﬁsco
1637 1006 1757 1046 non

159 1092 384 1153 solveret,
412 1087 602 1143 nullas
625 1090 968 1141 exactorum
990 1083 1290 1140 molestias
1314 1086 1626 1154 pateretur.
1646 1081 1759 1135 lste

157 1187 314 1238 autem
334 1179 427 1250 qui
449 1177 642 1232 eidem
671 1174 944 1230 Ecclesiae
973 1173 1070 1228 illo
1097 1172 1380 1228 defuncto
1405 1177 1490 1226 est
1518 1169 1760 1226 ordina-

161 1277 244 1332 tus,
271 1266 442 1323 timuit
468 1265 579 1321 hos
604 1279 783 1334 agros
816 1263 1147 1333 suscipere:
1177 1266 1233 1316 et
1259 1277 1395 1315 cum
1423 1265 1620 1330 posset
1649 1274 1758 1330 pro

157 1359 266 1413 solis
290 1355 578 1411 ﬁscalibus
607 1353 836 1416 debitis,
865 1367 999 1424 qum
1041 1351 1115 1405 de
1149 1351 1493 1406 memoratis
1524 1363 1762 1419 posses-

159 1445 496 1502 siunculisille
509 1445 901 1506 contraxerat,
916 1440 1224 1512 imperiale
1239 1439 1596 1494 beneﬁcium
1621 1453 1758 1508 pos-

159 1535 320 1598 tulare,
341 1539 524 1588 totum
557 1530 764 1586 maluit
795 1529 1078 1598 conﬁteri,
1115 1527 1282 1599 quod
1312 1543 1413 1582 eas
1439 1525 1654 1582 Paulus
1685 1526 1759 1581 de

159 1628 358 1692 argento
372 1619 631 1692 proprio,
645 1635 781 1674 cum
799 1617 1108 1674 essetﬁsco
1130 1617 1445 1680 obnoxius,
1463 1615 1538 1670 de
1561 1615 1760 1670 hasta-

157 1714 244 1768 rio‘
258 1716 489 1774 emerat;
507 1717 570 1764 ut
582 1706 1024 1775 easEcclesia,si
1041 1706 1161 1761 ﬁeri
1175 1710 1516 1778 potest,non
1529 1703 1762 1761 occulta

155 1801 368 1872 episcopi
396 1798 726 1871 iniquitate,
760 1797 864 1853 sed
894 1795 1206 1852 manifesta
1238 1794 1541 1849 christiani
1570 1794 1762 1866 impe-

158 1887 670 1946 ratorisliberalitate
685 1886 1007 1958 possideat.
1025 1886 1068 1950 Ο
1079 1883 1196 1939 uod
1210 1885 1256 1938 si
1270 1883 1394 1938 ﬁeri
1410 1898 1530 1938 non
1546 1889 1758 1954 potest,

160 1979 332 2035 melius
347 1978 602 2048 in0pinaa
624 1975 893 2031 laborem
911 1975 1062 2030 servi
1089 1975 1183 2029 Dei
1203 1972 1473 2037 tolerant,
1492 1988 1676 2044 quam
1701 1978 1764 2028 ut

159 2067 584 2123 necessariorum
611 2064 950 2121 facultatem
974 2079 1113 2120 cum
1139 2061 1506 2119 conscientia
1535 2061 1763 2118 fraudis

158 2158 436 2213 obtineant.

208 2247 250 2300 3.
272 2247 348 2302 Ad
372 2247 481 2301 hoc
505 2249 678 2300 tuum
697 2242 1049 2312 suffragium
1065 2241 1328 2314 petimus
1354 2240 1645 2311 impartiri
1677 2238 1764 2295 di-

157 2335 313 2404 gneris
338 2350 350 2389 :
380 2334 525 2406 quia
544 2332 604 2387 id
629 2332 793 2404 quod
813 2331 1005 2402 primo
1029 2332 1419 2402 impetratum
1442 2334 1549 2395 est,
1577 2328 1764 2384 noluit

159 2422 388 2492 allegare,
402 2439 472 2478 ne
485 2425 707 2478 iterum
722 2419 1102 2493 supplicandi
1116 2419 1227 2473 sibi
1253 2417 1668 2473 intercluderet
1682 2417 1765 2472 fa-

155 2510 420 2579 cultatem;
446 2527 576 2568 non
596 2512 756 2567 enim
771 2517 896 2566 erat
913 2509 988 2565 ad
1013 2507 1352 2563 desiderata
1384 2521 1760 2579 responsum.

158 2601 287 2655 Nunc
311 2616 439 2656 vero
464 2616 610 2655 cum
649 2599 731 2654 sis
761 2597 975 2654 eadem
1023 2596 1398 2665 benignitate
1429 2611 1552 2666 qua
1583 2597 1761 2660 soles,

157 2688 481 2761 sedamplior
510 2693 828 2762 potestate,
851 2702 972 2742 non
989 2686 1244 2757 despera
1258 2701 1409 2751 mus,
1443 2685 1765 2754 adjuvante

159 2776 382 2842 Domino,
404 2779 632 2835 meritis
656 2777 768 2833 tuis
787 2777 900 2833 hoc
924 2775 1096 2832 facile
1120 2789 1294 2845 posse
1324 2773 1603 2829 concedi:
1630 2789 1766 2828 cum

158 2867 344 2922 etiamsi
374 2871 475 2923 tuo
497 2867 746 2922 nomine
773 2865 987 2921 eadem
1018 2864 1152 2919 loca
1179 2867 1429 2935 peteres,
1458 2867 1514 2918 et
1539 2878 1768 2918 memo-

158 2961 267 3011 ratae
292 2956 560 3014 Ecclesiae
581 2956 707 3028 ipse
723 2955 1001 3019 donares,
1026 2954 1161 3025 quis
1181 2952 1772 3024 reprehenderet,aut

159 3044 264 3115 quis
287 3061 394 3100 non
413 3046 674 3101 maxime
697 3043 1044 3116 praedicaret
1064 3041 1411 3113 petitionem
1431 3047 1618 3106 tuam,
1651 3056 1770 3097 non

159 3138 361 3190 terrenas
388 3132 732 3207 cupiditati,
763 3133 869 3188 sed
899 3130 1235 3187 christiana:
1264 3129 1467 3202 pietati
1516 3130 1774 3185 servien-

166 3223 303 3278 tem?
327 3225 561 3280 Domini
586 3223 688 3278 Dei
727 3221 911 3278 nostri
944 3220 1348 3276 misericordia
1379 3226 1432 3275 te
1463 3220 1524 3275 in
1546 3217 1776 3275 Christo

163 3307 441 3368 feliciorem
470 3317 733 3376 tueatur,
765 3309 1008 3366 domine
1033 3307 1137 3364 ﬁli.

591 3400 919 3457 EPISTOLA
952 3396 1132 3453 xcvn
1163 3397 1179 3414 '
1209 3397 1314 3468 (a).

163 3489 487 3559 Augustinus
497 3491 864 3561 Olympio,ut
878 3495 1113 3544 tueatur
1127 3489 1279 3557 leges
1291 3485 1780 3557 deconfrigendis

215 3578 365 3635 idolis
385 3586 436 3637 et
463 3578 754 3638 haereticis
780 3576 1160 3648 corrigendis,
1177 3590 1304 3648 quae
1333 3575 1460 3631 vivo
1471 3574 1782 3631 Stilichone

214 3667 372 3725 missa
395 3677 532 3725 sunt
555 3669 624 3723 in
638 3666 913 3736 Africam
925 3678 948 3737 ;
959 3664 1271 3736 faciatque
1294 3679 1405 3732 pro
1427 3665 1782 3720 auctoritate

215 3759 568 3815 etinduslria
591 3772 700 3813 sua
722 3764 786 3812 ut
813 3771 910 3813 ea:
942 3770 1016 3812 ex
1049 3755 1432 3823 Imperatoris
1474 3754 1782 3810 voluntate

215 3851 544 3905 constitutas
577 3861 714 3908 esse,
755 3849 1018 3917 adeoque
1058 3849 1192 3914 post
1220 3843 1559 3900 Stilichonis
1587 3859 1779 3899 necem

215 3934 588 3993 nihilominus
617 3936 814 4006 vigere
836 3934 1187 4005 intelligant
1219 3932 1501 3989 Ecclesia
1530 3931 1777 3988 inimici.

163 4021 371 4081 Domino
396 4025 624 4082 eximio
655 4030 712 4080 et
741 4024 952 4080 merito
977 4021 1780 4095 praestantissimo,multum-

215 4127 314 4184 que
341 4116 398 4170 in
428 4114 652 4171 Christi
673 4113 831 4170 chari
842 4117 957 4168 tate
978 4111 1336 4169 honorando
1352 4110 1474 4167 ﬁlio
1506 4112 1778 4182 Ouurio,

215 4205 572 4272 Acausruvus,
613 4202 674 4258 in
709 4202 963 4259 Domino
995 4201 1270 4257 salutem.

220 4295 258 4344 l.
283 4292 568 4357 Quamvis
596 4307 733 4347 mox
754 4296 817 4346 ut
831 4290 1174 4346 audivimus
1196 4293 1250 4346 te
1267 4291 1474 4346 merito
1490 4289 1784 4346 sublima-

161 4378 573 4453 tum,cumipsa
589 4380 750 4436 fama
761 4379 1033 4436 nondum
1050 4378 1223 4435 nobis
1249 4379 1584 4435 certissima
1603 4385 1777 4446 esset.

157 4467 274 4523 nihil
291 4469 443 4526 aliud
463 4472 539 4528 de
552 4471 762 4526 animo
783 4474 882 4525 tuo
904 4468 1269 4524 credidimus
1295 4483 1438 4538 erga
1459 4469 1781 4525 Ecclesiam

161 4555 256 4622 Dei,
283 4560 445 4630 cujus
471 4567 528 4616 te
557 4557 1046 4615 veraciterﬁlium
1075 4572 1200 4610 esse
1223 4557 1780 4630 gaudemus,quam

156 4647 293 4714 quod
321 4651 430 4704 tuis
459 4649 678 4706 litteris
709 4664 849 4704 mox
870 4649 1153 4718 aperuisti
1179 4661 1191 4713 ;
1230 4656 1427 4702 tamen
1453 4648 1631 4704 etiam
1664 4647 1780 4702 illis

157 4730 310 4801 lectis,
324 4738 546 4810 quibus
563 4738 717 4794 ultro
737 4738 1020 4808 dignatus
1039 4752 1122 4802 es,
1138 4735 1374 4792 etiamsi
1394 4735 1547 4808 pigri
1566 4743 1622 4793 et
1641 4751 1783 4792 cun-

155 4825 349 4882 ctantes
363 4844 560 4883 essem
570 4826 1140 4893 us,exhortationem
1157 4824 1782 4883 benevolentissimam

159 4913 350 4972 mittere
378 4923 440 4972 ut
459 4919 794 4972 instruente
820 4913 1152 4971 humilitate
1175 4922 1400 4984 nostra,
1427 4931 1529 4986 per
1554 4914 1784 4984 religio-

157 5015 261 5058 sam
272 5005 677 5062 obedientiam
693 5003 1290 5075 tuam,Dominus,cuj
1302 5020 1372 5059 us
1387 5019 1634 5060 munere
1648 5004 1781 5060 talis

154 5094 490 5154 es,Ecclesiae
504 5094 1018 5166 sumjamjamque
1035 5110 1061 5148 s
1072 5093 1380 5162 ubveniat,
1391 5093 1619 5167 majore
1632 5094 1714 5150 ﬁd
1723 5111 1784 5150 u-

203 5307 352 5358 ‘Bad.
371 5313 487 5361 Am.
522 5314 576 5360 et
608 5311 688 5360 Er.
722 5309 937 5367 habent,
971 5309 1029 5357 de
1058 5309 1293 5363 Ast-ario.
1321 5310 1390 5357 At
1410 5308 1533 5358 Lov.
1559 5312 1611 5359 et
1632 5309 1778 5367 Mss,

156 5366 203 5416 de
234 5370 468 5423 hastario.
512 5374 678 5423 Porro
708 5373 1002 5436 hastarium
1032 5371 1324 5430 dicebatur,
1357 5372 1448 5422 ubi
1479 5372 1652 5436 spolia
1681 5366 1775 5423 seu

154 5437 546 5506 Prptsfriptorum
579 5436 716 5506 bona
746 5435 1021 5506 vc_n_deban
1029 5440 1136 5506 tur;
1388 5496 1398 5506 ο

203 5494 216 5510 “
243 5494 432 5548 Collata
464 5513 596 5549 cum
625 5515 656 5546 a
681 5500 768 5560 bg.
807 5498 882 5552 bl.
920 5512 964 5546 c.
992 5512 1068 5547 cc.
1096 5497 1145 5545 Π.
1181 5512 1230 5560 g.
1262 5511 1348 5560 gv.
1380 5496 1423 5560 j.
1451 5510 1504 5547 n.
1529 5511 1571 5548 s.
1605 5498 1684 5546 sb.
1727 5501 1773 5556 ι,

153 5566 756 5632 “answers-etcum
784 5561 1054 5632 Aie-Bari.-
1087 5560 1325 5632 δικ-δον·
1567 5622 1596 5632 η
1665 5623 1674 5632 -

205 5624 421 5682 lamiae
447 5627 539 5674 129
580 5640 595 5671 :
627 5639 746 5691 quae
778 5628 962 5676 autem
991 5625 1049 5675 97
1083 5627 1212 5681 erat,
1245 5636 1387 5673 nunc
1418 5623 1525 5673 184.
1566 5622 1776 5687 Scripta

205 5689 356 5736 Leunte
379 5687 603 5736 an.408.

159 5689 356 5736 exeunte
379 5700 470 5738 an.
484 5689 603 5737 408.

3403 145 3506 218 358

1873 277 1961 331 cia
1976 276 2072 332 tibi
2091 279 2399 336 scribimus
2412 280 2645 337 domine
2658 281 2861 337 eximie
2875 288 2926 338 et
2945 283 3143 341 merito
3159 288 3527 357 praestantis-

1871 365 2039 430 sime,
2056 382 2111 420 m
2125 366 2246 422 ultu
2255 384 2432 441 mque
2446 369 2506 423 in
2521 369 2729 425 Christi
2743 371 2905 426 chari
2915 377 3032 428 tate
3045 373 3396 432 honorande
3411 376 3519 432 ﬁli.

1941 458 1993 508 2.
2011 454 2294 510 Etfratres
2310 457 2554 528 quidem
2571 459 2736 514 multi
2757 462 2942 516 sancti
2957 462 3196 533 collegae
3219 464 3358 529 mei,
3388 480 3525 535 gra—

1871 545 2016 600 viter
2033 546 2289 602 Ecclesia
2303 553 2468 618 pertu
2479 549 2646 604 rbata
2661 549 2945 620 profectis
2957 558 3213 624 untpene
3229 554 3521 624 fugientes

1869 635 1945 690 ad
1964 634 2460 704 gloriosissimum
2475 639 3000 712 comitatum,quos
3014 643 3270 715 sivejam
3287 645 3523 711 videris,

1870 723 2226 780 sivelitteras
2242 741 2448 780 eorum
2471 727 2549 782 ab
2571 726 2714 782 urbe
2739 731 2924 785 Roma
2944 734 3405 801 opportunitatis
3423 750 3522 789 cu-

1865 813 2156 884 jusquam
2178 815 2493 870 occasione
2516 819 2850 887 acceperis:
2881 834 2992 887 ego
3015 824 3215 876 tamen
3247 822 3526 879 licetnul-

1870 899 1996 955 lum
2015 901 2329 957 consilium
2345 919 2480 958 cum
2495 904 2578 958 eis
2599 907 3047 962 communicare
3067 909 3384 978 potuerim,
3402 927 3522 967 non

1873 990 2031 1062 potui
2047 994 2492 1061 prwtermittere
2510 1009 2612 1063 per
2637 993 2798 1050 hunc
2813 995 3053 1051 fratrem
3067 1000 3530 1072 etcompresby-

1876 1085 2065 1133 terum
2081 1095 2174 1134 me
2185 1081 2413 1151 um,qui
2430 1088 2674 1150 urgente
2690 1084 3041 1140 necessitate
3059 1102 3158 1157 pro
3175 1087 3363 1144 salute
3377 1088 3524 1143 civis

1875 1169 1986 1234 sui,
2018 1170 2198 1224 etiam
2230 1170 2430 1225 media
2459 1171 2658 1226 hieme
2680 1174 3252 1248 quomodocumque
3284 1177 3363 1232 ad
3395 1177 3526 1234 illas

1876 1263 2073 1329 partes
2095 1259 2291 1313 venire
2313 1259 2660 1330 compulsus
2681 1267 2791 1326 est,
2808 1267 2867 1317 et
2893 1262 3150 1320 salutare
3165 1272 3218 1321 et
3242 1266 3529 1323 admone-

1876 1363 1934 1401 re
1981 1346 2328 1402 charitatem
2361 1353 2526 1404 tuam
2574 1365 2758 1421 quam
2789 1351 2981 1408 habes
3017 1353 3078 1408 in
3125 1355 3352 1411 Christo
3384 1355 3525 1413 Jesu

1875 1435 2128 1491 Domino
2160 1442 2381 1505 nostro,
2398 1445 2802 1509 utopustuum
2823 1441 3051 1497 bonum
3073 1443 3526 1512 diligentissima

1875 1524 2232 1580 acceleretur
2247 1525 2550 1591 instantia,
2575 1543 2697 1598 quo
2720 1531 2994 1585 noverint
3013 1530 3235 1588 inimici
3259 1534 3529 1590 Ecclesiae

1874 1615 2034 1683 leges
2068 1613 2217 1679 illas,
2250 1629 2385 1686 quae
2417 1615 2491 1669 de
2522 1615 2698 1672 idolis
2720 1618 3124 1687 confrigendis
3154 1629 3209 1675 et
3233 1622 3524 1678 haereticis

1876 1702 2243 1772 corrigendis
2266 1703 2394 1758 vivo
2423 1704 2738 1760 Stilichone
2764 1706 2823 1760 in
2848 1707 3105 1764 Africam
3133 1710 3331 1766 missas
3360 1717 3525 1778 sunt,

1875 1807 1946 1846 ex
1960 1789 2262 1847 voluntate
2276 1792 2655 1864 Imperatoris
2672 1795 2918 1865 piissimi
2935 1803 2992 1852 et
3015 1798 3340 1855 fidelissimi
3354 1817 3533 1857 cons-

1879 1879 2077 1936 titutas
2106 1896 2119 1945 ;
2144 1896 2265 1952 quo
2294 1882 2589 1937 nesciente
2623 1883 2710 1937 vel
2741 1883 2974 1941 nolente
3005 1885 3229 1943 factum
3261 1890 3383 1945 sive
3413 1891 3528 1947 do-

1877 1968 2000 2024 lose
2025 1969 2274 2040 jactant,
2305 1969 2428 2025 sive
2464 1971 2718 2027 libenter
2757 1979 2989 2045 putant.
3023 1983 3202 2048 atque
3242 1979 3377 2034 hinc
3404 1981 3532 2036 ani-

1877 2074 2009 2114 mos
2039 2059 2450 2131 imperitorum
2471 2061 3016 2120 turbulentissimos
3031 2067 3310 2131 reddunt,
3327 2069 3532 2125 nobis-

1876 2163 1991 2220 que
2025 2147 2355 2218 periculose
2383 2165 2453 2205 ac
2494 2151 2872 2207 vehementer
2901 2154 3172 2210 infestos.

1946 2241 2000 2292 3.
2017 2239 2133 2292 Hoc
2147 2243 2347 2292 autem
2364 2238 2527 2309 quod
2543 2240 2800 2311 petendo
2819 2242 2905 2297 vel
2928 2244 3305 2314 suggerendo
3321 2246 3533 2302 admo-

1876 2341 1990 2382 neo
2004 2328 2408 2396 praestantiam
2423 2334 2609 2392 tuam,
2625 2345 2744 2384 non
2757 2330 2965 2387 dubito
2979 2333 3252 2390 omnium
3267 2351 3372 2407 per
3383 2337 3534 2391 Afri-

1876 2431 2010 2472 cam
2037 2415 2402 2486 collegarum
2426 2433 2698 2473 meorum
2721 2418 2842 2474 ﬁeri
2869 2421 3172 2478 voluntate
3205 2439 3218 2490 ;
3245 2425 3533 2481 arbitror-

1875 2521 1993 2578 que
2004 2521 2390 2577 quacumque
2409 2506 2681 2578 primitus
2692 2513 2899 2565 exorta
2915 2511 3234 2569 occasione
3252 2514 3528 2571 facillime

1879 2610 2056 2666 posse
2075 2610 2144 2650 ac
2160 2594 2378 2651 debere
2393 2596 2701 2664 maturari,
2720 2605 2780 2652 ut
2795 2604 3091 2671 noverint,
3110 2603 3256 2658 sicut
3271 2603 3413 2670 dixi,
3431 2604 3538 2660 ho-

1880 2685 2070 2739 mines
2085 2684 2518 2756 vani,quorum
2536 2686 3055 2746 etadversantium
3071 2692 3323 2748 salutem
3341 2692 3535 2766 requi-

1877 2773 2084 2837 rimus,
2113 2773 2272 2842 leges
2303 2789 2439 2844 quee
2481 2790 2587 2844 pro
2623 2775 2831 2832 Christi
2862 2779 3117 2835 Ecclesia
3150 2783 3350 2838 missae
3377 2790 3530 2850 sunt,

1881 2863 2071 2931 magis
2102 2861 2418 2917 Theodosii
2452 2860 2638 2919 ﬁlium
2659 2880 2843 2936 quam
2878 2868 3263 2926 Stilichonem
3295 2887 3533 2927 curasse

1883 2949 2222 3005 mittendas.
2251 2953 2562 3022 Propterea
2586 2954 2810 3024 quippe
2834 2964 3199 3012 memoratus
3218 2960 3535 3032 presbyter

1881 3038 2099 3095 harum
2130 3039 2408 3110 perlator.
2432 3055 2571 3096 cum
2601 3041 2675 3097 de
2702 3044 2943 3111 regione
2974 3045 3045 3101 sit
3065 3046 3422 3115 Milevitana,
3452 3049 3530 3105 ab

1885 3129 2167 3201 episcopo
2181 3143 2290 3184 suo
2308 3129 2630 3186 venerabili
2649 3131 2825 3187 fratre
2839 3149 2974 3189 meo
2990 3137 3226 3202 Severo,
3251 3139 3352 3208 qui
3367 3145 3534 3194 tuam

1887 3232 2124 3272 mecum
2143 3217 2610 3274 sincerissimam
2631 3219 3009 3278 Dilectionem
3023 3223 3276 3280 multum
3296 3225 3536 3293 salutat,

1889 3320 1994 3377 per
2007 3305 2068 3360 Hi
2079 3306 2638 3378 pponam-Regium,
2659 3309 2759 3365 ubi
2773 3325 2884 3380 ego
2899 3329 3053 3384 sum,
3072 3315 3349 3386 transirej
3362 3332 3537 3372 ussus

1889 3400 2004 3460 est;
2022 3394 2166 3467 quia
2188 3411 2327 3451 cum
2344 3397 2488 3451 forte
2506 3397 2684 3453 simul
2711 3415 2978 3456 essemus
3002 3403 3062 3458 in
3087 3407 3320 3476 magnis
3345 3405 3541 3461 Eccle-

1892 3486 1997 3540 siae
2023 3484 2501 3541 tribulationibus
2527 3493 2582 3542 et
2621 3489 3189 3559 perturbationibus,
3223 3495 3541 3567 quaereba-

1891 3589 2026 3629 mus
2043 3575 2420 3630 occasionem
2441 3577 2738 3632 scribendi
2760 3579 2836 3634 ad
2853 3581 3258 3638 Eximietatem
3281 3591 3464 3649 tuam,
3484 3590 3543 3641 et

1893 3676 2014 3716 non
2051 3662 2523 3721 inveniebamus.
2562 3666 2692 3721 Jam
2722 3667 2966 3737 quidem
3007 3685 3187 3726 unam
3219 3672 3541 3743 epistolam

1893 3751 2172 3807 miseram
2191 3752 2249 3806 in
2268 3753 2507 3821 negotio
2535 3757 2721 3809 sancti
2734 3754 2928 3810 fratris
2950 3764 3006 3812 et
3031 3759 3272 3828 collegae
3293 3762 3406 3816 mei
3440 3765 3545 3819 Bo.

1893 3838 2092 3895 nifacii
2119 3841 2384 3912 episcopi
2411 3843 2800 3914 Cataquensis
2829 3860 2842 3910 ;
2867 3846 2974 3901 sed
3003 3848 3276 3904 nondum
3308 3851 3385 3906 ad
3425 3867 3540 3906 nos

1896 3935 2285 4001 pervenerant
2303 3931 2598 3999 graviora,
2621 3948 2757 4004 quas
2786 3949 2896 3989 nos
2924 3937 3332 3994 vehementius
3358 3946 3543 4011 agita-

1891 4022 2022 4073 rent
2052 4039 2062 4071 :
2095 4018 2316 4090 quibus
2356 4023 2825 4090 comprimendis
2865 4025 2956 4081 vel
2987 4028 3353 4098 corrigendis
3399 4046 3545 4102 que-

1891 4106 2290 4162 madmodum
2309 4108 2552 4164 meliore
2573 4111 2907 4169 secundum
2930 4115 3136 4171 Christi
3158 4117 3318 4173 viam
3350 4119 3368 4154 ¹
3403 4135 3548 4175 con-

1892 4195 2021 4251 silio
2044 4202 2446 4262 succurratur,
2461 4199 2844 4256 commodius
2865 4205 3129 4276 episcopi
3147 4206 3228 4277 (α)
3243 4208 3344 4279 qui
3367 4224 3547 4280 prop-

1892 4289 2052 4341 terea
2065 4285 2521 4356 navigaverunt,
2537 4304 2672 4344 cum
2693 4295 2851 4346 tanta
2866 4291 3234 4363 benignitate
3251 4299 3335 4351 tui
3352 4297 3544 4353 cordis

1892 4375 2078 4430 acturi
2101 4380 2258 4441 sunt,
2291 4377 2394 4448 qui
2442 4382 2762 4447 potuerunt
2798 4383 3104 4437 communi
3145 4385 3389 4441 consilio
3418 4387 3549 4442 dili-

1892 4464 2125 4534 gentius
2148 4463 2544 4520 deliberatum
2563 4466 2791 4538 aliquid
2813 4468 3292 4542 ferre,quantum
3317 4479 3548 4546 tempo-

1892 4553 1972 4609 ris
2002 4553 2383 4626 permittebat
2403 4557 2701 4624 angustia.
2737 4556 2884 4612 lllud
2908 4565 3105 4615 tamen
3139 4577 3245 4633 pro
3271 4564 3545 4622 animum

1891 4641 2336 4697 clementissimi
2365 4648 2419 4698 et
2442 4643 2864 4713 religiosissimi
2884 4649 3167 4720 principis
3185 4666 3327 4722 erga
3354 4653 3549 4711 Eccle-

1892 4732 2041 4786 siam
2076 4730 2381 4801 provincia
2411 4734 2661 4798 noverit,
2690 4734 2852 4791 nullo
2884 4737 3067 4793 modo
3106 4755 3239 4796 esse
3270 4741 3547 4799 differen-

1893 4819 2060 4885 dum,
2088 4819 2193 4874 sed
2222 4819 2398 4876 etiam
2441 4827 2770 4893 antequam
2814 4827 3130 4899 episcopos
3163 4832 3266 4902 qui
3298 4832 3547 4902 profecti

1895 4913 2052 4974 sunt,
2081 4907 2775 4982 videas,quamprimum
2806 4919 2906 4971 tua
2921 4921 3410 4987 praestantissima
3435 4936 3545 4992 pro

1894 4998 2101 5055 Christi
2131 4999 2417 5054 membris
2438 4999 2498 5056 in
2517 5001 2897 5061 tribulatione
2925 5008 3188 5064 maxima
3209 5008 3546 5064 constitutis

1893 5088 2200 5158 vigilantia
2248 5091 2524 5160 potuerit,
2555 5093 3014 5151 accelerandum
3045 5097 3322 5168 suggero,
3382 5104 3544 5168 peto,

1895 5178 2168 5244 obsecro,
2199 5176 2426 5248 ﬂagito.
2455 5182 2654 5254 Neque
2685 5183 2844 5237 enim
2876 5199 3130 5255 parvum
3159 5187 3216 5240 in
3242 5185 3336 5240 his
3369 5187 3544 5244 malis

1893 5268 2172 5325 solatium
2196 5268 2481 5324 Dominus
2500 5270 2733 5336 obtulit,
2753 5272 2919 5343 quod
2935 5278 2987 5327 te
3008 5273 3190 5329 voluit
3206 5275 3394 5332 multo
3414 5276 3564 5334 amo‘

1951 5439 1966 5470 ί
1994 5436 2117 5487 Bad.
2147 5437 2265 5485 Am.
2290 5436 2390 5493 Er.,
2422 5437 2693 5485 secundum
2722 5439 3146 5490 misericordiam.

1949 5500 2019 5571 (ai
2053 5501 2345 5571 Restitutus
2380 5501 2631 5571 nimirum
2657 5501 3329 5571 et_lj‘_lorentius_episcopi.
3359 5522 3424 5557 ex
3454 5509 3543 5560 de-

1885 5566 2031 5635 creto
2060 5562 2268 5635 concilii
2303 5564 2619 5635 Carthagine
2656 5563 2820 5611 habiti
2845 5566 2902 5614 13
2927 5562 3228 5635 ολοιοὺδεω,
3249 5562 3358 5627 lI08,
3391 5572 3531 5635 lega-

1883 5625 2084 5698 tionem
2117 5625 2185 5674 ad
2216 5626 3180 5698 imperatoremsusceperuntcontra
3204 5625 3533 5698 Paganosvet
3563 5674 3570 5681 .

1881 5687 2178 5749 haereticos,
2213 5693 2273 5739 ut
2291 5687 2466 5738 videre
2495 5693 2577 5739 est
2606 5689 2663 5740 in
2691 5687 2889 5741 Concil.
2920 5693 3188 5756 Africano,
3222 5687 3389 5751 c773.
