3996 6158
502 105 608 162 359

499 231 658 304 plius
679 246 856 304 posse
884 247 1067 304 quam
1085 234 1339 302 poteras,
1354 229 1735 303 quandojam
1760 232 1833 287 de
1854 230 1971 286 tuis
1986 228 2147 286 mul-

501 320 574 377 tis
613 336 683 376 ac
712 320 945 390 magnis
979 319 1261 390 operibus
1291 318 1465 373 bonis
1491 319 1929 388 gaudebamus.

573 412 627 463 4.
650 409 889 465 Multum
907 423 1048 462 sane
1060 407 1133 461 de
1151 408 1579 479 quorumdam,
1596 424 1789 481 neque
1819 423 2147 479 paucorum

501 496 617 552 ﬁde
640 497 813 552 ﬁrma
834 502 890 551 et
912 496 1492 565 stabiligratulamur
1517 498 1618 569 qui
1643 514 1716 553 cx
1732 498 2050 553 occasione
2069 496 2145 551 le-

500 603 643 658 gum
658 588 930 658 ipsarum
944 587 1019 641 ad
1036 588 1426 643 Christianam
1444 589 1788 658 religionem
1804 588 1893 643 vel
1907 585 2148 643 catholi-

498 692 627 732 cam
648 692 858 748 pacem
881 678 1149 732 conversi
1171 682 1309 731 sunt
1328 692 1341 741 ;
1359 693 1465 748 pro
1487 692 1748 749 quorum
1778 676 1967 732 salute
1993 692 2150 731 sem-

498 764 727 837 piterna
745 781 854 819 nos
879 765 938 819 in
954 764 1067 820 hac
1082 765 1391 835 temporali
1410 766 1586 820 etiam
1620 765 1941 837 periclitari
1963 764 2149 820 delec-

495 858 599 910 tat.
626 856 938 925 Propterea
958 856 1117 909 enim
1142 854 1399 909 maxime
1416 854 1493 909 ab
1516 855 1865 910 hominibus
1894 854 2147 909 nimium

497 941 765 1013 dureque
802 943 1113 1013 perversis,
1148 958 1307 997 nunc
1354 942 1797 999 inimicitiarum
1848 943 2149 1012 graviores

495 1031 754 1102 impetus
768 1031 1312 1101 sustinemus,quos
1325 1032 1592 1086 nonnulli
1608 1048 1814 1088 eorum
1832 1032 2149 1087 nobiscum

498 1118 933 1191 patientissime
962 1121 1256 1177 sustinent
1288 1143 1300 1174 ς
1336 1119 1439 1175 sed
1470 1120 1793 1192 plurimum
1821 1120 2150 1176 infirmitati

498 1209 845 1273 metuimus,
886 1207 1077 1263 donec
1102 1209 1333 1263 discant
1354 1215 1407 1264 et
1434 1210 1664 1265 valeant
1694 1210 2017 1281 adjuvante
2044 1209 2150 1264 mi-

498 1296 971 1352 sericordissima
996 1298 1188 1367 gratia
1208 1297 1462 1367 Domini,
1488 1298 1775 1354 saeculum
1800 1314 2061 1369 praesens
2093 1302 2149 1352 et

495 1384 804 1440 hominum
820 1388 969 1440 diem
983 1386 1196 1441 robore
1208 1385 1406 1441 cordis
1421 1387 1740 1443 valentiore
1752 1395 2147 1443 contemnere.

494 1474 1029 1531 Commonitorium
1059 1474 1224 1545 quod
1256 1474 1387 1529 misi
1419 1474 1699 1531 fratribus
1729 1476 2043 1546 episcOpis,
2074 1476 2146 1540 si,

496 1569 737 1633 utputo,
767 1563 1035 1618 nondum
1050 1562 1129 1617 ibi
1154 1568 1311 1627 sunt,
1338 1564 1415 1619 ab
1432 1562 1776 1619 Eximietate
1794 1570 1893 1619 tua
1911 1565 2021 1619 illis
2034 1570 2148 1620 tra-

493 1650 689 1716 datur,
715 1667 852 1706 cum
881 1652 1164 1706 venerint.
1189 1654 1437 1707 Tantam
1466 1653 1687 1723 quippe
1719 1654 1800 1707 tui
1827 1653 2148 1709 sincerissi-

498 1740 579 1795 mi
620 1740 873 1811 pectoris
905 1739 1199 1795 habemus
1227 1739 1531 1805 ﬁduciam,
1565 1746 1645 1807 ut,
1679 1741 2005 1812 adjuvante
2040 1745 2147 1798 Do-

495 1828 659 1883 mino
688 1828 807 1883 Deo
846 1833 1070 1893 nostro,
1100 1843 1221 1883 non
1249 1828 1447 1884 solum
1479 1830 1907 1901 impertitorem
1941 1830 2145 1887 auxilii

494 1922 552 1973 te
583 1916 859 1983 velimus,
886 1932 1095 1971 verum
1117 1916 1298 1972 etiam
1329 1917 1557 1973 consilii
1589 1919 1964 1991 participem.

933 2059 1265 2114 EPISTOLA
1305 2058 1508 2113 XCVIII
1546 2060 1565 2080 ¹
1588 2060 1695 2131 (α).

492 2201 866 2271 Augustinus
883 2198 1192 2269 Bonifacio
1212 2200 1497 2269 episcopo,
1523 2201 1884 2269 respondens
1913 2201 2017 2273 qui
2033 2202 2144 2270 ﬁat

566 2296 631 2344 ut
648 2289 986 2359 infantibus
1007 2293 1069 2343 in
1093 2289 1395 2356 Baptismo
1423 2289 1612 2358 prosit
1635 2297 1954 2359 parentum
1974 2292 2141 2359 fides,

564 2393 698 2433 cum
729 2384 856 2446 post
898 2378 1265 2446 Baptismum
1305 2394 1425 2433 non
1455 2387 1654 2435 noceat
1680 2380 1803 2435 illis
1822 2389 2141 2449 parentum

566 2468 872 2535 impietas;
890 2465 1100 2521 deinde
1127 2467 1412 2537 quomodo
1437 2474 1801 2536 susceptores
1826 2468 1889 2524 in
1914 2469 2147 2537 Baptis-

564 2570 658 2609 mo
680 2555 1076 2623 respondeant
1105 2555 1242 2609 illos
1267 2557 1523 2622 credere,
1556 2572 1690 2613 cum
1712 2558 1959 2627 parvuli
1988 2573 2147 2615 reve-

565 2658 639 2698 ra
661 2657 778 2697 non
805 2643 1071 2713 credant,
1096 2649 1149 2699 et
1174 2644 1468 2700 incertum
1490 2649 1564 2700 sit
1595 2661 1674 2701 an
1699 2647 1818 2702 sint
1835 2646 2142 2703 credituri.

499 2787 792 2841 Bomncro
822 2787 839 2822 ¹
875 2786 953 2859 (ὁ)
975 2786 1355 2859 coepiscopo,
1395 2794 1761 2855 Aucusruws,
1798 2790 1859 2845 in
1892 2792 2144 2847 Domino

1181 2875 1457 2933 salutem.

568 3022 618 3073 l.
635 3017 858 3085 Quaeris
870 3034 905 3074 a
919 3034 1034 3083 me,
1050 3025 1252 3074 utrum
1265 3026 1535 3087 parentes
1549 3021 1860 3090 baptizatis
1870 3023 2145 3090 parvulis

493 3106 896 3173 suisnoceant,
911 3123 1043 3162 cum
1064 3122 1157 3163 eos
1169 3107 1583 3164 dwmoniorum
1597 3110 1908 3177 sacriﬁciis
1929 3126 2147 3168 sanare

491 3196 888 3253 conantur.Et
910 3195 961 3251 si
988 3212 1107 3251 non
1127 3203 1356 3260 nocent,
1372 3199 1660 3267 quomodo
1682 3199 1762 3254 eis
1785 3202 1992 3268 prosit,
2010 3216 2143 3256 cum

495 3284 898 3352 baptizantur,
923 3285 1393 3352 parentumﬁdes
1414 3301 1669 3355 quorum
1706 3289 1788 3342 eis
1816 3304 1935 3342 non
1956 3296 2142 3357 potest

492 3372 681 3428 obesse
696 3371 967 3441 perﬁdia.
990 3372 1095 3426 Ubi
1115 3374 1468 3442 respondeo,
1498 3378 1730 3429 tantam
1758 3375 1911 3429 illius
1930 3380 2144 3432 Sacra-

492 3461 698 3526 menti,
722 3460 836 3514 hoc
862 3465 950 3514 est
979 3460 1262 3531 Baptismi
1288 3460 1585 3528 salutaris,
1620 3478 1748 3519 esse
1773 3464 2049 3520 virtutem
2083 3466 2141 3520 in

494 3552 707 3603 sancta
719 3563 1011 3620 compage
1022 3550 1290 3620 corporis
1313 3550 1545 3616 Christi,
1563 3553 2142 3626 utsemelgeneratus

494 3652 594 3708 per
620 3637 874 3693 aliorum
901 3638 1204 3694 carnalem
1243 3639 1635 3711 voluptatem,
1669 3660 1805 3698 cum
1839 3645 2023 3699 semel
2051 3660 2144 3700 re-

492 3732 812 3797 generatus
826 3726 997 3782 fuerit
1011 3744 1115 3799 per
1128 3729 1378 3784 aliorum
1401 3732 1771 3803 spiritualem
1786 3734 2139 3790 voluntatem

489 3816 766 3887 deinceps
791 3830 909 3871 non
931 3818 1119 3888 possit
1140 3818 1377 3874 vinculo
1408 3819 1615 3875 alienas
1647 3822 1973 3894 iniquitatis
2005 3824 2143 3878 obs-

488 3906 691 3975 tringi,
723 3906 816 3960 cui
850 3905 1015 3961 nulla
1037 3922 1145 3961 sua
1170 3907 1472 3964 voluntate
1499 3914 1809 3965 consentit.
1837 3912 1915 3966 Et
1937 3912 2138 3970 anima

489 3994 648 4049 enim
661 3996 849 4063 patris
861 4010 989 4050 mea
1001 4002 1105 4059 est,
1120 3996 1391 4067 inquinet
1406 3999 1603 4054 anima
1616 4001 1869 4067 ﬁliimea
1886 4003 2140 4057 est.Ani-

488 4099 587 4138 ma
602 4098 734 4153 quae
752 4083 1105 4151 peccaverit,
1118 4084 1250 4152 ipsa
1274 4087 1562 4142 morietur
1583 4089 1821 4159 (Ezech.
1854 4106 2013 4155 xvui,
2042 4093 2096 4163 4)
2122 4110 2135 4152 :

486 4187 608 4227 non
640 4178 843 4227 autem
878 4178 1085 4242 peccat
1126 4172 1276 4244 ipsa,
1310 4191 1447 4230 cum
1486 4185 1759 4246 parentes
1800 4182 1848 4234 ei
1891 4182 2139 4237 omnino

488 4260 796 4330 nescienti,
814 4260 1160 4333 velquilibet
1174 4264 1324 4318 alius
1336 4265 1579 4320 adhibet
1592 4267 1902 4339 sacrilegia
1915 4270 2140 4326 daemo-

488 4350 750 4407 niorum.
776 4350 889 4406 Sed
915 4350 1049 4406 ideo
1080 4367 1150 4406 ex
1177 4353 1369 4409 Adam
1394 4356 1747 4427 traxitquod
1771 4360 2141 4415 Sacramenti

486 4438 643 4494 illius
661 4439 849 4510 gratia
866 4440 1213 4506 solveretur,
1227 4442 1373 4513 quia
1398 4444 1667 4500 nondum
1684 4454 1809 4502 erat
1826 4451 2029 4505 animo
2048 4465 2142 4505 se-

488 4530 744 4601 paratim
763 4531 987 4599 vivens,
1002 4530 1062 4585 id
1079 4537 1168 4586 est
1181 4532 1365 4588 altera
1378 4534 1582 4591 anima
1593 4536 1667 4591 de
1684 4552 1805 4608 qua
1823 4537 2139 4611 diceretur,

553 4734 565 4761 ¹
594 4731 651 4781 In
684 4732 805 4780 Mss.
836 4732 1105 4797 plerisque
1141 4740 1449 4786 constanter
1484 4738 1768 4789 scribitur:
1800 4740 2137 4805 Bone/ocius.

548 4825 567 4843 ο
595 4814 654 4862 In
688 4811 847 4883 hujus
866 4816 1177 4885 recensione
1194 4817 1455 4885 explorati
1480 4824 1607 4869 sunt
1626 4837 1673 4869 a.
1690 4822 1776 4885 bg.
1798 4823 1866 4871 bl.
1888 4823 1977 4872 bn.
1997 4838 2041 4873 c.
2060 4840 2137 4877 cc.

488 4875 542 4925 ﬂ.
562 4890 613 4941 g.
632 4876 910 4941 Jgv.j.#n.ij.
930 4890 978 4926 s.
1002 4880 1040 4925 t.
1067 4878 1156 4931 vd.
1195 4875 1302 4929 du'o
1333 4894 1384 4929 a.
1412 4882 1518 4931 duo
1542 4897 1625 4937 vc.
1661 4875 1769 4932 trevs
1796 4886 1876 4933 sb.
1899 4901 1990 4936 sex
2022 4903 2068 4935 ν.
2088 4875 2142 4939 et

484 4938 601 4988 Ain.
628 4938 751 4988 Bad.
774 4939 853 4987 Er.
875 4938 1226 4989 Lov.necnon
1238 4942 1478 4994 collectio
1496 4946 1731 4995 Anselmi
1747 4948 1999 4998 Lucensis
2014 4938 2140 5000 Mss.

552 5022 624 5095 (ᾳ)
649 5019 793 5093 Alias
816 5021 886 5095 .2_3
918 5034 930 5069 :
974 5035 1091 5095 quas
1127 5025 1306 5071 autem
1343 5026 1400 5072 98
1442 5029 1572 5083 erat,
1602 5041 1747 5077 nunc
1790 5030 1899 5080 163.
1932 5030 2142 5095 Scripta

488 5081 624 5132 forte
650 5084 792 5133 circa
814 5084 955 5132 idem
971 5081 1203 5147 témpus.

549 5163 625 5232 (bi
641 5163 967 5214 Bonifacium
989 5164 1147 5221 hunc,
1166 5165 1450 5232 praeditum
1467 5182 1528 5217 ea
1540 5170 1813 5232 religione,
1830 5176 1890 5220 ut
1910 5188 1933 5218 α
1947 5172 2141 5222 soleret

486 5240 521 5293 ς,
548 5225 1475 5293 vehementercaveremendacium,
1502 5248 1526 5277 ι
1547 5225 1841 5282 υίὶῖἰὶοἱωι·
1863 5235 2135 5293 infra,n.7,

484 5286 911 5357 haudiminerito
932 5290 1219 5339 credideris
1233 5306 1347 5340 esse
1367 5294 1513 5359 illum
1540 5296 1717 5357 ipsum
1744 5286 2134 5359 Cataqueiisem

485 5356 815 5423 episcOpum,
848 5368 938 5415 qui
977 5368 1136 5423 agros
1175 5368 1207 5423 a
1250 5356 1635 5423 predecessors
1666 5373 1763 5408 suo
1803 5356 1924 5408 cum
1956 5361 2136 5423 aliqua

483 5409 599 5485 fisci
612 5409 795 5484 fraude
807 5409 923 5485 co'm
933 5409 1151 5485 par'atos
1172 5409 1718 5485 Ecélgsim,‘suscipere
1736 5437 1844 5485 prce
1865 5409 2137 5473 conscien:

484 5476 909 5547 tiaersinceritate
934 5476 1251 5547 :verebatur.
1290 5480 1543 5531 Bonifacii
1576 5476 1608 5527 α’
1648 5476 1819 5533 εαηόιί
1867 5488 2043 5535 fratris
2082 5492 2137 5537 et

483 5543 1004 5607 §_co'episc-0p_isui_y
1038 5543 1281 5607 meminit
1309 5548 1640 5607 Augustinus
1668 5547 1721 5595 in
1758 5548 1913 5607 epist.
1957 5551 2046 5597 143
2083 5553 2139 5599 et

483 5563 510 5583 ι
540 5563 841 5599 υυυγωυυμι
868 5563 950 5586 θυι
980 5563 1004 5584 ιν
1038 5563 1281 5613 ιιψωιιιμ.
1309 5563 1640 5618 augurum-us
1668 5563 1721 5619 in
1758 5563 1784 5595 e
1827 5563 1913 5596 lSt.
1957 5563 2046 5597 1&3
2083 5563 2133 5599 et

478 5563 2133 5677 “alaterthCarthagmonsicollatﬂomfacms&taquensis.

1744 158 1762 174 ,
1781 104 1844 163 S.
1885 99 2273 161 AUGUSTINI
2311 96 2633 158 EPISCOPI

2262 226 2339 282 Et
2362 226 2557 282 anima
2578 224 2772 295 patris
2791 240 2916 282 mea
2934 232 3037 292 est,
3070 231 3125 282 et
3141 223 3343 282 anima
3357 226 3479 295 ﬁlii
3503 242 3620 285 mea
3646 235 3740 285 est.
3759 233 3871 289 tam

2263 317 2464 389 itaque
2481 332 2617 371 cum
2634 316 2814 371 homo
2843 315 2899 370 in
2921 316 3119 386 seipso
3133 320 3243 381 est,
3258 315 3414 372 abeo
3428 317 3530 388 qui
3543 318 3733 388 genuit
3749 319 3875 376 alter

2262 404 2779 475 effectus,peccato
2792 404 3029 460 alterius
3042 405 3161 459 sine
3176 420 3286 459 sua
3300 406 3681 461 consensione
3695 423 3801 462 non
3815 416 3881 463 te-

2262 500 2435 549 netur
2455 494 2771 550 obnoxius.
2797 495 2991 549 Traxit
3008 509 3149 564 ergo
3167 500 3417 560 reatum,
3438 495 3581 566 quia
3607 511 3753 551 unus
3770 503 3879 554 erat

2262 598 2399 638 cum
2432 583 2533 639 illo
2564 590 2619 639 et
2646 585 2705 639 in
2730 583 2830 639 illo
2860 600 2896 639 a
2920 600 3042 656 quo
3070 584 3267 649 traxit,
3292 584 3533 656 quando
3560 586 3715 657 quod
3733 589 3885 643 traxit

2263 673 2597 729 admissum
2628 679 2735 728 est.
2781 673 2911 729 Non
2939 679 3141 729 autem
3174 672 3350 728 trahit
3402 674 3549 728 alter
3579 674 3654 729 ab
3698 674 3878 741 altero,

2262 762 2510 833 quando
2529 778 2639 817 sua
2660 778 3024 835 unoquoque
3047 763 3290 833 propria
3304 763 3422 818 vita
3436 762 3666 818 vivente
3673 763 3792 833 jam
3811 771 3885 821 est

2266 851 2423 906 unde
2448 852 2698 917 dicatur,
2723 854 2927 907 Anima
2948 866 3072 923 qua
3080 853 3435 919 peccaverit,
3458 852 3587 919 ipsa
3610 853 3883 909 morietur.

2334 962 2385 1013 2.
2418 959 2484 1013 Ut
2510 962 2710 1013 autem
2734 957 2919 1027 possit
2943 959 3401 1029 regenerariper
3423 956 3685 1013 ofﬁcium
3708 959 3886 1013 volun-

2263 1048 2402 1106 tatis
2428 1047 2657 1114 alienaa,
2691 1064 2828 1102 cum
2860 1046 3102 1103 offertur
3135 1049 3609 1113 consecrandus,
3635 1049 3765 1103 facit
3788 1048 3885 1105 hoc

2267 1153 2421 1192 unus
2436 1137 2781 1207 Spiritus,ex
2801 1152 2924 1208 quo
2941 1136 3728 1206 regeneraturoblatus.Non
3748 1137 3889 1193 enim

2264 1226 2546 1297 scriptum
2565 1225 2799 1288 est,Nisi
2814 1226 2942 1296 quis
2958 1232 3199 1280 renatus
3215 1224 3389 1279 fuerit
3402 1241 3475 1280 ex
3492 1233 3794 1297 parentum
3809 1243 3889 1281 vo-

2263 1314 2505 1379 luntate,
2538 1320 2726 1369 autex
2748 1313 3123 1369 oﬂerentium
3148 1313 3237 1369 vel
3264 1314 3726 1370 ministrantium
3747 1314 3851 1370 ﬁde
3874 1335 3885 1383 ;

2264 1403 2531 1467 sed,Nisi
2540 1404 2671 1474 quis
2684 1409 2928 1458 renatus
2937 1403 3124 1470 fuerit
3149 1418 3225 1460 ea:
3244 1418 3401 1475 aqua
3421 1410 3475 1459 ct
3492 1404 3722 1473 Spiritu
3734 1405 3892 1459 Sanc-

2263 1492 3061 1564 to(Joan.iu,5).Aquaigitur
3076 1491 3708 1547 exhibensforinsecus
3720 1508 3888 1549 sacra-

2266 1588 2529 1637 mentum
2559 1582 2783 1653 gratiaa,
2811 1587 2868 1635 et
2892 1579 3142 1651 Spiritus
3159 1595 3423 1651 operans
3444 1582 3789 1636 intrinsecus
3806 1582 3889 1636 be-

2260 1671 2541 1726 neﬁcium
2565 1670 2787 1741 gratim,
2811 1669 3050 1725 solvens
3077 1668 3379 1724 vinculum
3408 1669 3624 1741 culpm,
3653 1670 3888 1725 reconci-

2261 1757 2416 1814 lians
2447 1759 2673 1814 bonum
2707 1764 2952 1821 naturae,
2983 1764 3337 1827 regenerant
3366 1758 3677 1814 hominem
3710 1760 3763 1814 in
3788 1774 3886 1814 uno

2262 1847 2512 1913 Christo,
2533 1864 2604 1903 ex
2630 1862 2751 1902 uno
2769 1847 2960 1902 Adam
2984 1853 3356 1918 generatum.
3378 1849 3754 1919 Regenerans
3769 1862 3886 1916 ergo

2261 1936 2512 2008 Spiritus
2526 1937 2587 1991 iu
2612 1935 2938 2008 majoribus
2950 1936 3358 2001 oﬂerentibus,
3377 1942 3437 1991 et
3450 1937 3697 2007 parvulo
3713 1937 3886 1992 oblato

2260 2032 2586 2097 renatoque
2603 2026 2943 2080 communis
2963 2030 3048 2081 est
3074 2042 3086 2079 :
3115 2025 3249 2081 ideo
3268 2041 3372 2095 per
3393 2025 3558 2081 hanc
3579 2026 3886 2081 societatem

2262 2115 2438 2169 unius
2454 2116 2851 2185 ejusdemque
2870 2115 3121 2184 Spiritus
3144 2114 3386 2185 prodest
3407 2113 3779 2171 offerentium
3807 2130 3885 2170 vo-

2257 2202 2458 2258 luntas
2483 2202 2734 2274 parvulo
2754 2202 2976 2258 oblato.
3004 2202 3257 2267 Quando
3281 2207 3489 2258 autem
3517 2205 3577 2258 in
3601 2202 3884 2275 parvulum

2263 2292 2520 2362 majores
2537 2296 2807 2363 peccant.
2830 2290 3146 2347 offerentes
3176 2308 3315 2346 eum
3338 2297 3524 2364 atque
3543 2293 3796 2361 obligare
3812 2307 3887 2347 c0-

2260 2386 2470 2437 nantes
2486 2381 2834 2436 daamonum
2853 2380 3159 2451 sacrilegis
3174 2380 3448 2446 vinculis,
3476 2397 3597 2436 non
3620 2381 3886 2437 estanima

2260 2476 2651 2541 utrorumque
2667 2470 3101 2532 communis,ut
3113 2470 3293 2524 etiam
3309 2470 3557 2540 culpam
3575 2468 3887 2542 possintha-

2259 2557 2399 2613 bere
2412 2574 2610 2613 comm
2621 2560 2954 2613 unem.Non
2969 2559 3127 2613 enim
3143 2558 3228 2613 sic
3240 2561 3724 2615 communicatur
3736 2559 3887 2629 culpa

2259 2646 2617 2719 peralterius
2633 2646 3019 2710 voluntatem,
3040 2647 3565 2718 quemadmodum
3590 2646 3887 2703 communi-

2260 2740 2427 2790 catur
2437 2736 2628 2804 gratia
2639 2751 2743 2806 per
2757 2738 2939 2791 sancti
2955 2734 3210 2805 Spiritus
3225 2735 3540 2791 unitatem.
3554 2737 3886 2793 Potestenim

2260 2824 2383 2880 etin
2403 2825 2515 2880 hoc
2533 2826 2661 2879 etin
2680 2824 2775 2880 illo
2790 2826 3031 2879 homine
3054 2840 3182 2879 esse
3201 2840 3354 2879 unus
3376 2826 3631 2897 Spiritus
3654 2832 3885 2889 sanctus,

2258 2912 2490 2969 etiamsi
2512 2912 2766 2967 invicem
2779 2912 3045 2968 nesciant
3060 2928 3162 2984 per
3174 2929 3357 2984 quem
3371 2915 3447 2969 sit
3471 2916 3766 2986 utriusque
3779 2929 3887 2982 gra-

2262 3002 2340 3057 tia
2365 3002 2725 3057 communis.
2761 3004 2885 3057 Non
2917 3007 3118 3057 autem
3146 3007 3344 3073 potest
3383 3002 3628 3073 spiritus
3658 3001 3885 3058 hominis

2259 3107 2388 3146 esse
2417 3096 2471 3146 et
2503 3090 2684 3161 hujus
2708 3096 2764 3145 et
2790 3090 2966 3153 illius.
2987 3106 3090 3161 per
3109 3106 3291 3161 quem
3325 3099 3615 3162 peccante
3635 3092 3821 3155 altero,
3841 3096 3886 3144 et

2258 3180 2440 3235 altero
2464 3195 2583 3234 non
2603 3186 2905 3249 peccante,
2935 3180 3006 3234 sit
3031 3185 3229 3235 tamen
3254 3180 3437 3252 culpa
3450 3182 3799 3236 communis.
3821 3186 3884 3233 Ac

2258 3284 2363 3341 per
2374 3270 2488 3325 hoc
2507 3275 2695 3339 potest
2708 3269 2995 3340 parvulus
3010 3269 3194 3323 semel
3209 3286 3283 3324 ex
3298 3276 3623 3340 parentum
3635 3285 3799 3325 carne
3808 3284 3885 3339 ge-

2257 3364 2501 3414 neratus
2532 3358 2625 3413 Dei
2662 3356 2879 3428 Spiritu
2910 3359 3271 3428 regenerari,
3308 3364 3369 3413 ut
3400 3376 3474 3414 ex
3502 3359 3614 3415 illis
3631 3358 3883 3428 obligatio

2256 3452 2562 3503 contracta
2574 3446 2853 3503 solvatur.
2886 3447 3023 3505 Non
3040 3453 3452 3518 potestautem
3474 3449 3656 3504 semel
3681 3443 3883 3515 DeiSpi-

2256 3535 2372 3590 ritu
2392 3545 2775 3605 regeneratus
2799 3550 2872 3589 ex
2896 3541 3215 3607 parentum
3246 3552 3425 3592 carne
3462 3536 3806 3607 regenerari,
3835 3537 3881 3586 ut

2255 3624 2539 3693 obligatio
2552 3640 2688 3695 quas
2703 3624 2897 3679 soluta
2909 3630 3014 3692 est,
3028 3624 3241 3680 iterum
3264 3625 3673 3681 contrahatur.
3696 3626 3754 3679 Et
3771 3622 3879 3678 ideo

2257 3714 2442 3767 semel
2457 3719 2799 3783 perceptam
2819 3712 3100 3783 parvulus
3116 3713 3326 3769 Christi
3342 3714 3599 3783 gratiam
3616 3730 3727 3769 non
3741 3712 3878 3768 amit-

2258 3803 2342 3867 tit,
2359 3804 2471 3857 nisi
2490 3803 2729 3873 pr0pria
2751 3802 3077 3872 impietate,
3098 3804 3145 3857 si
3168 3803 3359 3858 mtatis
3372 3818 3621 3858 accessu
3648 3809 3760 3857 tam
3776 3814 3879 3855 ma-

2252 3890 2346 3946 lus
2372 3892 2646 3947 evaserit.
2679 3893 2838 3945 Tunc
2870 3892 3028 3945 enim
3060 3893 3237 3946 etiam
3266 3894 3515 3963 propria
3542 3892 3772 3962 incipiet
3794 3888 3877 3943 ha-

2254 3980 2395 4035 bere
2426 3987 2691 4052 peccata,
2723 3996 2859 4051 quas
2890 3995 3011 4035 non
3055 3981 3508 4049 regeneratione
3544 3980 3878 4037 auferantur,

2257 4069 2360 4124 sed
2390 4069 2509 4125 alia
2538 4069 2846 4124 curatione
2883 4074 3187 4124 sanentur.

2327 4182 2378 4232 3.
2404 4176 2827 4231 Verumtamen
2851 4182 3004 4230 recte
3034 4175 3314 4231 dicuntur
3346 4173 3740 4247 parentes,vel
3766 4170 3878 4244 qui-

2254 4279 2512 4336 cumque
2529 4264 2804 4334 majores,
2816 4263 2966 4318 tilios
2982 4279 3087 4319 seu
3099 4263 3405 4336 quoslibet
3423 4266 3703 4335 parvulos
3717 4259 3879 4331 bapti-

2253 4359 2417 4409 zatos
2430 4354 2861 4408 daamoniorum
2876 4352 3201 4421 sacrilegiis
3216 4352 3485 4423 obligare
3499 4370 3611 4408 con
3621 4364 3775 4409 antes
3785 4346 3877 4418 spi-

2256 4442 2542 4497 ritualiter
2556 4441 2896 4497 homicidas.
2921 4441 3256 4497 Naminillis
3283 4442 3533 4514 quidem
3560 4439 3875 4497 iuterfectio-
3950 4480 3951 4514 ξ

2256 4548 2395 4587 nem
2409 4547 2529 4585 non
2544 4530 2895 4597 faciunt,sed
2914 4539 3207 4602 quantum
3226 4530 3283 4585 in
3300 4531 3445 4601 ipsis
3459 4536 3567 4595 est,
3584 4527 3877 4585 interfecto.
3950 4530 3951 4535 ‘

2254 4637 2349 4678 res
2373 4620 2542 4674 ﬁunt.
2573 4622 2741 4674 Recte
2768 4618 2879 4673 illis
2904 4619 3141 4683 dicitur,
3174 4619 3420 4690 quando
3455 4620 3534 4674 ab
3562 4618 3673 4673 hoc
3694 4614 3875 4671 scelere

2254 4709 2665 4781 prohibentur.
2687 4707 2868 4763 Nolite
2888 4707 3160 4763 occidere
3188 4706 3468 4777 parvulos
3487 4714 3705 4762 vestros
3726 4721 3737 4757 :
3758 4700 3873 4756 dicit

2256 4800 2417 4855 enim
2468 4804 2524 4852 et
2578 4796 2918 4867 Apostolus,
2958 4796 3242 4864 Spiritum
3277 4797 3461 4852 nolite
3532 4798 3872 4864 exstinguere
3944 4866 3945 4869 η

2255 4884 3066 4961 (lThess.v,t9);nonquiaille
3081 4886 3381 4954 exstingui
3398 4890 3594 4956 potest
3608 4883 3708 4939 sed
3721 4893 3877 4953 quan-

2261 4983 2383 5031 tum
2412 4977 2469 5030 iu
2498 4977 2641 5047 ipsis
2660 4980 2770 5043 est,
2795 4976 3178 5029 exstinctores
3202 4975 3333 5044 ejus
3367 4976 3575 5029 merito
3608 4973 3871 5028 dicuntur.

2255 5065 2355 5136 qui
2381 5067 2463 5119 sic
2494 5070 2682 5133 agunt
2713 5071 2774 5117 ut
2802 5064 3158 5118 exstinctum
3184 5064 3377 5118 velint.
3407 5064 3523 5118 lsto
3547 5076 3720 5117 sensu
3746 5061 3871 5111 recte

2254 5154 2496 5224 intelligi
2528 5159 2724 5224 potest
2741 5153 2897 5223 quod
2922 5152 3158 5221 scripsit
3176 5152 3560 5208 beatissimus
3578 5148 3871 5220 Cyprianus

2255 5244 2314 5298 in
2345 5242 2594 5315 epistola
2609 5243 2683 5297 de
2698 5242 2927 5311 Lapsis,
2959 5258 3094 5296 cum
3110 5244 3327 5312 eosqui
3359 5250 3619 5311 tempore
3636 5245 3870 5309 ρει-δεῦθ’

2255 5333 2429 5388 tionis
2451 5330 3567 5400 idolisimmolaverantarguenszAcne
3589 5322 3871 5398 quiddeesv

2248 5430 2350 5489 set,
2367 5423 2528 5493 inqui
2540 5429 2575 5485 t,
2592 5421 2671 5476 ad
2682 5420 2946 5477 criminis
2957 5436 3081 5476 cum
3094 5421 3275 5484 ulum,
3288 5419 3551 5489 infantes
3566 5426 3778 5489 quoque
3787 5420 3869 5477 ρα-
3926 5452 3933 5461 .

2248 5496 2483 5567 relatum
2512 5509 2783 5565 manibus
2808 5510 3070 5578 impositi
3097 5511 3183 5565 vel
3216 5509 3543 5575 attrectati,
3573 5498 3867 5561 amiserunt

2242 5600 2493 5674 parvuli
2502 5601 2661 5674 quod
2672 5600 2730 5655 in
2740 5600 2935 5671 primo
2948 5601 3148 5656 statim
3162 5596 3488 5657 nativitatis
3508 5592 3740 5653 exordio
3756 5588 3864 5658 fue-
3924 5578 3935 5674 ᾗ
