4040 6174
116 72 326 209 π

106 277 220 330 rant
238 265 526 328 consecuti.
560 261 917 334 Amiserunt,
953 268 1121 334 dixit,
1147 276 1442 343 quantum
1470 267 1704 326 attinuit

103 363 164 420 ad
177 362 385 417 illorum
402 358 885 431 scelus,aquibus
902 363 1168 416 amittere
1183 363 1372 416 coacti
1387 377 1492 414 sun
1505 357 1704 414 t.Ami-

104 455 272 506 serunt
289 451 341 505 in
365 465 564 504 eorum
581 453 775 503 mente
797 464 863 504 ac
879 448 1196 515 voluntate,
1217 449 1320 522 qui
1336 451 1395 504 in
1420 448 1548 503 illos
1577 451 1702 501 tan-

103 547 203 596 tum
223 538 438 594 facinus
460 537 1059 593 commiserunt.Nam
1083 540 1128 593 si
1153 540 1208 594 in
1232 537 1449 610 seipsis
1473 535 1704 592 amisis-

102 633 222 694 sent,
244 627 652 682 remansissent
676 625 875 696 utique
888 625 1094 682 divina
1118 630 1409 682 sententia
1432 626 1561 680 sine
1590 623 1707 678 ulla

100 716 401 772 defensione
437 715 788 770 damnandi.
824 715 992 780 Quod
1027 716 1075 769 si
1108 722 1347 772 sanctus
1376 715 1708 787 Cyprianus

101 806 459 869 arbitraretur,
477 820 594 860 non
609 820 816 860 eorum
830 805 1239 860 defensionem
1255 805 1541 860 continuo
1568 802 1709 857 sub-

98 897 280 966 jiceret,
313 893 512 948 dicens
545 910 557 948 :
584 894 796 949 Nonne
832 893 947 960 illi,
982 910 1114 950 cum
1145 894 1368 964 judicii
1396 895 1520 950 dies
1548 907 1712 950 vene-

101 985 178 1049 rit,
205 984 406 1047 dicent,
440 982 556 1037 Nos
583 982 740 1038 nihil
763 983 1042 1051 fecimus;
1070 999 1177 1040 nec
1205 984 1482 1040 derelicto
1505 982 1631 1039 cibo
1659 987 1713 1038 et

101 1073 278 1142 poculo
309 1073 559 1137 Domini,
583 1072 664 1127 ad
684 1073 946 1140 profana
976 1073 1255 1141 contagia
1282 1079 1488 1141 sponte
1505 1086 1714 1141 prope-

105 1161 356 1229 ravimus;
378 1161 754 1229 perdiditnos
767 1162 968 1216 aliena
987 1162 1262 1229 perfidia,
1285 1170 1563 1230 parentes
1589 1176 1713 1216 sen-

103 1251 249 1305 simus
267 1249 602 1317 parricidas
628 1267 648 1304 :
672 1250 770 1304 illi
784 1250 949 1305 nobis
974 1251 1302 1306 Ecclesium
1327 1258 1597 1314 matrem,
1620 1250 1719 1305 illi

101 1345 293 1408 patrem
329 1339 634 1394 Dominum
663 1346 1055 1409 negaverunt,
1083 1346 1146 1394 ut
1169 1341 1309 1394 dum
1323 1339 1500 1408 parvi
1529 1347 1581 1396 et
1613 1339 1717 1394 im-

104 1427 319 1496 providi,
350 1433 406 1482 et
437 1426 592 1482 tanti
627 1427 921 1496 facinoris
951 1427 1155 1498 ignari
1171 1443 1272 1494 pes
1303 1428 1454 1484 alios
1482 1428 1561 1483 ad
1584 1443 1717 1483 con-

102 1516 306 1571 sortium
341 1515 607 1571 criminis
628 1517 972 1584 jungimur,
1010 1518 1213 1572 aliena
1235 1518 1461 1585 fraude
1481 1531 1722 1584 capere-

109 1621 215 1660 mur
235 1603 261 1658 τ
281 1607 432 1660 Hanc
448 1603 860 1660 defensionem
885 1621 1006 1660 non
1035 1605 1427 1672 subnecteret,
1457 1605 1571 1660 nisi
1594 1605 1722 1675 jus-

109 1694 357 1750 tissimam
375 1695 642 1749 crederet
655 1700 708 1750 et
731 1694 789 1748 in
821 1695 917 1749 Dei
935 1695 1162 1765 judicio
1177 1695 1442 1766 parvulis
1454 1693 1722 1766 profutu-

110 1798 226 1838 ram.
253 1783 303 1838 Si
329 1783 485 1838 enim
505 1799 638 1838 vere
659 1782 893 1852 dicitur,
919 1787 1033 1839 Nos
1059 1783 1200 1839 nihil
1218 1784 1726 1849 fecimus;Anima

112 1887 214 1942 quas
228 1874 563 1941 peccaverit,
596 1872 718 1942 ipsa
751 1873 1058 1937 morietur,
1093 1888 1198 1929 nec
1219 1872 1299 1928 illi
1315 1872 1592 1943 peribunt
1614 1871 1726 1926 sub

116 1961 187 2014 Dei
196 1962 336 2031 justo
344 1961 594 2031 judicio,
611 1977 764 2032 quos
783 1967 1057 2033 parentes
1072 1979 1180 2016 suo
1196 1961 1412 2017 scelere
1430 1966 1727 2033 quantum

119 2048 175 2104 ad
207 2050 420 2122 seipsos
450 2049 680 2116 attinet,
715 2049 1124 2122 perdiderunt.

169 2141 211 2193 4.
227 2138 359 2193 Illud
380 2155 520 2194 vero
534 2139 701 2211 quod
722 2140 783 2194 in
809 2139 1019 2194 eadem
1044 2144 1553 2195 commemoratur
1572 2138 1729 2210 epis-

119 2225 227 2292 tola,
251 2228 578 2300 quamdam
599 2227 915 2299 parvulam
935 2229 1187 2283 turbatis
1211 2229 1267 2282 in
1289 2227 1493 2298 fugam
1521 2243 1732 2298 paren-

119 2316 468 2384 tibus,nutrici
484 2318 1041 2390 derelictam,atque
1057 2317 1134 2372 ab
1148 2318 1360 2372 eadem
1375 2317 1602 2372 nutrice
1616 2317 1734 2371 daa-

118 2419 320 2462 monum
334 2406 665 2475 sacrilegiis
688 2407 767 2461 im
779 2411 1248 2478 pactam,postea
1264 2406 1324 2460 in
1341 2405 1590 2461 ecclesia
1604 2405 1735 2462 illa-

120 2499 211 2549 tam
224 2495 317 2550 sibi
334 2496 771 2550 Eucharistiam
797 2496 958 2551 miris
972 2496 1231 2551 motibus
1249 2496 1578 2568 respuisse;
1599 2496 1733 2551 ideo

122 2583 228 2637 mihi
257 2585 474 2639 videtur
495 2584 787 2639 divinitus
810 2585 1050 2648 factum,
1079 2601 1150 2640 ne
1182 2587 1436 2654 majores
1455 2591 1733 2656 putarent

122 2671 231 2727 nihil
259 2689 312 2727 se
346 2674 401 2728 in
433 2673 722 2744 parvulos
753 2673 812 2728 in
845 2673 943 2729 illa
983 2673 1291 2746 iniquitate
1329 2690 1594 2745 peccare,
1627 2675 1733 2730 sed

124 2763 278 2829 potius
307 2762 718 2832 intelligerent,
761 2777 866 2833 per
909 2761 1073 2817 illum
1115 2763 1552 2830 significantem
1585 2780 1733 2835 quo-

125 2848 400 2907 dammodo
431 2857 673 2922 gestum
703 2853 969 2922 corporis
1008 2867 1212 2907 eorum
1256 2851 1358 2924 qui
1411 2851 1574 2924 loqui
1611 2869 1730 2907 non

128 2945 366 3008 poterant,
399 2957 459 2995 se
494 2939 850 2995 mirabiliter
874 2940 1185 2995 admoneri
1211 2941 1356 3011 quid
1391 2941 1505 3012 ipsi
1542 2941 1733 2996 facere

128 3025 372 3094 deberent,
403 3029 505 3102 qui
539 3034 679 3101 post
711 3034 941 3084 tantum
968 3029 1110 3083 illud
1144 3029 1312 3084 nefas
1340 3033 1733 3085 sacramentis

128 3115 436 3173 salutaribus
472 3121 487 3154 ¹
525 3118 838 3173 irruebant
872 3119 1028 3172 unde
1060 3135 1120 3172 se
1156 3119 1358 3190 utique
1391 3119 1738 3190 pmnitendo

130 3203 692 3263 abstineredeberent.
713 3209 824 3262 Nec
847 3222 985 3261 cum
1001 3207 1111 3262 tale
1137 3207 1366 3280 aliquid
1383 3209 1585 3263 divina
1609 3225 1741 3278 pro-

130 3293 340 3351 videntia
360 3313 461 3368 per
482 3295 814 3351 infantulos
842 3297 982 3366 agit,
1014 3295 1177 3366 ipsos
1210 3297 1266 3351 id
1295 3313 1471 3367 agere
1496 3297 1741 3352 scientia

133 3381 198 3435 vel
219 3386 422 3441 ratione
445 3383 818 3440 credendum
837 3391 942 3438 est.
973 3385 1174 3455 Neque
1201 3386 1357 3439 enim
1382 3387 1524 3455 quia
1546 3388 1744 3459 cujus‘

135 3469 238 3525 dam
259 3474 549 3545 prophetae
586 3473 948 3528 dementiam
980 3476 1133 3528 Deus
1164 3474 1352 3528 voluit
1373 3475 1550 3529 etiam
1576 3475 1745 3530 asina

137 3556 360 3629 loquente
384 3577 660 3618 coercere
691 3561 896 3630 (Num.
926 3577 1067 3627 xxn,
1102 3562 1356 3633 28),ideo
1387 3563 1744 3619 admiranda

137 3654 200 3701 est
220 3649 500 3706 asinorum
522 3649 842 3722 sapientia.
873 3653 1047 3705 Porro
1075 3651 1120 3705 si
1147 3667 1250 3722 per
1271 3651 1495 3706 animal
1517 3653 1744 3707 irratio-

140 3736 240 3791 nale
261 3742 442 3796 sonuit
468 3739 705 3812 aliquid
729 3740 960 3795 homini
978 3741 1543 3813 simillimum,quod
1567 3741 1744 3798 mira-

140 3824 238 3880 culo
261 3827 467 3895 divino,
492 3844 623 3884 non
650 3827 806 3884 cordi
836 3828 1070 3884 asinino
1112 3829 1490 3886 tribuendum
1533 3833 1640 3895 sit;
1668 3832 1746 3886 ita

144 3916 292 3981 potuit
316 3919 705 3990 Omnipotens
753 3933 860 3990 per
907 3918 1146 3973 infantis
1178 3919 1465 3984 animam,
1498 3935 1613 3974 non
1643 3919 1744 3975 ubi

145 4002 260 4059 ratio
285 4007 435 4063 nulla
475 4012 628 4069 erat.
679 4006 783 4063 sed
816 4006 915 4062 ubi
953 4007 1151 4062 adhuc
1169 4007 1361 4078 sopita
1400 4014 1544 4077 erat,
1577 4013 1745 4077 gestu

145 4095 503 4168 corporisejus
537 4097 858 4152 ostendere
875 4096 1020 4167 quid
1056 4096 1158 4162 illi,
1191 4099 1295 4168 qui
1329 4097 1463 4153 etin
1503 4115 1565 4152 se
1592 4102 1649 4153 et
1688 4099 1745 4152 in

149 4183 379 4247 parvulos
399 4201 539 4240 suos
558 4189 973 4257 peccaverant,
998 4201 1206 4240 curare
1237 4185 1542 4242 deberent.
1573 4187 1747 4241 Caste-

149 4281 247 4324 rum
274 4287 397 4328 cum
423 4274 625 4329 infans
658 4288 777 4329 non
809 4274 1011 4329 redeat
1041 4274 1099 4329 in
1127 4279 1456 4346 parentem,
1501 4280 1560 4330 ut
1609 4291 1745 4330 cum

153 4353 225 4411 illo
251 4375 387 4416 unus
435 4363 625 4418 homo
663 4363 756 4428 sit,
789 4364 894 4418 sed
926 4363 1172 4419 omnino
1203 4363 1350 4419 alter
1388 4365 1479 4429 sit,
1513 4365 1746 4419 habens

150 4458 342 4504 carnem
373 4468 544 4507 suam
586 4456 644 4507 et
673 4452 941 4507 animam
973 4468 1166 4516 suam,
1199 4453 1416 4509 Anima
1454 4469 1585 4525 quae
1619 4468 1748 4522 pec-

153 4539 349 4604 caverit,
373 4540 499 4609 ipsa
535 4539 848 4597 morietur.

203 4629 243 4678 5.
269 4629 370 4684 Nec
389 4629 532 4686 illud
564 4635 622 4685 te
651 4635 903 4697 moveat,
931 4629 1096 4702 quod
1118 4630 1365 4703 quidam
1397 4647 1515 4686 non
1539 4647 1609 4687 ea
1636 4631 1752 4687 ﬁde

155 4710 211 4764 ad
224 4714 554 4787 Baptismum
566 4719 1018 4790 percipiendum
1035 4720 1310 4791 parvulos
1326 4719 1540 4785 ferunt,
1553 4725 1755 4792 utgra-

157 4799 214 4855 tia
242 4805 504 4874 spirituali
535 4808 615 4863 ad
647 4808 831 4864 vitam
863 4813 1284 4877 regenerentur
1311 4815 1618 4874 aeternam,
1653 4810 1756 4864 sed

156 4891 279 4956 quod
302 4909 394 4949 eos
418 4903 628 4967 putant
659 4896 773 4952 hoc
794 4897 1061 4952 remedio
1091 4897 1478 4969 temporalem
1511 4899 1760 4954 retinere

159 4977 228 5030 vel
250 4983 486 5054 recipere
504 4986 842 5041 sanitatem.
866 4989 991 5042 Non
1013 4986 1171 5042 enim
1199 4992 1515 5059 propterea
1537 4986 1613 5042 illi
1639 5004 1759 5043 non

160 5077 554 5138 regenerantur,
577 5074 721 5146 quia
746 5089 866 5130 non
895 5075 971 5130 ab
993 5075 1116 5130 istis
1144 5075 1256 5130 hac
1279 5075 1601 5131 intentione
1624 5076 1762 5132 offe-

162 5162 346 5214 runtur.
371 5161 742 5219 Celebrantur
768 5165 926 5220 enim
947 5181 1050 5235 per
1076 5181 1176 5220 eos
1200 5167 1535 5221 necessaria
1554 5166 1764 5220 minis-

164 5244 294 5310 teria,
323 5254 373 5304 et
393 5251 572 5307 verba
606 5259 1136 5320 sacramentorum,
1167 5255 1294 5309 sine
1318 5255 1540 5326 quibus
1563 5271 1765 5312 conse-

166 5334 284 5388 crari
301 5339 576 5407 parvulus
591 5357 707 5398 non
724 5349 915 5414 potest
929 5345 967 5398 ².
989 5343 1236 5415 Spiritus
1255 5352 1451 5400 autem
1474 5344 1566 5400 ille
1590 5361 1694 5400 san
1705 5362 1766 5400 c-

211 5521 380 5598 titatis.
405 5529 521 5598 Mss.
546 5535 641 5598 e_te
664 5532 842 5598 Gallic.
867 5537 1099 5598 quatuor
1123 5534 1319 5585 habent
1343 5551 1354 5584 :
1385 5535 1575 5585 Gratia
1597 5552 1765 5585 sacra-

170 5588 296 5648 menti
311 5589 541 5642 salutaris
560 5595 840 5644 irruebant.
864 5588 962 5644 Alii
981 5601 1087 5646 tres
1122 5612 1132 5646 :
1155 5599 1490 5647 Sacramenta
1518 5600 1759 5648 salutari.

217 5646 463 5703 'Bad.Am.
478 5657 561 5705 Er.
585 5657 1041 5711 etLov.nonnulla
1055 5661 1139 5712 hic
1156 5661 1418 5712 admisere
1445 5646 1607 5713 verba
1619 5646 1683 5712 ex
1704 5646 1760 5713 n.

414 5750 654 5812 PA‘IlOL.
682 5755 932 5814 XXXIII.

1282 131 1789 203 EPISTOLABUM
1827 133 2116 196 CLASSIS
2161 133 2230 197 ΙΙ.

3369 143 3474 207 362

1820 268 1911 321 tus
1941 265 2045 336 qui
2085 265 2316 321 habitat
2354 265 2412 321 in
2460 267 2702 333 sanctis,
2736 283 2802 324 ex
2845 269 3066 341 quibus
3098 287 3218 330 una
3244 274 3343 331 illa
3375 292 3478 333 co-

1818 353 2026 409 lumba
2056 353 2444 423 deargentata
2484 358 2788 414 charitatis
2828 359 2964 428 igne
3009 362 3319 430 conﬂatur,
3354 366 3479 436 agit

1820 441 1984 513 quod
2013 442 2134 509 agit
2159 444 2337 498 etiam
2367 461 2472 515 per
2495 446 2862 512 servitutem,
2889 448 3215 521 aliquando
3239 469 3356 508 non
3387 471 3477 509 so-

1823 529 1942 585 lum
1960 531 2302 602 simpliciter
2318 532 2955 603 ignorantium,verum
2972 539 3148 594 etiam
3162 540 3479 597 damnabi-

1821 619 2372 689 literindignorum.
2402 623 2740 678 Offeruntur
2765 627 2985 696 quippe
3003 629 3230 697 parvuli
3249 631 3324 685 ad
3346 647 3479 702 per-

1825 709 2166 780 cipiendam
2181 713 2546 782 spiritualem
2562 714 2836 783 gratiam,
2860 731 2977 769 non
2994 721 3112 771 tam
3137 717 3213 773 ab
3232 720 3314 774 eis
3329 737 3482 791 quo-

1824 814 1960 853 rum
2004 804 2312 867 gestantur
2357 802 2639 856 manibus
2685 802 2984 874 (quamvis
3028 812 3083 860 et
3131 807 3207 861 ab
3235 809 3405 878 ipsis,
3432 812 3482 866 si

1826 892 1883 942 et
1931 887 2045 958 ipsi
2087 887 2232 942 boni
2286 889 2491 944 ﬁdeles
2536 892 2712 962 sunt),
2736 907 2920 964 quam
2963 893 3040 948 ab
3082 897 3360 953 universa
3388 915 3484 954 so-

1829 977 2036 1032 cietate
2079 983 2423 1034 sanctorum
2471 985 2648 1052 atque
2712 981 3000 1037 ﬁdelium.
3058 984 3144 1038 Ab
3203 987 3485 1044 omnibus

1828 1080 2093 1136 namque
2134 1067 2332 1122 offerri
2374 1074 2529 1124 recte
2570 1069 2999 1139 intelliguntur.
3032 1073 3253 1144 quibus
3291 1075 3488 1146 placet

1829 1155 1992 1225 quod
2016 1153 2361 1222 offeruntur,
2398 1165 2449 1212 et
2467 1174 2726 1230 quorum
2749 1164 2956 1215 sancta
2975 1166 3150 1233 atque
3179 1163 3488 1220 individua

1830 1241 2115 1297 charitate
2133 1245 2206 1298 ad
2223 1248 2826 1303 communicationem
2843 1251 3029 1304 sancti
3049 1251 3296 1322 Spiritus
3315 1255 3484 1325 adju-

1831 1338 2064 1386 vantur.
2087 1335 2226 1387 Tota
2250 1334 2360 1388 hoc
2378 1350 2518 1404 ergo
2539 1342 2726 1391 mater
2745 1337 3015 1405 Ecclesia,
3031 1356 3163 1410 quas
3186 1342 3242 1395 in
3266 1345 3487 1398 sanctis

1831 1425 1937 1484 est,
1961 1419 2115 1487 facit,
2140 1422 2283 1492 quia
2301 1428 2420 1478 tota
2437 1440 2670 1492 omnes,
2695 1431 2814 1481 tota
2840 1428 3103 1497 singulos
3131 1432 3304 1499 parit.
3338 1433 3486 1487 Nam

1835 1508 2198 1564 sichristiani
2217 1511 2496 1582 baptismi
2513 1520 2976 1581 sacramentum,
2993 1520 3270 1588 quandol
3301 1537 3488 1576 unum

1836 1602 2014 1668 atque
2029 1597 2290 1668 idipsum
2307 1607 2414 1665 est,
2432 1601 2608 1656 etiam
2635 1603 2792 1674 apud
2811 1604 3118 1660 haereticos
3137 1608 3290 1662 valet
3304 1615 3358 1664 et
3372 1608 3490 1664 suf-

1836 1683 1956 1740 ﬁcit
1987 1687 2062 1740 ad
2095 1689 2628 1758 consecrationem,
2662 1693 2938 1764 quamvis
2979 1695 3054 1749 ad
3089 1696 3219 1751 vitae
3254 1704 3490 1752 aeterna

1840 1775 2354 1846 participationem
2406 1795 2525 1833 non
2579 1781 2883 1850 sufﬁciat;
2931 1799 3065 1855 quae
3118 1788 3491 1842 consecratio

1839 1878 2006 1918 reum
2027 1864 2268 1935 quidem
2295 1865 2428 1920 facit
2450 1867 2789 1924 haereticum
2810 1877 2972 1926 extra
2997 1873 3230 1928 Domini
3254 1890 3495 1944 gregem

1840 1952 2161 2008 habentem
2205 1954 2576 2011 dominicum
2623 1958 3045 2026 characterem,
3077 1964 3498 2033 corrigendum

1843 2045 2042 2096 tamen
2067 2043 2516 2100 admonetsana
2538 2047 2830 2114 doctrina,
2855 2065 2975 2104 non
3004 2050 3216 2106 iterum
3237 2053 3504 2108 similiter

1843 2133 2321 2186 consecrandum
2353 2149 2365 2186 :
2398 2140 2626 2204 quanto
2662 2137 2856 2207 potius
2902 2137 2963 2193 in
2991 2139 3273 2196 catholica
3307 2141 3502 2198 Eccle-

1846 2219 1937 2274 sia
1977 2218 2160 2274 etiam
2192 2237 2297 2292 per
2329 2222 2560 2292 stipulae
2611 2225 3001 2282 ministerium
3036 2227 3332 2286 frumenta
3363 2248 3506 2302 pur-

1847 2307 2047 2378 ganda
2097 2315 2428 2379 portantur,
2469 2311 2549 2366 ud
2604 2313 2678 2367 ad
2725 2329 2940 2370 massae
2990 2317 3333 2375 societatem
3382 2338 3501 2378 me-

1846 2397 2046 2452 diante
2073 2414 2212 2453 area
2244 2399 2664 2470 perducantur.

1916 2490 1968 2540 6.
2013 2486 2162 2542 Illud
2190 2495 2389 2544 autem
2419 2489 2558 2545 nolo
2591 2497 2643 2546 te
2673 2491 2855 2558 fallat,
2888 2498 2952 2548 ut
2973 2495 3273 2552 existimes
3299 2503 3498 2554 reatus

1845 2576 2148 2631 vinculum
2182 2593 2250 2631 ex
2291 2578 2482 2634 Adam
2519 2585 2790 2645 tractum,
2825 2581 2993 2638 aliter
3023 2601 3140 2639 non
3171 2602 3346 2658 posse
3377 2588 3502 2642 dis-

1845 2666 2060 2736 rumpi,
2077 2667 2184 2720 nisi
2203 2668 2431 2736 parvuli
2457 2669 2530 2723 ad
2554 2671 2994 2742 percipiendam
3017 2674 3222 2730 Christi
3243 2677 3499 2745 gratiam

1847 2769 1882 2808 a
1913 2754 2262 2824 parentibus
2279 2755 2606 2812 offerantur
2631 2780 2642 2812 z
2671 2759 2756 2813 sic
2775 2760 2931 2814 enim
2959 2763 3222 2818 scribens
3247 2765 3412 2830 dicis,
3433 2767 3502 2823 Ut

1845 2843 1997 2898 sicut
2027 2850 2304 2911 parentes
2327 2846 2577 2913 fuerunt
2605 2855 2876 2904 auctores
2902 2851 2982 2904 ad
3011 2867 3209 2908 eorum
3241 2869 3500 2922 plenam,

1847 2948 1955 3001 per
1981 2933 2157 3000 ﬁdem
2186 2941 2499 3003 parentum
2541 2935 2857 2992 identidem
2879 2940 3293 3007 justi/icentur
3315 2964 3334 3000 :
3367 2961 3502 3000 cum

1851 3021 2056 3076 videas
2087 3021 2302 3076 multos
2327 3038 2442 3077 non
2458 3023 2650 3080 offerri
2675 3041 2706 3080 a
2732 3027 3104 3096 parentibus,
3131 3031 3233 3084 sed
3263 3034 3439 3088 etiam
3467 3049 3502 3088 a

1850 3110 2732 3183 quibuslibetextraneis,sicuta
2749 3116 2996 3170 dominis
3013 3119 3224 3174 servuli
3241 3120 3507 3192 aliquan-

1852 3199 1931 3254 do
1953 3200 2302 3255 oﬂ'eruntur.
2328 3203 2388 3257 Et
2418 3217 2855 3275 nonnunquam
2891 3208 3137 3262 mortuis
3160 3212 3506 3280 parentibus

1855 3289 1978 3344 suis
2006 3289 2234 3360 parvuli
2269 3289 2660 3360 baptizantur,
2685 3293 2762 3347 ab
2790 3295 2868 3348 eis
2895 3295 3075 3351 oblati
3109 3299 3210 3370 qui
3252 3298 3367 3354 illis
3399 3301 3507 3355 hu-

1851 3377 2116 3450 jusmodi
2135 3379 2594 3434 misericordiam
2611 3383 2870 3452 praebere
2887 3387 3508 3459 potuerunt.Aliquan-

1855 3467 1934 3522 do
1956 3468 2134 3521 etiam
2161 3483 2313 3540 quos
2337 3469 2652 3525 crudeliter
2677 3478 2950 3542 parentes
2977 3483 3377 3545 exposuerunt
3405 3495 3513 3534 nu-

1857 3556 2119 3611 triendos
2169 3561 2188 3590 ²
2237 3572 2273 3610 a
2323 3557 2704 3627 quibuslibet,
2752 3576 3194 3633 nonnunquam
3237 3582 3271 3620 a
3324 3568 3510 3622 sacris

1855 3644 2188 3712 virginibus
2202 3644 2578 3716 colliguntur,
2597 3648 2740 3702 etab
2763 3649 2844 3702 eis
2858 3647 3189 3706 offeruntur
3201 3653 3276 3707 ad
3295 3657 3511 3726 Baptis-

1858 3749 2021 3786 mum
2041 3748 2204 3802 ;quae
2228 3738 2380 3788 certe
2395 3735 2672 3806 proprios
2696 3737 2850 3791 filios
2866 3753 2973 3792 nec
2986 3738 3323 3796 habuerunt
3341 3742 3509 3808 ullos,

1856 3837 1966 3876 nec
1987 3821 2208 3876 habere
2222 3822 2548 3894 disponunt
2569 3841 2580 3879 :
2600 3841 2667 3878 ac
2682 3841 2784 3896 per
2798 3826 2909 3882 hoc
2931 3826 3074 3882 nihil
3092 3829 3251 3883 aliud
3275 3831 3366 3885 hic
3383 3831 3504 3886 ﬁeri

1855 3909 2042 3974 vides,
2064 3909 2422 3982 nisiquodin
2447 3911 2766 3982 Evangelio
2793 3915 3077 3986 scriptum
3105 3923 3209 3983 est,
3235 3935 3370 3973 cum
3402 3921 3512 3975 Do-

1859 3999 2057 4053 minus
2083 3999 2503 4069 interrogasset
2528 4003 2662 4073 quis
2686 4001 2762 4056 illi
2797 4020 2832 4058 a
2861 4003 3195 4061 latronibus
3221 4009 3510 4074 sauciato,

1856 4092 1911 4142 et
1931 4087 2218 4142 semivivo
2249 4089 2305 4142 in
2337 4090 2427 4144 via
2458 4089 2739 4145 derelicto
2773 4093 3083 4162 proximus
3116 4096 3321 4152 fuisset
3349 4114 3363 4163 ;
3395 4114 3515 4153 res-

1857 4190 2120 4319 plpnsum
2139 4182 2234 4317 Et)
2249 4178 2430 4248 enim,
2456 4179 2568 4246 Qui
2591 4179 2653 4234 in
2684 4181 2858 4237 illum
2882 4183 3022 4252 fecit
3050 4185 3515 4244 misericordiam

1931 4263 2024 4303 uc.
2058 4264 2115 4312 x,
2246 4291 2256 4302 .

1931 4263 2024 4303 uc.
2058 4264 2115 4312 x,
2145 4263 2256 4312 δη.

1928 4341 1979 4390 7.
2006 4335 2398 4391 Difﬁcilimam
2421 4354 2565 4393 sane
2591 4342 2984 4410 quiestionem
3003 4343 3101 4397 tibi
3127 4347 3516 4414 proposuisse

1859 4425 2022 4479 visus
2049 4440 2131 4486 es,
2165 4424 2223 4478 in
2253 4431 2515 4480 extremo
2537 4426 2943 4497 inquisitionis
2973 4434 3110 4490 tum,
3146 4447 3217 4487 ea
3241 4433 3510 4491 videlicet

1859 4513 2182 4568 intentione
2197 4529 2317 4584 qua
2331 4514 2484 4568 soles
2501 4516 2870 4572 vehementer
2883 4534 3090 4574 cavere
3110 4523 3514 4581 mendacium.

1862 4602 1925 4658 Si
1953 4601 2328 4666 constituam,
2362 4602 2578 4673 inquis,
2607 4610 2746 4661 ante
2785 4613 2839 4662 te
2863 4610 3210 4675 parvulum,
3244 4617 3296 4666 et
3333 4613 3519 4671 inter-

1868 4787 2220 4866 ?lasc‘itaqu'e
2238 4789 2857 4866 sensumApertuIrbantet
2881 4807 2999 4866 qua)
3029 4809 3249 4866 prorsus
3272 4799 3470 4866 absunt
3493 4817 3523 4849 a

1869 4849 2124 4923 Mss._tutn
2159 4849 2560 4923 Vatic..sex,tu_r_n
2581 4853 2699 4923 aliis
2720 4849 3100 4923 septemdecim
3123 4874 3325 4920 peruos
3349 4864 3522 4923 inspe-

1869 4911 2194 4973 ctis.Nempe
2208 4912 2464 4962 editiones
2480 4914 2580 4963 illae
2599 4916 2671 4964 sic
2691 4911 2989 4966 habuerunt
3007 4935 3016 4966 :
3036 4911 3372 4969 Celebrantur
3389 4911 3523 4972 enim

1868 4975 2349 5047 pereosnecessaria
2363 4977 2736 5047 ministeria-1F:
2746 4981 2841 5047 tios
2859 4988 3026 5028 autem
3042 4997 3125 5030 seu
3149 4986 3391 5044 quoslibet
3406 5002 3526 5047 par-

1871 5037 2017 5086 uulos
2030 5037 2396 5105 damonio‘r‘um
2422 5040 2703 5105 sacrilegiis
2722 5042 2949 5103 obligare
2965 5037 3220 5100 conaralés,
3239 5037 3528 5105 spirituali-

1873 5105 2079 5167 tersunl
2101 5100 2386 5167 homicidae.
2419 5101 2553 5167 Nam
2571 5100 2625 5149 in
2647 5104 2749 5150 illis
2776 5100 2974 5166 quidem
2990 5100 3393 5167 interfectionem
3421 5126 3527 5158 non

1873 5162 2207 5230 faciunt,_sed
2234 5168 2481 5230 quantum
2522 5165 2576 5230 in
2606 5166 2730 5230 ipsis
2779 5162 2863 5221 est,
2899 5162 3243 5229 interfectores
3274 5172 3421 5230 ﬁunt.
3461 5174 3527 5221 Et

1873 5233 2011 5290 recte
2030 5225 2134 5272 illis
2147 5225 2352 5290 dicitur,
2374 5227 2575 5288 quando
2599 5225 2661 5274 ab
2688 5229 2776 5275 hoc
2793 5230 2975 5276 scelere
2991 5225 3529 5290 prohibenlur,Nolite

1875 5288 2098 5336 occidere
2113 5289 2357 5348 parvulos
2376 5294 2580 5336 vestros.
2599 5290 2712 5337 Non
2731 5296 2896 5336 autem
2911 5288 3038 5338 recte
3051 5293 3128 5339 his
3143 5295 3531 5351 dicitur,Nolite

1876 5351 2030 5398 verba
2052 5356 2509 5418 sacramentorum,
2532 5354 2642 5399 sine
2663 5353 2840 5413 quibus
2858 5356 3144 5402 consecrari
3160 5360 3410 5418 parvulus
3428 5377 3532 5409 non

1873 5417 2054 5486 potest,
2089 5413 2318 5486 recitare.
2349 5414 2572 5484 Spiritus
2597 5421 2786 5486 autern._
2813 5413 3172 5486 ctc._Ans_elm:
3196 5422 3354 5483 paulo
3378 5437 3530 5486 supe.

1875 5476 1986 5523 rius
2019 5474 2174 5523 habet
2210 5490 2220 5522 :
2256 5475 2551 5524 Necessaria
2583 5479 2838 5536 mysteria,
2877 5483 2925 5524 et
2955 5480 3124 5528 verba.

1940 5539 1953 5604 ξ
1982 5537 2144 5604 Eddﬂ
2176 5540 2311 5604 quod
2337 5553 2512 5586 unum.
2545 5541 2606 5604 A‘t
2640 5539 2762 5604 Mss.
2795 5554 2996 5594 omnes.
3027 5545 3230 5604 quando
3257 5561 3433 5595 unum.

1937 5602 1962 5668 ξ
1990 5599 2072 5668 Sic
2099 5600 2180 5648 Er.
2209 5605 2270 5668 et
2295 5602 2418 5668 Lo_v.
2456 5604 2520 5650 At
2549 5602 2672 5651 Mss.
2704 5603 2943 5668 plerique
2969 5599 3181 5656 necnon
3211 5609 3370 5658 editio
3401 5610 3526 5658 Bad.

1877 5661 2095 5719 habent,
2126 5664 2414 5712 nutriendi.

2985 5766 3204 5839 (Douze
3214 5810 3228 5824 .
3241 5770 3260 5835 )
