4040 6174
492 185 596 240 363

496 323 696 380 rogem
733 309 936 359 utrum
971 312 1103 354 cum
1135 289 1382 350 creverit
1411 286 1660 357 futurus
1705 281 1780 337 sit
1836 286 2055 340 castus,
2083 287 2146 328 ve

499 401 610 470 fur
639 411 756 451 non
784 395 856 448 sit
883 390 1131 458 futurus
1159 404 1177 452 ;
1207 380 1331 437 sine
1355 375 1530 433 dubio
1557 367 1932 440 respondebis
1964 384 1982 422 :
2009 363 2146 418 Nes-

497 491 605 546 cio.
639 487 714 541 Et
743 488 941 537 utrum
968 476 1029 531 in
1061 474 1262 530 eadem
1292 466 1548 539 paruute
1578 469 1750 520 a’tate
1777 455 2144 515 constitutus,

498 575 704 647 cogitet
729 566 961 641 aliquid
987 563 1122 619 boni
1151 558 1405 617 velmati
1428 572 1446 622 ;
1469 555 1623 608 dices
1649 569 1667 606 :
1692 547 1921 605 Nescio.
1953 543 2016 600 Si
2038 542 2150 596 ita-

498 679 608 737 que
638 662 708 717 de
745 656 1006 713 moribus
1037 655 1162 722 ejus
1190 645 1419 718 futuris
1451 641 1607 698 nihil
1636 638 1817 696 audes
1844 631 1992 691 certi
2012 645 2148 700 pro-

496 721 747 815 mittere,
789 754 843 803 et
874 745 946 800 de
987 721 1112 812 ejus
1154 733 1430 808 praesenti
1460 728 1816 802 cogitatione
1844 741 1861 791 ;
1893 721 2041 795 quid
2069 723 2150 776 est

504 841 658 898 illud
687 836 845 909 quod
870 831 1109 906 quando
1136 828 1214 884 ad
1241 823 1617 893 Baptismum
1649 817 2021 886 offeruntur,
2045 823 2156 878 pro

503 935 583 989 eis
593 896 1179 1000 parentestanquam
1198 911 1570 983 ﬁdedictores
1602 902 1979 975 respondent,
1997 904 2048 955 et
2070 896 2155 952 di-

503 990 645 1078 cunt
667 1018 804 1072 ittos
832 990 1207 1083 facerequod
1227 1004 1338 1058 itta
1365 1006 1506 1057 artas
1525 997 1782 1066 cogitare
1811 1006 1929 1046 non
1948 990 2156 1057 potest,

506 1117 608 1167 aut
634 1110 683 1163 si
691 1109 901 1175 potest,
919 1099 1216 1155 occuttum
1231 1099 1308 1148 est
1329 1091 1355 1144 ‘P
1372 1091 1820 1154 Interrogamus
1836 1079 1988 1136 enim
2007 1091 2098 1134 eos
2124 1090 2162 1131 a

504 1166 714 1271 quibus
745 1166 1106 1261 offeruntur,
1130 1191 1181 1239 et
1197 1180 1446 1236 dicimus
1465 1193 1485 1231 ε
1516 1173 1717 1230 Credit
1741 1171 1805 1225 in
1835 1171 2013 1224 Deum
2030 1167 2058 1222 ?
2081 1166 2165 1220 De

508 1255 621 1344 illa
635 1255 823 1349 aetate,
852 1293 981 1351 quae
1007 1281 1209 1330 utrum
1231 1273 1304 1327 sit
1323 1273 1475 1324 Deus
1495 1266 1753 1335 ignorat,
1771 1255 2164 1327 respondent:

511 1375 788 1443 Credit;et
805 1350 884 1425 ad
897 1373 1108 1423 cwtera
1121 1364 1202 1417 sic
1215 1350 1860 1428 respondetursinguta
1873 1360 2002 1418 quae
2013 1357 2166 1415 quae-

509 1472 752 1523 runtur.
777 1459 942 1517 Unde
955 1456 1143 1512 miror
1161 1455 1441 1522 parentes
1453 1446 1514 1500 in
1528 1443 1653 1500 istis
1667 1440 1834 1496 rebus
1852 1444 1971 1493 tam
1984 1435 2168 1502 [iden-

506 1565 597 1613 ter
607 1569 715 1625 pro
726 1548 986 1620 parvulo
999 1541 1372 1612 respondere,
1389 1543 1451 1591 ut
1470 1534 1815 1590 dicanteum
1831 1531 2002 1582 tanta
2016 1523 2169 1578 bona

509 1611 871 1715 facereguw
893 1635 971 1691 ad
994 1611 1202 1689 horam
1220 1642 1339 1699 qua
1364 1623 1722 1693 baptizatur,
1738 1611 2172 1685 baptizatorin-

514 1736 801 1801 terrogat,
819 1736 1012 1782 tamen
1029 1720 1229 1777 eadem
1247 1717 1396 1772 liora
1410 1713 1459 1767 si
1471 1708 1800 1780 subjiciam,
1814 1703 1948 1760 Erit
1972 1704 2170 1757 castus

507 1821 611 1894 qui
630 1788 991 1887 baptizatur,
1009 1815 1118 1868 aut
1144 1822 1262 1863 non
1277 1807 1388 1862 erit
1405 1801 1554 1873 fur?
1567 1797 1757 1854 nescio
1774 1797 1972 1848 utrum
1991 1788 2170 1844 audet

513 1907 961 1975 dicereatiquis,
976 1902 1022 1955 A
1038 1896 1228 1968 liquid
1243 1895 1453 1949 horum
1476 1889 1608 1952 erit,
1622 1891 1854 1942 autnon
1873 1877 2169 1942 erit,sicut

508 2000 657 2056 mihi
668 1997 791 2052 sine
803 1968 1166 2048 dubitatione
1179 1980 1489 2051 respondet
1503 1975 1661 2049 quod
1673 1975 1874 2030 credat
1888 1970 1949 2024 in
1965 1968 2167 2030 Deum,

511 2097 562 2146 et
576 2087 736 2160 quod
748 2099 808 2140 se
821 2083 1122 2138 convertat
1138 2075 1219 2132 ad
1234 2075 1438 2128 Deum.
1459 2066 1676 2123 Deinde
1689 2062 2150 2132 scriptatuacon

513 2148 780 2240 cludens,
803 2169 1084 2242 adjungis
1106 2170 1163 2222 et
1183 2162 1330 2220 dicis
1350 2179 1362 2216 :
1385 2159 1484 2215 Ad
1503 2158 1648 2212 istas
1665 2169 1804 2224 ergo
1829 2148 2172 2223 quaestiones

516 2273 648 2341 peto
681 2263 934 2321 breviter
964 2254 1321 2326 respondere
1349 2249 1634 2320 digneris,
1663 2245 1750 2299 ita
1788 2249 1850 2296 ut
1883 2254 2001 2294 non
2027 2233 2176 2291 mihi

524 2360 596 2415 de
619 2350 1044 2413 consuetudine
1079 2341 1456 2414 praescribas,
1487 2335 1589 2392 sed
1619 2333 1908 2389 rationem
1934 2325 2172 2382 reddas.

585 2461 639 2510 8.
671 2454 768 2509 His
809 2447 1012 2504 litteris
1043 2445 1160 2506 tuis
1201 2438 1364 2495 lectis
1391 2440 1447 2491 et
1492 2431 1744 2495 relectis,
1772 2433 1826 2484 et
1875 2428 2174 2498 quantum

515 2540 802 2614 temporis
829 2533 1118 2604 angustiae
1149 2527 1428 2584 sinebant
1455 2517 1866 2581 consideratis,
1894 2511 2172 2569 recorda-

517 2641 611 2691 tus
633 2646 765 2686 sum
798 2623 1143 2683 Nebridium
1170 2617 1431 2674 amicum
1465 2626 1690 2675 meum,
1721 2607 1822 2679 qui
1847 2619 1985 2659 cum
2017 2603 2175 2655 esset

515 2736 717 2779 rerum
748 2716 1143 2772 obscurarum
1170 2705 1246 2762 ad
1275 2702 1612 2761 doctrinam
1644 2693 1879 2769 pietatis
1912 2691 2173 2746 maxime

516 2806 941 2884 pertinentium
970 2794 1461 2868 diligentissimus
1491 2795 1547 2846 et
1577 2786 1903 2843 acerrimus
1928 2778 2175 2852 inquisi-

515 2905 628 2966 tor,
643 2897 818 2953 valde
836 2888 1128 2948 oderatde
1140 2883 1468 2958 quaestione
1484 2892 1706 2948 magna
1719 2870 2170 2944 responsionem

513 2957 776 3046 brevem.
799 2977 1144 3053 thuisquis
1158 2957 1271 3030 hoc
1290 2969 1688 3044 poposcisset,
1703 2960 2012 3031 aegerrime
2033 2957 2176 3012 tere-

511 3079 634 3144 bat,
658 3045 941 3144 eumque,
961 3069 1009 3123 si
1028 3045 1164 3137 ejus
1195 3075 1454 3136 persona
1480 3058 1800 3130 pateretur,
1832 3049 2001 3106 vultu
2027 3045 2175 3101 indi-

513 3138 883 3240 gnabundus
910 3165 967 3214 et
993 3171 1138 3213 voce
1173 3149 1518 3212 cohibebat,
1550 3144 1864 3213 indignum
1889 3138 2174 3208 deputari,

514 3220 618 3330 qui
648 3253 785 3311 talia
806 3251 1111 3323 quaereret,
1129 3258 1266 3299 cum
1286 3240 1361 3294 de
1381 3254 1444 3293 re
1465 3239 1631 3291 tanta
1646 3247 1830 3303 quam
1852 3226 2040 3282 multa
2059 3220 2175 3278 dici

513 3312 757 3419 possent
770 3312 1094 3404 deberentq
1104 3348 1176 3388 ue
1191 3329 1469 3386 nesciret.
1497 3325 1607 3378 Sed
1623 3335 1735 3390 ego
1748 3317 1853 3374 tibi
1875 3331 1994 3370 non
2010 3312 2177 3368 simi-

515 3436 663 3500 liter,
690 3437 752 3487 ut
783 3427 1014 3484 solebat
1037 3423 1155 3488 ille,
1187 3429 1549 3474 succenseo:
1577 3428 1640 3467 es
1670 3409 1828 3464 enim
1856 3406 2176 3478 episcopus

517 3523 719 3579 multis
743 3518 900 3574 curis
929 3515 1274 3582 occupatus,
1299 3511 1362 3560 ut
1385 3519 1498 3573 ego
1529 3517 1546 3568 ;
1571 3498 1730 3555 unde
1749 3511 1856 3551 nec
1880 3493 1980 3548 tibi
1999 3489 2170 3545 facile

517 3615 691 3669 vacat
719 3607 1018 3683 prolixum
1060 3581 1286 3672 aliquid
1329 3595 1543 3664 legere,
1576 3604 1684 3645 nec
1717 3584 1860 3642 mihi
1892 3581 2168 3638 scribere.

518 3668 667 3758 Nam
689 3668 784 3756 iile
806 3702 948 3752 tunc
964 3668 1328 3749 adolescens,
1351 3683 1456 3756 qui
1484 3679 1625 3737 talia
1654 3676 1907 3733 breviter
1932 3668 2176 3727 nolebat

520 3792 746 3861 audire,
777 3787 920 3844 etde
947 3781 1148 3840 multis
1173 3779 1232 3834 in
1260 3780 1467 3832 nostra
1496 3763 1992 3826 sermocinatione
2013 3773 2174 3830 quaa-

516 3883 705 3947 rebat,
732 3850 808 3935 ab
831 3876 1021 3932 otioso
1037 3865 1342 3944 quaerebat
1370 3862 1596 3920 otiosus
1621 3874 1634 3913 :
1661 3863 1718 3912 tu
1742 3869 1879 3910 vero
1903 3850 2174 3920 cogitans

517 3987 679 4028 nunc
695 3941 842 4040 quis
864 3969 921 4019 et
941 3979 976 4018 a
1001 3941 1122 4033 quo
1139 3959 1255 4012 ista
1275 3953 1526 4022 ﬂagitas,
1557 3945 1813 4003 breviter
1833 3942 1906 3997 de
1927 3955 1988 3996 re
2013 3941 2176 3994 tanta

515 4038 882 4130 respondere
897 4067 992 4108 me
999 4049 1204 4121 jubes.
1237 4046 1382 4099 Ecce
1403 4038 1558 4094 facio
1584 4039 1876 4108 quantum
1894 4043 2171 4100 possum;

517 4120 809 4204 Dominus
841 4120 1085 4210 adjuvet
1109 4140 1174 4190 ut
1196 4130 1362 4204 quod
1388 4124 1650 4200 postulas
1688 4120 1941 4195 possim.

587 4258 642 4313 9.
676 4255 898 4320 Nempe
931 4259 1087 4317 saepe
1113 4243 1194 4298 ita
1218 4237 1542 4310 loquimur,
1572 4235 1636 4287 ut
1668 4226 1901 4284 Pascha
1929 4223 2173 4297 propin-

516 4348 739 4418 quante
761 4340 1034 4395 dicamus
1055 4330 1379 4388 crastinam
1405 4323 1494 4378 vel
1521 4318 1916 4393 perendinam
1941 4310 2176 4369 Domini

518 4433 890 4508 passionem,
915 4440 1055 4482 cum
1076 4421 1170 4477 ille
1198 4424 1332 4474 ante
1357 4420 1479 4470 tam
1503 4409 1720 4466 multos
1744 4421 1936 4462 annos
1959 4417 2177 4476 passus

523 4527 616 4590 sit,
633 4538 740 4577 nec
759 4519 1004 4586 omnino
1019 4511 1136 4568 nisi
1153 4505 1339 4565 semel
1353 4503 1446 4558 illa
1463 4499 1662 4573 passio
1674 4497 1831 4553 facta
1846 4494 1936 4549 sit.
1956 4495 2176 4562 Nempe

522 4614 655 4684 ipso
685 4611 778 4665 die
811 4603 1113 4662 dominico
1145 4597 1423 4678 dicimus,
1457 4588 1638 4646 Hodie
1670 4584 1958 4641 Dominus
1983 4594 2180 4636 resur-

521 4700 677 4759 rexit
700 4716 714 4764 ;
731 4713 865 4753 cum
885 4710 955 4748 ex
968 4705 1089 4763 quo
1110 4668 1520 4744 resurrexittot
1535 4676 1677 4734 anni
1696 4671 2051 4731 transierint.
2068 4669 2180 4723 Cur

526 4760 709 4847 nemo
740 4789 860 4839 tam
889 4760 1125 4851 ineptus
1157 4780 1260 4840 est,
1295 4776 1359 4826 ut
1387 4784 1495 4824 nos
1525 4767 1606 4822 ita
1628 4764 1943 4836 loquentes
1970 4760 2182 4827 arguat

527 4895 657 4937 esse
673 4872 972 4933 mentitos,
989 4866 1099 4922 nisi
1121 4863 1264 4936 quia
1277 4862 1418 4916 istos
1434 4857 1560 4912 dies
1577 4852 1905 4910 secundum
1920 4847 2179 4914 illorum,

529 4969 747 5043 quibus
764 4964 892 5019 hinc
907 4960 1077 5030 gesta
1093 4956 1252 5015 sunt,
1275 4945 1723 5004 similitudinem
1741 4951 2178 5010 nuncupamus,

608 5059 840 5115 dicatur
863 5025 988 5123 ipvse
1006 5046 1133 5100 dies
1151 5042 1251 5115 qui
1271 5053 1391 5095 non
1408 5042 1495 5092 est
1513 5035 1660 5107 ipse,
1689 5029 1793 5086 sed
1816 5025 2183 5084 revolutione

529 5147 806 5219 temporis
835 5116 1044 5197 similis
1079 5134 1233 5204 ejus,
1261 5134 1318 5186 et
1347 5127 1577 5184 dicatur
1607 5121 1705 5178 illo
1739 5120 1834 5176 die
1863 5116 2010 5181 ﬁeri,
2044 5131 2184 5188 pro-

530 5245 658 5311 pter
687 5227 1046 5290 sacramenti
1079 5219 1561 5281 celebrationem,
1594 5209 1754 5285 quod
1783 5223 1905 5264 non
1937 5206 2037 5261 illo
2065 5204 2179 5271 die,

530 5296 767 5396 sedjam
787 5322 925 5377 olim
947 5318 1167 5374 factum
1185 5307 1529 5366 est?Nonne
1542 5300 1724 5358 semel
1739 5296 2085 5354 immolatus
2100 5298 2187 5349 est

447 5405 457 5417 κ
532 5415 794 5472 Christus
825 5410 883 5464 in
909 5409 1125 5478 seipso,
1151 5406 1206 5456 et
1232 5404 1434 5455 tamen
1459 5396 1517 5448 in
1538 5392 1916 5448 sacramento
1946 5400 2066 5441 non
2095 5399 2186 5439 so-

530 5506 655 5562 lum
685 5516 788 5573 per
809 5513 1019 5552 omnes
1044 5491 1282 5549 Paschee
1308 5484 1733 5544 solemnitates,
1759 5477 1861 5534 sed
1895 5475 2060 5532 omni
2091 5473 2186 5530 die

530 5592 770 5669 populis
792 5585 1157 5650 immolatur,
1172 5595 1279 5636 nec
1299 5578 1500 5649 utique
1524 5570 1806 5630 mentitur
1826 5565 2188 5640 quiinterro-

531 5657 708 5761 gaius
746 5692 884 5737 eum
913 5669 1284 5745 responderit
1315 5660 1666 5724 immolari?
1693 5658 1752 5717 Si
1789 5657 1950 5715 enim
1986 5668 2187 5724 sacra-

1766 156 1826 222 S.
1867 142 2251 210 AUGUSTINI
2293 130 2618 196 EPISCOPl
2701 161 2707 194 τ

2254 369 2388 410 rum
2405 347 2782 406 sacramenta
2800 342 2961 400 sunt,
2991 347 3110 388 non
3127 325 3430 384 haberent,
3447 319 3674 376 omnino
3686 334 3856 376 sacra-

2258 445 2460 497 menta
2499 452 2620 492 non
2651 433 2865 490 essent.
2893 428 2971 480 Ex
3001 423 3117 478 hac
3147 421 3346 472 autem
3380 406 3728 464 similitudine
3755 409 3856 479 ple-

2257 543 2514 601 rumque
2539 525 2706 579 etiam
2739 521 2755 555 ¹
2790 520 3062 590 ipsarum
3087 520 3289 563 rerum
3320 499 3556 566 nomina
3579 496 3857 568 accipiunt.

2259 620 2423 676 Sicut
2441 631 2582 686 ergo
2604 589 2936 668 secundum
2961 596 3290 675 quemdam
3317 589 3553 648 modum
3567 601 3842 641 sacramen

2263 714 2388 767 tum
2420 703 2681 776 corporis
2710 694 2917 755 Christi
2949 703 3168 761 corpus
3196 679 3408 739 Christi
3436 682 3538 743 est,
3568 689 3865 731 sacramen-

2264 803 2389 854 tum
2413 790 2721 862 sanguinis
2744 781 2950 843 Christi
2979 775 3224 849 sanguis
3248 766 3456 827 Christi
3473 771 3573 829 est,
3602 764 3676 819 ita
3700 777 3866 818 sacra-

2266 851 2685 943 mentumvﬁdei
2699 875 2850 932 ﬁdes
2865 876 2975 927 est.
2994 864 3143 923 Nihil
3157 867 3240 918 est
3256 865 3454 916 autem
3470 851 3618 910 aliud
3639 851 3865 915 credere,

2266 991 2452 1049 quam
2499 970 2682 1026 ﬁdem
2735 966 2984 1021 habere.
3038 958 3118 1011 Ac
3168 966 3273 1023 per
3314 947 3429 1002 hoc
3474 958 3605 1000 cum
3657 955 3872 1012 respon-

2268 1027 2450 1122 33th?
2482 1056 2768 1134 parvulus
2811 1048 3067 1110 credere,
3114 1041 3218 1116 qui
3249 1037 3388 1093 ﬁdei
3430 1030 3686 1088 nondum
3718 1027 3873 1083 habet

2270 1115 2574 1213 aﬁ‘ec—tu‘m,
2615 1139 3011 1218 respondetur
3039 1115 3221 1188 ﬁdem
3269 1125 3487 1182 habere
3515 1124 3737 1193 propter
3758 1115 3873 1172 ﬁdei

2272 1212 3146 1300 sacramentum,etconvertere
3164 1235 3225 1274 se
3242 1216 3318 1272 ad
3341 1217 3519 1269 Deum
3534 1212 3754 1282 propter
3764 1220 3876 1260 con-

2273 1327 2561 1388 versionis
2575 1309 3192 1384 sacramentum,quia
3205 1312 3259 1362 et
3276 1305 3407 1375 ipsa
3418 1296 3716 1370 responsio
3727 1293 3793 1350 ad
3805 1309 3878 1348 ce-

2272 1383 2666 1478 lebrationem
2697 1409 2945 1482 pertinet
2965 1383 3342 1456 sacramenti.
3375 1389 3529 1445 Sicut
3553 1388 3624 1440 de
3654 1383 3770 1454 ipso
3794 1384 3876 1437 Ba-

2275 1470 2849 1584 ptism'oVI—Xpostblus,
2869 1486 3233 1558 Conseputti,
3251 1479 3463 1553 inquit,
3477 1487 3667 1533 sumus
3682 1470 3879 1527 Christo

2277 1559 2383 1670 per
2414 1559 2775 1664 Baptismum
2817 1559 2876 1640 in
2930 1585 3173 1637 mortem
3206 1573 3396 1645 (Rom.
3449 1583 3526 1631 vr,
3557 1565 3626 1633 4).
3659 1564 3772 1618 Non
3797 1559 3881 1626 ait,

2282 1649 2361 1670 την
2414 1649 2526 1664 -κ

2282 1687 2658 1760 Sepulturam
2690 1670 3156 1747 signiﬁcavimus
3189 1681 3204 1730 ;
3239 1660 3343 1716 sed
3379 1670 3619 1730 prorsus
3649 1652 3740 1718 ait,
3766 1649 3884 1704 Con-

2277 1733 2496 1847 segutti
2531 1784 2753 1827 sumus.
2786 1759 3238 1821 Sacramenlum
3277 1762 3421 1817 ergo
3450 1747 3624 1800 tantae
3655 1737 3734 1795 rei
3767 1733 3884 1792 ncn-

2280 1867 2395 1923 nisi
2427 1861 2698 1935 ejusdem
2729 1853 2811 1911 rei
2853 1845 3145 1906 vocabulo
3177 1834 3568 1907 nuncupavit.

2354 1915 2679 2020 itaque
2703 1940 3044 2016 parvulum,
3066 1931 3171 1990 etsi
3197 1925 3470 1985 nondum
3503 1920 3648 1976 ﬁdes
3670 1915 3761 1971 illa
3773 1929 3884 1986 quae

2281 2045 2342 2100 in
2365 2039 2728 2099 credentium
2750 2031 3051 2088 voluntate
3078 2016 3362 2081 consistit,
3377 2014 3504 2086 jam
3530 2016 3715 2066 tamen
3737 2001 3886 2076 ipsius

2283 2133 2422 2199 fidei
2443 2127 2890 2186 sacramentum
2914 2114 3150 2172 ﬁdelem
3176 2106 3330 2163 facit.
3353 2107 3500 2160 Nam
3524 2091 3885 2154 sicutcredere

2283 2219 2693 2293 respondetur,
2717 2213 2794 2267 ita
2816 2207 2994 2264 etiam
3015 2199 3206 2258 ﬁdelis
3229 2197 3498 2258 vocatur,
3518 2203 3630 2243 non
3650 2199 3763 2241 rem
3781 2183 3888 2251 ipsa

2286 2269 2572 2293 ""'l"'_—'
2590 2269 2600 2272 ‘
2617 2269 2624 2270 "
2676 2269 2692 2284 ι

2286 2315 2480 2367 mente
2499 2300 2841 2364 annuendo,
2859 2295 2959 2352 sed
2981 2290 3166 2365 ipsius
3183 2285 3266 2341 rei
3283 2283 3721 2340 sacramentum
3739 2269 3889 2345 perci-

2285 2399 2524 2474 piendo.
2551 2395 2906 2451 Cumautem
2930 2384 3113 2451 homo
3136 2388 3344 2447 sapere
3367 2365 3625 2442 coeperit,
3643 2377 3754 2418 non
3773 2355 3889 2420 illud

3083 2468 3131 2474 -.
3191 2472 3196 2474 .
3388 2466 3398 2474 .
3481 2460 3530 2474 ,ν
3585 2447 3886 2474 ηξἮη-ηηη

2283 2447 2728 2546 sacramentum
2743 2447 2982 2548 repetet,
3000 2468 3103 2534 sed
3122 2464 3429 2531 intelliget,
3444 2460 3493 2529 ej
3506 2470 3686 2526 usque
3698 2447 3890 2506 veritati

2284 2537 2747 2636 consona—etiam
2765 2537 3069 2636 voluntate
3087 2552 3492 2626 coaptabitur.
3521 2548 3635 2601 Hoc
3655 2537 3890 2613 quandiu

2285 2683 2406 2724 non
2446 2667 2656 2736 potest,
2691 2652 2914 2712 valebit
2943 2629 3392 2704 sacramentum
3420 2637 3496 2692 ad
3529 2634 3654 2705 ejus
3683 2627 3891 2686 tutelam

2284 2715 2574 2814 adverfsus
2595 2715 2922 2820 contr-arias
2945 2738 3294 2810 potestates;
3319 2733 3379 2783 et
3397 2729 3626 2782 tantum
3642 2715 3894 2776 valebitut

2283 2846 2332 2901 si
2363 2848 2498 2900 ante
2524 2817 2770 2896 rationis
2799 2809 2974 2886 usum
2992 2830 3011 2861 ²
3031 2841 3102 2880 ex
3124 2823 3236 2877 hac
3252 2818 3376 2874 vita
3397 2809 3783 2882 emigraverit,
3809 2818 3894 2877 per

2281 2935 2476 3008 ipsum
2501 2928 2943 2985 sacramentum
2964 2909 3432 2972 commendante
3452 2900 3720 2959 Ecclesiae
3735 2893 3896 2951 chari-

3057 3004 3067 3008 ’
3587 3005 3702 3008 κη.--
3739 2981 3873 3008 1.-.“:

2284 2981 2476 3008 ,ιη-η-
2502 2981 2619 2985 ---η

2284 3030 2420 3088 tate,
2455 3021 2530 3077 ab
2562 3019 2657 3074 illa
2690 3004 3210 3070 condemnatione,
3235 3012 3369 3071 qua:
3396 3009 3502 3066 per
3530 3005 3708 3046 unum
3739 2981 3895 3040 homi-

2285 3070 2420 3170 nem
2451 3070 2690 3166 intra-vit
2715 3105 2772 3158 in
2797 3095 3092 3156 mundum
3115 3089 3230 3162 (Id.
3253 3070 3308 3158 v,
3344 3078 3790 3154 12),christiano
3814 3070 3897 3127 ad-

2281 3203 2501 3276 jutorio
2532 3197 2830 3252 liberetur.
2864 3190 2983 3243 Hoc
3029 3182 3131 3254 qui
3165 3193 3283 3234 non
3328 3172 3540 3236 credit,
3571 3174 3626 3223 et
3653 3164 3768 3220 ﬁeri
3797 3173 3898 3215 non

2987 3273 2999 3276 “
3171 3268 3181 3276 ³
3239 3266 3266 3276 ’“
3299 3266 3308 3276 ¹
3355 3263 3387 3276 "
3523 3266 3533 3276 ι
3594 3255 3684 3276 -ιΑΖ
3716 3252 3895 3276 ι...ιυ...ι

2284 3252 2835 3365 ᾖοξέέναιιὺὶιιιᾶωιτ,
2866 3252 3129 3349 profecto
3169 3263 3425 3324 inﬁdelis
3453 3266 3560 3326 est,
3585 3255 3688 3313 etsi
3716 3252 3901 3309 habeat

2285 3343 2425 3437 ﬁdei
2458 3375 2898 3432 sacramentum
2923 3381 2938 3429 ;
2972 3361 3268 3429 longeque
3299 3351 3508 3407 melior
3539 3352 3623 3403 est
3643 3343 3767 3400 illo'
3794 3352 3899 3413 par-

2278 3469 2474 3534 vulus,
2497 3465 2601 3538 qui
2627 3456 2857 3518 etiamsi
2890 3453 3070 3508 ﬁdem
3093 3445 3363 3506 nondum
3392 3439 3610 3496 habeat
3634 3435 3691 3490 in
3716 3430 3900 3499 cogita-

2281 3645 2553 3720 Opponit,
2590 3637 2748 3695 unde
2778 3632 3222 3690 sacramentum
3248 3621 3376 3692 ejus
3409 3615 3720 3674 salubriter
3749 3603 3902 3681 perci-

2283 3692 2402 3808 pit?
2428 3726 2749 3803 Respondi,
2786 3724 2938 3778 sicut
2967 3715 3260 3778 existimo,
3313 3701 3752 3780 quaestionibus
3801 3692 3894 3749 tuis

2285 3783 2389 3808 r---
2429 3783 2533 3790 ----
2594 3783 2638 3786 νκ
2736 3783 2747 3791 ,

2282 3783 2575 3898 quantum
2604 3815 2810 3874 attinet
2831 3811 2907 3868 ad
2934 3808 3134 3864 minus
3160 3813 3415 3872 capaces
3436 3800 3495 3851 et
3515 3792 3594 3850 ad
3617 3783 3904 3850 contentio-

3383 3887 3396 3898 ·
3587 3888 3598 3898 ι
3655 3897 3670 3898 κ
3702 3883 3746 3898 ,Α
3772 3871 3901 3898 :-.t-l,

2284 3871 2403 3979 ξος,
2429 3926 2547 3968 non
2567 3906 2708 3963 satis
2733 3920 2746 3970 ;
2779 3903 3072 3974 quantum
3095 3871 3297 3950 autem
3323 3887 3402 3942 ad
3428 3888 3676 3958 pacatos
3696 3883 3750 3936 et
3771 3871 3905 3930 iutel-
3959 3905 3964 3910 ς

2281 3965 2549 4073 ligentes,
2569 3995 2703 4068 plus
2732 3965 2880 4048 iorte
2901 3999 3087 4057 quam
3118 3985 3213 4036 sat
3240 3982 3348 4033 est.
3384 3977 3503 4030 Nec
3524 3971 3627 4026 tibi
3657 3965 3733 4024 ad
3762 3975 3908 4019 excu-

2283 4090 2576 4147 sationem
2591 4097 2788 4140 meam
2801 4076 2992 4149 objeci
3006 4067 3415 4128 ﬁrmissimam
3433 4054 3907 4118 consuetudinem,

2285 4181 2389 4237 sed
2413 4135 2822 4234 salum—trimus
2838 4135 3286 4224 consuetudinis
3303 4151 3731 4222 reddidiquam
3751 4135 3908 4216 potuit

2283 4270 2598 4327 rationem.

2751 4376 3086 4438 EPlSTOLA
3124 4368 3305 4430 xcrx'
3337 4368 3442 4439 (a).

2285 4521 2383 4577 Ex
2407 4519 2808 4574 Romanorum
2840 4502 3187 4562 calamitate
3206 4499 3543 4564 susceptum
3566 4483 3758 4543 animo
3776 4475 3911 4536 dolo-

2521 4619 2642 4660 rem
2676 4591 3358 4657 commiserationemque
3393 4578 3713 4650 signiﬁcat.

2291 4725 2767 4801 Beligiosissimaa
2821 4726 3002 4791 atque
3048 4716 3108 4772 in
3155 4708 3366 4770 Christi
3401 4701 3690 4762 membris
3734 4691 3911 4753 merito

2361 4789 2686 4889 sancteque
2715 4789 3006 4868 laudabili
3031 4801 3272 4862 famula:
3297 4799 3400 4854 Dei
3443 4797 3702 4854 Inuus,
3731 4789 3913 4843 Anaus-

2362 4925 2541 4972 rmus,
2572 4906 2634 4961 in
2672 4899 2930 4958 Domino
2959 4894 3235 4950 salutem.

2366 5004 2416 5054 ί.
2429 5001 2566 5054 Tres
2578 4990 2860 5066 epistolas
2875 4993 2988 5043 tuae
3004 4977 3382 5053 Benignitatis
3407 4981 3777 5043 acceperam,
3791 4971 3905 5015 cum

2292 5050 2718 5156 istarescripsi.
2735 5081 2922 5135 Unam
2941 5088 3075 5148 quae
3093 5050 3292 5128 adhuc
3316 5079 3483 5122 meas
3509 5061 3726 5118 litteras
3737 5050 3909 5116 exigo-

2353 5284 2369 5316 ί
2405 5279 2535 5331 Mss,
2575 5271 2782 5336 viginti.
2811 5269 2970 5336 jam-_
3033 5327 3044 5336 _
3144 5330 3154 5336 _
3274 5328 3285 5336 _
3432 5317 3553 5336 .h_,_
3579 5327 3718 5336 ___-___
3755 5302 3874 5336 ,ηπ

2355 5309 2369 5316 “
2405 5309 2449 5328 ιη
2522 5317 2535 5331 .
2582 5309 2625 5323 τι
2669 5309 2762 5322 ..η-
2840 5309 2946 5321 νη.-.

2355 5345 2373 5374 ¹
2397 5309 2527 5393 Msa;
2564 5309 2731 5402 prgpe
2747 5309 2937 5402 {iuines
2956 5327 3180 5402 habent2
3196 5328 3314 5402 ante
3337 5317 3553 5402 utrarios-1i:
3578 5327 3721 5366 usum
3752 5309 3907 5358 ωιαιιε.

2354 5381 2727 5473 ξξῖἷίιῐῖιξᾷἵ
2747 5381 2921 5473 YaticL.
2954 5381 3350 5473 tgssi‘etkrecte
3379 5381 3536 5473 [ille]1

2357 5471 2375 5490 '
2395 5430 3661 5550 ﬁebcd‘gih‘i‘hvadgiivb.‘bgjblj'bnggikﬁcfm.
3801 5430 3904 5542 ut:

2357 5546 2375 5550 “
2429 5533 2444 5550 ⁸
2499 5541 2560 5550 "“
2641 5536 2778 5550 ’ωδε
2869 5531 2968 5550 πηο
3003 5529 3101 5550 "nr
3140 5527 3173 5550 ν
3234 5526 3261 5550 e.
3449 5522 3520 5550 m-
3655 5536 3669 5550 .
3770 5531 3782 5544 .
3893 5520 3904 5536 .

2325 5567 2338 5582 ’
2354 5556 3127 5656 ia)"sii‘£s“i§§’_?"ciu‘§;hié§
3151 5556 3385 5656 ἐξηξτᾶἶ,
3407 5556 3555 5622 nunc
3583 5567 3690 5617 164.
3727 5556 3904 5620 Scripta

2296 5638 2524 5712 exeunte
2549 5638 2639 5703 an.
2669 5649 2781 5708 408.
2809 5638 2905 5711 aut.
2931 5644 3153 5696 ineunte
3181 5638 3293 5698 £09.
