3996 6158
156 217 250 274 377

1353 202 1864 265 ΕΡΙΞΤΟΒΑΚΠΗ
1902 204 2192 268 CLASSIS
2218 213 2292 272 ll.

3420 211 3534 272 87.

146 342 240 405 tur,
268 337 360 394 ubi
385 336 669 409 scriptum
700 339 790 391 est
818 335 958 391 Cain
985 349 1054 391 ex
1073 333 1364 391 fructibus
1389 335 1583 396 terra,
1611 329 1755 387 Abel
1860 337 2097 391 nostros
2141 338 2350 398 Libros
2419 339 2571 397 velle
2619 352 2856 406 sonare,
2901 337 3066 413 quod
3103 287 3534 411 hujuscemodi

141 437 312 488 autem
325 444 392 484 ex
403 424 706 498 primitivis
718 424 914 480 ovium
931 423 1210 480 obtulisse
1227 439 1446 481 munus
1459 420 1749 492 Deo(Gen.

139 536 204 588 tv,
232 523 279 583 3,
311 517 383 588 4),
412 516 547 571 hinc
572 515 772 587 potius
798 529 932 569 esse
973 511 1428 583 intelligendum
1458 526 1644 583 quam
1677 509 1752 565 sit

135 626 213 665 res
232 606 464 678 antiqua
484 603 867 670 sacrificium,
894 603 1056 676 quod
1073 618 1194 658 non
1215 602 1327 658 nisi
1352 601 1451 660 uni
1472 603 1590 656 Deo
1611 614 1749 655 vero

133 697 300 754 offerri
329 700 596 768 Oportere
624 709 870 750 veraces
897 700 952 748 et
981 709 1165 749 sacra
1196 693 1425 748 Littera
1454 694 1700 747 monent
1731 701 1745 743 :

132 803 234 844 non
246 786 400 859 quod
415 785 512 840 illo
525 789 696 857 egeat
710 783 884 850 Deus,
902 799 1038 839 cum
1055 784 1114 838 in
1127 782 1357 838 eisdem
1383 779 1747 852 ipsislitteris

129 876 474 949 apertissime
491 874 564 930 sit
577 874 889 948 scriptum,
915 871 1336 939 DixiDomino,
1352 873 1507 926 Deus
1518 884 1678 925 meus
1694 883 1748 923 es

130 975 198 1032 tu,
215 965 486 1040 quoniam
503 965 785 1020 bonorum
801 978 1064 1020 meorum
1078 977 1195 1018 non
1208 975 1336 1032 eges
1350 960 1548 1032 (Psal.
1561 960 1743 1028 xv,2);

127 1055 216 1112 sed
228 1053 575 1128 quodetiam
591 1054 649 1109 in
664 1053 774 1120 his,
790 1051 880 1108 vel
909 1050 1294 1123 acceptandis
1317 1047 1746 1119 velreproban—

124 1147 201 1201 dis
227 1144 310 1200 vel
340 1143 760 1216 percipiendis,
785 1157 906 1198 non
938 1138 1418 1196 nisihominibus
1448 1137 1742 1194 consulat.

122 1234 275 1291 Nobis
288 1233 444 1289 enim
459 1231 906 1305 prodestcolere
929 1233 1134 1295 Deum,
1164 1244 1285 1285 non
1305 1227 1416 1300 ipsi
1433 1230 1568 1282 Deo.
1599 1227 1745 1282 Cum

123 1323 566 1394 ergoinspiratet
579 1319 1075 1393 docetquomodo
1094 1317 1381 1374 colendus
1397 1315 1486 1381 sit,
1504 1331 1624 1372 non
1647 1330 1744 1370 so-

119 1414 223 1468 lum
243 1427 348 1468 sua
376 1409 546 1467 nulla
574 1410 902 1481 indigentia
931 1408 1092 1472 facit,
1123 1407 1227 1463 sed
1251 1411 1452 1462 nostra
1476 1403 1744 1461 maxima

122 1499 784 1572 utilitate.Signiﬁcativa
797 1504 933 1554 sunt
953 1503 1152 1555 autem
1166 1496 1372 1553 omnia
1397 1495 1538 1552 talia
1561 1492 1744 1550 sacri-

117 1592 242 1658 ﬁcia,
272 1599 326 1647 et
352 1589 768 1664 quarumdam
799 1604 997 1645 rerum
1039 1586 1485 1652 similitudines,
1517 1584 1740 1657 quibus

117 1680 398 1738 admoneri
412 1683 783 1752 nosoportet
796 1677 874 1734 ad
892 1693 962 1734 ea
977 1678 1108 1750 ipsa
1120 1691 1380 1750 quorum
1403 1673 1744 1730 similitudi-

115 1786 199 1827 nes
216 1769 500 1836 sunt,sive
513 1766 855 1834 scrutanda,
871 1767 993 1823 sive
1006 1765 1464 1831 noscenda,sive
1477 1762 1739 1819 recolen-

111 1861 191 1916 da.
204 1863 272 1916 De
283 1875 406 1932 qua
419 1862 812 1931 re,quantum
826 1857 968 1913 satis
980 1861 1088 1923 est,
1105 1854 1465 1918 disserenda,
1483 1868 1601 1910 non
1616 1850 1741 1910 bre-

113 1951 180 2005 vis
220 1965 410 2006 sermo
449 1946 823 2019 ﬂagitandus
864 1951 975 2012 est,
1026 1962 1150 2018 quo
1183 1961 1342 2001 nunc
1372 1943 1737 2016 respondere

113 2039 260 2094 nobis
279 2038 661 2110 propositum
684 2042 800 2093 est:
818 2036 1148 2108 prasertim
1169 2034 1313 2107 quia
1331 2033 1392 2089 in
1407 2033 1537 2090 aliis
1559 2048 1737 2104 opus-

114 2128 235 2183 culis
249 2129 465 2183 nostris
479 2127 567 2199 (a)
580 2175 590 2191 ,
603 2127 678 2182 de
690 2127 803 2183 hac
820 2142 880 2182 re
895 2125 1080 2181 multa
1089 2125 1218 2196 jam
1244 2123 1530 2180 diximus.
1549 2125 1614 2178 Et
1633 2121 1736 2194 qui

113 2225 220 2274 ante
233 2235 337 2273 nos
351 2217 454 2272 Dei
468 2217 713 2288 eloquia
728 2213 1230 2278 tractaverunt,de
1243 2211 1737 2269 similitudinibus

111 2307 501 2363 sacriﬁciorum
521 2306 744 2362 Veteris
775 2304 1157 2368 Testamenti,
1177 2308 1475 2373 tanquam
1504 2300 1734 2357 umbris

117 2396 413 2468 ﬁgurisque
443 2396 787 2452 futurorum
819 2394 1060 2466 copiose
1082 2393 1262 2449 locuti
1293 2396 1450 2446 sunt.

165 2487 239 2542 18.
258 2489 371 2542 Hoc
395 2500 551 2542 sane
569 2499 678 2541 nec
705 2485 765 2540 in
796 2485 911 2540 ista
934 2482 1224 2540 brevitate
1253 2478 1735 2554 pratereundum

111 2580 196 2639 est,
210 2576 362 2648 quod
379 2574 698 2647 templum,
714 2573 1138 2638 sacerdotium,
1151 2570 1513 2628 sacriﬁcium
1524 2610 1537 2634 ,
1550 2575 1606 2625 et
1623 2569 1740 2625 alia

107 2679 474 2736 quacumque
506 2664 589 2721 ad
620 2664 748 2720 hac
777 2661 1154 2735 pertinentia,
1181 2661 1290 2716 nisi
1322 2660 1424 2716 uni
1458 2675 1596 2715 vero
1623 2662 1739 2715 Deo

111 2752 280 2810 deberi
304 2759 557 2810 nossent
584 2752 663 2809 dii
697 2752 849 2820 falsi,
873 2753 987 2808 hoc
1013 2757 1100 2807 est
1120 2751 1450 2814 damones,
1471 2749 1572 2822 qui
1601 2753 1740 2805 sunt

109 2845 565 2911 pravaricatores
585 2842 800 2912 angeli,
825 2857 1137 2914 nunquam
1168 2841 1296 2896 hac
1318 2839 1432 2896 sibi
1449 2855 1485 2895 a
1505 2837 1740 2894 cultori-

108 2929 200 2986 bus
211 2934 510 3005 suis,quos
522 2931 1228 3004 decipiunt,expetissent.
1241 2931 1450 2984 Verum
1465 2928 1587 2983 hac
1598 2942 1736 2983 cum

109 3020 426 3078 exhibentur
440 3025 587 3087 Deo,
603 3021 937 3077 secundum
950 3021 1000 3092 ej
1013 3018 1541 3092 usinspirationem
1557 3021 1738 3089 atque

116 3107 442 3177 doctrinam,
474 3125 624 3167 vera
660 3109 866 3183 religio
899 3114 1019 3167 est:
1048 3126 1187 3165 cum
1220 3113 1420 3165 autem
1450 3105 1739 3162 damoni-

109 3197 564 3269 bus,secundum
583 3216 791 3257 eorum
807 3199 1060 3271 impiam
1073 3198 1415 3271 superbiam
1427 3195 1628 3263 ,noxia
1642 3211 1740 3250 su-

109 3290 357 3359 perstitio.
374 3292 418 3357 Q
429 3294 758 3363 uapropter
771 3289 874 3362 qui
886 3289 1168 3345 christian
1177 3304 1242 3345 as
1259 3288 1500 3343 Litteras
1525 3286 1739 3342 utrius.

107 3393 200 3448 que
212 3380 571 3437 Testamenti
585 3379 801 3449 sciunt,
819 3395 939 3436 non
959 3379 1075 3435 hoc
1087 3377 1331 3449 culpant
1352 3377 1413 3434 in
1433 3376 1737 3446 sacrilegis

109 3466 284 3524 ritibus
303 3471 687 3541 Paganorum
708 3469 872 3542 quod
898 3471 1252 3525 construant
1278 3466 1519 3538 templa,
1541 3470 1600 3522 et
1622 3466 1738 3521 ins-

110 3556 290 3615 tituant
301 3558 731 3626 sacerdotia,et
743 3559 961 3616 faciant
974 3557 1269 3614 sacriﬁcia
1285 3573 1299 3623 ;
1315 3555 1418 3611 sed
1431 3555 1594 3628 quod
1607 3555 1734 3612 hac

106 3644 250 3702 idolis
263 3653 314 3705 et
329 3648 656 3706 damoniis
675 3648 1016 3705 exhibeant.
1033 3650 1097 3703 Et
1117 3646 1279 3703 idola
1299 3645 1548 3718 quidem
1569 3645 1735 3700 omni

107 3750 259 3793 sensu
285 3754 517 3807 carere,
543 3737 681 3811 quis
711 3738 992 3796 dubitet?
1025 3738 1444 3792 Verumtamen
1475 3750 1614 3790 cum
1643 3733 1735 3789 his

106 3820 342 3883 locantur
370 3827 648 3890 sedibus,
676 3825 1010 3884 honorabili
1043 3824 1424 3888 sublimitate,
1459 3827 1523 3879 ut
1551 3839 1587 3879 a
1607 3839 1740 3894 pre-

105 3914 344 3972 cantibus
393 3921 587 3989 atque
635 3914 1089 3972 immolantibus
1145 3912 1550 3977 attendantur,
1603 3913 1735 3984 ipsa

105 3999 455 4062 similitudine
497 4005 907 4062 animatorum
941 4003 1350 4060 membrorum
1389 4007 1570 4074 atque
1600 4016 1737 4058 sen-

103 4103 268 4159 suum,
299 4094 586 4168 quamvis
615 4094 922 4150 insensata
947 4099 1003 4150 et
1026 4091 1327 4156 exanima,
1358 4090 1628 4147 afﬁciunt
1649 4091 1734 4147 in-

103 4177 275 4238 ﬁrmos
299 4185 561 4251 animos,
581 4190 642 4240 ut
658 4183 852 4239 vivere
877 4198 948 4240 ac
961 4183 1186 4254 spirare
1203 4181 1542 4251 videantur;
1571 4196 1736 4238 acce-

103 4266 249 4327 dente
263 4273 600 4345 prasertim
627 4272 1009 4329 veneratione
1027 4271 1448 4336 multitudinis,
1464 4286 1586 4342 qua
1602 4275 1736 4328 tan-

108 4360 182 4412 tus
205 4361 282 4417 eis
307 4363 511 4419 cultus
539 4360 928 4434 impenditur.

159 4448 230 4504 19.
269 4451 498 4516 Quibus
540 4449 836 4507 morbidis
864 4455 921 4506 et
956 4448 1378 4521 pestilentiosis
1416 4448 1732 4506 affectibus

105 4535 344 4594 medetur
367 4540 676 4613 Scriptura
695 4539 916 4608 divina,
930 4555 1066 4612 qua
1089 4554 1215 4595 rem
1235 4538 1482 4610 quidem
1503 4544 1731 4613 notam,

104 4624 190 4679 sed
212 4630 396 4684 tamen
429 4628 662 4686 salubri
693 4628 961 4686 remedio
990 4627 1418 4684 admonitionis
1447 4627 1736 4696 inculcat.

98 4707 292 4781 dicens,
319 4717 539 4774 Oculos
571 4717 788 4775 habent
817 4722 870 4774 et
899 4733 1018 4774 non
1045 4717 1265 4784 vident,
1299 4731 1477 4774 aures
1509 4717 1729 4774 habent

98 4804 268 4858 etnon
292 4807 543 4864 audient
575 4808 765 4876 (Psal.
795 4823 952 4874 cxttt,
983 4808 1062 4879 5),
1089 4813 1144 4862 et
1169 4811 1382 4864 catera
1413 4806 1573 4863 talia.
1597 4810 1730 4864 Hac

99 4889 231 4948 enim
259 4895 459 4963 verba,
493 4911 616 4968 quo
645 4898 842 4966 magis
867 4903 1075 4970 aperta
1104 4901 1162 4952 et
1190 4896 1560 4968 populariter
1591 4912 1730 4953 vera

103 4986 233 5044 sunt,
244 4997 313 5038 eo
326 4984 524 5054 magis
536 4985 829 5041 incutiunt
845 4984 1144 5042 salubrem
1165 4984 1457 5057 pudorem
1474 4985 1586 5042 illis
1600 4985 1724 5058 qui,

101 5079 211 5125 cum
232 5071 442 5129 talibus
465 5073 802 5130 simulacris
818 5073 1087 5130 divinum
1107 5090 1244 5130 cum
1268 5075 1479 5132 timore
1500 5074 1726 5130 cultum

100 5156 352 5218 exhibent
379 5177 573 5235 eaque
594 5163 929 5220 viventibus
959 5163 1180 5220 similia
1209 5168 1560 5220 venerantes
1583 5163 1727 5220 ado-

98 5250 388 5322 rantesque
399 5256 777 5316 contuentur,
791 5253 995 5325 eisque
1010 5253 1168 5310 velut
1181 5253 1579 5325 prasentibus
1597 5269 1726 5326 pre-

100 5347 180 5387 ces
213 5337 468 5409 allegant
508 5342 777 5399 victimas
805 5342 1138 5409 immolant,
1189 5349 1324 5399 vota
1357 5344 1723 5416 persolvunt,

100 5420 167 5476 sic
191 5425 526 5484 afﬁciuntur
550 5430 800 5487 omnino
827 5436 888 5486 ut
916 5448 988 5488 ea
1016 5447 1195 5488 sensu
1221 5435 1481 5490 carentia
1515 5440 1723 5506 putare

107 5524 206 5568 non
236 5516 518 5573 audeant.
544 5522 623 5576 Ne
652 5519 1011 5578 arbitrentur
1032 5527 1233 5578 autem
1264 5521 1364 5578 isti
1384 5523 1498 5580 hoc
1527 5524 1722 5582 solum

153 5716 216 5779 (a)
238 5717 294 5770 In
328 5719 422 5772 lib.
458 5722 524 5772 22
553 5728 696 5777 cont.
729 5724 1006 5777 Faustum.

1861 422 2105 482 affectus
2131 427 2402 488 humano
2430 429 2597 488 cordi
2620 445 2693 486 ex
2711 427 2953 485 idolisin
2976 429 3260 496 nascitur,
3278 429 3525 503 apertis-

1858 513 2007 570 sime
2047 518 2335 590 scriptum
2384 527 2492 586 est,
2555 518 2845 586 Quoniam
2893 533 3095 575 omnes
3135 519 3222 574 dii
3256 521 3526 591 gentium

1856 602 2148 662 daemonia
2179 609 2368 680 (Psal.
2410 625 2544 675 xcv,
2575 610 2652 680 5).
2696 608 2856 664 Unde
2894 612 2948 663 et
2981 607 3312 678 apostolica
3342 609 3529 664 disci-

1855 691 2022 764 plina
2052 711 2172 753 non
2200 696 2396 754 solum
2419 698 2578 762 dicit,
2602 698 2762 770 quod
2777 697 2940 768 apud
2953 697 3247 752 Joannem
3283 697 3525 768 legitur,

1857 781 2119 850 Fratres,
2152 793 2405 844 σαυρίδα
2436 787 2777 844 simulacris
2791 786 2859 856 (Ι.
2885 787 3062 842 Joan.
3083 786 3279 857 v,2l);
3308 801 3522 842 verum

1851 872 2030 930 etiam
2062 877 2225 947 quod
2257 877 2419 950 apud
2456 877 2738 933 Paulum:
2775 875 2922 944 Quid
2960 890 3098 944 ergo
3124 873 3153 928 ?
3183 874 3314 931 dico
3357 875 3521 946 quod

1851 961 2026 1018 idolis
2039 964 2410 1022 immolatum
2426 967 2498 1022 sit
2513 965 2752 1037 aliquid
2760 969 2884 1033 ,aut
2903 964 3129 1018 idolum
3146 970 3230 1018 est
3245 963 3479 1034 aliquid
3492 963 3524 1020 Ἰ

1851 1051 1970 1107 Sed
1989 1068 2115 1124 quas
2137 1053 2448 1112 immolant
2465 1063 2685 1126 gentes,
2701 1054 3006 1111 damoniis
3027 1058 3083 1110 et
3111 1068 3229 1107 non
3253 1053 3371 1108 Deo
3398 1052 3516 1108 im-

1852 1143 2076 1198 molant
2102 1163 2123 1200 :
2152 1145 2289 1200 nolo
2324 1151 2520 1202 autem
2557 1160 2655 1200 vos
2698 1144 2884 1199 socios
2922 1141 3057 1212 ﬁeri
3085 1140 3517 1198 damoniorum

1850 1229 1892 1301 (Ι
1910 1231 2317 1304 σον.κ,19,20).
2336 1233 2499 1289 Unde
2513 1231 2914 1302 satisintelligi
2932 1236 3275 1304 potest,non
3291 1235 3412 1287 tam
3435 1231 3521 1304 ip-

1850 1335 1980 1374 sam
1998 1319 2471 1378 immolationem
2489 1323 2657 1390 (nam
2679 1336 2815 1376 vero
2842 1323 2958 1376 Deo
2982 1319 3162 1391 prisci
3191 1319 3382 1375 sancti
3403 1319 3516 1376 im-

1853 1407 2383 1482 molaverunt),sed
2403 1410 2568 1483 quod
2585 1411 2698 1466 diis
2722 1411 2886 1466 falsis
2909 1415 2964 1465 et
2984 1409 3185 1480 impiis
3198 1408 3516 1464 damoniis

1849 1495 2192 1564 immolatur,
2209 1500 2558 1576 reprehendi
2577 1499 3043 1571 averareligione
3060 1499 3120 1554 in
3145 1497 3514 1570 superstitio-

1850 1587 2027 1642 nibus
2048 1588 2335 1658 gentium.
2355 1590 2512 1645 Sicut
2536 1589 2695 1644 enim
2712 1588 2930 1645 veritas
2949 1589 3220 1644 hortatur
3241 1585 3514 1642 homines

1849 1673 1972 1730 ﬁeri
1992 1676 2184 1733 socios
2203 1683 2547 1734 sanctorum
2566 1677 2945 1750 Angelorum;
2962 1676 3042 1732 ita
3062 1674 3519 1746 seducitimpie-

1847 1770 1935 1822 tas
1947 1765 2025 1822 ad
2038 1766 2380 1823 societatem
2397 1767 2853 1833 damoniorum,
2869 1765 2964 1822 cui
2979 1764 3514 1838 praparaturignis

1848 1859 2128 1924 aternus,
2170 1857 2324 1912 sicut
2369 1872 2623 1927 regnum
2672 1860 2956 1912 aternum
3006 1854 3273 1911 societati
3340 1868 3518 1911 sanc-

1849 1946 2070 2000 torum.

1917 2055 2004 2107 20.
2022 2055 2219 2126 Neque
2236 2052 2396 2114 illinc
2415 2058 2704 2110 excusant
2728 2052 2889 2124 impii
2913 2066 3022 2108 sua
3033 2050 3322 2120 sacrilega
3337 2065 3514 2109 sacra

1844 2143 1901 2196 et
1925 2140 2267 2207 simulacra,
2309 2142 2474 2214 quod
2518 2142 2818 2212 eleganter
2857 2139 3333 2212 interpretantur'
3361 2137 3510 2211 quid

1845 2245 2101 2302 quaque
2129 2232 2485 2302 signiﬁcent.
2518 2231 2724 2289 Omnis
2766 2230 2993 2302 quippe
3027 2229 3128 2284 illa
3157 2229 3514 2299 interpreta-

1843 2317 1925 2376 tio
1950 2319 2027 2374 ad
2059 2325 2393 2376 creaturam
2424 2319 2694 2386 refertur,
2743 2334 2866 2374 non
2898 2318 2977 2374 ad
3007 2318 3363 2381 Creatorem,
3407 2318 3512 2375 cui

1846 2408 1948 2463 uni
1979 2409 2228 2466 debetur
2253 2409 2502 2465 servitus
2524 2407 2826 2478 religionis
2852 2407 2970 2472 illa,
2995 2423 3130 2480 qua
3160 2421 3280 2461 uno
3304 2407 3508 2463 nomi-

1844 2513 1918 2554 ne
1946 2497 2154 2570 λατριία
2181 2513 2368 2568 grace
2398 2498 2751 2571 appellatur.
2803 2500 2917 2554 Nec
2961 2512 3070 2553 nos
3101 2495 3360 2552 dicimus
3390 2501 3501 2553 ter-

1847 2603 1996 2651 ram,
2023 2588 2231 2653 maria,
2252 2588 2492 2657 calum,
2517 2587 2726 2652 solem,
2750 2587 2978 2651 lunam,
3001 2585 3221 2648 stellas,
3250 2589 3307 2640 et
3327 2599 3508 2656 quas-

1846 2676 1989 2733 dam
2029 2692 2150 2733 non
2179 2677 2240 2732 in
2272 2682 2555 2749 promptu
2587 2677 2729 2734 sitas
2754 2675 2980 2732 calites
3019 2677 3341 2746 potestates
3369 2688 3506 2730 esse

1844 2765 2146 2824 damonia
2174 2783 2188 2824 :
2223 2767 2327 2824 sed
2354 2783 2493 2823 cum
2527 2768 2724 2824 omnis
2749 2771 3023 2822 creatura
3049 2763 3269 2836 partim
3295 2777 3506 2835 corpo-

1844 2857 1984 2912 ralis
2009 2856 2099 2920 sit,
2131 2857 2346 2927 partim
2367 2872 2506 2912 vero
2527 2853 2940 2928 incorporalis,
2962 2869 3150 2926 quam
3177 2852 3358 2909 etiam
3375 2851 3506 2925 spi-

1842 2945 2116 3002 ritualem
2139 2961 2446 3010 vocamus,
2471 2945 2855 3001 manifestum
2876 2948 2985 3009 est,
3001 2943 3062 2998 id
3083 2941 3250 3015 quod
3269 2959 3306 2999 a
3324 2940 3505 2998 nobis

1841 3033 1941 3108 pie
1961 3049 2030 3089 ac
2049 3033 2325 3104 religiose
2345 3033 2422 3103 ﬁt,
2447 3049 2483 3090 a
2503 3033 2805 3089 voluntate
2825 3030 3015 3088 animi
3035 3028 3345 3103 proﬁcisci,
3363 3044 3502 3102 qua

1842 3129 2115 3182 creatura
2146 3123 2469 3196 spiritualis
2519 3127 2631 3192 est,
2662 3130 2718 3179 et
2746 3122 2913 3178 omni
2943 3120 3241 3192 corporali
3273 3133 3504 3191 prapo-

1843 3213 2061 3270 nenda.
2093 3212 2256 3270 Unde
2277 3211 2566 3282 colligitur
2589 3211 2881 3284 corporali
2904 3215 3190 3267 creatura
3217 3223 3338 3265 non
3365 3222 3498 3265 esse

1843 3303 2325 3360 sacriﬁcandum.
2356 3307 2554 3361 Restat
2581 3300 2927 3376 spiritualis,
2957 3316 3091 3374 qua
3133 3298 3222 3356 vel
3264 3298 3366 3370 pia
3403 3295 3500 3354 vel

1845 3392 2034 3467 impia
2075 3398 2163 3450 est
2194 3410 2208 3449 :
2255 3393 2353 3466 pia
2390 3393 2631 3458 scilicet,
2674 3393 2736 3449 in
2773 3390 3123 3449 hominibus
3163 3394 3220 3446 et
3254 3387 3498 3458 Angelis

1838 3483 2224 3554 justis,etDeo
2241 3483 2347 3539 rite
2365 3482 2783 3549 servientibus;
2796 3481 2984 3554 impia
2998 3495 3138 3536 vero
3155 3479 3216 3536 in
3238 3476 3498 3535 homini-

1841 3571 1956 3628 bus
1985 3577 2041 3628 et
2074 3572 2302 3643 angelis
2335 3571 2578 3645 iniquis,
2609 3587 2763 3644 quos
2808 3572 2987 3628 etiam
3017 3569 3328 3626 damones
3357 3565 3502 3623 dici-

1840 3678 2000 3719 mus.
2027 3666 2108 3718 Ac
2129 3677 2234 3732 per
2255 3661 2367 3717 hoc
2383 3676 2491 3717 nec
2511 3658 3122 3732 spirituali,quamvis
3136 3657 3312 3728 justa
3336 3671 3505 3714 crea-

1841 3754 1986 3807 tura
2010 3750 2470 3807 sacriﬁcandum
2489 3753 2598 3806 est.
2625 3749 2920 3815 Quoniam
2941 3751 3169 3820 quanto
3190 3745 3383 3818 magis
3400 3743 3504 3816 pia

1841 3847 1928 3896 est
1948 3845 2004 3895 et
2023 3839 2259 3896 subdita
2274 3839 2411 3907 Deo,
2430 3843 2595 3895 tanto
2618 3840 2816 3894 minus
2834 3852 2894 3893 se
2917 3835 3022 3893 tali
3044 3835 3270 3893 honore
3292 3834 3501 3904 digna-

1842 3934 1955 3995 tur,
1969 3944 2150 4001 quem
2169 3928 2275 3984 scit
2291 3941 2414 3984 non
2433 3926 2638 3983 deberi
2664 3927 2774 3983 nisi
2792 3927 2934 3984 Deo.
2954 3927 3189 3992 Quanto
3209 3937 3352 3992 ergo
3366 3936 3499 3993 per-

1842 4017 2122 4075 niciosius
2159 4022 2247 4075 est
2276 4016 2618 4074 sacriﬁcare
2643 4015 2982 4082 damoniis,
3013 4014 3128 4071 hoc
3157 4017 3243 4069 est
3272 4011 3494 4083 iniqua

1840 4107 2135 4180 spirituati
2164 4112 2466 4171 creatura,
2498 4122 2637 4179 qua
2664 4105 2728 4163 in
2756 4104 2869 4163 hoc
2898 4103 3176 4178 proximo
3200 4106 3256 4158 et
3286 4099 3497 4172 caligi-

1840 4212 1994 4253 noso
2018 4197 2164 4254 calo
2189 4197 2491 4267 habitans,
2522 4201 2811 4268 tanquam
2833 4195 2892 4251 in
2918 4194 3080 4252 aerio
3100 4205 3335 4250 carcere
3360 4205 3501 4248 sum

1839 4286 2261 4358 pradestiuata
2308 4290 2399 4342 est
2438 4285 2739 4358 supplicio
2771 4283 3138 4356 sempiterno
3175 4280 3188 4337 ι
3237 4281 3499 4346 Quamo-

1837 4374 2028 4439 brem,
2053 4375 2233 4432 etiam
2264 4391 2400 4430 cum
2428 4391 2490 4431 se
2520 4373 2799 4430 homines
2833 4370 3247 4446 superioribus
3295 4369 3496 4426 caeles-

1841 4463 1997 4520 tibus
2022 4463 2430 4535 potestatibus,
2461 4479 2600 4535 qua
2640 4478 2762 4518 non
2791 4465 2932 4517 sunt
2961 4458 3282 4529 damonia,
3317 4457 3494 4514 sacri-

1837 4553 2018 4610 ﬁcare
2059 4553 2268 4610 dicunt
2297 4557 2353 4609 et
2382 4551 2562 4608 solius
2591 4550 2853 4608 nominis
2883 4550 3170 4606 interesse
3200 4546 3494 4604 arbitran-

1839 4647 1952 4710 tur,
1970 4643 2134 4716 quod
2152 4642 2232 4698 illi
2246 4643 2413 4707 deos,
2429 4655 2549 4698 non
2563 4657 2666 4698 eos
2681 4640 2939 4710 Angelos
2951 4638 3354 4712 appellamus,
3369 4651 3492 4694 non

1839 4748 1903 4787 se
1933 4737 2247 4805 opponunt
2266 4732 2350 4787 eis
2365 4729 2746 4786 ludiﬁcandis
2763 4727 3075 4800 multiplici
3101 4725 3356 4791 fallacia.
3376 4725 3493 4783 nisi

1835 4821 2163 4890 damones,
2195 4821 2297 4893 qui
2327 4835 2523 4876 errore
2553 4819 2923 4876 delectantur
2948 4822 3004 4876 et
3033 4814 3490 4890 quodammodo

1835 4915 2166 4983 pascuntur
2212 4911 2506 4966 humano.
2555 4909 2852 4975 Quoniam
2884 4906 3074 4964 sancti
3113 4903 3319 4976 Angeli
3368 4919 3490 4960 non

1835 5007 2175 5080 approbant
2195 5005 2576 5074 sacriﬁcium,
2600 5005 2713 5062 nisi
2745 5005 2910 5078 quod
2940 5021 3013 5061 ex
3041 5003 3311 5060 doctrina
3330 5014 3487 5055 vera

1833 5096 2160 5169 sapientia,
2183 5111 2458 5169 veraque
2483 5095 2783 5166 religionis
2802 5093 3047 5152 offertur
3065 5092 3164 5147 uni
3185 5105 3323 5146 vero
3343 5087 3488 5157 Deo,

1833 5186 1928 5244 cui
1950 5190 2157 5244 sancta
2169 5186 2448 5244 societate
2464 5185 2828 5241 deserviunt.
2848 5180 3118 5246 Proinde,
3135 5180 3283 5235 sicut
3299 5176 3489 5250 impia

1833 5277 2130 5349 superbia,
2151 5277 2271 5332 sive
2283 5276 2620 5340 hominum.
2635 5275 2752 5330 sive
2765 5273 3134 5336 daemonum,
3150 5267 3261 5325 sibi
3276 5268 3388 5325 hos
3399 5266 3489 5324 di-

1832 5366 2001 5422 vinos
2017 5366 2277 5423 honores
2290 5364 2551 5421 exhiberi
2572 5364 2662 5419 vel
2670 5359 3119 5433 jubetvelcupit
3129 5377 3146 5431 ;
3171 5358 3252 5414 ita
3264 5357 3364 5430 pia
3375 5356 3485 5415 hu-

1832 5455 2050 5513 militas
2082 5455 2174 5511 vel
2204 5453 2541 5523 hominum,
2583 5451 2673 5508 vel
2715 5448 3080 5520 Angelorum
3113 5451 3485 5516 sanctorum,

1830 5545 1957 5601 hac
1970 5544 2080 5600 sibi
2102 5544 2304 5601 oblata
2315 5540 2701 5611 recusavit,et
2720 5541 2814 5603 cui
2833 5537 3193 5596 deberentur
3204 5537 3482 5596 ostendit.

1831 5635 2012 5705 Cujus
2054 5633 2138 5691 rei
2170 5630 2660 5691 manifestissima
2686 5629 2748 5688 in
2778 5626 2965 5687 sacris
3008 5627 3236 5688 Litteris
3263 5626 3483 5689 nostris

1823 5722 2104 5797 exempla
2133 5723 2560 5780 monstrantur.
2622 5776 2628 5780 _
