3996 6158
473 134 600 219 ⁸379

470 266 483 315 ἓ
562 304 650 359 2i.
678 301 983 375 Disperlita
1006 302 1204 355 autem
1222 295 1439 353 divinis
1461 293 1711 367 eloquiis
1727 288 2020 349 sacrificia
2037 300 2145 359 pro

480 379 834 466 temporum
858 389 1336 459 congruentia,ut
1358 387 1472 443 alia
1492 386 1848 441 ﬁerentante
1872 376 2148 436 manifes-

497 483 776 539 tationem
826 478 970 535 Novi
1004 477 1381 544 Testamenti,
1416 476 1579 548 quod
1630 490 1701 530 ex
1740 474 1873 546 ipsa
1904 485 2043 524 vera
2091 471 2147 522 et

476 560 669 625 Qunius
696 567 1022 625 sacerdotis
1054 568 1311 632 victima,
1345 567 1459 623 hoc
1481 573 1585 631 est,
1614 581 1686 620 ex
1716 561 1908 618 effuso
1940 556 2148 615 Christi

492 660 784 730 sanguine
813 658 1201 723 ministratur,
1228 663 1283 713 et
1311 656 1468 712 aliud
1494 671 1649 710 nunc
1670 652 1833 726 quod
1858 650 1997 706 huic
2019 662 2149 703 ma-

488 748 854 807 nifestationi
886 763 1244 817 congruum,
1287 746 1388 817 qui
1415 746 1543 817 jam
1575 742 1875 799 declarato
1909 739 2150 794 nomine

491 837 797 895 christiani
822 837 1223 909 appellamur,
1246 834 1574 900 offerimus,
1603 848 1725 889 non
1754 830 1948 885 solum
1974 842 2151 883 evan-

493 926 717 999 gelicis,
740 942 944 981 verum
968 925 1146 981 etiam
1162 924 1521 996 propheticis
1540 921 1764 978 Litteris
1787 919 2153 974 demonstra-

491 1022 550 1074 tu
561 1016 847 1072 r.t\iutatio
862 1014 1085 1088 quippe
1101 1032 1219 1070 non
1238 1016 1353 1081 Dei,
1370 1030 1491 1069 non
1507 1012 1690 1084 ipsius
1705 1007 2026 1077 religionis,
2047 1004 2154 1060 sed

496 1105 922 1162 sacrificiorum
952 1108 1008 1159 et
1039 1107 1555 1159 sacramentorum
1588 1098 1966 1171 impudenter
1994 1109 2153 1150 nunc

498 1194 796 1250 videretur
810 1193 1150 1265 praedicata,
1168 1193 1277 1248 nisi
1296 1192 1502 1247 fuisset
1526 1196 1661 1245 ante
1696 1187 1989 1259 praedicta.
2008 1185 2157 1250 Que-

501 1282 786 1338 madmod
800 1300 897 1337 um
914 1284 1071 1337 enim
1096 1299 1249 1337 unus
1264 1281 1544 1351 idemque
1559 1279 1765 1346 homo,
1780 1275 1825 1330 si
1850 1278 1963 1330 Deo
1981 1287 2156 1329 mane

504 1371 663 1428 aliud
689 1371 919 1438 offerat,
942 1371 1104 1427 aliud
1133 1387 1397 1443 vespere,
1422 1386 1529 1441 pro
1549 1366 1937 1439 congruentia
1959 1359 2158 1417 diurni

499 1462 796 1535 temporis,
813 1477 933 1517 non
958 1462 1141 1516 Deum
1160 1466 1367 1527 mutat,
1385 1476 1491 1515 nec
1512 1456 1859 1527 religionem
1883 1454 2031 1508 sicut
2052 1465 2159 1505 nec

499 1551 753 1607 salutem
786 1552 887 1624 qui
914 1550 1028 1607 alio
1061 1550 1239 1607 modo
1264 1566 1459 1612 mane,
1489 1548 1606 1605 alio
1638 1560 1886 1617 vespere
1907 1541 2156 1597 salutat:

487 1628 581 1696 'ita
609 1640 677 1711 in
698 1642 972 1696 universo
1002 1646 1190 1697 tractu
1222 1638 1603 1699 saeculorum,
1628 1651 1767 1692 cum
1799 1630 1960 1689 aliud
1991 1629 2159 1686 obla-

492 1733 627 1811 tum
652 1734 743 1785 est
772 1730 850 1785 ab
887 1729 1147 1802 antiquis
1181 1729 1419 1799 sanctis,
1454 1726 1617 1782 aliud
1646 1725 1724 1781 ab
1755 1723 1837 1778 eis
1868 1721 1969 1793 qui
2002 1733 2161 1774 nunc

499 1824 638 1874 sunt
658 1817 920 1885 offertur,
943 1835 1064 1875 non
1087 1820 1355 1874 humana
1378 1813 1866 1888 praesumptione,
1892 1809 1996 1865 sed
2020 1824 2164 1865 auc-

499 1908 733 1963 toritate
759 1909 981 1974 divina,
1000 1908 1374 1979 temporibus
1394 1921 1662 1975 congrua
1684 1917 1852 1957 sacra
1878 1896 2163 1970 mysteria

500 1990 897 2063 Celebrantur,
942 2012 1060 2053 non
1094 2000 1244 2052 Deus
1275 2000 1377 2052 aut
1408 1994 1612 2065 religio
1644 1993 2070 2048 commutatur.

1067 2129 1314 2177 QUESTIO
1360 2127 1575 2176 QUARTA
1586 2151 1599 2164 .

508 2220 594 2276 De
623 2234 689 2277 eo
715 2220 874 2292 quod
896 2220 1185 2289 scriptum
1220 2226 1349 2277 est:
1393 2223 1454 2275 In
1492 2233 1615 2290 qua
1645 2229 1931 2271 mensura
1970 2208 2165 2267 mensi

686 2310 933 2375 fueritis,
959 2310 1299 2367 remetielur
1331 2308 1498 2366 vobis
1528 2306 1762 2378 (Matth.
1794 2320 1889 2370 vu,
1915 2303 1991 2373 2).

506 2450 509 2453 ν
578 2424 668 2479 ‘22.
696 2427 830 2480 Jam
855 2441 1013 2480 nunc
1035 2426 1252 2480 deinde
1276 2424 1587 2479 videamus
1609 2420 1785 2493 quale
1808 2419 1881 2473 sit
1904 2418 2067 2490 quod
2089 2416 2164 2471 de

498 2524 795 2569 mensura
815 2514 1043 2584 peccati
1056 2519 1232 2585 atque
1248 2512 1521 2584 supplicii
1545 2508 1875 2583 proposuit,
1889 2507 1972 2561 sic
1988 2509 2167 2560 Evan-

509 2602 662 2671 gelio
682 2601 1108 2659 calumniatus:
1125 2594 2169 2671 Minatur,inquit,Christussibinon

504 2691 900 2756 credentibus,
924 2697 1149 2748 aeterna
1169 2690 1675 2762 suppiicia(Joan.
1700 2703 1780 2752 Ill,
1796 2686 1885 2756 18)
1903 2701 1918 2750 ;
1945 2690 1997 2740 et
2024 2682 2172 2739 alibi

502 2784 595 2836 ait
621 2797 637 2834 :
664 2798 693 2831 κ
720 2779 788 2835 In
813 2795 933 2853 qua
956 2796 1236 2838 mensura
1259 2780 1442 2836 mensi
1460 2780 1718 2842 fueritis,
1741 2777 2053 2831 remetetur
2077 2788 2171 2828 vo-

510 2868 617 2924 bis.
646 2888 674 2918 ιι
704 2868 880 2934 Satis,
916 2870 1127 2941 inquit,
1160 2869 1418 2925 ridicule
1447 2871 1624 2939 atque
1652 2866 1959 2922 contrarie
1983 2879 1999 2918 :
2030 2876 2171 2917 nam

509 2960 562 3013 si
606 2958 689 3015 ad
715 2972 1055 3015 mensuram
1103 2959 1449 3015 redditurus
1498 2963 1580 3014 est
1613 2970 1869 3026 pernam,
1902 2959 1955 3010 et
1986 2950 2172 3008 omnis

510 3060 793 3105 mensura
822 3048 1273 3117 circumscripta
1296 3055 1378 3104 est
1402 3049 1522 3117 ﬁne
1556 3045 1853 3115 temporis,
1890 3043 2036 3115 quid
2064 3039 2176 3097 sibi

517 3139 726 3194 volunt
747 3139 921 3194 minas
944 3138 1170 3208 inﬁniti
1201 3138 1443 3207 supticii
1471 3138 1499 3191 ?

582 3231 669 3283 23.
700 3230 880 3283 Istam
902 3228 1295 3299 quaestionem
1317 3242 1354 3282 a
1370 3225 1791 3297 qualicumque
1814 3219 2177 3293 philosopho

508 3326 641 3371 esse
666 3316 958 3387 objectam
985 3322 1168 3387 atque
1189 3312 1830 3386 propositam,difﬁcile
1856 3315 1945 3365 est
1969 3310 2169 3364 crede.

509 3420 573 3460 re
594 3423 609 3461 :
641 3406 866 3476 quippe
886 3405 989 3475 qui
1013 3403 1113 3468 ait,
1145 3405 1345 3460 Omnis
1367 3419 1646 3459 mensura
1670 3400 2179 3457 circumscribitur

507 3500 791 3561 tempore,
814 3492 987 3564 quasi
1014 3505 1134 3548 non
1160 3493 1346 3549 soleat
1366 3491 1482 3547 nisi
1507 3498 1840 3563 temporum
1862 3504 1991 3543 esse
2017 3502 2178 3542 men.

503 3596 674 3645 sura,
708 3581 857 3637 sicut
890 3582 1180 3638 horarum
1226 3587 1281 3637 et
1320 3581 1553 3637 dierum
1589 3585 1646 3636 et
1692 3593 1990 3635 annorum
2022 3593 2036 3643 ;
2086 3576 2177 3635 vel

514 3663 671 3727 sicut
713 3670 969 3727 dicimus
1000 3672 1245 3727 brevem
1287 3670 1585 3744 syllabam
1626 3668 1914 3741 simplum
1956 3666 2176 3722 habere

506 3761 822 3833 temporis,
854 3760 933 3818 ad
960 3762 1253 3833 syllabam
1280 3763 1547 3832 longam.
1575 3764 1719 3815 Puto
1749 3757 1906 3813 enim
1939 3756 2176 3812 modios

506 3856 569 3907 et
605 3851 886 3915 rabones,
932 3866 1116 3906 urnas
1159 3855 1216 3906 et
1262 3850 1611 3922 amphoras,
1661 3864 1778 3904 non
1834 3852 2173 3918 temporum

512 3953 643 3997 esse
674 3954 1007 3996 mensuras.
1033 3940 1351 4005 Quomodo
1375 3955 1515 4009 ergo
1540 3939 1737 3995 omnis
1764 3952 2053 3993 mensura
2069 3936 2174 3991 cir-

510 4029 930 4085 cumscribitur
964 4035 1232 4102 tempore
1261 4030 1289 4083 ‘I
1327 4029 1538 4084 Nonne
1576 4028 1689 4099 ipsi
1727 4028 1950 4092 dicunt,
1982 4026 2173 4080 solem

508 4117 693 4172 istum
745 4118 1177 4190 sempiternum
1211 4131 1341 4172 esse
1366 4120 1400 4173 ?
1437 4117 1541 4189 qui
1573 4122 1773 4171 tamen
1804 4122 2069 4187 quantus
2099 4114 2174 4168 sit

510 4206 590 4263 ad
604 4212 844 4273 terram,
864 4207 1160 4263 mensuris
1180 4206 1554 4276 geometricis
1577 4205 1930 4277 perscrutari
1952 4203 2177 4260 audent

511 4302 572 4354 et
596 4297 956 4354 renuntiare.
990 4295 1155 4363 Quod
1189 4296 1314 4351 sive
1339 4295 1592 4368 possint,
1616 4295 1741 4349 sive
1770 4309 1891 4349 non
1918 4293 2173 4364 possint,

514 4391 750 4444 constat
768 4402 907 4443 eum
929 4392 1128 4443 tamen
1155 4384 1457 4459 pr0priam
1476 4385 1567 4439 sui
1591 4383 1752 4440 orbis
1773 4382 1995 4438 habere
2013 4397 2177 4437 men-

512 4490 741 4533 suram.
782 4476 934 4543 Quia
974 4481 1029 4532 et
1086 4477 1136 4532 si
1190 4473 1712 4546 comprehendunt
1764 4476 2029 4545 quantus
2079 4470 2171 4537 sit,

516 4578 865 4622 mensuram
909 4567 1038 4636 ejus
1093 4564 1609 4638 comprehendunt
1634 4582 1650 4633 ;
1706 4568 1764 4618 et
1801 4561 1851 4617 si
1895 4561 2011 4617 hoc
2054 4574 2174 4615 non

516 4649 941 4727 assequuntur,
999 4670 1343 4711 mensuram
1395 4654 1523 4724 ejus
1579 4652 1781 4725 utique
1829 4667 1950 4707 non
2009 4666 2174 4705 com~

517 4743 926 4816 prehendunt;
954 4744 1069 4799 ned
1094 4744 1231 4799 ideo
1258 4743 1421 4798 nulla
1446 4747 1551 4809 est,
1574 4743 1717 4813 quia
1741 4741 2013 4796 homines
2039 4754 2175 4794 eam

517 4842 695 4890 nosse
721 4844 841 4889 non
872 4837 1143 4905 possunt.
1178 4833 1379 4889 Potest
1408 4834 1584 4901 igitur
1610 4830 1835 4902 aliquid
1863 4836 1919 4884 et
1954 4828 2179 4899 sempi-

519 4927 758 4981 ternum
789 4937 945 4986 esse,
985 4926 1040 4978 et
1083 4926 1305 4978 certam
1340 4921 1432 4976 sui
1464 4918 1627 4975 modi
1673 4919 1899 4975 habere
1931 4932 2175 4973 mensu-

517 5026 669 5079 ram.
689 5011 1028 5071 Secundum
1046 5012 1209 5084 ipsos
1234 5013 1394 5067 enim
1415 5011 1489 5066 de
1515 5009 1650 5065 solis
1671 5010 1996 5065 aeternitate
2018 5005 2179 5063 locu-

521 5108 615 5161 tus
661 5108 819 5170 sum,
872 5114 935 5159 ut
979 5118 1091 5158 sua
1137 5102 1427 5158 sententia
1487 5098 1941 5163 convincantur,
1999 5101 2178 5168 atque

517 5193 859 5249 concedant
893 5208 1020 5249 esse
1040 5207 1214 5264 posse
1232 5189 1462 5263 aliquid
1484 5203 1619 5244 cum
1647 5203 1930 5243 mensura
1956 5187 2180 5258 sempi-

524 5284 785 5338 ternum.
801 5286 881 5338 Ac
896 5281 979 5337 sic
998 5297 1116 5337 non
1141 5280 1276 5337 ideo
1295 5283 1503 5352 putent
1525 5290 1647 5332 non
1658 5293 1788 5332 esse
1805 5275 2175 5332 credendum

525 5366 602 5433 de
628 5370 921 5439 supplicio
947 5369 1304 5441 sempiterno
1331 5366 1491 5439 quod
1504 5364 1765 5421 minatus
1781 5369 1868 5421 est
1889 5363 2179 5431 Christus,

527 5455 672 5527 quia
714 5456 875 5512 idem
904 5457 1093 5514 dixit:
1128 5458 1199 5515 In
1228 5473 1351 5530 qua
1380 5469 1661 5514 mensura
1693 5453 1879 5512 mensi
1920 5453 2179 5522 fueritis,

526 5546 875 5605 s‘eﬁsetietur
901 5547 1083 5605 vobis.

602 5638 694 5694 24.
750 5634 809 5690 Si
848 5635 1008 5690 enim
1046 5634 1309 5702 dixisset,
1352 5636 1527 5705 Quod
1563 5634 1757 5695 mensi
1798 5632 2042 5711 fueritis.
2070 5634 2187 5694 hoc

1712 171 1726 192 ‹
1765 148 1825 204 s.
1873 126 2259 202 AUGUSﬂNI
2300 126 2625 194 EPISCOPI

3765 128 3862 184 380

2252 281 2523 337 metietur
2546 278 2713 335 vobis
2738 296 2751 347 ;
2781 276 2958 333 etiam
2990 276 3074 332 sic
3100 289 3221 331 non
3247 271 3489 329 omnino
3519 270 3593 327 ad
3617 270 3867 328 eamdem

2252 389 2376 428 rem
2401 388 2470 427 ex
2494 370 2657 426 omni
2681 372 2848 442 parte
2873 382 3116 422 necesse
3130 362 3508 420 essetreferre
3522 361 3867 416 sententiam.

2255 464 2584 518 Possumus
2603 459 2764 515 enim
2787 463 2941 513 recte
2959 455 3175 520 dicere,
3203 452 3370 520 Quod
3386 450 3731 523 plantaveris
3750 449 3869 515 hoc,

2255 553 2540 624 decerpes
2571 568 2584 619 ;
2626 547 2904 621 quamvis
2946 561 3122 601 nemo
3154 543 3377 616 plantet
3422 556 3663 613 pomum
3693 538 3787 593 sed
3820 539 3875 595 li-

2255 639 2957 713 gnum,decerpatautem
2973 651 3223 708 pomum
3240 632 3431 701 magis
3452 645 3632 702 quam
3648 628 3874 698 lignum:

2260 729 2365 786 sed
2396 728 2540 785 illud
2575 727 2831 783 dicimus
2865 723 3201 781 secundum
3244 718 3473 777 arboris
3515 734 3716 788 genus,
3758 717 3881 787 quia

2258 835 2379 876 non
2418 819 2598 875 ficum
2638 818 2869 890 plantat
2903 814 3059 870 unde
3090 828 3303 868 nucem
3334 811 3633 879 decerpat.
3668 811 3741 861 Ita
3782 804 3881 859 dici

2259 914 2484 981 posset,
2518 908 2689 974 Quod
2716 906 2924 962 feceris
2960 902 3198 976 patieris
3235 920 3246 960 :
3292 916 3411 955 non
3457 903 3516 952 ut
3555 897 3599 950 si
3642 900 3882 963 stuprum

2260 1000 2479 1065 fecerit,
2513 1002 2786 1068 stuprum
2820 994 3084 1066 patiatur
3116 1010 3128 1059 ;
3161 990 3261 1046 sed
3300 987 3467 1062 quod
3509 989 3743 1058 peccato
3790 982 3884 1036 isto

2262 1088 2395 1145 fecit
2422 1087 2557 1156 legi,
2586 1086 2702 1142 hoc
2729 1085 2780 1140 ei
2811 1083 2902 1139 lex
2927 1082 3123 1146 faciat,
3157 1080 3213 1135 id
3247 1085 3352 1144 est,
3385 1076 3530 1149 quia
3560 1075 3740 1144 legem
3768 1070 3885 1127 talia

2263 1176 2672 1250 prohibentem
2696 1174 2765 1228 de
2789 1188 2897 1229 sua
2921 1170 3035 1227 vita
3053 1168 3314 1233 abstulit,
3331 1168 3563 1222 auferat
3582 1178 3715 1219 eum
3734 1161 3886 1216 etiam

2265 1249 2397 1339 ipsa
2421 1266 2514 1321 lex
2528 1265 2601 1320 de
2622 1262 2937 1319 hominum
2965 1262 3084 1316 vita
3106 1274 3289 1331 quam
3319 1256 3487 1325 regit.
3505 1253 3644 1308 Item
3667 1251 3714 1305 si
3737 1249 3887 1305 dixis-

2266 1357 2690 1420 set,Quantum
2716 1350 2902 1406 mensi
2933 1349 3175 1412 fueritis,
3207 1351 3439 1402 tantum
3467 1341 3789 1399 remetiatur
3810 1354 3889 1393 vo.

2266 1446 2394 1509 bis;
2431 1458 2538 1498 nec
2570 1442 2619 1497 si
2651 1445 2805 1496 esset
2831 1451 3213 1509 consequens
3242 1441 3303 1490 ut
3333 1433 3492 1488 omni
3525 1428 3702 1485 modo
3722 1442 3890 1499 aequa-

2267 1533 2351 1589 les
2384 1532 2638 1604 peccatis
2678 1544 2886 1601 poenas
2927 1525 3249 1597 intelligere
3302 1522 3682 1578 deberemus.
3719 1517 3889 1586 Neque

2268 1623 2427 1678 enim
2460 1617 2712 1693 aequalia
2743 1622 2902 1685 sunt,
2934 1616 3097 1673 verbi
3132 1614 3340 1685 gratia,
3386 1610 3647 1667 triticum
3686 1611 3736 1661 et
3780 1605 3895 1660 hor-

2268 1711 2480 1779 deum;
2512 1714 2565 1765 et
2600 1707 2858 1781 profecto
2880 1705 2995 1761 dici
3024 1705 3246 1776 posset,
3265 1702 3574 1770 Quantum
3603 1695 3777 1751 mensi
3801 1694 3896 1781 fue-

2269 1800 2413 1869 ritis,
2429 1780 2662 1855 tantum
2678 1796 3015 1853 remetietur
3029 1792 3217 1858 vobis,
3233 1792 3347 1847 hoc
3368 1791 3769 1860 est,quantum
3783 1780 3897 1837 triti-

2270 1890 2593 1961 ci,ftantum
2614 1886 2843 1942 hordei.
2860 1884 3033 1950 Quod
3057 1884 3105 1938 si
3131 1883 3205 1937 de
3223 1878 3539 1936 doloribus
3561 1874 3894 1945 agereturat-

2269 1994 2386 2051 que
2410 1976 2721 2040 diceretur,
2752 1973 3055 2042 Quantum
3090 1969 3360 2026 dolorem
3384 1962 3761 2037 ingesseritis,
3797 1965 3899 2012 tan-

2270 2050 2365 2124 tus
2387 2066 2686 2135 ingeretur
2709 2063 2903 2130 vobis;
2919 2061 3035 2116 fieri
3057 2063 3258 2132 posset
3274 2063 3333 2113 ut
3348 2062 3555 2111 tantus
3570 2050 3734 2107 dolor
3752 2051 3893 2135 esset,

2270 2156 2829 2228 quamvis,tempore
2857 2149 3211 2217 diuturnior,
3239 2149 3352 2203 hoc
3371 2150 3464 2201 est
3489 2157 3656 2198 mora
3679 2133 3896 2207 majorvi

2272 2227 2603 2317 par.Neque
2616 2243 2775 2299 enim
2794 2244 2840 2297 si
2859 2242 2933 2295 de
2946 2239 3186 2295 duabus
3201 2234 3464 2292 lucernis
3480 2233 3761 2293 dicamus,
3783 2227 3896 2317 Tan-

2273 2311 2401 2389 tum
2422 2311 2575 2403 ignis
2599 2331 2706 2387 iste
2725 2330 2922 2395 caluit,
2947 2334 3240 2401 quantum
3262 2324 3378 2390 ille;
3402 2322 3538 2378 ideo
3569 2318 3773 2375 falsum
3796 2311 3894 2375 erit,

2272 2423 2417 2496 quia
2444 2439 2563 2477 una
2588 2436 2797 2477 earum
2828 2418 2974 2475 forte
3006 2417 3175 2473 citius
3206 2413 3500 2470 exstincta
3534 2415 3644 2466 est.
3675 2406 3785 2463 Non
3812 2403 3897 2457 ila-

2276 2528 2393 2585 que
2434 2509 2729 2583 si‘aliquid
2761 2507 3091 2564 secundum
3124 2504 3285 2560 aliud
3321 2507 3554 2558 tantum
3585 2502 3689 2563 est,
3719 2505 3895 2549 secun-

2278 2583 2423 2656 dum
2448 2600 2606 2656 aliud
2624 2615 2741 2654 non
2760 2605 2844 2653 est
2866 2602 3109 2665 tantum,
3125 2594 3267 2667 quia
3285 2607 3407 2647 non
3426 2587 3593 2645 omni
3616 2583 3782 2641 modo
3800 2585 3897 2634 tan-

2277 2695 2403 2748 tum
2433 2695 2539 2756 est,
2570 2688 2702 2744 ideo
2734 2685 2915 2742 falsus
2945 2690 3029 2741 est
3065 2683 3280 2738 modus
3310 2682 3369 2735 in
3403 2694 3527 2753 quo
3559 2681 3775 2733 tantum
3810 2672 3893 2724 est.

2349 2783 2436 2834 '23.
2473 2781 2618 2835 Cum
2648 2792 2790 2833 vero
2816 2775 3039 2841 dixerit,
3069 2774 3137 2827 In
3159 2787 3273 2844 qua
3300 2780 3581 2825 mensura
3605 2762 3776 2819 mensi
3796 2760 3899 2828 fue-

2280 2868 2434 2934 ritis,
2481 2868 2825 2924 remetietur
2878 2864 3059 2929 vobis,
3109 2874 3370 2931 cumque
3412 2855 3783 2913 manifestum
3819 2847 3896 2934 sit,

2280 2933 2444 3013 aliud
2469 2971 2597 3011 esse
2627 2968 2971 3010 mensuram
3002 2952 3061 3006 in
3088 2966 3209 3022 qua
3241 2948 3481 3004 metitur
3507 2941 3742 3015 aliquid,
3764 2933 3899 2992 aliud

2281 3045 2476 3117 ipsam
2508 3045 2798 3117 remiquee
2825 3043 3094 3106 metitur;
3121 3040 3246 3110 jam
3279 3037 3405 3093 fieri
3437 3038 3628 3107 potest
3656 3030 3780 3086 utin
3804 3038 3899 3098 qua

2283 3149 2568 3190 mensura
2597 3132 2873 3189 homines
2901 3132 3091 3187 mensi
3123 3132 3341 3195 essent,
3376 3125 3541 3181 verbi
3573 3119 3779 3193 gratia,
3803 3127 3900 3169 mo-

2266 3224 2452 3279 ‘dium
2480 3222 2671 3291 tritici,
2694 3223 2752 3276 in
2778 3238 2850 3277 ea
2871 3221 2982 3276 illis
3007 3220 3353 3275 metirentur
3376 3215 3562 3271 millia
3585 3206 3897 3291 modiorum,

2286 3319 2349 3369 ut
2379 3319 2435 3369 et
2466 3312 3186 3379 tamfmultuminteresset
3208 3308 3265 3362 in
3289 3305 3621 3378 quantitate
3643 3290 3898 3355 frumenti,

2286 3406 2343 3458 et
2371 3402 2514 3457 nihil
2549 3402 2609 3456 in
2640 3415 2949 3455 mensura:
2986 3404 3046 3453 ut
3076 3401 3305 3453 taceam
3338 3395 3412 3448 de
3445 3394 3707 3465 ipsarum
3739 3394 3897 3440 rerum

2286 3490 2619 3546 diversitate
2650 3508 2663 3559 ;
2695 3490 2839 3561 quia
2871 3502 2989 3542 non
3017 3487 3211 3542 solum
3251 3483 3376 3539 ﬁeri
3411 3484 3609 3553 potest
3638 3483 3697 3533 ut
3723 3476 3775 3530 in
3805 3484 3899 3542 qua

2288 3594 2570 3636 mensura
2601 3579 2738 3651 quis
2760 3593 3006 3633 mensus
3028 3575 3196 3632 fuerit
3222 3569 3617 3635 hordeum,in
3642 3563 3900 3622 eaillime-

2288 3669 2463 3725 tiatur
2494 3649 2772 3737 triticum,
2796 3667 2899 3721 sed
2932 3668 2989 3721 in
3023 3681 3145 3737 qua
3187 3675 3470 3718 mensura
3504 3672 3737 3715 mensus
3764 3649 3900 3737 fuerit

2269 3758 2673 3823 'frumentum,
2710 3758 2766 3812 in
2802 3772 2873 3812 ea
2900 3754 2976 3811 illi
3011 3735 3286 3809 metiatur
3315 3764 3556 3814 aurum,
3588 3751 3642 3802 et
3664 3735 3899 3800 frumenti

2284 3848 2357 3903 sit
2384 3865 2538 3902 unus
2566 3846 2823 3911 modius,
2844 3845 2969 3900 auri
2994 3849 3212 3906 autem,
3235 3835 3776 3913 quamplurimi.lta
3790 3840 3897 3883 cum

2282 3937 2410 3992 sine
2427 3936 2874 4008 comparatione
2894 3948 3091 3990 rerum
3109 3932 3460 4003 ipsarum,et
3475 3942 3588 3998 gen
3598 3925 3901 3991 us,etquan-

2282 4025 2417 4083 titas
2447 4024 2700 4089 differat,
2734 4025 2847 4079 dici
2878 4031 3075 4078 tamen
3105 4021 3430 4075 rectissime
3461 4020 3654 4089 potest
3679 4027 3691 4068 :
3724 4011 3779 4065 In
3804 4017 3898 4076 qua

2284 4128 2567 4170 mensura
2608 4128 2856 4170 mensus
2887 4117 2995 4179 est,
3026 4112 3086 4166 in
3118 4125 3188 4165 ea
3216 4108 3295 4163 illi
3328 4106 3602 4162 metitum
3627 4106 3729 4158 est.
3760 4091 3897 4152 Unde

2284 4210 2483 4260 autem
2501 4203 2615 4259 hoc
2628 4200 3139 4262 dixeritChristus,
3155 4197 3333 4269 paulo
3350 4194 3631 4267 superius
3653 4188 3785 4245 satis
3801 4183 3897 4238 elu-

2282 4298 2399 4349 cet:
2421 4290 3137 4362 Nolite,inquit,iudicare
3153 4294 3213 4342 ut
3236 4302 3353 4342 non
3362 4277 3897 4364 judiceminidnqutt

2284 4382 2435 4439 enim
2445 4359 3566 4453 judiciojudicaveritisjudicabimini.
3587 4359 3848 4436 Numquid
3862 4359 3897 4453 si

2276 4444 2490 4543 iniquo
2520 4444 2747 4541 judicio
2786 4444 3169 4539 judicabun't,
3212 4464 3420 4536 iniquo
3464 4444 3899 4543 judicabantut"?

2273 4537 2467 4616 Absit.
2511 4537 2678 4616 {iiuna
2713 4537 2939 4631 quippe
2970 4557 3251 4628 iniquitas
3287 4552 3448 4625 apud
3491 4553 3690 4606 Deum.
3719 4537 3815 4598 Sed
3836 4537 3897 4631 ita

2284 4652 2508 4706 dictum
2525 4654 2628 4711 est,
2642 4650 2708 4703 In
2722 4624 3488 4718 ᾇαίλίιιιίἰσίοᾷωάὶσαυένὶῑίε
3502 4641 3559 4695 in
3574 4624 3896 4706 eojudicabi-

2283 4740 2449 4804 mini,
2466 4745 2758 4810 tanquam
2772 4737 3092 4791 diceretur.
3113 4738 3170 4788 ln
3187 4748 3309 4805 qua
3326 4730 3628 4786 'voluntate
3641 4718 3897 4810 beneface-

2284 4831 2430 4891 ritis,
2444 4829 2503 4883 in
2518 4804 3060 4899 ipsaliberabimini
3076 4842 3091 4894 ;
3109 4804 3221 4889 vel,
3241 4824 3436 4893 inqua
3450 4818 3741 4875 voluntate
3754 4804 3895 4899 male:

2286 4889 2557 4981 feceritis:
2592 4916 2652 4972 in
2683 4917 2816 4987 ipsa
2846 4889 3195 4987 puniemini.
3230 4889 3403 4965 Velut
3432 4910 3479 4962 si
3509 4906 3812 4987 quisquam
3828 4889 3896 4987 ad

2286 5012 2519 5077 turpem
2542 5003 3087 5075 concupiscentiam
3114 4999 3302 5056 oculis
3330 5002 3524 5059 utens,
3542 4985 3803 5050 excisuri
3821 4982 3893 5052 ju'

2289 5096 2547 5163 heretur,
2562 5099 2718 5149 recte
2743 5094 2943 5165 utique
2966 5090 3227 5146 audiret:
3254 5092 3316 5144 In
3346 5086 3569 5159 quibus
3601 5077 3774 5137 oculis
3791 5082 3896 5165 pec:

2289 5184 2522 5249 casti,in
2544 5184 2629 5238 eis
2654 5158 3017 5253 supplicium
3041 5178 3326 5234 meruisti.
3349 5158 3578 5233 iudicio
3602 5168 3749 5227 enim
3766 5158 3895 5234 quis-

2290 5291 2407 5347 que
2421 5274 2601 5330 animi
2620 5272 2730 5337 sui,
2747 5287 2849 5325 seu
2870 5271 3031 5326 bono
3045 5284 3149 5323 seu
3173 5266 3353 5333 malo,
3373 5266 3552 5321 utitur
3564 5258 3650 5316 vel
3665 5254 3734 5313 ad
3756 5254 3893 5307 bene-

2294 5345 2632 5421 faciendum
2674 5360 2766 5416 vel
2810 5356 3275 5431 afpeccandum.
3313 5354 3476 5411 Unde
3507 5364 3627 5407 non
3663 5345 3890 5432 iniquum

2293 5458 2384 5509 est
2407 5459 2466 5508 ut
2490 5453 2551 5507 in
2579 5466 2701 5523 quo
2724 5448 2959 5521 judicat
2990 5447 3049 5501 in
3079 5461 3149 5502 eo
3176 5444 3491 5515 judicetur,
3519 5441 3629 5495 hoc
3657 5438 3757 5523 est,
3781 5431 3891 5481 utin

2296 5543 2431 5614 ipso
2457 5519 2640 5597 animi
2671 5519 3005 5610 suijudicio
3030 5550 3242 5608 poenas
3263 5532 3557 5601 luat,cum
3578 5542 3646 5582 ea
3661 5519 3894 5614 malapa'

2299 5610 2435 5689 titur
2460 5646 2596 5709 quae
2620 5628 2775 5687 male
2791 5626 3164 5701 judicantem
3184 5623 3457 5683 animum
3477 5610 3890 5687 consequuntur:
