3996 6158
157 221 235 286 385
1341 205 1850 274 EPISTOLARUM
1888 205 2178 266 CLASSIS
2223 208 2293 267 II.

147 366 206 407 ne
218 347 487 422 appellare
507 343 785 416 dignatus
799 347 885 401 est
901 360 914 401 :
931 342 1432 417 Ego,inquit,sum
1452 338 1740 405 vermis,et

144 455 240 496 non
253 434 821 507 homo;opprobrium
841 434 1166 499 hominum,
1181 440 1235 490 et
1258 432 1511 503 abjectio
1529 429 1739 500 plebis.

146 525 626 598 Hocopprobrium
640 524 713 580 de
728 522 842 579 illis
853 522 1191 595 opprobriis
1206 526 1290 578 est
1307 537 1442 594 qua:
1460 519 1744 590 jubemur

141 632 239 674 non
257 620 504 671 metuere
518 630 620 685 per
647 614 860 668 Isaiam
873 612 1172 668 dicentem
1187 609 1546 680 :Opprobria
1561 606 1746 663 homi-

141 721 256 761 num
281 704 451 760 nolite
469 708 743 759 metuere.
765 701 854 756 Ab
875 701 986 758 isto
1013 717 1211 756 verme
1233 707 1513 772 tanquam
1539 697 1744 752 atinea

135 792 617 864 comeduntur,qui
649 791 762 846 sub
783 790 835 862 ej
847 807 915 845 us
936 793 1113 845 dente
1131 787 1480 858 evangelico
1504 801 1607 857 per
1628 784 1744 840 sin-

134 883 278 955 gulos
304 881 422 937 dies
461 881 819 953 paucitatem
851 896 1025 936 suam
1057 878 1391 935 deﬁciendo
1431 876 1742 932 mirantur.

133 975 227 1029 Nos
245 971 392 1026 hunc
412 976 899 1042 aguoscamus,et
918 985 1025 1042 pro
1040 968 1229 1024 salute
1242 967 1462 1032 divina,
1475 965 1745 1022 humana

131 1059 420 1132 opprobria
449 1059 1064 1116 snﬂ‘eramus.Vermis
1082 1063 1169 1114 est
1183 1061 1418 1130 propter
1448 1053 1746 1110 humilita-

130 1155 227 1206 tem
239 1150 420 1205 carnis
437 1166 452 1216 ;
469 1148 735 1206 fortassis
750 1149 926 1205 etiam
947 1152 1190 1220 propter
1211 1145 1452 1216 virginis
1481 1147 1740 1216 partum.

128 1241 250 1295 Nam
276 1238 382 1294 hoc
405 1238 632 1294 animal
663 1237 1017 1311 plerumque
1044 1237 1117 1292 de
1140 1250 1338 1300 carne,
1368 1232 1461 1289 vel
1485 1232 1559 1288 de
1589 1246 1741 1304 qua-

129 1343 420 1400 cumquere
435 1331 690 1394 terrena,
717 1328 844 1383 sine
861 1326 980 1383 ullo
997 1325 1311 1382 concubitu
1336 1320 1746 1378 nascitur.Ma-

128 1418 431 1483 tutinusest,
464 1417 610 1490 quia
629 1415 894 1472 diluculo
926 1415 1266 1472 resurrexit.
1287 1413 1515 1470 Poterat
1538 1410 1743 1482 utique

129 1505 208 1560 illa
220 1506 514 1562 cucurbita
535 1511 589 1561 et
601 1506 726 1561 sine
742 1505 862 1561 ullo
877 1504 1201 1560 vermiculo
1221 1496 1745 1558 arescere.Postre-

129 1610 206 1649 mo
225 1594 265 1650 si
289 1593 548 1651 habebat
577 1595 731 1650 Deus
762 1594 840 1650 ad
869 1594 984 1650 hoc
1013 1607 1278 1649 vermem
1308 1588 1741 1655 necessarium,

128 1683 244 1755 quid
268 1699 413 1755 opus
430 1689 557 1740 erat
583 1684 804 1740 addere
825 1681 1323 1747 matutinum,nisi
1338 1686 1398 1735 ut
1415 1677 1509 1735 ille
1523 1677 1740 1732 vermis

127 1779 531 1845 agnosceretur,
551 1773 654 1846 qui
683 1777 886 1829 cantat
895 1788 1007 1843 pro
1031 1770 1398 1841 susceptione
1409 1766 1706 1824 matutina
1725 1784 1742 1822 :

129 1861 228 1932 Ego
253 1870 438 1918 autem
470 1878 603 1918 sum
629 1860 864 1926 vermis,
905 1868 958 1918 et
991 1877 1108 1916 non
1128 1860 1297 1916 homo
1321 1858 1350 1913 ‘t

179 1950 254 2006 37.
284 1951 428 2016 Quid
453 1952 566 2008 ista
596 1951 908 2024 prophetia
923 1951 1051 2022 jam
1070 1951 1204 2022 ipso
1229 1964 1427 2004 rerum
1455 1945 1666 2001 effectu
1689 1947 1746 2001 et

128 2039 511 2112 adimpletioue
535 2039 796 2096 lucidius
828 2042 845 2076 ¹
878 2039 906 2094 ‘t
935 2039 992 2095 Si
1025 2040 1230 2095 irrisus
1263 2042 1353 2093 est
1382 2035 1602 2092 vermis
1635 2034 1744 2090 iste

125 2142 233 2184 cum
251 2130 600 2202 penderetin
615 2145 810 2194 cruce,
827 2129 1045 2185 sicutiu
1068 2128 1276 2184 eodem
1302 2125 1537 2198 psalmo
1561 2123 1741 2195 scrip-

125 2225 219 2272 tum
240 2225 338 2284 est,
360 2217 578 2275 Locuti
596 2222 735 2275 sunt
757 2217 952 2283 labiis,
981 2223 1035 2273 et
1057 2221 1365 2273 moverunt
1389 2219 1590 2284 caput.
1614 2212 1743 2282 Spe-

124 2306 246 2361 ravit
288 2308 345 2363 in
389 2309 601 2372 Deum,
647 2312 818 2364 eruat
867 2321 1030 2376 eum,-
1061 2308 1293 2362 salvum
1344 2305 1538 2374 faciat
1587 2317 1740 2366 eum,

123 2397 357 2464 quoniam
381 2397 506 2453 vult
525 2412 682 2461 eum,
701 2412 838 2452 cum
856 2394 1154 2464 completa
1180 2401 1466 2465 suntquae
1493 2391 1572 2447 ibi
1595 2406 1742 2463 prae-

122 2481 254 2552 dixit,
278 2485 576 2542 Fuderunt
601 2500 817 2542 manus
843 2499 1001 2541 meas
1027 2490 1079 2540 et
1104 2483 1299 2553 pedes,
1331 2483 1741 2537 dinumerave—

122 2582 252 2639 runt,
268 2578 456 2632 omnia
480 2590 616 2632 ossa
637 2591 786 2633 mea.
809 2574 935 2644 Ipsi
955 2589 1091 2631 vero
1116 2571 1665 2633 consideraverunt,
1685 2576 1740 2625 et

122 2671 510 2732 conspexerunt
531 2680 640 2731 me,
664 2663 991 2721 diviserunt
1016 2662 1128 2718 sibi
1145 2663 1487 2718 vestimenta
1511 2673 1660 2723 mea,
1685 2665 1738 2713 et

120 2765 265 2821 super
275 2763 475 2812 vestem
493 2769 689 2811 meam
704 2755 989 2810 miserunt
1004 2759 1245 2823 sortem;
1256 2768 1292 2824 q
1303 2750 1419 2806 uod
1436 2754 1600 2805 tanta
1616 2764 1736 2804 ma-

122 2841 449 2900 niiestatione
480 2845 756 2900 futurum
778 2843 836 2898 in
863 2842 1015 2898 libro
1047 2843 1293 2913 antiquo
1325 2839 1734 2911 prophetatur,

122 2937 310 3001 quanta
337 2933 827 2989 manifestatione
871 2931 1090 2987 factum
1133 2931 1192 2986 in
1227 2944 1386 2985 novo
1418 2926 1736 2997 Evangelio

121 3018 357 3078 recitatur
383 3041 397 3082 :
432 3021 544 3079 sed
566 3021 695 3077 siin
717 3021 828 3077 hac
842 3019 1196 3085 humilitate,
1234 3023 1292 3074 ut
1320 3018 1516 3073 dicere
1542 3031 1736 3087 coepe-

125 3122 244 3175 ram,
279 3112 383 3167 iste
415 3112 644 3169 vermis
673 3112 880 3167 irrisus
909 3115 1016 3175 est,
1049 3108 1345 3181 numquid
1377 3107 1574 3163 adhuc
1613 3104 1734 3160 irri-

120 3197 312 3257 dendus
335 3207 420 3258 est
443 3217 591 3258 cum
621 3217 691 3256 ea
714 3200 1002 3273 compleri
1024 3197 1347 3263 cernimus,
1373 3211 1508 3269 quae
1533 3211 1738 3250 conse-

119 3288 320 3358 quentia
347 3291 624 3363 psalmus
653 3290 779 3362 ipse
804 3288 1004 3355 habet,
1039 3284 1664 3344 Commemorabuntur
1685 3287 1736 3339 et

120 3386 505 3436 convertentur
537 3380 617 3435 ad
652 3378 970 3435 Dominum
998 3377 1261 3433 universi
1287 3377 1432 3444 ﬁnes
1455 3381 1648 3437 terra,
1683 3375 1736 3427 et

121 3465 412 3525 adorabunt
442 3470 514 3525 in
538 3473 850 3538 conspectu
881 3469 1009 3538 ejus
1040 3467 1330 3522 universae
1351 3463 1568 3534 patria
1587 3477 1734 3532 gen-

121 3553 234 3612 tium
263 3579 280 3626 ;
307 3560 594 3630 quoniam
619 3557 857 3614 Domini
875 3572 932 3614 es
953 3572 1223 3627 regnum,
1242 3561 1292 3611 et
1316 3554 1440 3624 ipse
1469 3551 1735 3607 domina-

122 3640 514 3716 biturgentium
530 3646 901 3717 (Psal.xxx,7-
914 3645 1123 3714 29).Sic
1135 3659 1266 3699 com
1276 3642 1576 3697 memorati
1595 3643 1735 3694 sunt

119 3731 359 3802 Ninivitaa,
377 3736 729 3793 etconversi
755 3741 894 3791 sunt
924 3735 1000 3791 ad
1030 3733 1371 3789 Dominum.
1397 3730 1560 3786 Hanc
1581 3728 1735 3784 salu-

119 3825 210 3878 tem
241 3826 596 3896 poenitentiae
628 3825 902 3881 Gentium
933 3829 1095 3880 tanto
1121 3828 1258 3878 ante
1288 3820 1731 3893 prmﬁguratam

119 3909 317 3979 intona,
334 3915 583 3972 dolebat
595 3913 797 3985 Israel,
814 3914 962 3970 sicut
978 3927 1134 3968 nunc
1147 3911 1305 3967 dolet
1319 3907 1735 3966 umbrauuda-

121 4002 207 4067 lus,
226 4010 272 4058 et
297 4010 431 4060 astu
458 4004 790 4060 sauciatus.
820 4003 1012 4059 Liceat
1041 4016 1184 4057 sane
1214 3999 1453 4055 cuilibet
1481 3997 1735 4070 quamli-

121 4084 195 4143 bet
220 4090 388 4160 aliter,
438 4094 592 4148 dum
643 4097 843 4149 tamen
886 4089 1216 4147 secundum
1261 4087 1528 4158 regulam
1571 4084 1730 4153 ﬁdei,

120 4182 647 4254 ceteraomuiaqute
660 4180 734 4237 de
746 4181 898 4237 lona
911 4179 1202 4252 propheta
1216 4176 1512 4250 mysteriis
1526 4179 1734 4248 operta

121 4274 243 4333 sunt,
261 4271 503 4342 aperire.
539 4269 687 4326 Illud
715 4269 887 4341 plane
905 4269 1069 4342 quod
1088 4267 1148 4324 in
1171 4271 1376 4324 ventre
1405 4265 1513 4322 ceti
1538 4265 1734 4322 triduo

120 4352 219 4425 fuit,
243 4358 460 4416 tasnon
487 4364 578 4416 est
599 4358 1124 4430 aliterintelligere,
1148 4373 1334 4430 quam
1366 4355 1443 4412 ab
1468 4354 1599 4427 ipso
1621 4370 1735 4409 etB-

118 4441 217 4499 testi
233 4450 503 4520 magistro
525 4448 585 4504 in
602 4447 922 4518 Evangelio
946 4445 1550 4503 commemoravimus
1573 4459 1735 4501 reve-

117 4528 285 4592 latum.

172 4623 246 4678 38.
276 4627 581 4700 Proposita
609 4625 997 4698 exposuimus
1030 4629 1090 4680 ut
1122 4622 1428 4697 potuimus
1459 4639 1472 4678 :
1504 4620 1612 4678 sed
1639 4620 1732 4677 ille

115 4711 197 4781 qui
219 4717 536 4788 proposuit,
556 4716 682 4788 jam
707 4715 778 4771 sit
802 4714 1178 4779 christianus,
1197 4729 1269 4769 ne
1283 4713 1427 4769 forte
1449 4727 1586 4767 cum
1601 4726 1734 4767 exs-

117 4808 279 4868 pectat
305 4811 436 4862 ante
450 4805 767 4862 Librorum
789 4808 1132 4860 sanctorum
1147 4802 1315 4858 ﬁnire
1345 4802 1730 4874 qumstiones,

118 4888 252 4957 prius
279 4893 439 4951 ﬁniat
460 4893 669 4959 vitam,
694 4893 1056 4965 istamquam
1087 4897 1352 4948 transeat
1382 4907 1418 4947 a
1439 4895 1627 4946 morte
1653 4889 1732 4945 ad

117 4974 283 5034 vitam.
313 4983 463 5038 Ferri
493 4982 654 5039 enim
679 4986 893 5055 potest,
925 4980 1090 5054 quod
1121 4985 1439 5053 antequam
1468 4978 1733 5034 christia-

117 5062 191 5118 nis
238 5071 619 5128 sacramentis
665 5071 992 5137 imbuatur,
1041 5069 1256 5143 quaerit
1305 5069 1380 5125 de
1431 5083 1734 5124 resurrec-

117 5151 247 5212 tione
292 5165 685 5217 mortuorum.
720 5159 1186 5216 Concedendum
1226 5159 1404 5214 etiam
1459 5157 1733 5214 fortassis

117 5245 256 5313 quod
282 5247 350 5304 de
380 5249 608 5307 Christo
659 5249 951 5323 quaesivit,
997 5265 1100 5306 cur
1131 5254 1293 5306 tanto
1322 5252 1456 5320 post
1486 5247 1730 5312 venerit,

117 5332 192 5386 vel
215 5335 257 5390 si
284 5353 412 5410 quee
440 5344 579 5395 sunt
603 5338 730 5396 alia:
761 5355 968 5412 pauca:
999 5343 1055 5395 et
1087 5353 1323 5409 magnae
1346 5336 1731 5411 qumstiones,

117 5421 301 5490 quibus
330 5434 534 5484 caetera
560 5429 907 5485 inserviunt.
943 5428 995 5485 Si
1029 5432 1230 5484 autem
1262 5427 1459 5500 qualis
1485 5431 1576 5482 est
1608 5425 1730 5493 illa,

119 5507 175 5563 In
195 5526 298 5583 qua
324 5532 594 5574 mensura
617 5517 799 5574 mensi
832 5516 1094 5588 fueritis,
1125 5516 1397 5573 metietur
1427 5515 1606 5582 vobis,
1640 5516 1733 5572 vel

167 5669 313 5742 ιβιδ.
347 5688 530 5742 omnes
564 5691 578 5727 :
612 5676 854 5742 Lucidius
883 5674 910 5726 9
941 5676 1112 5742 Neque
1142 5676 1277 5726 enim
1324 5675 1370 5726 si
1419 5674 1608 5726 irrisus
1638 5680 1726 5728 est.

119 5725 248 5784 Vorte
272 5725 384 5801 pro,
407 5725 863 5806 Numquidenim.‘

3393 207 3500 268 38,
3522 233 3526 237 ,

1849 334 2048 409 qualis
2085 335 2198 392 ista
2227 335 2301 392 de
2339 337 2510 404 tona,
2540 335 2719 392 etiam
2751 349 2964 393 omnes
3001 334 3148 392 tales
3177 340 3503 410 antequam

1852 425 1928 480 sit
1960 425 2322 482 christianus
2372 425 2541 481 ﬁnire
2589 425 2828 494 cogitat,
2876 441 3201 497 perparum
3233 427 3250 463 ¹
3285 427 3508 497 cogitat

1849 514 1944 570 vel
1962 514 2368 570 conditionem
2395 518 2746 580 humanam,
2766 513 2860 570 vel
2885 519 3120 571 tetatem
3143 515 3272 586 jam
3305 533 3505 575 suam.

1851 605 2003 659 Sunt
2030 603 2192 659 enim
2225 603 2710 669 innumerabiles,
2743 619 2876 676 quae
2907 619 3030 660 non
3061 610 3198 660 sunt
3227 604 3505 662 ﬁniendae

1852 698 1988 748 ante
2017 692 2198 748 ﬁdem
2228 709 2300 748 ne
2331 692 2570 748 ﬁniatur
2600 693 2717 748 vita
2746 692 2872 748 sine
2904 693 3039 748 fide.
3082 693 3196 749 Sed
3224 695 3394 765 plane
3420 711 3509 752 re-

1850 786 2012 839 tenta
2035 782 2164 854 jam
2192 782 2330 848 ﬁde,
2359 782 2437 839 ad
2467 783 2820 838 exercedam
2861 783 3023 854 piam
3050 783 3505 841 delectationem

1851 871 2144 927 mentium
2201 871 2469 928 ﬁdelium
2528 870 2960 928 studiosissime
3009 872 3404 944 requirendos,
3449 878 3508 930 et

1849 960 2015 1033 quod
2042 960 2102 1016 in
2136 962 2220 1017 eis
2249 960 2513 1031 eluserit,
2545 961 2670 1016 sine
2696 960 2880 1033 typho
2911 966 2931 997 ⁸
2962 962 3316 1032 arrogantiae
3346 978 3507 1018 com-

1851 1050 2283 1107 municandum
2319 1067 2333 1117 ;
2384 1050 2550 1123 quod
2581 1055 2782 1108 autem
2835 1050 3089 1121 latuerit,
3137 1051 3263 1107 sine
3294 1052 3505 1108 salutis

1850 1139 2167 1211 dispendio
2200 1139 2599 1196 tolerandum.

2349 1283 2679 1341 EPISTOLA
2721 1284 2835 1340 CIII
2857 1285 2887 1317 ⁸
2905 1284 3002 1357 (a).

1849 1430 2108 1487 Nectario
2131 1431 2559 1502 petentioeniam
2580 1430 2758 1485 tribui
2782 1429 2988 1485 civibus
2998 1431 3112 1486 suis
3141 1431 3500 1503 rescripserat

1920 1521 2259 1592 Augustinus
2281 1522 2341 1574 in
2365 1520 2545 1591 Epist.
2573 1520 2664 1584 97,
2695 1535 2802 1574 non
2829 1520 3011 1574 decere
3037 1520 3398 1575 christianum
3425 1520 3508 1574 be-

1919 1609 2293 1678 nevolentiam,
2335 1615 2398 1664 ut
2450 1609 2662 1679 insigne
2709 1608 2854 1664 illud
2906 1609 3304 1665 Calamensium
3339 1610 3507 1664 scelus

1921 1699 2246 1769 impunitum
2271 1697 2488 1752 omnino
2520 1697 2854 1752 dimittatur.
2891 1697 3029 1753 Huic
3058 1714 3281 1752 rursum
3310 1696 3504 1752 scribit

1920 1787 2236 1853 Nectarius,
2287 1785 2564 1841 blandiens
2609 1803 2671 1840 ac
2698 1786 3016 1856 suppliciter
3060 1785 3290 1840 suadens
3319 1792 3381 1842 ut
3434 1787 3508 1841 iis

1915 1883 2184 1948 parcatur
2221 1875 2334 1931 sine
2360 1876 2479 1932 ulla
2509 1877 2838 1947 emceptione.

1852 2018 2104 2076 Domino
2134 2023 2288 2074 recte
2337 2035 2407 2074 ac
2449 2017 2657 2073 merito
2703 2017 3089 2090 suscipiendo
3121 2021 3174 2074 et
3218 2016 3502 2074 omnibus

1921 2108 2115 2164 modis
2139 2107 2498 2164 honorando
2529 2107 2695 2164 fratri
2717 2112 3053 2174 Aucusrmo,
3086 2109 3418 2177 Nacraaxus,
3441 2108 3504 2161 in

1919 2197 2174 2254 Domino
2199 2197 2473 2253 salutem.

1922 2338 1974 2391 1.
2002 2337 2242 2407 Sumptis
2265 2337 2466 2392 litteris
2491 2335 2986 2402 Ezimietatistuw,
3013 2335 3203 2408 quibus
3228 2335 3501 2392 idolorum

1847 2427 2126 2493 cultu-m,et
2141 2426 2456 2498 templorum
2469 2426 2788 2481 cerimonias
2800 2426 3130 2482 destruxisti
3138 2426 3348 2489 .audire
3364 2426 3505 2482 mihi

1847 2518 1990 2571 visus
2011 2534 2128 2572 sum
2157 2515 2468 2587 philos0phi
2492 2531 2694 2580 vocem,
2727 2531 2831 2570 non
2862 2514 3016 2569 illius
3035 2531 3185 2587 quem
3215 2517 3275 2570 in
3299 2513 3505 2571 Acade-

1846 2607 1971 2660 miae
1990 2606 2163 2661 Licaso
2183 2612 2504 2672 memorant,
2533 2604 2818 2658 tenebrosis
2847 2603 3003 2658 humo
3022 2605 3239 2675 angulis
3266 2605 3502 2660 residen-

1846 2701 1969 2757 tem,
1993 2712 2058 2749 σω
2084 2695 2358 2765 profunda
2385 2695 2614 2766 quadam
2639 2692 2960 2764 cogitatione
2986 2692 3302 2758 demersum,
3334 2692 3500 2748 redu-

1843 2783 1943 2839 ctis
1976 2784 2045 2838 ad
2067 2784 2310 2853 frontem
2338 2792 2497 2854 caput
2523 2782 2854 2853 implicuisse
2896 2781 3140 2851 genibus,
3169 2789 3226 2836 ut
3257 2782 3498 2838 aliorum

1839 2873 2116 2944 praclara
2147 2874 2367 2928 inventa
2404 2873 2665 2927 doctrinae
2681 2887 2870 2940 egenus
2897 2871 3116 2942 quidam
3137 2871 3502 2926 calumniator

1842 2966 2436 3034 oppugnet,assertaque
2447 2960 2734 3032 praeclare,
2749 2977 2870 3014 cum
2894 2975 3051 3015 suum
3069 2960 3499 3031 nihildefendat,

1841 3058 2087 3108 accuset:
2115 3051 2204 3105 sed
2247 3050 2405 3120 plane
2442 3051 2707 3104 excitatus
2737 3048 2986 3103 oratione
3015 3055 3110 3103 tua
3154 3055 3278 3103 ante
3325 3049 3500 3104 oculos

1842 3139 1996 3194 stetit
2013 3139 2088 3197 Μ.
2109 3138 2656 3203 Tulliusconsularis,
2682 3137 2776 3208 qui
2797 3137 3104 3191 innumeris
3130 3138 3333 3192 civium
3351 3137 3500 3207 capi-

1845 3229 1992 3284 tibus
2020 3228 2365 3288 conservatis.
2390 3226 2618 3297 forensis
2635 3225 2809 3296 campi
2826 3227 2985 3296 signa
3004 3226 3260 3280 victricia
3282 3233 3500 3297 stupen-

1847 3317 1985 3371 tibus
2013 3317 2239 3372 Graecise
2250 3315 2442 3371 scholis
2457 3315 2737 3369 laureatas
2759 3314 3016 3385 inferret,
3045 3313 3324 3386 tubamque
3344 3313 3499 3368 illam

1842 3422 2055 3462 canore
2085 3406 2224 3461 vocis
2253 3412 2300 3460 et
2328 3406 2549 3476 tingue,
2578 3420 2735 3475 quam
2760 3404 2822 3458 in
2849 3404 3145 3459 criminum
3171 3420 3288 3459 reos
3311 3410 3362 3459 et
3387 3404 3500 3458 rei-

1847 3496 2072 3567 publicz
2090 3496 2430 3566 parricidas,
2444 3493 2655 3566 spiritu
2674 3493 2838 3564 justas
2853 3492 3253 3563 indignationis
3274 3493 3501 3562 inflave-

1847 3591 1938 3639 rat
1947 3626 1960 3649 ,
1974 3584 2197 3639 anhelus
2220 3584 2530 3648 inverteret,
2548 3589 2819 3652 togamque
2830 3581 2998 3653 ipsam
3013 3599 3278 3654 rugarum
3286 3584 3501 3654 paginis

1846 3673 2116 3737 resolutis,
2135 3673 2431 3743 palliorum
2458 3672 2706 3726 imitatus
2742 3672 2989 3742 speciem,
3024 3678 3378 3743 retorqueret.

1919 3763 1971 3816 2.
2007 3763 2151 3832 Ergo
2171 3777 2288 3815 cum
2319 3777 2411 3815 nos
2449 3761 2518 3814 ad
2545 3760 3050 3830 exsuperantissimi
3068 3760 3161 3814 Dei
3189 3762 3392 3817 cultum
3416 3778 3502 3816 re-

1846 3852 2204 3922 ligionemque
2227 3849 2589 3920 compellens,
2610 3849 3070 3918 libenteraudivi;
3091 3865 3209 3903 cum
3237 3851 3500 3907 cwlestem

1841 3941 2084 4012 patriam
2103 3939 2419 3993 intuendam
2444 3955 2549 3992 esse
2563 3937 2834 4006 suaderes,
2854 3943 3141 4009 gratanter
3164 3939 3359 4009 accepi.
3375 3939 3500 3994 Non

1845 4030 1988 4084 enim
2007 4028 2158 4084 illam
2182 4028 2319 4083 mihi
2339 4029 2606 4082 civitatem
2620 4027 2796 4082 dicere
2808 4025 3074 4091 videbare,
3089 4043 3245 4097 quam
3268 4027 3499 4082 muralis

1845 4118 2045 4190 aliquis
2076 4133 2240 4189 gyrus
2269 4124 2490 4183 coercet,
2535 4133 2630 4171 nec
2669 4116 2822 4171 illam
2857 4131 3016 4187 quam
3059 4115 3500 4188 philosophorum

1846 4215 2114 4264 tractatus
2164 4206 2493 4262 mundanam
2536 4221 2837 4260 memorans
2881 4222 3206 4260 communem
3248 4205 3498 4262 omnibus

1844 4299 2132 4369 proﬁtetur
2157 4318 2176 4366 ,-
2205 4297 2294 4351 sed
2330 4312 2489 4368 quam
2519 4311 2747 4367 magnus
2773 4295 2942 4360 Deus,
2975 4299 3024 4350 et
3057 4292 3179 4350 bene
3199 4295 3411 4351 meritae
3435 4295 3500 4350 de

1843 4403 1900 4442 eo
1947 4386 2143 4441 animm
2170 4385 2416 4440 habitant
2465 4391 2621 4456 atque
2649 4384 2910 4448 incolunt,
2961 4401 3121 4454 quam
3161 4401 3337 4440 omnes
3367 4384 3500 4456 leges

1844 4476 2076 4531 diversis
2088 4476 2196 4530 viis
2223 4482 2273 4530 et
2293 4473 2610 4531 tramitibus
2638 4480 2922 4543 appetunt,
2954 4489 3111 4543 quam
3137 4473 3389 4544 loquendo
3411 4488 3500 4528 ex.

1838 4566 2078 4636 primere
2098 4581 2202 4618 non
2228 4579 2518 4635 possumus,
2555 4561 2832 4632 cogitando
2864 4561 3104 4631 forsitan
3136 4563 3379 4617 invenire
3408 4580 3500 4618 ea:-

1841 4654 2084 4726 primere
2095 4670 2198 4706 non
2223 4667 2523 4722 possumus,
2547 4650 2828 4721 cogitando
2854 4649 3091 4722 forsitan
3106 4651 3350 4707 invenire
3374 4668 3499 4724 pos-

1841 4758 2032 4798 semus.
2049 4741 2177 4796 Haec
2195 4758 2319 4812 ergo
2345 4740 2466 4795 licet
2476 4739 2868 4810 principaliter
2884 4740 3183 4810 appetenda
3193 4748 3349 4812 atque
3368 4743 3499 4798 dili-

1841 4832 2013 4904 genda
2039 4831 2133 4896 sit,
2167 4837 2348 4886 tamen
2386 4829 2543 4886 illam
2582 4847 2686 4884 non
2737 4828 2986 4885 arbitror
3032 4829 3395 4899 deserendum,
3437 4833 3498 4888 in

1841 4938 1947 4994 qua
1975 4921 2097 4975 nati
2115 4926 2167 4975 et
2202 4921 2370 4991 geniti
2405 4935 2592 4975 sumus
2623 4939 2642 4977 :
2662 4935 2779 4990 quae
2805 4921 2991 4991 prima
3015 4920 3163 4976 nobis
3188 4939 3338 4978 usum
3364 4921 3499 4977 lucis

1841 5010 2003 5080 hujus
2031 5008 2263 5079 infudit,
2303 5024 2421 5080 quae
2451 5007 2614 5073 aluit,
2640 5023 2757 5079 quae
2787 5006 3050 5079 educavit,
3083 5016 3152 5075 et,
3184 5017 3244 5064 ut
3265 5009 3403 5080 quod
3426 5008 3498 5062 ad
3543 5028 3549 5036 ι

1842 5115 2056 5156 causam
2079 5098 2302 5169 proprie
2315 5097 2554 5169 pertinet
2584 5095 2780 5166 dicam,
2799 5096 2862 5152 de
2885 5112 2990 5170 qua
3022 5097 3144 5152 bene
3171 5098 3389 5153 meritis
3408 5097 3495 5152 oi-

1903 5299 1918 5362 !
1945 5297 2089 5362 ιον..
2122 5309 2418 5362 perperam.
2451 5295 2553 5347 Sed
2585 5296 2948 5362 meliusualss"
2982 5309 3278 5362 perparum.

1904 5361 1922 5391 ³
1946 5361 2092 5416 Mss.,
2122 5359 2261 5423 typo.
2322 5361 2404 5409 Sic
2453 5360 2946 5423 passimscribitur
2992 5359 3205 5410 sublata
3231 5360 3408 5412 littera
3434 5361 3487 5413 h.

1905 5375 1922 5391 ι
1946 5375 2092 5416 ωδε..
2125 5375 2261 5471 typo.
2322 5375 2404 5409 me
2453 5375 2807 5434 paSSlm‘Scrlt

1841 5423 1993 5484 Quod
2030 5437 2172 5473 seme
2222 5424 2536 5472 observasse
2561 5421 2807 5471 sufﬁciet.

1902 5485 1921 5506 ‘
1951 5485 2138 5549 Epistt.
2163 5484 2279 5549 Cll!
2314 5488 2367 5549 et
2400 5485 2506 5533 CIV
2532 5485 2802 5549 incassum
2819 5484 3166 5549 quaesivimus
3191 5485 3245 5536 in
3271 5485 3491 5540 Gallica-

1840 5548 1924 5597 nis
1977 5545 2113 5615 ﬂss._
2156 5547 2458 5615 Emendata:
2492 5549 2620 5615 sunt
2648 5545 3077 5615 adjaticanum
3107 5551 3397 5615 exemplar,
3427 5564 3493 5602 ex

1841 5625 1949 5675 quo
1973 5609 2210 5675 antehac
2229 5609 2538 5675 prodierant
2570 5609 2625 5657 in
2654 5607 2948 5672 publicum.

1903 5625 1949 5660 ιο
1973 5625 2198 5659 antehac
2267 5625 2538 5659 muleram.
2570 5625 2625 5657 In
2654 5625 2948 5672 pumicum.

1903 5681 1972 5746 (ᾳ)
1996 5625 2262 5746 .Aliaszsng
2280 5669 2516 5721 secunda
2530 5683 2705 5746 Lque:
2734 5675 2916 5746 autem
2933 5675 3022 5724 {03
3046 5678 3178 5737 erat,
3208 5691 3353 5730 nunc
3379 5673 3491 5728 2n.

1773 5769 1778 5777 ι
1839 5734 2050 5801 Scripta
2071 5738 2195 5787 ante
2217 5734 2379 5785 ﬁnem
2408 5734 2702 5786 martii'an.
2734 5736 2845 5785 400.
