  <div class='ocr_page' id='page_1' title='image "/cluster/home/n/w/nwhite01/storage/ocr_20150623/33/hvd.32044096580568/191.png"; bbox 0 0 4074 6158; ppageno 0'>
   <div class='ocr_carea' id='block_1_1' title="bbox 455 271 2107 361">
    <p class='ocr_par' dir='ltr' id='par_1_1' title="bbox 455 271 2107 361">
     <span class='ocr_line' id='line_1_1' title="bbox 455 271 2107 361; baseline -0.016 -10"><span class='ocrx_word' id='word_1_1' title='bbox 455 293 558 361; x_wconf 84' lang='lat' dir='ltr'><strong><em>ris,</em></strong></span> <span class='ocrx_word' id='word_1_2' title='bbox 597 291 909 349; x_wconf 71' lang='lat' dir='ltr'><strong><em>doctissimi</em></strong></span> <span class='ocrx_word' id='word_1_3' title='bbox 937 286 1181 344; x_wconf 80' lang='lat' dir='ltr'><strong><em>homines</em></strong></span> <span class='ocrx_word' id='word_1_4' title='bbox 1195 285 1401 355; x_wconf 83' lang='lat' dir='ltr'><strong><em>ferunt,</em></strong></span> <span class='ocrx_word' id='word_1_5' title='bbox 1425 287 1542 353; x_wconf 90' lang='lat' dir='ltr'><strong><em>post</em></strong></span> <span class='ocrx_word' id='word_1_6' title='bbox 1561 278 1763 334; x_wconf 84' lang='lat' dir='ltr'><strong><em>obitum</em></strong></span> <span class='ocrx_word' id='word_1_7' title='bbox 1785 271 2027 344; x_wconf 87' lang='lat' dir='ltr'><strong><em>corporis</em></strong></span> <span class='ocrx_word' id='word_1_8' title='bbox 2048 271 2107 361; x_wconf 78' lang='lat' dir='ltr'><strong><em>in</em></strong></span> 
     </span>
    </p>
   </div>
   <div class='ocr_carea' id='block_1_2' title="bbox 458 357 2109 446">
    <p class='ocr_par' dir='ltr' id='par_1_2' title="bbox 458 357 2109 446">
     <span class='ocr_line' id='line_1_2' title="bbox 458 357 2109 446; baseline -0.017 -7"><span class='ocrx_word' id='word_1_9' title='bbox 458 357 585 438; x_wconf 74' lang='lat' dir='ltr'><strong><em>calo</em></strong></span> <span class='ocrx_word' id='word_1_10' title='bbox 614 381 951 438; x_wconf 68' lang='lat' dir='ltr'><strong><em>domicilium</em></strong></span> <span class='ocrx_word' id='word_1_11' title='bbox 981 374 1318 446; x_wconf 66' lang='lat' dir='ltr'><strong><em>praeparari,</em></strong></span> <span class='ocrx_word' id='word_1_12' title='bbox 1359 379 1419 427; x_wconf 89' lang='lat' dir='ltr'><strong><em>ut</em></strong></span> <span class='ocrx_word' id='word_1_13' title='bbox 1456 367 1722 443; x_wconf 88' lang='lat' dir='ltr'><strong><em>promotio</em></strong></span> <span class='ocrx_word' id='word_1_14' title='bbox 1757 362 2000 435; x_wconf 62' lang='lat' dir='ltr'><strong><em>quendam</em></strong></span> <span class='ocrx_word' id='word_1_15' title='bbox 2038 357 2109 413; x_wconf 88' lang='lat' dir='ltr'><strong><em>ad</em></strong></span> 
     </span>
    </p>
   </div>
   <div class='ocr_carea' id='block_1_3' title="bbox 455 451 2109 543">
    <p class='ocr_par' dir='ltr' id='par_1_3' title="bbox 455 451 2109 543">
     <span class='ocr_line' id='line_1_3' title="bbox 455 451 2109 543; baseline -0.016 -15"><span class='ocrx_word' id='word_1_16' title='bbox 455 488 750 543; x_wconf 87' lang='lat' dir='ltr'><strong><em>supernam</em></strong></span> <span class='ocrx_word' id='word_1_17' title='bbox 761 473 1070 539; x_wconf 63' lang='lat' dir='ltr'><strong><em>prmetetur,</em></strong></span> <span class='ocrx_word' id='word_1_18' title='bbox 1099 465 1181 518; x_wconf 84' lang='lat' dir='ltr'><strong><em>his</em></strong></span> <span class='ocrx_word' id='word_1_19' title='bbox 1213 461 1541 527; x_wconf 83' lang='lat' dir='ltr'><strong><em>hominibus,</em></strong></span> <span class='ocrx_word' id='word_1_20' title='bbox 1565 458 1661 529; x_wconf 90' lang='lat' dir='ltr'><strong><em>qui</em></strong></span> <span class='ocrx_word' id='word_1_21' title='bbox 1672 457 1795 511; x_wconf 88' lang='lat' dir='ltr'><strong><em>bene</em></strong></span> <span class='ocrx_word' id='word_1_22' title='bbox 1823 453 1884 507; x_wconf 87' lang='lat' dir='ltr'><strong><em>de</em></strong></span> <span class='ocrx_word' id='word_1_23' title='bbox 1906 451 2109 522; x_wconf 87' lang='lat' dir='ltr'><strong><em>genita-</em></strong></span> 
     </span>
    </p>
   </div>
   <div class='ocr_carea' id='block_1_4' title="bbox 460 539 2107 621">
    <p class='ocr_par' dir='ltr' id='par_1_4' title="bbox 460 539 2107 621">
     <span class='ocr_line' id='line_1_4' title="bbox 460 539 2107 621; baseline -0.016 -5"><span class='ocrx_word' id='word_1_24' title='bbox 460 539 603 616; x_wconf 83' lang='lat' dir='ltr'><strong><em>libus</em></strong></span> <span class='ocrx_word' id='word_1_25' title='bbox 626 557 848 614; x_wconf 89' lang='lat' dir='ltr'><strong><em>urbibus</em></strong></span> <span class='ocrx_word' id='word_1_26' title='bbox 871 560 1183 610; x_wconf 82' lang='lat' dir='ltr'><strong><em>meruerunt</em></strong></span> <span class='ocrx_word' id='word_1_27' title='bbox 1202 570 1224 618; x_wconf 87' lang='lat'><strong><em>;</em></strong></span> <span class='ocrx_word' id='word_1_28' title='bbox 1243 559 1290 606; x_wconf 93' lang='lat' dir='ltr'><strong><em>et</em></strong></span> <span class='ocrx_word' id='word_1_29' title='bbox 1314 552 1375 604; x_wconf 87' lang='lat' dir='ltr'><strong><em>hi</em></strong></span> <span class='ocrx_word' id='word_1_30' title='bbox 1392 548 1565 621; x_wconf 90' lang='lat' dir='ltr'><strong><em>magis</em></strong></span> <span class='ocrx_word' id='word_1_31' title='bbox 1589 562 1706 602; x_wconf 85' lang='lat' dir='ltr'><strong><em>cum</em></strong></span> <span class='ocrx_word' id='word_1_32' title='bbox 1732 546 1831 599; x_wconf 90' lang='lat' dir='ltr'><strong><em>Deo</em></strong></span> <span class='ocrx_word' id='word_1_33' title='bbox 1848 539 2107 602; x_wconf 84' lang='lat' dir='ltr'><strong><em>habitent,</em></strong></span> 
     </span>
    </p>
   </div>
   <div class='ocr_carea' id='block_1_5' title="bbox 456 628 2107 720">
    <p class='ocr_par' dir='ltr' id='par_1_5' title="bbox 456 628 2107 720">
     <span class='ocr_line' id='line_1_5' title="bbox 456 628 2107 720; baseline -0.013 -18"><span class='ocrx_word' id='word_1_34' title='bbox 456 650 557 720; x_wconf 88' lang='lat' dir='ltr'><strong><em>qui-</em></strong></span> <span class='ocrx_word' id='word_1_35' title='bbox 578 648 803 701; x_wconf 84' lang='lat' dir='ltr'><strong><em>salutem</em></strong></span> <span class='ocrx_word' id='word_1_36' title='bbox 827 644 1057 708; x_wconf 77' lang='lat' dir='ltr'><strong><em>dedisse,</em></strong></span> <span class='ocrx_word' id='word_1_37' title='bbox 1084 650 1177 697; x_wconf 88' lang='lat' dir='ltr'><strong><em>aut</em></strong></span> <span class='ocrx_word' id='word_1_38' title='bbox 1207 639 1475 704; x_wconf 74' lang='lat' dir='ltr'><strong><em>comitiis,</em></strong></span> <span class='ocrx_word' id='word_1_39' title='bbox 1502 644 1601 692; x_wconf 88' lang='lat' dir='ltr'><strong><em>aut</em></strong></span> <span class='ocrx_word' id='word_1_40' title='bbox 1628 633 1878 706; x_wconf 87' lang='lat' dir='ltr'><strong><em>operibus</em></strong></span> <span class='ocrx_word' id='word_1_41' title='bbox 1902 628 2107 701; x_wconf 69' lang='lat' dir='ltr'><strong><em>patrias</em></strong></span> 
     </span>
    </p>
   </div>
   <div class='ocr_carea' id='block_1_6' title="bbox 455 718 2105 803">
    <p class='ocr_par' dir='ltr' id='par_1_6' title="bbox 455 718 2105 803">
     <span class='ocr_line' id='line_1_6' title="bbox 455 718 2105 803; baseline -0.014 -10"><span class='ocrx_word' id='word_1_42' title='bbox 455 718 764 792; x_wconf 82' lang='lat' dir='ltr'><strong><em>doceantur.</em></strong></span> <span class='ocrx_word' id='word_1_43' title='bbox 787 735 918 790; x_wconf 83' lang='lat' dir='ltr'><strong><em>Jam</em></strong></span> <span class='ocrx_word' id='word_1_44' title='bbox 934 732 1075 787; x_wconf 90' lang='lat' dir='ltr'><strong><em>illud</em></strong></span> <span class='ocrx_word' id='word_1_45' title='bbox 1086 731 1224 803; x_wconf 85' lang='lat' dir='ltr'><strong><em>quod</em></strong></span> <span class='ocrx_word' id='word_1_46' title='bbox 1230 728 1558 801; x_wconf 83' lang='lat' dir='ltr'><strong><em>joculariter</em></strong></span> <span class='ocrx_word' id='word_1_47' title='bbox 1578 725 1830 795; x_wconf 86' lang='lat' dir='ltr'><strong><em>dignatus</em></strong></span> <span class='ocrx_word' id='word_1_48' title='bbox 1843 736 1896 775; x_wconf 87' lang='lat' dir='ltr'><strong><em>es</em></strong></span> <span class='ocrx_word' id='word_1_49' title='bbox 1905 718 2105 780; x_wconf 88' lang='lat' dir='ltr'><strong><em>dicere,</em></strong></span> 
     </span>
    </p>
   </div>
   <div class='ocr_carea' id='block_1_7' title="bbox 456 807 2110 887">
    <p class='ocr_par' dir='ltr' id='par_1_7' title="bbox 456 807 2110 887">
     <span class='ocr_line' id='line_1_7' title="bbox 456 807 2110 887; baseline -0.013 -6"><span class='ocrx_word' id='word_1_50' title='bbox 456 826 643 881; x_wconf 82' lang='lat' dir='ltr'><strong><em>urbem</em></strong></span> <span class='ocrx_word' id='word_1_51' title='bbox 668 832 909 879; x_wconf 88' lang='lat' dir='ltr'><strong><em>nostram</em></strong></span> <span class='ocrx_word' id='word_1_52' title='bbox 922 839 1029 877; x_wconf 83' lang='lat' dir='ltr'><strong><em>non</em></strong></span> <span class='ocrx_word' id='word_1_53' title='bbox 1049 823 1241 883; x_wconf 87' lang='lat' dir='ltr'><strong><em>armis,</em></strong></span> <span class='ocrx_word' id='word_1_54' title='bbox 1269 819 1356 873; x_wconf 88' lang='lat' dir='ltr'><strong><em>sed</em></strong></span> <span class='ocrx_word' id='word_1_55' title='bbox 1369 816 1599 887; x_wconf 88' lang='lat' dir='ltr'><strong><em>ﬂammis</em></strong></span> <span class='ocrx_word' id='word_1_56' title='bbox 1627 810 1991 878; x_wconf 71' lang='lat' dir='ltr'><strong><em>incendiisque</em></strong></span> <span class='ocrx_word' id='word_1_57' title='bbox 2012 807 2110 876; x_wconf 86' lang='lat' dir='ltr'><strong><em>ﬂa-</em></strong></span> 
     </span>
    </p>
   </div>
   <div class='ocr_carea' id='block_1_8' title="bbox 455 902 2109 989">
    <p class='ocr_par' dir='ltr' id='par_1_8' title="bbox 455 902 2109 989">
     <span class='ocr_line' id='line_1_8' title="bbox 455 902 2109 989; baseline -0.013 -18"><span class='ocrx_word' id='word_1_58' title='bbox 455 932 641 989; x_wconf 83' lang='lat' dir='ltr'><strong><em>grare,</em></strong></span> <span class='ocrx_word' id='word_1_59' title='bbox 672 922 722 969; x_wconf 87' lang='lat' dir='ltr'><strong><em>et</em></strong></span> <span class='ocrx_word' id='word_1_60' title='bbox 756 915 939 984; x_wconf 84' lang='lat' dir='ltr'><strong><em>spinas</em></strong></span> <span class='ocrx_word' id='word_1_61' title='bbox 964 911 1132 982; x_wconf 85' lang='lat' dir='ltr'><strong><em>magis</em></strong></span> <span class='ocrx_word' id='word_1_62' title='bbox 1167 911 1491 981; x_wconf 88' lang='lat' dir='ltr'><strong><em>ingenerare</em></strong></span> <span class='ocrx_word' id='word_1_63' title='bbox 1519 921 1676 976; x_wconf 87' lang='lat' dir='ltr'><strong><em>quam</em></strong></span> <span class='ocrx_word' id='word_1_64' title='bbox 1702 903 1879 971; x_wconf 92' lang='lat' dir='ltr'><strong><em>ﬂores,</em></strong></span> <span class='ocrx_word' id='word_1_65' title='bbox 1907 914 2011 952; x_wconf 90' lang='lat' dir='ltr'><strong><em>non</em></strong></span> <span class='ocrx_word' id='word_1_66' title='bbox 2036 902 2109 950; x_wconf 89' lang='lat' dir='ltr'><strong><em>est</em></strong></span> 
     </span>
    </p>
   </div>
   <div class='ocr_carea' id='block_1_9' title="bbox 457 985 2109 1074">
    <p class='ocr_par' dir='ltr' id='par_1_9' title="bbox 457 985 2109 1074">
     <span class='ocr_line' id='line_1_9' title="bbox 457 985 2109 1074; baseline -0.014 -13"><span class='ocrx_word' id='word_1_67' title='bbox 457 1005 696 1060; x_wconf 73' lang='lat' dir='ltr'><strong><em>mima</em></strong></span> <span class='ocrx_word' id='word_1_68' title='bbox 725 1002 1090 1074; x_wconf 80' lang='lat' dir='ltr'><strong><em>reprehensio,</em></strong></span> <span class='ocrx_word' id='word_1_69' title='bbox 1121 1016 1240 1054; x_wconf 88' lang='lat' dir='ltr'><strong><em>cum</em></strong></span> <span class='ocrx_word' id='word_1_70' title='bbox 1267 998 1496 1052; x_wconf 82' lang='lat' dir='ltr'><strong><em>sciamus</em></strong></span> <span class='ocrx_word' id='word_1_71' title='bbox 1522 996 1680 1064; x_wconf 88' lang='lat' dir='ltr'><strong><em>ﬂores</em></strong></span> <span class='ocrx_word' id='word_1_72' title='bbox 1704 1008 1769 1045; x_wconf 78' lang='lat' dir='ltr'><strong><em>ea:</em></strong></span> <span class='ocrx_word' id='word_1_73' title='bbox 1797 988 1975 1059; x_wconf 80' lang='lat' dir='ltr'><strong><em>spinis</em></strong></span> <span class='ocrx_word' id='word_1_74' title='bbox 1998 985 2109 1056; x_wconf 76' lang='lat' dir='ltr'><strong><em>ple-</em></strong></span> 
     </span>
    </p>
   </div>
   <div class='ocr_carea' id='block_1_10' title="bbox 458 1076 2111 1165">
    <p class='ocr_par' dir='ltr' id='par_1_10' title="bbox 458 1076 2111 1165">
     <span class='ocr_line' id='line_1_10' title="bbox 458 1076 2111 1165; baseline -0.013 -15"><span class='ocrx_word' id='word_1_75' title='bbox 458 1111 682 1165; x_wconf 88' lang='lat' dir='ltr'><strong><em>rumque</em></strong></span> <span class='ocrx_word' id='word_1_76' title='bbox 706 1091 988 1163; x_wconf 89' lang='lat' dir='ltr'><strong><em>generari.</em></strong></span> <span class='ocrx_word' id='word_1_77' title='bbox 1018 1090 1159 1144; x_wconf 89' lang='lat' dir='ltr'><strong><em>Nam</em></strong></span> <span class='ocrx_word' id='word_1_78' title='bbox 1182 1096 1230 1143; x_wconf 90' lang='lat' dir='ltr'><strong><em>et</em></strong></span> <span class='ocrx_word' id='word_1_79' title='bbox 1251 1104 1402 1141; x_wconf 90' lang='lat' dir='ltr'><strong><em>rosas</em></strong></span> <span class='ocrx_word' id='word_1_80' title='bbox 1416 1102 1485 1139; x_wconf 68' lang='lat' dir='ltr'><strong><em>ex</em></strong></span> <span class='ocrx_word' id='word_1_81' title='bbox 1501 1084 1676 1154; x_wconf 83' lang='lat' dir='ltr'><strong><em>spinis</em></strong></span> <span class='ocrx_word' id='word_1_82' title='bbox 1694 1081 1847 1151; x_wconf 82' lang='lat' dir='ltr'><strong><em>gigni</em></strong></span> <span class='ocrx_word' id='word_1_83' title='bbox 1870 1078 1993 1149; x_wconf 84' lang='lat' dir='ltr'><strong><em>quis</em></strong></span> <span class='ocrx_word' id='word_1_84' title='bbox 2011 1076 2111 1129; x_wconf 88' lang='lat' dir='ltr'><strong><em>du-</em></strong></span> 
     </span>
    </p>
   </div>
   <div class='ocr_carea' id='block_1_11' title="bbox 461 1172 2111 1254">
    <p class='ocr_par' dir='ltr' id='par_1_11' title="bbox 461 1172 2111 1254">
     <span class='ocr_line' id='line_1_11' title="bbox 461 1172 2111 1254; baseline -0.012 -15"><span class='ocrx_word' id='word_1_85' title='bbox 461 1184 620 1252; x_wconf 89' lang='lat' dir='ltr'><strong><em>bitat,</em></strong></span> <span class='ocrx_word' id='word_1_86' title='bbox 647 1190 697 1239; x_wconf 91' lang='lat' dir='ltr'><strong><em>et</em></strong></span> <span class='ocrx_word' id='word_1_87' title='bbox 711 1181 1363 1254; x_wconf 85' lang='lat' dir='ltr'><strong><em>[rugesipsasaristarum</em></strong></span> <span class='ocrx_word' id='word_1_88' title='bbox 1388 1175 1529 1230; x_wconf 89' lang='lat' dir='ltr'><strong><em>vallo</em></strong></span> <span class='ocrx_word' id='word_1_89' title='bbox 1552 1172 1745 1243; x_wconf 85' lang='lat' dir='ltr'><strong><em>sepiri,</em></strong></span> <span class='ocrx_word' id='word_1_90' title='bbox 1778 1172 1857 1224; x_wconf 88' lang='lat' dir='ltr'><strong><em>ita</em></strong></span> <span class='ocrx_word' id='word_1_91' title='bbox 1880 1176 1937 1223; x_wconf 89' lang='lat' dir='ltr'><strong><em>ut</em></strong></span> <span class='ocrx_word' id='word_1_92' title='bbox 1959 1183 2111 1238; x_wconf 86' lang='lat' dir='ltr'><strong><em>aspe-</em></strong></span> 
     </span>
    </p>
   </div>
   <div class='ocr_carea' id='block_1_12' title="bbox 458 1270 1481 1341">
    <p class='ocr_par' dir='ltr' id='par_1_12' title="bbox 458 1270 1481 1341">
     <span class='ocr_line' id='line_1_12' title="bbox 458 1270 1481 1341; baseline -0.008 -14"><span class='ocrx_word' id='word_1_93' title='bbox 458 1276 539 1328; x_wconf 89' lang='lat' dir='ltr'><strong><em>ris</em></strong></span> <span class='ocrx_word' id='word_1_94' title='bbox 564 1272 757 1328; x_wconf 79' lang='lat' dir='ltr'><strong><em>suavia</em></strong></span> <span class='ocrx_word' id='word_1_95' title='bbox 782 1270 1094 1341; x_wconf 86' lang='lat' dir='ltr'><strong><em>plerumque</em></strong></span> <span class='ocrx_word' id='word_1_96' title='bbox 1133 1271 1481 1322; x_wconf 83' lang='lat' dir='ltr'><strong><em>misceantur.</em></strong></span> 
     </span>
    </p>
   </div>
   <div class='ocr_carea' id='block_1_13' title="bbox 494 1360 2113 1438">
    <p class='ocr_par' dir='ltr' id='par_1_13' title="bbox 494 1360 2113 1438">
     <span class='ocr_line' id='line_1_13' title="bbox 494 1360 2113 1438; baseline -0.013 -10"><span class='ocrx_word' id='word_1_97' title='bbox 494 1391 499 1397; x_wconf 95' lang='grc'><strong>·</strong></span> <span class='ocrx_word' id='word_1_98' title='bbox 530 1372 582 1426; x_wconf 54' lang='grc'><strong>3»</strong></span> <span class='ocrx_word' id='word_1_99' title='bbox 601 1366 1058 1438; x_wconf 83' lang='lat' dir='ltr'><strong><em>Postremum/uit</em></strong></span> <span class='ocrx_word' id='word_1_100' title='bbox 1084 1367 1144 1420; x_wconf 90' lang='lat' dir='ltr'><strong><em>in</em></strong></span> <span class='ocrx_word' id='word_1_101' title='bbox 1170 1364 1368 1421; x_wconf 87' lang='lat' dir='ltr'><strong><em>litteris</em></strong></span> <span class='ocrx_word' id='word_1_102' title='bbox 1398 1360 1747 1418; x_wconf 68' lang='lat' dir='ltr'><strong><em>Praestantia:</em></strong></span> <span class='ocrx_word' id='word_1_103' title='bbox 1770 1364 1875 1412; x_wconf 76' lang='lat' dir='ltr'><strong><em>tusc</em></strong></span> <span class='ocrx_word' id='word_1_104' title='bbox 1903 1372 2007 1410; x_wconf 84' lang='lat' dir='ltr'><strong><em>non</em></strong></span> <span class='ocrx_word' id='word_1_105' title='bbox 2026 1370 2113 1408; x_wconf 84' lang='lat' dir='ltr'><strong><em>ca-</em></strong></span> 
     </span>
    </p>
   </div>
   <div class='ocr_carea' id='block_1_14' title="bbox 453 1442 2115 1533">
    <p class='ocr_par' dir='ltr' id='par_1_14' title="bbox 453 1442 2115 1533">
     <span class='ocr_line' id='line_1_14' title="bbox 453 1442 2115 1533; baseline -0.013 -15"><span class='ocrx_word' id='word_1_106' title='bbox 453 1468 555 1533; x_wconf 78' lang='lat' dir='ltr'><strong><em>put</em></strong></span> <span class='ocrx_word' id='word_1_107' title='bbox 579 1468 673 1516; x_wconf 86' lang='lat' dir='ltr'><strong><em>aut</em></strong></span> <span class='ocrx_word' id='word_1_108' title='bbox 699 1459 1015 1529; x_wconf 80' lang='lat' dir='ltr'><strong><em>sanguinem</em></strong></span> <span class='ocrx_word' id='word_1_109' title='bbox 1044 1456 1101 1510; x_wconf 89' lang='lat' dir='ltr'><strong><em>in</em></strong></span> <span class='ocrx_word' id='word_1_110' title='bbox 1121 1454 1373 1510; x_wconf 78' lang='lat' dir='ltr'><strong><em>Ecclesiae</em></strong></span> <span class='ocrx_word' id='word_1_111' title='bbox 1396 1450 1668 1523; x_wconf 83' lang='lat' dir='ltr'><strong><em>postulari</em></strong></span> <span class='ocrx_word' id='word_1_112' title='bbox 1695 1447 2009 1509; x_wconf 86' lang='lat' dir='ltr'><strong><em>vindictam,</em></strong></span> <span class='ocrx_word' id='word_1_113' title='bbox 2026 1442 2115 1498; x_wconf 86' lang='lat' dir='ltr'><strong><em>sed</em></strong></span> 
     </span>
    </p>
   </div>
   <div class='ocr_carea' id='block_1_15' title="bbox 456 1537 2112 1623">
    <p class='ocr_par' dir='ltr' id='par_1_15' title="bbox 456 1537 2112 1623">
     <span class='ocr_line' id='line_1_15' title="bbox 456 1537 2112 1623; baseline -0.011 -17"><span class='ocrx_word' id='word_1_114' title='bbox 456 1550 648 1623; x_wconf 79' lang='lat' dir='ltr'><strong><em>quibus</em></strong></span> <span class='ocrx_word' id='word_1_115' title='bbox 674 1548 828 1603; x_wconf 81' lang='lat' dir='ltr'><strong><em>rebus</em></strong></span> <span class='ocrx_word' id='word_1_116' title='bbox 866 1547 1095 1603; x_wconf 69' lang='lat' dir='ltr'><strong><em>maxime</em></strong></span> <span class='ocrx_word' id='word_1_117' title='bbox 1128 1548 1373 1599; x_wconf 82' lang='lat' dir='ltr'><strong><em>metuunt</em></strong></span> <span class='ocrx_word' id='word_1_118' title='bbox 1402 1538 1730 1611; x_wconf 77' lang='lat' dir='ltr'><strong><em>spoliandas.</em></strong></span> <span class='ocrx_word' id='word_1_119' title='bbox 1771 1537 1887 1606; x_wconf 82' lang='lat' dir='ltr'><strong><em>Ego</em></strong></span> <span class='ocrx_word' id='word_1_120' title='bbox 1916 1541 2112 1594; x_wconf 83' lang='lat' dir='ltr'><strong><em>autem,</em></strong></span> 
     </span>
    </p>
   </div>
   <div class='ocr_carea' id='block_1_16' title="bbox 458 1621 2116 1707">
    <p class='ocr_par' dir='ltr' id='par_1_16' title="bbox 458 1621 2116 1707">
     <span class='ocr_line' id='line_1_16' title="bbox 458 1621 2116 1707; baseline -0.011 -13"><span class='ocrx_word' id='word_1_121' title='bbox 458 1621 570 1694; x_wconf 78' lang='lat' dir='ltr'><strong><em>nisi</em></strong></span> <span class='ocrx_word' id='word_1_122' title='bbox 596 1654 680 1693; x_wconf 85' lang='lat' dir='ltr'><strong><em>me</em></strong></span> <span class='ocrx_word' id='word_1_123' title='bbox 697 1635 1071 1707; x_wconf 82' lang='lat' dir='ltr'><strong><em>opiniofallit,</em></strong></span> <span class='ocrx_word' id='word_1_124' title='bbox 1103 1634 1182 1687; x_wconf 89' lang='lat' dir='ltr'><strong><em>sic</em></strong></span> <span class='ocrx_word' id='word_1_125' title='bbox 1209 1632 1476 1694; x_wconf 83' lang='lat' dir='ltr'><strong><em>arbitror,</em></strong></span> <span class='ocrx_word' id='word_1_126' title='bbox 1508 1628 1733 1699; x_wconf 84' lang='lat' dir='ltr'><strong><em>gravius</em></strong></span> <span class='ocrx_word' id='word_1_127' title='bbox 1752 1641 1861 1687; x_wconf 86' lang='lat' dir='ltr'><strong><em>esse</em></strong></span> <span class='ocrx_word' id='word_1_128' title='bbox 1888 1621 2116 1694; x_wconf 84' lang='lat' dir='ltr'><strong><em>spoliari</em></strong></span> 
     </span>
    </p>
   </div>
   <div class='ocr_carea' id='block_1_17' title="bbox 460 1716 2115 1800">
    <p class='ocr_par' dir='ltr' id='par_1_17' title="bbox 460 1716 2115 1800">
     <span class='ocr_line' id='line_1_17' title="bbox 460 1716 2115 1800; baseline -0.01 -17"><span class='ocrx_word' id='word_1_129' title='bbox 460 1726 822 1800; x_wconf 78' lang='lat' dir='ltr'><strong><em>facultatibus</em></strong></span> <span class='ocrx_word' id='word_1_130' title='bbox 850 1741 1008 1796; x_wconf 86' lang='lat' dir='ltr'><strong><em>quam</em></strong></span> <span class='ocrx_word' id='word_1_131' title='bbox 1032 1722 1226 1781; x_wconf 83' lang='lat' dir='ltr'><strong><em>occidi.</em></strong></span> <span class='ocrx_word' id='word_1_132' title='bbox 1246 1719 1523 1791; x_wconf 84' lang='lat' dir='ltr'><strong><em>Siquidem</em></strong></span> <span class='ocrx_word' id='word_1_133' title='bbox 1553 1716 1691 1788; x_wconf 87' lang='lat' dir='ltr'><strong><em>quod</em></strong></span> <span class='ocrx_word' id='word_1_134' title='bbox 1716 1716 2115 1786; x_wconf 73' lang='lat' dir='ltr'><strong><em>frequentatum</em></strong></span> 
     </span>
    </p>
   </div>
   <div class='ocr_carea' id='block_1_18' title="bbox 459 1805 2112 1877">
    <p class='ocr_par' dir='ltr' id='par_1_18' title="bbox 459 1805 2112 1877">
     <span class='ocr_line' id='line_1_18' title="bbox 459 1805 2112 1877; baseline -0.009 -6"><span class='ocrx_word' id='word_1_135' title='bbox 459 1817 519 1870; x_wconf 89' lang='lat' dir='ltr'><strong><em>in</em></strong></span> <span class='ocrx_word' id='word_1_136' title='bbox 550 1815 755 1871; x_wconf 84' lang='lat' dir='ltr'><strong><em>litteris</em></strong></span> <span class='ocrx_word' id='word_1_137' title='bbox 772 1815 932 1877; x_wconf 89' lang='lat' dir='ltr'><strong><em>nosti,</em></strong></span> <span class='ocrx_word' id='word_1_138' title='bbox 952 1829 1101 1867; x_wconf 87' lang='lat' dir='ltr'><strong><em>mors</em></strong></span> <span class='ocrx_word' id='word_1_139' title='bbox 1123 1810 1398 1867; x_wconf 85' lang='lat' dir='ltr'><strong><em>malorum</em></strong></span> <span class='ocrx_word' id='word_1_140' title='bbox 1414 1807 1659 1863; x_wconf 85' lang='lat' dir='ltr'><strong><em>omnium</em></strong></span> <span class='ocrx_word' id='word_1_141' title='bbox 1678 1805 1861 1876; x_wconf 78' lang='lat' dir='ltr'><strong><em>aufert</em></strong></span> <span class='ocrx_word' id='word_1_142' title='bbox 1884 1819 2112 1865; x_wconf 82' lang='lat' dir='ltr'><strong><em>sensum,</em></strong></span> 
     </span>
    </p>
   </div>
   <div class='ocr_carea' id='block_1_19' title="bbox 461 1893 2115 1979">
    <p class='ocr_par' dir='ltr' id='par_1_19' title="bbox 461 1893 2115 1979">
     <span class='ocr_line' id='line_1_19' title="bbox 461 1893 2115 1979; baseline -0.009 -19"><span class='ocrx_word' id='word_1_143' title='bbox 461 1912 689 1979; x_wconf 88' lang='lat' dir='ltr'><strong><em>egestosa</em></strong></span> <span class='ocrx_word' id='word_1_144' title='bbox 720 1904 830 1959; x_wconf 90' lang='lat' dir='ltr'><strong><em>vita</em></strong></span> <span class='ocrx_word' id='word_1_145' title='bbox 857 1910 1122 1957; x_wconf 67' lang='lat' dir='ltr'><strong><em>aeternam</em></strong></span> <span class='ocrx_word' id='word_1_146' title='bbox 1171 1902 1324 1972; x_wconf 87' lang='lat' dir='ltr'><strong><em>parit</em></strong></span> <span class='ocrx_word' id='word_1_147' title='bbox 1353 1898 1718 1954; x_wconf 82' lang='lat' dir='ltr'><strong><em>calamitatem</em></strong></span> <span class='ocrx_word' id='word_1_148' title='bbox 1740 1916 1759 1951; x_wconf 90' lang='lat'><strong><em>:</em></strong></span> <span class='ocrx_word' id='word_1_149' title='bbox 1784 1893 2004 1965; x_wconf 79' lang='lat' dir='ltr'><strong><em>gravius</em></strong></span> <span class='ocrx_word' id='word_1_150' title='bbox 2042 1898 2115 1946; x_wconf 90' lang='lat' dir='ltr'><strong><em>est</em></strong></span> 
     </span>
    </p>
   </div>
   <div class='ocr_carea' id='block_1_20' title="bbox 463 1981 2117 2061">
    <p class='ocr_par' dir='ltr' id='par_1_20' title="bbox 463 1981 2117 2061">
     <span class='ocr_line' id='line_1_20' title="bbox 463 1981 2117 2061; baseline -0.008 -13"><span class='ocrx_word' id='word_1_151' title='bbox 463 1997 605 2048; x_wconf 87' lang='lat' dir='ltr'><strong><em>enim</em></strong></span> <span class='ocrx_word' id='word_1_152' title='bbox 648 1993 784 2048; x_wconf 91' lang='lat' dir='ltr'><strong><em>male</em></strong></span> <span class='ocrx_word' id='word_1_153' title='bbox 815 1993 1009 2055; x_wconf 84' lang='lat' dir='ltr'><strong><em>vivere,</em></strong></span> <span class='ocrx_word' id='word_1_154' title='bbox 1039 2006 1198 2061; x_wconf 90' lang='lat' dir='ltr'><strong><em>quam</em></strong></span> <span class='ocrx_word' id='word_1_155' title='bbox 1230 1988 1373 2042; x_wconf 89' lang='lat' dir='ltr'><strong><em>mala</em></strong></span> <span class='ocrx_word' id='word_1_156' title='bbox 1397 1992 1566 2040; x_wconf 86' lang='lat' dir='ltr'><strong><em>morte</em></strong></span> <span class='ocrx_word' id='word_1_157' title='bbox 1606 1984 1786 2056; x_wconf 77' lang='lat' dir='ltr'><strong><em>finire.</em></strong></span> <span class='ocrx_word' id='word_1_158' title='bbox 1819 1982 1926 2036; x_wconf 89' lang='lat' dir='ltr'><strong><em>Hoc</em></strong></span> <span class='ocrx_word' id='word_1_159' title='bbox 1955 1981 2117 2036; x_wconf 89' lang='lat' dir='ltr'><strong><em>etiam</em></strong></span> 
     </span>
    </p>
   </div>
   <div class='ocr_carea' id='block_1_21' title="bbox 460 2066 2119 2155">
    <p class='ocr_par' dir='ltr' id='par_1_21' title="bbox 460 2066 2119 2155">
     <span class='ocr_line' id='line_1_21' title="bbox 460 2066 2119 2155; baseline -0.008 -16"><span class='ocrx_word' id='word_1_160' title='bbox 460 2100 637 2155; x_wconf 55' lang='lat' dir='ltr'><strong><em>operae</em></strong></span> <span class='ocrx_word' id='word_1_161' title='bbox 652 2090 838 2138; x_wconf 60' lang='lat' dir='ltr'><strong><em>vestrae</em></strong></span> <span class='ocrx_word' id='word_1_162' title='bbox 869 2081 1077 2136; x_wconf 87' lang='lat' dir='ltr'><strong><em>indicat</em></strong></span> <span class='ocrx_word' id='word_1_163' title='bbox 1101 2066 1267 2143; x_wconf 78' lang='lat' dir='ltr'><strong><em>ratio,</em></strong></span> <span class='ocrx_word' id='word_1_164' title='bbox 1296 2081 1355 2132; x_wconf 90' lang='lat' dir='ltr'><strong><em>in</em></strong></span> <span class='ocrx_word' id='word_1_165' title='bbox 1368 2077 1570 2148; x_wconf 84' lang='lat' dir='ltr'><strong><em>quibus</em></strong></span> <span class='ocrx_word' id='word_1_166' title='bbox 1599 2088 1861 2145; x_wconf 85' lang='lat' dir='ltr'><strong><em>pauperes</em></strong></span> <span class='ocrx_word' id='word_1_167' title='bbox 1887 2071 2119 2127; x_wconf 80' lang='lat' dir='ltr'><strong><em>sustine-</em></strong></span> 
     </span>
    </p>
   </div>
   <div class='ocr_carea' id='block_1_22' title="bbox 462 2162 2119 2238">
    <p class='ocr_par' dir='ltr' id='par_1_22' title="bbox 462 2162 2119 2238">
     <span class='ocr_line' id='line_1_22' title="bbox 462 2162 2119 2238; baseline -0.009 -10"><span class='ocrx_word' id='word_1_168' title='bbox 462 2172 826 2238; x_wconf 88' lang='lat' dir='ltr'><strong><em>tis,morbidos</em></strong></span> <span class='ocrx_word' id='word_1_169' title='bbox 838 2171 1118 2227; x_wconf 84' lang='lat' dir='ltr'><strong><em>curatione</em></strong></span> <span class='ocrx_word' id='word_1_170' title='bbox 1140 2168 1416 2231; x_wconf 84' lang='lat' dir='ltr'><strong><em>relevatis,</em></strong></span> <span class='ocrx_word' id='word_1_171' title='bbox 1436 2164 1752 2220; x_wconf 86' lang='lat' dir='ltr'><strong><em>medicinam</em></strong></span> <span class='ocrx_word' id='word_1_172' title='bbox 1763 2162 1993 2233; x_wconf 87' lang='lat' dir='ltr'><strong><em>afﬂictis</em></strong></span> <span class='ocrx_word' id='word_1_173' title='bbox 2003 2177 2119 2215; x_wconf 87' lang='lat' dir='ltr'><strong><em>cor-</em></strong></span> 
     </span>
    </p>
   </div>
   <div class='ocr_carea' id='block_1_23' title="bbox 458 2251 2113 2336">
    <p class='ocr_par' dir='ltr' id='par_1_23' title="bbox 458 2251 2113 2336">
     <span class='ocr_line' id='line_1_23' title="bbox 458 2251 2113 2336; baseline -0.01 -16"><span class='ocrx_word' id='word_1_174' title='bbox 458 2262 681 2336; x_wconf 83' lang='lat' dir='ltr'><strong><em>poribus</em></strong></span> <span class='ocrx_word' id='word_1_175' title='bbox 710 2260 1018 2329; x_wconf 87' lang='lat' dir='ltr'><strong><em>adhibetis;</em></strong></span> <span class='ocrx_word' id='word_1_176' title='bbox 1049 2259 1106 2313; x_wconf 88' lang='lat' dir='ltr'><strong><em>id</em></strong></span> <span class='ocrx_word' id='word_1_177' title='bbox 1152 2264 1417 2330; x_wconf 89' lang='lat' dir='ltr'><strong><em>postremo</em></strong></span> <span class='ocrx_word' id='word_1_178' title='bbox 1448 2254 1614 2310; x_wconf 91' lang='lat' dir='ltr'><strong><em>modis</em></strong></span> <span class='ocrx_word' id='word_1_179' title='bbox 1647 2252 1892 2309; x_wconf 87' lang='lat' dir='ltr'><strong><em>omnibus</em></strong></span> <span class='ocrx_word' id='word_1_180' title='bbox 1928 2251 2113 2322; x_wconf 82' lang='lat' dir='ltr'><strong><em>agitis,</em></strong></span> 
     </span>
    </p>
   </div>
   <div class='ocr_carea' id='block_1_24' title="bbox 461 2339 2119 2417">
    <p class='ocr_par' dir='ltr' id='par_1_24' title="bbox 461 2339 2119 2417">
     <span class='ocr_line' id='line_1_24' title="bbox 461 2339 2119 2417; baseline -0.01 -7"><span class='ocrx_word' id='word_1_181' title='bbox 461 2361 519 2409; x_wconf 88' lang='lat' dir='ltr'><strong><em>ut</em></strong></span> <span class='ocrx_word' id='word_1_182' title='bbox 534 2351 968 2409; x_wconf 83' lang='lat' dir='ltr'><strong><em>diuturnitatem</em></strong></span> <span class='ocrx_word' id='word_1_183' title='bbox 986 2348 1324 2417; x_wconf 77' lang='lat' dir='ltr'><strong><em>calamitatis</em></strong></span> <span class='ocrx_word' id='word_1_184' title='bbox 1346 2346 1547 2417; x_wconf 83' lang='lat' dir='ltr'><strong><em>afﬂicti</em></strong></span> <span class='ocrx_word' id='word_1_185' title='bbox 1568 2361 1671 2399; x_wconf 87' lang='lat' dir='ltr'><strong><em>non</em></strong></span> <span class='ocrx_word' id='word_1_186' title='bbox 1689 2344 1948 2399; x_wconf 86' lang='lat' dir='ltr'><strong><em>sentiant.</em></strong></span> <span class='ocrx_word' id='word_1_187' title='bbox 1966 2339 2119 2405; x_wconf 86' lang='lat' dir='ltr'><strong><em>Quod</em></strong></span> 
     </span>
    </p>
   </div>
   <div class='ocr_carea' id='block_1_25' title="bbox 463 2423 2119 2510">
    <p class='ocr_par' dir='ltr' id='par_1_25' title="bbox 463 2423 2119 2510">
     <span class='ocr_line' id='line_1_25' title="bbox 463 2423 2119 2510; baseline -0.008 -12"><span class='ocrx_word' id='word_1_188' title='bbox 463 2450 640 2498; x_wconf 88' lang='lat' dir='ltr'><strong><em>autem</em></strong></span> <span class='ocrx_word' id='word_1_189' title='bbox 669 2442 749 2505; x_wconf 88' lang='lat' dir='ltr'><strong><em>ad</em></strong></span> <span class='ocrx_word' id='word_1_190' title='bbox 771 2439 989 2497; x_wconf 86' lang='lat' dir='ltr'><strong><em>modum</em></strong></span> <span class='ocrx_word' id='word_1_191' title='bbox 1020 2423 1262 2510; x_wconf 82' lang='lat' dir='ltr'><strong><em>pertinet</em></strong></span> <span class='ocrx_word' id='word_1_192' title='bbox 1313 2441 1676 2507; x_wconf 84' lang='lat' dir='ltr'><strong><em>peccatorum,</em></strong></span> <span class='ocrx_word' id='word_1_193' title='bbox 1724 2432 1865 2486; x_wconf 82' lang='lat' dir='ltr'><strong><em>nihil</em></strong></span> <span class='ocrx_word' id='word_1_194' title='bbox 1896 2432 2119 2485; x_wconf 88' lang='lat' dir='ltr'><strong><em>interest</em></strong></span> 
     </span>
    </p>
   </div>
   <div class='ocr_carea' id='block_1_26' title="bbox 461 2519 2115 2603">
    <p class='ocr_par' dir='ltr' id='par_1_26' title="bbox 461 2519 2115 2603">
     <span class='ocr_line' id='line_1_26' title="bbox 461 2519 2115 2603; baseline -0.008 -16"><span class='ocrx_word' id='word_1_195' title='bbox 461 2532 619 2603; x_wconf 86' lang='lat' dir='ltr'><strong><em>quale</em></strong></span> <span class='ocrx_word' id='word_1_196' title='bbox 630 2530 808 2585; x_wconf 84' lang='lat' dir='ltr'><strong><em>videat</em></strong></span> <span class='ocrx_word' id='word_1_197' title='bbox 817 2547 847 2584; x_wconf 87' lang='lat' dir='ltr'><strong><em>u</em></strong></span> <span class='ocrx_word' id='word_1_198' title='bbox 856 2546 886 2582; x_wconf 89' lang='lat' dir='ltr'><strong><em>r</em></strong></span> <span class='ocrx_word' id='word_1_199' title='bbox 910 2545 1013 2583; x_wconf 87' lang='lat' dir='ltr'><strong><em>esse</em></strong></span> <span class='ocrx_word' id='word_1_200' title='bbox 1027 2532 1300 2599; x_wconf 86' lang='lat' dir='ltr'><strong><em>peccatum</em></strong></span> <span class='ocrx_word' id='word_1_201' title='bbox 1311 2524 1399 2580; x_wconf 88' lang='lat' dir='ltr'><strong><em>cui</em></strong></span> <span class='ocrx_word' id='word_1_202' title='bbox 1422 2522 1759 2593; x_wconf 85' lang='lat' dir='ltr'><strong><em>indulgentia</em></strong></span> <span class='ocrx_word' id='word_1_203' title='bbox 1779 2519 2115 2590; x_wconf 84' lang='lat' dir='ltr'><strong><em>postulatur.</em></strong></span> 
     </span>
    </p>
   </div>
   <div class='ocr_carea' id='block_1_27' title="bbox 460 2609 2119 2689">
    <p class='ocr_par' dir='ltr' id='par_1_27' title="bbox 460 2609 2119 2689">
     <span class='ocr_line' id='line_1_27' title="bbox 460 2609 2119 2689; baseline -0.009 -12"><span class='ocrx_word' id='word_1_204' title='bbox 460 2619 939 2679; x_wconf 86' lang='lat' dir='ltr'><strong><em>Primumenimsi</em></strong></span> <span class='ocrx_word' id='word_1_205' title='bbox 958 2614 1287 2689; x_wconf 68' lang='lat' dir='ltr'><strong><em>paenitentia</em></strong></span> <span class='ocrx_word' id='word_1_206' title='bbox 1330 2620 1378 2668; x_wconf 86' lang='lat' dir='ltr'><strong><em>et</em></strong></span> <span class='ocrx_word' id='word_1_207' title='bbox 1396 2614 1607 2668; x_wconf 87' lang='lat' dir='ltr'><strong><em>veniam</em></strong></span> <span class='ocrx_word' id='word_1_208' title='bbox 1634 2609 1832 2665; x_wconf 85' lang='lat' dir='ltr'><strong><em>tribuit</em></strong></span> <span class='ocrx_word' id='word_1_209' title='bbox 1860 2616 1907 2663; x_wconf 90' lang='lat' dir='ltr'><strong><em>et</em></strong></span> <span class='ocrx_word' id='word_1_210' title='bbox 1922 2615 2119 2678; x_wconf 78' lang='lat' dir='ltr'><strong><em>purgat</em></strong></span> 
     </span>
    </p>
   </div>
   <div class='ocr_carea' id='block_1_28' title="bbox 461 2697 2120 2780">
    <p class='ocr_par' dir='ltr' id='par_1_28' title="bbox 461 2697 2120 2780">
     <span class='ocr_line' id='line_1_28' title="bbox 461 2697 2120 2780; baseline -0.009 -15"><span class='ocrx_word' id='word_1_211' title='bbox 461 2710 779 2778; x_wconf 86' lang='lat' dir='ltr'><strong><em>admissum,</em></strong></span> <span class='ocrx_word' id='word_1_212' title='bbox 799 2708 1033 2780; x_wconf 76' lang='lat' dir='ltr'><strong><em>paenitet</em></strong></span> <span class='ocrx_word' id='word_1_213' title='bbox 1062 2708 1245 2777; x_wconf 88' lang='lat' dir='ltr'><strong><em>utique</em></strong></span> <span class='ocrx_word' id='word_1_214' title='bbox 1293 2703 1449 2758; x_wconf 88' lang='lat' dir='ltr'><strong><em>illum</em></strong></span> <span class='ocrx_word' id='word_1_215' title='bbox 1487 2703 1583 2773; x_wconf 88' lang='lat' dir='ltr'><strong><em>qui</em></strong></span> <span class='ocrx_word' id='word_1_216' title='bbox 1624 2707 1798 2771; x_wconf 88' lang='lat' dir='ltr'><strong><em>rogat,</em></strong></span> <span class='ocrx_word' id='word_1_217' title='bbox 1839 2699 1938 2771; x_wconf 88' lang='lat' dir='ltr'><strong><em>qui</em></strong></span> <span class='ocrx_word' id='word_1_218' title='bbox 1963 2697 2120 2767; x_wconf 83' lang='lat' dir='ltr'><strong><em>pedes</em></strong></span> 
     </span>
    </p>
   </div>
   <div class='ocr_carea' id='block_1_29' title="bbox 460 2788 2117 2871">
    <p class='ocr_par' dir='ltr' id='par_1_29' title="bbox 460 2788 2117 2871">
     <span class='ocr_line' id='line_1_29' title="bbox 460 2788 2117 2871; baseline -0.009 -14"><span class='ocrx_word' id='word_1_219' title='bbox 460 2801 849 2871; x_wconf 87' lang='lat' dir='ltr'><strong><em>complectitur,</em></strong></span> <span class='ocrx_word' id='word_1_220' title='bbox 889 2804 961 2862; x_wconf 87' lang='lat' dir='ltr'><strong><em>et,</em></strong></span> <span class='ocrx_word' id='word_1_221' title='bbox 991 2799 1061 2862; x_wconf 83' lang='lat' dir='ltr'><strong><em>si,</em></strong></span> <span class='ocrx_word' id='word_1_222' title='bbox 1103 2802 1163 2850; x_wconf 90' lang='lat' dir='ltr'><strong><em>ut</em></strong></span> <span class='ocrx_word' id='word_1_223' title='bbox 1209 2792 1531 2866; x_wconf 86' lang='lat' dir='ltr'><strong><em>quibusdam</em></strong></span> <span class='ocrx_word' id='word_1_224' title='bbox 1559 2789 1888 2861; x_wconf 85' lang='lat' dir='ltr'><strong><em>philosophis</em></strong></span> <span class='ocrx_word' id='word_1_225' title='bbox 1917 2788 2117 2858; x_wconf 86' lang='lat' dir='ltr'><strong><em>placet,</em></strong></span> 
     </span>
    </p>
   </div>
   <div class='ocr_carea' id='block_1_30' title="bbox 460 2876 2119 2960">
    <p class='ocr_par' dir='ltr' id='par_1_30' title="bbox 460 2876 2119 2960">
     <span class='ocr_line' id='line_1_30' title="bbox 460 2876 2119 2960; baseline -0.01 -14"><span class='ocrx_word' id='word_1_226' title='bbox 460 2890 642 2945; x_wconf 87' lang='lat' dir='ltr'><strong><em>omnia</em></strong></span> <span class='ocrx_word' id='word_1_227' title='bbox 677 2893 894 2960; x_wconf 82' lang='lat' dir='ltr'><strong><em>peccata</em></strong></span> <span class='ocrx_word' id='word_1_228' title='bbox 950 2887 1111 2958; x_wconf 89' lang='lat' dir='ltr'><strong><em>paria</em></strong></span> <span class='ocrx_word' id='word_1_229' title='bbox 1140 2891 1289 2952; x_wconf 87' lang='lat' dir='ltr'><strong><em>sunt,</em></strong></span> <span class='ocrx_word' id='word_1_230' title='bbox 1324 2880 1667 2951; x_wconf 86' lang='lat' dir='ltr'><strong><em>indulgentia</em></strong></span> <span class='ocrx_word' id='word_1_231' title='bbox 1695 2878 1938 2933; x_wconf 88' lang='lat' dir='ltr'><strong><em>omnibus</em></strong></span> <span class='ocrx_word' id='word_1_232' title='bbox 1971 2876 2119 2931; x_wconf 86' lang='lat' dir='ltr'><strong><em>debet</em></strong></span> 
     </span>
    </p>
   </div>
   <div class='ocr_carea' id='block_1_31' title="bbox 463 2967 2121 3040">
    <p class='ocr_par' dir='ltr' id='par_1_31' title="bbox 463 2967 2121 3040">
     <span class='ocr_line' id='line_1_31' title="bbox 463 2967 2121 3040; baseline -0.01 -5"><span class='ocrx_word' id='word_1_233' title='bbox 463 2995 569 3035; x_wconf 87' lang='lat' dir='ltr'><strong><em>esse</em></strong></span> <span class='ocrx_word' id='word_1_234' title='bbox 584 2978 904 3034; x_wconf 85' lang='lat' dir='ltr'><strong><em>communis.</em></strong></span> <span class='ocrx_word' id='word_1_235' title='bbox 924 2974 1272 3031; x_wconf 88' lang='lat' dir='ltr'><strong><em>Petulantius</em></strong></span> <span class='ocrx_word' id='word_1_236' title='bbox 1294 2968 1820 3040; x_wconf 83' lang='lat' dir='ltr'><strong><em>locutusestaliquis,</em></strong></span> <span class='ocrx_word' id='word_1_237' title='bbox 1846 2967 2077 3039; x_wconf 83' lang='lat' dir='ltr'><strong><em>peccavit</em></strong></span> <span class='ocrx_word' id='word_1_238' title='bbox 2098 2987 2121 3035; x_wconf 89' lang='lat'><strong><em>;</em></strong></span> 
     </span>
    </p>
   </div>
   <div class='ocr_carea' id='block_1_32' title="bbox 463 3057 2121 3133">
    <p class='ocr_par' dir='ltr' id='par_1_32' title="bbox 463 3057 2121 3133">
     <span class='ocr_line' id='line_1_32' title="bbox 463 3057 2121 3133; baseline -0.009 -8"><span class='ocrx_word' id='word_1_239' title='bbox 463 3069 702 3131; x_wconf 84' lang='lat' dir='ltr'><strong><em>convicia</em></strong></span> <span class='ocrx_word' id='word_1_240' title='bbox 752 3075 848 3122; x_wconf 82' lang='lat' dir='ltr'><strong><em>aut</em></strong></span> <span class='ocrx_word' id='word_1_241' title='bbox 883 3065 1118 3125; x_wconf 84' lang='lat' dir='ltr'><strong><em>crimina</em></strong></span> <span class='ocrx_word' id='word_1_242' title='bbox 1155 3062 1402 3133; x_wconf 85' lang='lat' dir='ltr'><strong><em>ingessit,</em></strong></span> <span class='ocrx_word' id='word_1_243' title='bbox 1431 3076 1578 3132; x_wconf 70' lang='lat' dir='ltr'><strong><em>seque</em></strong></span> <span class='ocrx_word' id='word_1_244' title='bbox 1600 3059 1839 3130; x_wconf 80' lang='lat' dir='ltr'><strong><em>peccavit</em></strong></span> <span class='ocrx_word' id='word_1_245' title='bbox 1868 3078 1891 3128; x_wconf 75' lang='lat'><strong><em>,°</em></strong></span> <span class='ocrx_word' id='word_1_246' title='bbox 1935 3057 2121 3111; x_wconf 87' lang='lat' dir='ltr'><strong><em>aliena</em></strong></span> 
     </span>
    </p>
   </div>
   <div class='ocr_carea' id='block_1_33' title="bbox 465 3146 2121 3229">
    <p class='ocr_par' dir='ltr' id='par_1_33' title="bbox 465 3146 2121 3229">
     <span class='ocr_line' id='line_1_33' title="bbox 465 3146 2121 3229; baseline -0.01 -15"><span class='ocrx_word' id='word_1_247' title='bbox 465 3155 994 3229; x_wconf 82' lang='lat' dir='ltr'><strong><em>quisquamdiripuit</em></strong></span> <span class='ocrx_word' id='word_1_248' title='bbox 1004 3155 1171 3219; x_wconf 89' lang='lat' dir='ltr'><strong><em>,inter</em></strong></span> <span class='ocrx_word' id='word_1_249' title='bbox 1182 3151 1385 3207; x_wconf 88' lang='lat' dir='ltr'><strong><em>delicta</em></strong></span> <span class='ocrx_word' id='word_1_250' title='bbox 1397 3156 1748 3216; x_wconf 84' lang='lat' dir='ltr'><strong><em>numeratur;</em></strong></span> <span class='ocrx_word' id='word_1_251' title='bbox 1764 3147 1875 3201; x_wconf 91' lang='lat' dir='ltr'><strong><em>loca</em></strong></span> <span class='ocrx_word' id='word_1_252' title='bbox 1886 3146 2121 3216; x_wconf 81' lang='lat' dir='ltr'><strong><em>profana</em></strong></span> 
     </span>
    </p>
   </div>
   <div class='ocr_carea' id='block_1_34' title="bbox 460 3235 2117 3311">
    <p class='ocr_par' dir='ltr' id='par_1_34' title="bbox 460 3235 2117 3311">
     <span class='ocr_line' id='line_1_34' title="bbox 460 3235 2117 3311; baseline -0.008 -10"><span class='ocrx_word' id='word_1_253' title='bbox 460 3264 680 3303; x_wconf 77' lang='lat' dir='ltr'><strong><em>sacrove</em></strong></span> <span class='ocrx_word' id='word_1_254' title='bbox 692 3245 937 3311; x_wconf 83' lang='lat' dir='ltr'><strong><em>violavit,</em></strong></span> <span class='ocrx_word' id='word_1_255' title='bbox 965 3247 1162 3300; x_wconf 86' lang='lat' dir='ltr'><strong><em>nonest</em></strong></span> <span class='ocrx_word' id='word_1_256' title='bbox 1187 3240 1252 3296; x_wconf 93' lang='lat' dir='ltr'><strong><em>ab</em></strong></span> <span class='ocrx_word' id='word_1_257' title='bbox 1272 3235 1995 3308; x_wconf 82' lang='lat' dir='ltr'><strong><em>indulgentiasecernendus.</em></strong></span> <span class='ocrx_word' id='word_1_258' title='bbox 2021 3236 2117 3289; x_wconf 84' lang='lat' dir='ltr'><strong><em>Po-</em></strong></span> 
     </span>
    </p>
   </div>
   <div class='ocr_carea' id='block_1_35' title="bbox 461 3326 2120 3397">
    <p class='ocr_par' dir='ltr' id='par_1_35' title="bbox 461 3326 2120 3397">
     <span class='ocr_line' id='line_1_35' title="bbox 461 3326 2120 3397; baseline -0.01 -5"><span class='ocrx_word' id='word_1_259' title='bbox 461 3343 659 3392; x_wconf 85' lang='lat' dir='ltr'><strong><em>stremo</em></strong></span> <span class='ocrx_word' id='word_1_260' title='bbox 709 3335 893 3389; x_wconf 86' lang='lat' dir='ltr'><strong><em>nullus</em></strong></span> <span class='ocrx_word' id='word_1_261' title='bbox 938 3338 1067 3389; x_wconf 81' lang='lat' dir='ltr'><strong><em>esset</em></strong></span> <span class='ocrx_word' id='word_1_262' title='bbox 1124 3329 1294 3385; x_wconf 68' lang='lat' dir='ltr'><strong><em>venim</em></strong></span> <span class='ocrx_word' id='word_1_263' title='bbox 1345 3328 1509 3391; x_wconf 89' lang='lat' dir='ltr'><strong><em>locus,</em></strong></span> <span class='ocrx_word' id='word_1_264' title='bbox 1560 3326 1671 3381; x_wconf 87' lang='lat' dir='ltr'><strong><em>nisi</em></strong></span> <span class='ocrx_word' id='word_1_265' title='bbox 1704 3332 1920 3397; x_wconf 85' lang='lat' dir='ltr'><strong><em>peccata</em></strong></span> <span class='ocrx_word' id='word_1_266' title='bbox 1972 3339 2120 3394; x_wconf 65' lang='lat' dir='ltr'><strong><em>prm-</em></strong></span> 
     </span>
    </p>
   </div>
   <div class='ocr_carea' id='block_1_36' title="bbox 468 3426 733 3483">
    <p class='ocr_par' dir='ltr' id='par_1_36' title="bbox 468 3426 733 3483">
     <span class='ocr_line' id='line_1_36' title="bbox 468 3426 733 3483; baseline -0.004 -3"><span class='ocrx_word' id='word_1_267' title='bbox 468 3426 733 3483; x_wconf 83' lang='lat' dir='ltr'><strong><em>cederent.</em></strong></span> 
     </span>
    </p>
   </div>
   <div class='ocr_carea' id='block_1_37' title="bbox 536 3501 2121 3587">
    <p class='ocr_par' dir='ltr' id='par_1_37' title="bbox 536 3501 2121 3587">
     <span class='ocr_line' id='line_1_37' title="bbox 536 3501 2121 3587; baseline -0.009 -17"><span class='ocrx_word' id='word_1_268' title='bbox 536 3518 591 3571; x_wconf 83' lang='grc'><strong>4.</strong></span> <span class='ocrx_word' id='word_1_269' title='bbox 622 3513 783 3569; x_wconf 86' lang='lat' dir='ltr'><strong><em>Nunc</em></strong></span> <span class='ocrx_word' id='word_1_270' title='bbox 809 3510 1068 3582; x_wconf 80' lang='lat' dir='ltr'><strong><em>quoniam</em></strong></span> <span class='ocrx_word' id='word_1_271' title='bbox 1117 3524 1220 3587; x_wconf 89' lang='lat' dir='ltr'><strong><em>non</em></strong></span> <span class='ocrx_word' id='word_1_272' title='bbox 1252 3510 1511 3578; x_wconf 89' lang='lat' dir='ltr'><strong><em>quantum</em></strong></span> <span class='ocrx_word' id='word_1_273' title='bbox 1539 3503 1719 3569; x_wconf 87' lang='lat' dir='ltr'><strong><em>debui,</em></strong></span> <span class='ocrx_word' id='word_1_274' title='bbox 1746 3501 1837 3557; x_wconf 89' lang='lat' dir='ltr'><strong><em>sed</em></strong></span> <span class='ocrx_word' id='word_1_275' title='bbox 1859 3508 2121 3573; x_wconf 85' lang='lat' dir='ltr'><strong><em>quantum</em></strong></span> 
     </span>
    </p>
   </div>
   <div class='ocr_carea' id='block_1_38' title="bbox 459 3590 2123 3674">
    <p class='ocr_par' dir='ltr' id='par_1_38' title="bbox 459 3590 2123 3674">
     <span class='ocr_line' id='line_1_38' title="bbox 459 3590 2123 3674; baseline -0.007 -18"><span class='ocrx_word' id='word_1_276' title='bbox 459 3602 646 3674; x_wconf 85' lang='lat' dir='ltr'><strong><em>potui,</em></strong></span> <span class='ocrx_word' id='word_1_277' title='bbox 667 3601 844 3671; x_wconf 85' lang='lat' dir='ltr'><strong><em>majus</em></strong></span> <span class='ocrx_word' id='word_1_278' title='bbox 865 3607 928 3656; x_wconf 85' lang='lat' dir='ltr'><strong><em>ut</em></strong></span> <span class='ocrx_word' id='word_1_279' title='bbox 946 3599 1173 3667; x_wconf 87' lang='lat' dir='ltr'><strong><em>dicitur,</em></strong></span> <span class='ocrx_word' id='word_1_280' title='bbox 1202 3596 1441 3650; x_wconf 84' lang='lat' dir='ltr'><strong><em>minusve</em></strong></span> <span class='ocrx_word' id='word_1_281' title='bbox 1462 3592 1732 3664; x_wconf 84' lang='lat' dir='ltr'><strong><em>respondi,</em></strong></span> <span class='ocrx_word' id='word_1_282' title='bbox 1752 3608 1845 3647; x_wconf 87' lang='lat' dir='ltr'><strong><em>oro</em></strong></span> <span class='ocrx_word' id='word_1_283' title='bbox 1863 3598 2019 3662; x_wconf 87' lang='lat' dir='ltr'><strong><em>atque</em></strong></span> <span class='ocrx_word' id='word_1_284' title='bbox 2035 3590 2123 3645; x_wconf 82' lang='lat' dir='ltr'><strong><em>ab-</em></strong></span> 
     </span>
    </p>
   </div>
   <div class='ocr_carea' id='block_1_39' title="bbox 466 3680 2123 3761">
    <p class='ocr_par' dir='ltr' id='par_1_39' title="bbox 466 3680 2123 3761">
     <span class='ocr_line' id='line_1_39' title="bbox 466 3680 2123 3761; baseline -0.007 -16"><span class='ocrx_word' id='word_1_285' title='bbox 466 3707 636 3757; x_wconf 82' lang='lat' dir='ltr'><strong><em>secro,</em></strong></span> <span class='ocrx_word' id='word_1_286' title='bbox 666 3691 879 3747; x_wconf 89' lang='lat' dir='ltr'><strong><em>utinam</em></strong></span> <span class='ocrx_word' id='word_1_287' title='bbox 933 3694 1250 3761; x_wconf 67' lang='lat' dir='ltr'><strong><em>prmsentem</em></strong></span> <span class='ocrx_word' id='word_1_288' title='bbox 1289 3700 1519 3755; x_wconf 85' lang='lat' dir='ltr'><strong><em>possem,</em></strong></span> <span class='ocrx_word' id='word_1_289' title='bbox 1553 3690 1612 3738; x_wconf 90' lang='lat' dir='ltr'><strong><em>ut</em></strong></span> <span class='ocrx_word' id='word_1_290' title='bbox 1658 3683 1820 3737; x_wconf 89' lang='lat' dir='ltr'><strong><em>etiam</em></strong></span> <span class='ocrx_word' id='word_1_291' title='bbox 1861 3680 2123 3752; x_wconf 66' lang='lat' dir='ltr'><strong><em>lacrumas</em></strong></span> 
     </span>
    </p>
   </div>
   <div class='ocr_carea' id='block_1_40' title="bbox 466 3769 2122 3851">
    <p class='ocr_par' dir='ltr' id='par_1_40' title="bbox 466 3769 2122 3851">
     <span class='ocr_line' id='line_1_40' title="bbox 466 3769 2122 3851; baseline -0.008 -14"><span class='ocrx_word' id='word_1_292' title='bbox 466 3797 608 3839; x_wconf 86' lang='lat' dir='ltr'><strong><em>meas</em></strong></span> <span class='ocrx_word' id='word_1_293' title='bbox 626 3780 953 3851; x_wconf 84' lang='lat' dir='ltr'><strong><em>pervideres,</em></strong></span> <span class='ocrx_word' id='word_1_294' title='bbox 971 3785 1030 3833; x_wconf 87' lang='lat' dir='ltr'><strong><em>ut</em></strong></span> <span class='ocrx_word' id='word_1_295' title='bbox 1066 3776 1162 3848; x_wconf 88' lang='lat' dir='ltr'><strong><em>qui</em></strong></span> <span class='ocrx_word' id='word_1_296' title='bbox 1187 3776 1283 3841; x_wconf 88' lang='lat' dir='ltr'><strong><em>sis,</em></strong></span> <span class='ocrx_word' id='word_1_297' title='bbox 1307 3773 1438 3845; x_wconf 87' lang='lat' dir='ltr'><strong><em>quid</em></strong></span> <span class='ocrx_word' id='word_1_298' title='bbox 1457 3771 1792 3844; x_wconf 77' lang='lat' dir='ltr'><strong><em>proﬁtearis,</em></strong></span> <span class='ocrx_word' id='word_1_299' title='bbox 1822 3769 1955 3842; x_wconf 87' lang='lat' dir='ltr'><strong><em>quid</em></strong></span> <span class='ocrx_word' id='word_1_300' title='bbox 1973 3787 2122 3841; x_wconf 91' lang='lat' dir='ltr'><strong><em>agas,</em></strong></span> 
     </span>
    </p>
   </div>
   <div class='ocr_carea' id='block_1_41' title="bbox 465 3860 2126 3941">
    <p class='ocr_par' dir='ltr' id='par_1_41' title="bbox 465 3860 2126 3941">
     <span class='ocr_line' id='line_1_41' title="bbox 465 3860 2126 3941; baseline -0.006 -18"><span class='ocrx_word' id='word_1_301' title='bbox 465 3871 629 3928; x_wconf 86' lang='lat' dir='ltr'><strong><em>etiam</em></strong></span> <span class='ocrx_word' id='word_1_302' title='bbox 656 3877 811 3941; x_wconf 87' lang='lat' dir='ltr'><strong><em>atque</em></strong></span> <span class='ocrx_word' id='word_1_303' title='bbox 834 3868 1235 3939; x_wconf 84' lang='lat' dir='ltr'><strong><em>etiamcogites;</em></strong></span> <span class='ocrx_word' id='word_1_304' title='bbox 1264 3863 1519 3919; x_wconf 85' lang='lat' dir='ltr'><strong><em>intendas</em></strong></span> <span class='ocrx_word' id='word_1_305' title='bbox 1544 3878 1661 3932; x_wconf 62' lang='lat' dir='ltr'><strong><em>qum</em></strong></span> <span class='ocrx_word' id='word_1_306' title='bbox 1673 3862 1745 3915; x_wconf 85' lang='lat' dir='ltr'><strong><em>sit</em></strong></span> <span class='ocrx_word' id='word_1_307' title='bbox 1762 3860 2126 3931; x_wconf 86' lang='lat' dir='ltr'><strong><em>illiusspecies</em></strong></span> 
     </span>
    </p>
   </div>
   <div class='ocr_carea' id='block_1_42' title="bbox 462 3951 2124 4031">
    <p class='ocr_par' dir='ltr' id='par_1_42' title="bbox 462 3951 2124 4031">
     <span class='ocr_line' id='line_1_42' title="bbox 462 3951 2124 4031; baseline -0.008 -15"><span class='ocrx_word' id='word_1_308' title='bbox 462 3960 703 4029; x_wconf 84' lang='lat' dir='ltr'><strong><em>civitatis</em></strong></span> <span class='ocrx_word' id='word_1_309' title='bbox 714 3977 797 4025; x_wconf 79' lang='lat' dir='ltr'><strong><em>,ex</em></strong></span> <span class='ocrx_word' id='word_1_310' title='bbox 808 3976 911 4031; x_wconf 89' lang='lat' dir='ltr'><strong><em>qua</em></strong></span> <span class='ocrx_word' id='word_1_311' title='bbox 925 3958 996 4012; x_wconf 90' lang='lat' dir='ltr'><strong><em>ad</em></strong></span> <span class='ocrx_word' id='word_1_312' title='bbox 1008 3956 1338 4028; x_wconf 85' lang='lat' dir='ltr'><strong><em>supplicium</em></strong></span> <span class='ocrx_word' id='word_1_313' title='bbox 1355 3952 1593 4009; x_wconf 85' lang='lat' dir='ltr'><strong><em>ducendi</em></strong></span> <span class='ocrx_word' id='word_1_314' title='bbox 1601 3951 1972 4007; x_wconf 70' lang='lat' dir='ltr'><strong><em>extrahuntur</em></strong></span> <span class='ocrx_word' id='word_1_315' title='bbox 1984 3965 2124 4020; x_wconf 71' lang='lat' dir='ltr'><strong><em>,&#39;quae</em></strong></span> 
     </span>
    </p>
   </div>
   <div class='ocr_carea' id='block_1_43' title="bbox 459 4041 2125 4117">
    <p class='ocr_par' dir='ltr' id='par_1_43' title="bbox 459 4041 2125 4117">
     <span class='ocr_line' id='line_1_43' title="bbox 459 4041 2125 4117; baseline -0.008 -12"><span class='ocrx_word' id='word_1_316' title='bbox 459 4050 535 4107; x_wconf 85' lang='lat' dir='ltr'><strong><em>sit</em></strong></span> <span class='ocrx_word' id='word_1_317' title='bbox 557 4057 953 4117; x_wconf 81' lang='lat' dir='ltr'><strong><em>matrum,quae</em></strong></span> <span class='ocrx_word' id='word_1_318' title='bbox 974 4046 1278 4116; x_wconf 83' lang='lat' dir='ltr'><strong><em>conjugum,</em></strong></span> <span class='ocrx_word' id='word_1_319' title='bbox 1296 4060 1412 4113; x_wconf 74' lang='lat' dir='ltr'><strong><em>quae</em></strong></span> <span class='ocrx_word' id='word_1_320' title='bbox 1436 4041 1757 4105; x_wconf 86' lang='lat' dir='ltr'><strong><em>liberorum,</em></strong></span> <span class='ocrx_word' id='word_1_321' title='bbox 1783 4056 1901 4110; x_wconf 65' lang='lat' dir='ltr'><strong><em>qum</em></strong></span> <span class='ocrx_word' id='word_1_322' title='bbox 1924 4054 2125 4110; x_wconf 87' lang='lat' dir='ltr'><strong><em>paren-</em></strong></span> 
     </span>
    </p>
   </div>
   <div class='ocr_carea' id='block_1_44' title="bbox 467 4127 2127 4205">
    <p class='ocr_par' dir='ltr' id='par_1_44' title="bbox 467 4127 2127 4205">
     <span class='ocr_line' id='line_1_44' title="bbox 467 4127 2127 4205; baseline -0.007 -12"><span class='ocrx_word' id='word_1_323' title='bbox 467 4142 581 4196; x_wconf 87' lang='lat' dir='ltr'><strong><em>tum</em></strong></span> <span class='ocrx_word' id='word_1_324' title='bbox 609 4138 922 4194; x_wconf 84' lang='lat' dir='ltr'><strong><em>la-mentatio</em></strong></span> <span class='ocrx_word' id='word_1_325' title='bbox 951 4157 971 4203; x_wconf 89' lang='lat'><strong><em>,-</em></strong></span> <span class='ocrx_word' id='word_1_326' title='bbox 1011 4151 1113 4205; x_wconf 87' lang='lat' dir='ltr'><strong><em>quo</em></strong></span> <span class='ocrx_word' id='word_1_327' title='bbox 1136 4133 1340 4203; x_wconf 82' lang='lat' dir='ltr'><strong><em>pudore</em></strong></span> <span class='ocrx_word' id='word_1_328' title='bbox 1358 4131 1429 4186; x_wconf 86' lang='lat' dir='ltr'><strong><em>ad</em></strong></span> <span class='ocrx_word' id='word_1_329' title='bbox 1454 4129 1697 4199; x_wconf 87' lang='lat' dir='ltr'><strong><em>patriam</em></strong></span> <span class='ocrx_word' id='word_1_330' title='bbox 1712 4129 1894 4183; x_wconf 86' lang='lat' dir='ltr'><strong><em>venire</em></strong></span> <span class='ocrx_word' id='word_1_331' title='bbox 1920 4127 2127 4199; x_wconf 88' lang='lat' dir='ltr'><strong><em>possint</em></strong></span> 
     </span>
    </p>
   </div>
   <div class='ocr_carea' id='block_1_45' title="bbox 468 4216 2129 4294">
    <p class='ocr_par' dir='ltr' id='par_1_45' title="bbox 468 4216 2129 4294">
     <span class='ocr_line' id='line_1_45' title="bbox 468 4216 2129 4294; baseline -0.007 -13"><span class='ocrx_word' id='word_1_332' title='bbox 468 4226 707 4290; x_wconf 84' lang='lat' dir='ltr'><strong><em>liberati,</em></strong></span> <span class='ocrx_word' id='word_1_333' title='bbox 733 4224 823 4282; x_wconf 83' lang='lat' dir='ltr'><strong><em>sed</em></strong></span> <span class='ocrx_word' id='word_1_334' title='bbox 839 4224 1007 4290; x_wconf 87' lang='lat' dir='ltr'><strong><em>torti;</em></strong></span> <span class='ocrx_word' id='word_1_335' title='bbox 1032 4239 1157 4294; x_wconf 89' lang='lat' dir='ltr'><strong><em>quos</em></strong></span> <span class='ocrx_word' id='word_1_336' title='bbox 1177 4226 1398 4277; x_wconf 89' lang='lat' dir='ltr'><strong><em>renovat</em></strong></span> <span class='ocrx_word' id='word_1_337' title='bbox 1408 4219 1612 4274; x_wconf 86' lang='lat' dir='ltr'><strong><em>dolores</em></strong></span> <span class='ocrx_word' id='word_1_338' title='bbox 1639 4224 1743 4274; x_wconf 88' lang='lat' dir='ltr'><strong><em>aut</em></strong></span> <span class='ocrx_word' id='word_1_339' title='bbox 1757 4216 1986 4288; x_wconf 86' lang='lat' dir='ltr'><strong><em>gemitus</em></strong></span> <span class='ocrx_word' id='word_1_340' title='bbox 2007 4233 2129 4272; x_wconf 88' lang='lat' dir='ltr'><strong><em>con-</em></strong></span> 
     </span>
    </p>
   </div>
   <div class='ocr_carea' id='block_1_46' title="bbox 462 4305 2126 4377">
    <p class='ocr_par' dir='ltr' id='par_1_46' title="bbox 462 4305 2126 4377">
     <span class='ocr_line' id='line_1_46' title="bbox 462 4305 2126 4377; baseline -0.008 -5"><span class='ocrx_word' id='word_1_341' title='bbox 462 4315 725 4372; x_wconf 82' lang='lat' dir='ltr'><strong><em>sideratio</em></strong></span> <span class='ocrx_word' id='word_1_342' title='bbox 746 4312 1036 4371; x_wconf 86' lang='lat' dir='ltr'><strong><em>vulnerum</em></strong></span> <span class='ocrx_word' id='word_1_343' title='bbox 1048 4319 1094 4367; x_wconf 90' lang='lat' dir='ltr'><strong><em>et</em></strong></span> <span class='ocrx_word' id='word_1_344' title='bbox 1108 4310 1443 4367; x_wconf 86' lang='lat' dir='ltr'><strong><em>cicatricum.</em></strong></span> <span class='ocrx_word' id='word_1_345' title='bbox 1467 4308 1541 4363; x_wconf 87' lang='lat' dir='ltr'><strong><em>Et</em></strong></span> <span class='ocrx_word' id='word_1_346' title='bbox 1566 4308 1647 4362; x_wconf 87' lang='lat' dir='ltr'><strong><em>his</em></strong></span> <span class='ocrx_word' id='word_1_347' title='bbox 1658 4305 1901 4362; x_wconf 87' lang='lat' dir='ltr'><strong><em>omnibus</em></strong></span> <span class='ocrx_word' id='word_1_348' title='bbox 1913 4313 2126 4377; x_wconf 83' lang='lat' dir='ltr'><strong><em>pertra-</em></strong></span> 
     </span>
    </p>
   </div>
   <div class='ocr_carea' id='block_1_47' title="bbox 462 4396 2130 4475">
    <p class='ocr_par' dir='ltr' id='par_1_47' title="bbox 462 4396 2130 4475">
     <span class='ocr_line' id='line_1_47' title="bbox 462 4396 2130 4475; baseline -0.008 -13"><span class='ocrx_word' id='word_1_349' title='bbox 462 4406 646 4473; x_wconf 84' lang='lat' dir='ltr'><strong><em>ctatis,</em></strong></span> <span class='ocrx_word' id='word_1_350' title='bbox 674 4405 851 4462; x_wconf 87' lang='lat' dir='ltr'><strong><em>Deum</em></strong></span> <span class='ocrx_word' id='word_1_351' title='bbox 869 4403 1051 4475; x_wconf 86' lang='lat' dir='ltr'><strong><em>primo</em></strong></span> <span class='ocrx_word' id='word_1_352' title='bbox 1071 4401 1394 4466; x_wconf 86' lang='lat' dir='ltr'><strong><em>consideres,</em></strong></span> <span class='ocrx_word' id='word_1_353' title='bbox 1424 4397 1807 4469; x_wconf 85' lang='lat' dir='ltr'><strong><em>hominumque</em></strong></span> <span class='ocrx_word' id='word_1_354' title='bbox 1830 4397 2023 4468; x_wconf 87' lang='lat' dir='ltr'><strong><em>cogites</em></strong></span> <span class='ocrx_word' id='word_1_355' title='bbox 2042 4396 2130 4468; x_wconf 82' lang='lat' dir='ltr'><strong><em>fa-</em></strong></span> 
     </span>
    </p>
   </div>
   <div class='ocr_carea' id='block_1_48' title="bbox 461 4486 2128 4562">
    <p class='ocr_par' dir='ltr' id='par_1_48' title="bbox 461 4486 2128 4562">
     <span class='ocr_line' id='line_1_48' title="bbox 461 4486 2128 4562; baseline -0.005 -12"><span class='ocrx_word' id='word_1_356' title='bbox 461 4512 622 4561; x_wconf 83' lang='lat' dir='ltr'><strong><em>mam,</em></strong></span> <span class='ocrx_word' id='word_1_357' title='bbox 647 4495 937 4550; x_wconf 88' lang='lat' dir='ltr'><strong><em>bonitatem</em></strong></span> <span class='ocrx_word' id='word_1_358' title='bbox 957 4494 1195 4548; x_wconf 87' lang='lat' dir='ltr'><strong><em>amicam</em></strong></span> <span class='ocrx_word' id='word_1_359' title='bbox 1216 4490 1416 4562; x_wconf 86' lang='lat' dir='ltr'><strong><em>potius,</em></strong></span> <span class='ocrx_word' id='word_1_360' title='bbox 1439 4487 1881 4560; x_wconf 82' lang='lat' dir='ltr'><strong><em>familiaremque</em></strong></span> <span class='ocrx_word' id='word_1_361' title='bbox 1906 4486 2128 4556; x_wconf 86' lang='lat' dir='ltr'><strong><em>conjun-</em></strong></span> 
     </span>
    </p>
   </div>
   <div class='ocr_carea' id='block_1_49' title="bbox 461 4573 2128 4655">
    <p class='ocr_par' dir='ltr' id='par_1_49' title="bbox 461 4573 2128 4655">
     <span class='ocr_line' id='line_1_49' title="bbox 461 4573 2128 4655; baseline -0.008 -14"><span class='ocrx_word' id='word_1_362' title='bbox 461 4585 713 4653; x_wconf 73' lang='lat' dir='ltr'><strong><em>ctionem,</em></strong></span> <span class='ocrx_word' id='word_1_363' title='bbox 728 4587 779 4639; x_wconf 90' lang='lat' dir='ltr'><strong><em>et</em></strong></span> <span class='ocrx_word' id='word_1_364' title='bbox 818 4581 1128 4655; x_wconf 88' lang='lat' dir='ltr'><strong><em>ignoscendo</em></strong></span> <span class='ocrx_word' id='word_1_365' title='bbox 1150 4580 1333 4653; x_wconf 90' lang='lat' dir='ltr'><strong><em>potius</em></strong></span> <span class='ocrx_word' id='word_1_366' title='bbox 1354 4578 1589 4644; x_wconf 90' lang='lat' dir='ltr'><strong><em>laudem,</em></strong></span> <span class='ocrx_word' id='word_1_367' title='bbox 1621 4593 1778 4648; x_wconf 86' lang='lat' dir='ltr'><strong><em>quam</em></strong></span> <span class='ocrx_word' id='word_1_368' title='bbox 1806 4573 2128 4630; x_wconf 87' lang='lat' dir='ltr'><strong><em>vindicando</em></strong></span> 
     </span>
    </p>
   </div>
   <div class='ocr_carea' id='block_1_50' title="bbox 461 4668 2129 4746">
    <p class='ocr_par' dir='ltr' id='par_1_50' title="bbox 461 4668 2129 4746">
     <span class='ocr_line' id='line_1_50' title="bbox 461 4668 2129 4746; baseline -0.005 -17"><span class='ocrx_word' id='word_1_369' title='bbox 461 4675 772 4746; x_wconf 86' lang='lat' dir='ltr'><strong><em>conquiras.</em></strong></span> <span class='ocrx_word' id='word_1_370' title='bbox 801 4675 981 4743; x_wconf 81' lang='lat' dir='ltr'><strong><em>Atque</em></strong></span> <span class='ocrx_word' id='word_1_371' title='bbox 1009 4671 1121 4727; x_wconf 59' lang='lat' dir='ltr'><strong><em>hac</em></strong></span> <span class='ocrx_word' id='word_1_372' title='bbox 1145 4670 1211 4730; x_wconf 89' lang='lat' dir='ltr'><strong><em>de</em></strong></span> <span class='ocrx_word' id='word_1_373' title='bbox 1234 4669 1317 4724; x_wconf 89' lang='lat' dir='ltr'><strong><em>his</em></strong></span> <span class='ocrx_word' id='word_1_374' title='bbox 1335 4669 1482 4723; x_wconf 87' lang='lat' dir='ltr'><strong><em>dicta</em></strong></span> <span class='ocrx_word' id='word_1_375' title='bbox 1509 4668 1641 4732; x_wconf 89' lang='lat' dir='ltr'><strong><em>sint,</em></strong></span> <span class='ocrx_word' id='word_1_376' title='bbox 1672 4682 1798 4737; x_wconf 89' lang='lat' dir='ltr'><strong><em>quos</em></strong></span> <span class='ocrx_word' id='word_1_377' title='bbox 1813 4681 1970 4721; x_wconf 87' lang='lat' dir='ltr'><strong><em>verus</em></strong></span> <span class='ocrx_word' id='word_1_378' title='bbox 2003 4680 2129 4720; x_wconf 84' lang='lat' dir='ltr'><strong><em>con-</em></strong></span> 
     </span>
    </p>
   </div>
   <div class='ocr_carea' id='block_1_51' title="bbox 460 4754 2129 4833">
    <p class='ocr_par' dir='ltr' id='par_1_51' title="bbox 460 4754 2129 4833">
     <span class='ocr_line' id='line_1_51' title="bbox 460 4754 2129 4833; baseline -0.007 -14"><span class='ocrx_word' id='word_1_379' title='bbox 460 4761 716 4833; x_wconf 80' lang='lat' dir='ltr'><strong><em>fessionis</em></strong></span> <span class='ocrx_word' id='word_1_380' title='bbox 736 4778 849 4819; x_wconf 79' lang='lat' dir='ltr'><strong><em>suae</em></strong></span> <span class='ocrx_word' id='word_1_381' title='bbox 872 4768 1053 4819; x_wconf 84' lang='lat' dir='ltr'><strong><em>reatus</em></strong></span> <span class='ocrx_word' id='word_1_382' title='bbox 1075 4759 1356 4830; x_wconf 85' lang='lat' dir='ltr'><strong><em>astringit.</em></strong></span> <span class='ocrx_word' id='word_1_383' title='bbox 1393 4757 1596 4823; x_wconf 84' lang='lat' dir='ltr'><strong><em>Quibus</em></strong></span> <span class='ocrx_word' id='word_1_384' title='bbox 1624 4755 1838 4827; x_wconf 85' lang='lat' dir='ltr'><strong><em>quidem</em></strong></span> <span class='ocrx_word' id='word_1_385' title='bbox 1862 4754 1989 4826; x_wconf 87' lang='lat' dir='ltr'><strong><em>legis</em></strong></span> <span class='ocrx_word' id='word_1_386' title='bbox 2007 4770 2129 4809; x_wconf 86' lang='lat' dir='ltr'><strong><em>con-</em></strong></span> 
     </span>
    </p>
   </div>
   <div class='ocr_carea' id='block_1_52' title="bbox 463 4844 2124 4924">
    <p class='ocr_par' dir='ltr' id='par_1_52' title="bbox 463 4844 2124 4924">
     <span class='ocr_line' id='line_1_52' title="bbox 463 4844 2124 4924; baseline -0.008 -17"><span class='ocrx_word' id='word_1_387' title='bbox 463 4852 829 4924; x_wconf 87' lang='lat' dir='ltr'><strong><em>templatione,</em></strong></span> <span class='ocrx_word' id='word_1_388' title='bbox 851 4851 989 4922; x_wconf 89' lang='lat' dir='ltr'><strong><em>quod</em></strong></span> <span class='ocrx_word' id='word_1_389' title='bbox 1015 4849 1237 4905; x_wconf 86' lang='lat' dir='ltr'><strong><em>laudare</em></strong></span> <span class='ocrx_word' id='word_1_390' title='bbox 1255 4864 1360 4902; x_wconf 91' lang='lat' dir='ltr'><strong><em>non</em></strong></span> <span class='ocrx_word' id='word_1_391' title='bbox 1378 4846 1580 4913; x_wconf 87' lang='lat' dir='ltr'><strong><em>desino,</em></strong></span> <span class='ocrx_word' id='word_1_392' title='bbox 1593 4846 1804 4900; x_wconf 86' lang='lat' dir='ltr'><strong><em>veniam</em></strong></span> <span class='ocrx_word' id='word_1_393' title='bbox 1824 4844 2124 4900; x_wconf 87' lang='lat' dir='ltr'><strong><em>tribuistis.</em></strong></span> 
     </span>
    </p>
   </div>
   <div class='ocr_carea' id='block_1_53' title="bbox 461 4932 2127 5012">
    <p class='ocr_par' dir='ltr' id='par_1_53' title="bbox 461 4932 2127 5012">
     <span class='ocr_line' id='line_1_53' title="bbox 461 4932 2127 5012; baseline -0.007 -13"><span class='ocrx_word' id='word_1_394' title='bbox 461 4942 587 4999; x_wconf 82' lang='lat' dir='ltr'><strong><em>Jam</em></strong></span> <span class='ocrx_word' id='word_1_395' title='bbox 615 4941 765 4998; x_wconf 86' lang='lat' dir='ltr'><strong><em>illud</em></strong></span> <span class='ocrx_word' id='word_1_396' title='bbox 788 4938 1057 5012; x_wconf 71' lang='lat' dir='ltr'><strong><em>explicari</em></strong></span> <span class='ocrx_word' id='word_1_397' title='bbox 1082 4939 1176 4993; x_wconf 71' lang='lat' dir='ltr'><strong><em>vis:</em></strong></span> <span class='ocrx_word' id='word_1_398' title='bbox 1205 4943 1370 5008; x_wconf 86' lang='lat' dir='ltr'><strong><em>potest</em></strong></span> <span class='ocrx_word' id='word_1_399' title='bbox 1395 4943 1657 5007; x_wconf 88' lang='lat' dir='ltr'><strong><em>quantum</em></strong></span> <span class='ocrx_word' id='word_1_400' title='bbox 1668 4933 2014 4989; x_wconf 85' lang='lat' dir='ltr'><strong><em>crudelitatis</em></strong></span> <span class='ocrx_word' id='word_1_401' title='bbox 2034 4932 2127 4999; x_wconf 87' lang='lat' dir='ltr'><strong><em>sit,</em></strong></span> 
     </span>
    </p>
   </div>
   <div class='ocr_carea' id='block_1_54' title="bbox 457 5024 2129 5102">
    <p class='ocr_par' dir='ltr' id='par_1_54' title="bbox 457 5024 2129 5102">
     <span class='ocr_line' id='line_1_54' title="bbox 457 5024 2129 5102; baseline -0.008 -13"><span class='ocrx_word' id='word_1_402' title='bbox 457 5031 765 5089; x_wconf 84' lang='lat' dir='ltr'><strong><em>innocentes</em></strong></span> <span class='ocrx_word' id='word_1_403' title='bbox 791 5036 1062 5102; x_wconf 87' lang='lat' dir='ltr'><strong><em>appetere,</em></strong></span> <span class='ocrx_word' id='word_1_404' title='bbox 1106 5034 1157 5082; x_wconf 85' lang='lat' dir='ltr'><strong><em>et</em></strong></span> <span class='ocrx_word' id='word_1_405' title='bbox 1181 5043 1286 5093; x_wconf 88' lang='lat' dir='ltr'><strong><em>eos,</em></strong></span> <span class='ocrx_word' id='word_1_406' title='bbox 1313 5042 1441 5096; x_wconf 90' lang='lat' dir='ltr'><strong><em>quos</em></strong></span> <span class='ocrx_word' id='word_1_407' title='bbox 1463 5043 1496 5079; x_wconf 94' lang='lat' dir='ltr'><strong><em>a</em></strong></span> <span class='ocrx_word' id='word_1_408' title='bbox 1519 5024 1754 5079; x_wconf 87' lang='lat' dir='ltr'><strong><em>crimine</em></strong></span> <span class='ocrx_word' id='word_1_409' title='bbox 1778 5029 1987 5080; x_wconf 87' lang='lat' dir='ltr'><strong><em>constat</em></strong></span> <span class='ocrx_word' id='word_1_410' title='bbox 2024 5038 2129 5077; x_wconf 90' lang='lat' dir='ltr'><strong><em>esse</em></strong></span> 
     </span>
    </p>
   </div>
   <div class='ocr_carea' id='block_1_55' title="bbox 462 5112 2131 5191">
    <p class='ocr_par' dir='ltr' id='par_1_55' title="bbox 462 5112 2131 5191">
     <span class='ocr_line' id='line_1_55' title="bbox 462 5112 2131 5191; baseline -0.008 -13"><span class='ocrx_word' id='word_1_411' title='bbox 462 5121 748 5186; x_wconf 85' lang='lat' dir='ltr'><strong><em>discretos,</em></strong></span> <span class='ocrx_word' id='word_1_412' title='bbox 776 5122 836 5175; x_wconf 91' lang='lat' dir='ltr'><strong><em>in</em></strong></span> <span class='ocrx_word' id='word_1_413' title='bbox 849 5118 1123 5191; x_wconf 86' lang='lat' dir='ltr'><strong><em>judicium</em></strong></span> <span class='ocrx_word' id='word_1_414' title='bbox 1152 5116 1345 5187; x_wconf 87' lang='lat' dir='ltr'><strong><em>capitis</em></strong></span> <span class='ocrx_word' id='word_1_415' title='bbox 1363 5115 1638 5170; x_wconf 88' lang='lat' dir='ltr'><strong><em>devocare.</em></strong></span> <span class='ocrx_word' id='word_1_416' title='bbox 1664 5114 1799 5178; x_wconf 87' lang='lat' dir='ltr'><strong><em>Quos</em></strong></span> <span class='ocrx_word' id='word_1_417' title='bbox 1819 5113 1870 5167; x_wconf 88' lang='lat' dir='ltr'><strong><em>si</em></strong></span> <span class='ocrx_word' id='word_1_418' title='bbox 1891 5112 2131 5183; x_wconf 85' lang='lat' dir='ltr'><strong><em>purgari</em></strong></span> 
     </span>
    </p>
   </div>
   <div class='ocr_carea' id='block_1_56' title="bbox 464 5200 2130 5283">
    <p class='ocr_par' dir='ltr' id='par_1_56' title="bbox 464 5200 2130 5283">
     <span class='ocr_line' id='line_1_56' title="bbox 464 5200 2130 5283; baseline -0.009 -15"><span class='ocrx_word' id='word_1_419' title='bbox 464 5211 780 5283; x_wconf 85' lang='lat' dir='ltr'><strong><em>contigerit,</em></strong></span> <span class='ocrx_word' id='word_1_420' title='bbox 811 5212 1023 5282; x_wconf 87' lang='lat' dir='ltr'><strong><em>cogites,</em></strong></span> <span class='ocrx_word' id='word_1_421' title='bbox 1070 5224 1265 5279; x_wconf 77' lang='lat' dir='ltr'><strong><em>quaeso,</em></strong></span> <span class='ocrx_word' id='word_1_422' title='bbox 1296 5210 1500 5277; x_wconf 89' lang='lat' dir='ltr'><strong><em>quanta</em></strong></span> <span class='ocrx_word' id='word_1_423' title='bbox 1522 5210 1908 5259; x_wconf 80' lang='lat' dir='ltr'><strong><em>accusatorum</em></strong></span> <span class='ocrx_word' id='word_1_424' title='bbox 1923 5200 2130 5255; x_wconf 87' lang='lat' dir='ltr'><strong><em>libera-</em></strong></span> 
     </span>
    </p>
   </div>
   <div class='ocr_carea' id='block_1_57' title="bbox 466 5290 2131 5367">
    <p class='ocr_par' dir='ltr' id='par_1_57' title="bbox 466 5290 2131 5367">
     <span class='ocr_line' id='line_1_57' title="bbox 466 5290 2131 5367; baseline -0.007 -12"><span class='ocrx_word' id='word_1_425' title='bbox 466 5300 667 5357; x_wconf 87' lang='lat' dir='ltr'><strong><em>buntur</em></strong></span> <span class='ocrx_word' id='word_1_426' title='bbox 696 5300 936 5366; x_wconf 83' lang='lat' dir='ltr'><strong><em>invidia,</em></strong></span> <span class='ocrx_word' id='word_1_427' title='bbox 966 5316 1087 5355; x_wconf 88' lang='lat' dir='ltr'><strong><em>cum</em></strong></span> <span class='ocrx_word' id='word_1_428' title='bbox 1119 5313 1240 5353; x_wconf 89' lang='lat' dir='ltr'><strong><em>reos</em></strong></span> <span class='ocrx_word' id='word_1_429' title='bbox 1260 5301 1443 5367; x_wconf 86' lang='lat' dir='ltr'><strong><em>sponte</em></strong></span> <span class='ocrx_word' id='word_1_430' title='bbox 1464 5293 1779 5348; x_wconf 86' lang='lat' dir='ltr'><strong><em>dimiserint</em></strong></span> <span class='ocrx_word' id='word_1_431' title='bbox 1809 5293 1965 5355; x_wconf 87' lang='lat' dir='ltr'><strong><em>victi,</em></strong></span> <span class='ocrx_word' id='word_1_432' title='bbox 1992 5290 2131 5345; x_wconf 88' lang='lat' dir='ltr'><strong><em>reli-</em></strong></span> 
     </span>
    </p>
   </div>
   <div class='ocr_carea' id='block_1_58' title="bbox 468 5380 2131 5467">
    <p class='ocr_par' dir='ltr' id='par_1_58' title="bbox 468 5380 2131 5467">
     <span class='ocr_line' id='line_1_58' title="bbox 468 5380 2131 5467; baseline -0.007 -22"><span class='ocrx_word' id='word_1_433' title='bbox 468 5391 684 5467; x_wconf 82' lang='lat' dir='ltr'><strong><em>querint</em></strong></span> <span class='ocrx_word' id='word_1_434' title='bbox 710 5392 1031 5445; x_wconf 88' lang='lat' dir='ltr'><strong><em>innocentes.</em></strong></span> <span class='ocrx_word' id='word_1_435' title='bbox 1088 5388 1230 5442; x_wconf 90' lang='lat' dir='ltr'><strong><em>Deus</em></strong></span> <span class='ocrx_word' id='word_1_436' title='bbox 1254 5401 1490 5441; x_wconf 87' lang='lat' dir='ltr'><strong><em>summus</em></strong></span> <span class='ocrx_word' id='word_1_437' title='bbox 1523 5390 1572 5438; x_wconf 88' lang='lat' dir='ltr'><strong><em>te</em></strong></span> <span class='ocrx_word' id='word_1_438' title='bbox 1599 5381 1892 5446; x_wconf 88' lang='lat' dir='ltr'><strong><em>custodiat,</em></strong></span> <span class='ocrx_word' id='word_1_439' title='bbox 1926 5387 1974 5435; x_wconf 89' lang='lat' dir='ltr'><strong><em>et</em></strong></span> <span class='ocrx_word' id='word_1_440' title='bbox 2000 5380 2131 5452; x_wconf 86' lang='lat' dir='ltr'><strong><em>legis</em></strong></span> 
     </span>
    </p>
   </div>
   <div class='ocr_carea' id='block_1_59' title="bbox 464 5475 2132 5550">
    <p class='ocr_par' dir='ltr' id='par_1_59' title="bbox 464 5475 2132 5550">
     <span class='ocr_line' id='line_1_59' title="bbox 464 5475 2132 5550; baseline -0.008 -14"><span class='ocrx_word' id='word_1_441' title='bbox 464 5494 578 5536; x_wconf 65' lang='lat' dir='ltr'><strong><em>suae</em></strong></span> <span class='ocrx_word' id='word_1_442' title='bbox 620 5485 669 5535; x_wconf 83' lang='lat' dir='ltr'><strong><em>te</em></strong></span> <span class='ocrx_word' id='word_1_443' title='bbox 706 5486 971 5536; x_wconf 86' lang='lat' dir='ltr'><strong><em>conservet</em></strong></span> <span class='ocrx_word' id='word_1_444' title='bbox 1023 5475 1349 5550; x_wconf 61' lang='lat' dir='ltr'><strong><em>prmeidium</em></strong></span> <span class='ocrx_word' id='word_1_445' title='bbox 1383 5482 1540 5546; x_wconf 85' lang='lat' dir='ltr'><strong><em>atque</em></strong></span> <span class='ocrx_word' id='word_1_446' title='bbox 1589 5477 1967 5529; x_wconf 85' lang='lat' dir='ltr'><strong><em>ornamentum</em></strong></span> <span class='ocrx_word' id='word_1_447' title='bbox 2014 5486 2132 5525; x_wconf 85' lang='lat' dir='ltr'><strong><em>nos-</em></strong></span> 
     </span>
    </p>
   </div>
   <div class='ocr_carea' id='block_1_60' title="bbox 466 5576 637 5639">
    <p class='ocr_par' dir='ltr' id='par_1_60' title="bbox 466 5576 637 5639">
     <span class='ocr_line' id='line_1_60' title="bbox 466 5576 637 5639; baseline -0.041 -8"><span class='ocrx_word' id='word_1_448' title='bbox 466 5576 637 5639; x_wconf 85' lang='lat' dir='ltr'><strong><em>trum.</em></strong></span> 
     </span>
    </p>
   </div>
   <div class='ocr_carea' id='block_1_61' title="bbox 1690 140 2635 206">
    <p class='ocr_par' dir='ltr' id='par_1_61' title="bbox 1690 140 2635 206">
     <span class='ocr_line' id='line_1_61' title="bbox 1690 140 2635 206; baseline 0.002 -5"><span class='ocrx_word' id='word_1_449' title='bbox 1690 190 1699 201; x_wconf 82' lang='lat'><strong><em>.</em></strong></span> <span class='ocrx_word' id='word_1_450' title='bbox 1736 148 1796 206; x_wconf 90' lang='lat' dir='ltr'><strong><em>S.</em></strong></span> <span class='ocrx_word' id='word_1_451' title='bbox 1840 140 2218 204; x_wconf 76' lang='lat' dir='ltr'><strong><em>AUGUSTINI</em></strong></span> <span class='ocrx_word' id='word_1_452' title='bbox 2257 140 2575 199; x_wconf 77' lang='lat' dir='ltr'><strong><em>EPISCOPI</em></strong></span> 
     </span>
    </p>
   </div>
   <div class='ocr_carea' id='block_1_62' title="bbox 3720 136 3849 203">
    <p class='ocr_par' dir='ltr' id='par_1_62' title="bbox 3720 136 3849 203">
     <span class='ocr_line' id='line_1_62' title="bbox 3720 136 3849 203; baseline 0.047 -6"><span class='ocrx_word' id='word_1_453' title='bbox 3720 136 3849 203; x_wconf 65' lang='lat'><strong><em>388‘.</em></strong></span> 
     </span>
    </p>
   </div>
   <div class='ocr_carea' id='block_1_63' title="bbox 2729 257 3347 330">
    <p class='ocr_par' dir='ltr' id='par_1_63' title="bbox 2729 257 3347 330">
     <span class='ocr_line' id='line_1_63' title="bbox 2729 257 3347 330; baseline -0.006 -11"><span class='ocrx_word' id='word_1_454' title='bbox 2729 262 3060 319; x_wconf 76' lang='lat' dir='ltr'><strong><em>EPISTULA</em></strong></span> <span class='ocrx_word' id='word_1_455' title='bbox 3099 261 3207 317; x_wconf 77' lang='lat' dir='ltr'><strong><em>CIV.</em></strong></span> <span class='ocrx_word' id='word_1_456' title='bbox 3248 257 3347 330; x_wconf 87' lang='lat' dir='ltr'><strong><em>(a).</em></strong></span> 
     </span>
    </p>
   </div>
   <div class='ocr_carea' id='block_1_64' title="bbox 2217 386 3839 463">
    <p class='ocr_par' dir='ltr' id='par_1_64' title="bbox 2217 386 3839 463">
     <span class='ocr_line' id='line_1_64' title="bbox 2217 386 3839 463; baseline -0.004 -15"><span class='ocrx_word' id='word_1_457' title='bbox 2217 392 2306 449; x_wconf 85' lang='lat' dir='ltr'><strong><em>Ad</em></strong></span> <span class='ocrx_word' id='word_1_458' title='bbox 2337 390 2641 463; x_wconf 85' lang='lat' dir='ltr'><strong><em>superioris</em></strong></span> <span class='ocrx_word' id='word_1_459' title='bbox 2668 388 2904 461; x_wconf 67' lang='lat' dir='ltr'><strong><em>epistolze</em></strong></span> <span class='ocrx_word' id='word_1_460' title='bbox 2929 388 3114 458; x_wconf 85' lang='lat' dir='ltr'><strong><em>capita</em></strong></span> <span class='ocrx_word' id='word_1_461' title='bbox 3140 387 3354 457; x_wconf 89' lang='lat' dir='ltr'><strong><em>singula</em></strong></span> <span class='ocrx_word' id='word_1_462' title='bbox 3381 386 3646 457; x_wconf 87' lang='lat' dir='ltr'><strong><em>respondet</em></strong></span> <span class='ocrx_word' id='word_1_463' title='bbox 3668 389 3839 460; x_wconf 81' lang='lat' dir='ltr'><strong><em>Augu-</em></strong></span> 
     </span>
    </p>
   </div>
   <div class='ocr_carea' id='block_1_65' title="bbox 2286 476 3840 550">
    <p class='ocr_par' dir='ltr' id='par_1_65' title="bbox 2286 476 3840 550">
     <span class='ocr_line' id='line_1_65' title="bbox 2286 476 3840 550; baseline -0.001 -14"><span class='ocrx_word' id='word_1_464' title='bbox 2286 483 2463 537; x_wconf 88' lang='lat' dir='ltr'><strong><em>stinus</em></strong></span> <span class='ocrx_word' id='word_1_465' title='bbox 2492 503 2511 550; x_wconf 84' lang='lat'><strong><em>,-</em></strong></span> <span class='ocrx_word' id='word_1_466' title='bbox 2543 480 2599 535; x_wconf 91' lang='lat' dir='ltr'><strong><em>id</em></strong></span> <span class='ocrx_word' id='word_1_467' title='bbox 2625 486 2829 550; x_wconf 79' lang='lat' dir='ltr'><strong><em>praeter</em></strong></span> <span class='ocrx_word' id='word_1_468' title='bbox 2857 478 2974 532; x_wconf 90' lang='lat' dir='ltr'><strong><em>alia</em></strong></span> <span class='ocrx_word' id='word_1_469' title='bbox 2999 476 3265 548; x_wconf 76' lang='lat' dir='ltr'><strong><em>refellens,</em></strong></span> <span class='ocrx_word' id='word_1_470' title='bbox 3297 476 3433 548; x_wconf 87' lang='lat' dir='ltr'><strong><em>quod</em></strong></span> <span class='ocrx_word' id='word_1_471' title='bbox 3462 493 3524 530; x_wconf 70' lang='lat' dir='ltr'><strong><em>ex</em></strong></span> <span class='ocrx_word' id='word_1_472' title='bbox 3559 478 3840 534; x_wconf 88' lang='lat' dir='ltr'><strong><em>Stoicorum</em></strong></span> 
     </span>
    </p>
   </div>
   <div class='ocr_carea' id='block_1_66' title="bbox 2288 567 3839 643">
    <p class='ocr_par' dir='ltr' id='par_1_66' title="bbox 2288 567 3839 643">
     <span class='ocr_line' id='line_1_66' title="bbox 2288 567 3839 643; baseline -0.001 -19"><span class='ocrx_word' id='word_1_473' title='bbox 2288 572 2485 643; x_wconf 84' lang='lat' dir='ltr'><strong><em>placito</em></strong></span> <span class='ocrx_word' id='word_1_474' title='bbox 2504 570 2793 625; x_wconf 86' lang='lat' dir='ltr'><strong><em>Nectarius</em></strong></span> <span class='ocrx_word' id='word_1_475' title='bbox 2808 567 3125 631; x_wconf 73' lang='lat' dir='ltr'><strong><em>induxerat,</em></strong></span> <span class='ocrx_word' id='word_1_476' title='bbox 3140 568 3322 620; x_wconf 90' lang='lat' dir='ltr'><strong><em>omnia</em></strong></span> <span class='ocrx_word' id='word_1_477' title='bbox 3331 573 3540 637; x_wconf 87' lang='lat' dir='ltr'><strong><em>peccata</em></strong></span> <span class='ocrx_word' id='word_1_478' title='bbox 3552 584 3651 621; x_wconf 87' lang='lat' dir='ltr'><strong><em>esse</em></strong></span> <span class='ocrx_word' id='word_1_479' title='bbox 3673 571 3839 638; x_wconf 87' lang='lat' dir='ltr'><strong><em>paria.</em></strong></span> 
     </span>
    </p>
   </div>
   <div class='ocr_carea' id='block_1_67' title="bbox 2223 672 3845 746">
    <p class='ocr_par' dir='ltr' id='par_1_67' title="bbox 2223 672 3845 746">
     <span class='ocr_line' id='line_1_67' title="bbox 2223 672 3845 746; baseline -0.001 -12"><span class='ocrx_word' id='word_1_480' title='bbox 2223 682 2470 734; x_wconf 89' lang='lat' dir='ltr'><strong><em>Domino</em></strong></span> <span class='ocrx_word' id='word_1_481' title='bbox 2486 678 2702 733; x_wconf 78' lang='lat' dir='ltr'><strong><em>eximio</em></strong></span> <span class='ocrx_word' id='word_1_482' title='bbox 2720 675 3047 746; x_wconf 89' lang='lat' dir='ltr'><strong><em>meritoque</em></strong></span> <span class='ocrx_word' id='word_1_483' title='bbox 3062 672 3392 728; x_wconf 78' lang='lat' dir='ltr'><strong><em>honorabili</em></strong></span> <span class='ocrx_word' id='word_1_484' title='bbox 3410 689 3479 727; x_wconf 78' lang='lat' dir='ltr'><strong><em>ac</em></strong></span> <span class='ocrx_word' id='word_1_485' title='bbox 3492 673 3845 746; x_wconf 84' lang='lat' dir='ltr'><strong><em>suscipiendo</em></strong></span> 
     </span>
    </p>
   </div>
   <div class='ocr_carea' id='block_1_68' title="bbox 2289 761 3845 834">
    <p class='ocr_par' dir='ltr' id='par_1_68' title="bbox 2289 761 3845 834">
     <span class='ocr_line' id='line_1_68' title="bbox 2289 761 3845 834; baseline -0.003 -11"><span class='ocrx_word' id='word_1_486' title='bbox 2289 768 2448 823; x_wconf 78' lang='lat' dir='ltr'><strong><em>fratri</em></strong></span> <span class='ocrx_word' id='word_1_487' title='bbox 2477 769 2773 834; x_wconf 71' lang='lat' dir='ltr'><strong><em>Necumo,</em></strong></span> <span class='ocrx_word' id='word_1_488' title='bbox 2807 769 3175 828; x_wconf 68' lang='lat' dir='ltr'><strong><em>AUGUSTINUS,</em></strong></span> <span class='ocrx_word' id='word_1_489' title='bbox 3224 761 3279 817; x_wconf 88' lang='lat' dir='ltr'><strong><em>in</em></strong></span> <span class='ocrx_word' id='word_1_490' title='bbox 3313 763 3561 817; x_wconf 88' lang='lat' dir='ltr'><strong><em>Domino</em></strong></span> <span class='ocrx_word' id='word_1_491' title='bbox 3592 762 3845 821; x_wconf 78' lang='lat' dir='ltr'><strong><em>salutem.</em></strong></span> 
     </span>
    </p>
   </div>
   <div class='ocr_carea' id='block_1_69' title="bbox 2290 869 3853 941">
    <p class='ocr_par' dir='ltr' id='par_1_69' title="bbox 2290 869 3853 941">
     <span class='ocr_line' id='line_1_69' title="bbox 2290 869 3853 941; baseline -0.001 -11"><span class='ocrx_word' id='word_1_492' title='bbox 2290 878 2442 934; x_wconf 81' lang='lat' dir='ltr'><strong><em>CAP.</em></strong></span> <span class='ocrx_word' id='word_1_493' title='bbox 2470 875 2836 930; x_wconf 81' lang='lat' dir='ltr'><strong><em>PRIMUM.-—</em></strong></span> <span class='ocrx_word' id='word_1_494' title='bbox 2860 872 2910 926; x_wconf 82' lang='grc'><strong><em>1.</em></strong></span> <span class='ocrx_word' id='word_1_495' title='bbox 2945 871 3080 939; x_wconf 87' lang='lat' dir='ltr'><strong><em>Legi</em></strong></span> <span class='ocrx_word' id='word_1_496' title='bbox 3103 869 3326 925; x_wconf 79' lang='lat' dir='ltr'><strong><em>litteras</em></strong></span> <span class='ocrx_word' id='word_1_497' title='bbox 3364 869 3853 941; x_wconf 75' lang='lat' dir='ltr'><strong><em>Beuignitatistute.</em></strong></span> 
     </span>
    </p>
   </div>
   <div class='ocr_carea' id='block_1_70' title="bbox 2218 958 3850 1038">
    <p class='ocr_par' dir='ltr' id='par_1_70' title="bbox 2218 958 3850 1038">
     <span class='ocr_line' id='line_1_70' title="bbox 2218 958 3850 1038; baseline -0.004 -16"><span class='ocrx_word' id='word_1_498' title='bbox 2218 965 2440 1038; x_wconf 84' lang='lat' dir='ltr'><strong><em>quibus</em></strong></span> <span class='ocrx_word' id='word_1_499' title='bbox 2463 964 2607 1019; x_wconf 84' lang='lat' dir='ltr'><strong><em>mihi</em></strong></span> <span class='ocrx_word' id='word_1_500' title='bbox 2631 964 2805 1032; x_wconf 86' lang='lat' dir='ltr'><strong><em>longe</em></strong></span> <span class='ocrx_word' id='word_1_501' title='bbox 2829 966 3038 1033; x_wconf 86' lang='lat' dir='ltr'><strong><em>postea</em></strong></span> <span class='ocrx_word' id='word_1_502' title='bbox 3064 958 3475 1031; x_wconf 79' lang='lat' dir='ltr'><strong><em>respondistis,</em></strong></span> <span class='ocrx_word' id='word_1_503' title='bbox 3499 977 3675 1032; x_wconf 84' lang='lat' dir='ltr'><strong><em>quam</em></strong></span> <span class='ocrx_word' id='word_1_504' title='bbox 3701 978 3850 1017; x_wconf 82' lang='lat' dir='ltr'><strong><em>meas</em></strong></span> 
     </span>
    </p>
   </div>
   <div class='ocr_carea' id='block_1_71' title="bbox 2218 1049 3850 1125">
    <p class='ocr_par' dir='ltr' id='par_1_71' title="bbox 2218 1049 3850 1125">
     <span class='ocr_line' id='line_1_71' title="bbox 2218 1049 3850 1125; baseline -0.003 -15"><span class='ocrx_word' id='word_1_505' title='bbox 2218 1057 2295 1111; x_wconf 88' lang='lat' dir='ltr'><strong><em>ad</em></strong></span> <span class='ocrx_word' id='word_1_506' title='bbox 2310 1060 2362 1110; x_wconf 91' lang='lat' dir='ltr'><strong><em>te</em></strong></span> <span class='ocrx_word' id='word_1_507' title='bbox 2385 1051 2766 1125; x_wconf 88' lang='lat' dir='ltr'><strong><em>perferendas</em></strong></span> <span class='ocrx_word' id='word_1_508' title='bbox 2783 1049 2944 1105; x_wconf 85' lang='lat' dir='ltr'><strong><em>dedi.</em></strong></span> <span class='ocrx_word' id='word_1_509' title='bbox 2963 1052 3113 1104; x_wconf 86' lang='lat' dir='ltr'><strong><em>Nam</em></strong></span> <span class='ocrx_word' id='word_1_510' title='bbox 3129 1064 3240 1117; x_wconf 91' lang='lat' dir='ltr'><strong><em>ego</em></strong></span> <span class='ocrx_word' id='word_1_511' title='bbox 3264 1049 3700 1120; x_wconf 84' lang='lat' dir='ltr'><strong><em>rescripseram,</em></strong></span> <span class='ocrx_word' id='word_1_512' title='bbox 3727 1066 3850 1106; x_wconf 87' lang='lat' dir='ltr'><strong><em>cum</em></strong></span> 
     </span>
    </p>
   </div>
   <div class='ocr_carea' id='block_1_72' title="bbox 2221 1138 3852 1209">
    <p class='ocr_par' dir='ltr' id='par_1_72' title="bbox 2221 1138 3852 1209">
     <span class='ocr_line' id='line_1_72' title="bbox 2221 1138 3852 1209; baseline -0.004 -10"><span class='ocrx_word' id='word_1_513' title='bbox 2221 1145 2419 1200; x_wconf 82' lang='lat' dir='ltr'><strong><em>adhuc</em></strong></span> <span class='ocrx_word' id='word_1_514' title='bbox 2456 1142 2776 1197; x_wconf 89' lang='lat' dir='ltr'><strong><em>nobiscum</em></strong></span> <span class='ocrx_word' id='word_1_515' title='bbox 2812 1144 2986 1204; x_wconf 81' lang='lat' dir='ltr'><strong><em>esset,</em></strong></span> <span class='ocrx_word' id='word_1_516' title='bbox 3026 1154 3218 1209; x_wconf 84' lang='lat' dir='ltr'><strong><em>neque</em></strong></span> <span class='ocrx_word' id='word_1_517' title='bbox 3258 1138 3593 1206; x_wconf 83' lang='lat' dir='ltr'><strong><em>navigasset</em></strong></span> <span class='ocrx_word' id='word_1_518' title='bbox 3632 1145 3852 1195; x_wconf 84' lang='lat' dir='ltr'><strong><em>sanctus</em></strong></span> 
     </span>
    </p>
   </div>
   <div class='ocr_carea' id='block_1_73' title="bbox 2224 1226 3852 1301">
    <p class='ocr_par' dir='ltr' id='par_1_73' title="bbox 2224 1226 3852 1301">
     <span class='ocr_line' id='line_1_73' title="bbox 2224 1226 3852 1301; baseline -0.004 -12"><span class='ocrx_word' id='word_1_519' title='bbox 2224 1234 2419 1295; x_wconf 87' lang='lat' dir='ltr'><strong><em>frater,</em></strong></span> <span class='ocrx_word' id='word_1_520' title='bbox 2453 1238 2506 1287; x_wconf 90' lang='lat' dir='ltr'><strong><em>et</em></strong></span> <span class='ocrx_word' id='word_1_521' title='bbox 2554 1230 2947 1301; x_wconf 74' lang='lat' dir='ltr'><strong><em>coepisc-Opus</em></strong></span> <span class='ocrx_word' id='word_1_522' title='bbox 2975 1243 3141 1283; x_wconf 88' lang='lat' dir='ltr'><strong><em>meus</em></strong></span> <span class='ocrx_word' id='word_1_523' title='bbox 3174 1226 3500 1282; x_wconf 81' lang='lat' dir='ltr'><strong><em>Possidius.</em></strong></span> <span class='ocrx_word' id='word_1_524' title='bbox 3535 1229 3643 1282; x_wconf 82' lang='lat' dir='ltr'><strong><em>Has</em></strong></span> <span class='ocrx_word' id='word_1_525' title='bbox 3673 1232 3852 1283; x_wconf 84' lang='lat' dir='ltr'><strong><em>autem</em></strong></span> 
     </span>
    </p>
   </div>
   <div class='ocr_carea' id='block_1_74' title="bbox 2221 1315 3851 1394">
    <p class='ocr_par' dir='ltr' id='par_1_74' title="bbox 2221 1315 3851 1394">
     <span class='ocr_line' id='line_1_74' title="bbox 2221 1315 3851 1394; baseline -0.004 -18"><span class='ocrx_word' id='word_1_526' title='bbox 2221 1338 2374 1394; x_wconf 85' lang='lat' dir='ltr'><strong><em>quas</em></strong></span> <span class='ocrx_word' id='word_1_527' title='bbox 2413 1320 2529 1374; x_wconf 86' lang='lat' dir='ltr'><strong><em>mei</em></strong></span> <span class='ocrx_word' id='word_1_528' title='bbox 2560 1335 2741 1374; x_wconf 86' lang='lat' dir='ltr'><strong><em>causa</em></strong></span> <span class='ocrx_word' id='word_1_529' title='bbox 2768 1317 2845 1372; x_wconf 80' lang='lat' dir='ltr'><strong><em>illi</em></strong></span> <span class='ocrx_word' id='word_1_530' title='bbox 2878 1316 3158 1385; x_wconf 79' lang='lat' dir='ltr'><strong><em>dignatus</em></strong></span> <span class='ocrx_word' id='word_1_531' title='bbox 3196 1332 3257 1371; x_wconf 88' lang='lat' dir='ltr'><strong><em>es</em></strong></span> <span class='ocrx_word' id='word_1_532' title='bbox 3286 1315 3557 1379; x_wconf 83' lang='lat' dir='ltr'><strong><em>reddere,</em></strong></span> <span class='ocrx_word' id='word_1_533' title='bbox 3590 1316 3778 1387; x_wconf 86' lang='lat' dir='ltr'><strong><em>accepi</em></strong></span> <span class='ocrx_word' id='word_1_534' title='bbox 3807 1333 3851 1370; x_wconf 76' lang='lat' dir='ltr'><strong><em>v1</em></strong></span> 
     </span>
    </p>
   </div>
   <div class='ocr_carea' id='block_1_75' title="bbox 2223 1405 3854 1481">
    <p class='ocr_par' dir='ltr' id='par_1_75' title="bbox 2223 1405 3854 1481">
     <span class='ocr_line' id='line_1_75' title="bbox 2223 1405 3854 1481; baseline -0.003 -16"><span class='ocrx_word' id='word_1_535' title='bbox 2223 1411 2333 1468; x_wconf 85' lang='lat' dir='ltr'><strong><em>cal.</em></strong></span> <span class='ocrx_word' id='word_1_536' title='bbox 2368 1408 2561 1481; x_wconf 83' lang='lat' dir='ltr'><strong><em>april.,</em></strong></span> <span class='ocrx_word' id='word_1_537' title='bbox 2593 1412 2728 1480; x_wconf 85' lang='lat' dir='ltr'><strong><em>post</em></strong></span> <span class='ocrx_word' id='word_1_538' title='bbox 2753 1421 2986 1461; x_wconf 87' lang='lat' dir='ltr'><strong><em>menses</em></strong></span> <span class='ocrx_word' id='word_1_539' title='bbox 3014 1405 3196 1460; x_wconf 82' lang='lat' dir='ltr'><strong><em>ferme</em></strong></span> <span class='ocrx_word' id='word_1_540' title='bbox 3220 1410 3375 1471; x_wconf 89' lang='lat' dir='ltr'><strong><em>octo,</em></strong></span> <span class='ocrx_word' id='word_1_541' title='bbox 3408 1421 3594 1477; x_wconf 89' lang='lat' dir='ltr'><strong><em>quam</em></strong></span> <span class='ocrx_word' id='word_1_542' title='bbox 3626 1405 3854 1475; x_wconf 83' lang='lat' dir='ltr'><strong><em>scripse—</em></strong></span> 
     </span>
    </p>
   </div>
   <div class='ocr_carea' id='block_1_76' title="bbox 2225 1494 3853 1569">
    <p class='ocr_par' dir='ltr' id='par_1_76' title="bbox 2225 1494 3853 1569">
     <span class='ocr_line' id='line_1_76' title="bbox 2225 1494 3853 1569; baseline -0.004 -15"><span class='ocrx_word' id='word_1_543' title='bbox 2225 1517 2376 1557; x_wconf 84' lang='lat' dir='ltr'><strong><em>ram.</em></strong></span> <span class='ocrx_word' id='word_1_544' title='bbox 2398 1502 2511 1555; x_wconf 90' lang='lat' dir='ltr'><strong><em>Cur</em></strong></span> <span class='ocrx_word' id='word_1_545' title='bbox 2541 1512 2683 1569; x_wconf 83' lang='lat' dir='ltr'><strong><em>ergo</em></strong></span> <span class='ocrx_word' id='word_1_546' title='bbox 2704 1495 2783 1552; x_wconf 87' lang='lat' dir='ltr'><strong><em>ad</em></strong></span> <span class='ocrx_word' id='word_1_547' title='bbox 2810 1503 2860 1551; x_wconf 86' lang='lat' dir='ltr'><strong><em>te</em></strong></span> <span class='ocrx_word' id='word_1_548' title='bbox 2894 1501 3013 1549; x_wconf 85' lang='lat' dir='ltr'><strong><em>tam</em></strong></span> <span class='ocrx_word' id='word_1_549' title='bbox 3043 1510 3177 1549; x_wconf 85' lang='lat' dir='ltr'><strong><em>sero</em></strong></span> <span class='ocrx_word' id='word_1_550' title='bbox 3202 1509 3335 1549; x_wconf 84' lang='lat' dir='ltr'><strong><em>mea</em></strong></span> <span class='ocrx_word' id='word_1_551' title='bbox 3361 1494 3577 1564; x_wconf 87' lang='lat' dir='ltr'><strong><em>scripta</em></strong></span> <span class='ocrx_word' id='word_1_552' title='bbox 3605 1508 3853 1565; x_wconf 87' lang='lat' dir='ltr'><strong><em>pervene-</em></strong></span> 
     </span>
    </p>
   </div>
   <div class='ocr_carea' id='block_1_77' title="bbox 2225 1581 3851 1655">
    <p class='ocr_par' dir='ltr' id='par_1_77' title="bbox 2225 1581 3851 1655">
     <span class='ocr_line' id='line_1_77' title="bbox 2225 1581 3851 1655; baseline -0.004 -13"><span class='ocrx_word' id='word_1_553' title='bbox 2225 1589 2359 1652; x_wconf 81' lang='lat' dir='ltr'><strong><em>rint,</em></strong></span> <span class='ocrx_word' id='word_1_554' title='bbox 2378 1592 2480 1643; x_wconf 90' lang='lat' dir='ltr'><strong><em>aut</em></strong></span> <span class='ocrx_word' id='word_1_555' title='bbox 2506 1586 2579 1641; x_wconf 87' lang='lat' dir='ltr'><strong><em>ad</em></strong></span> <span class='ocrx_word' id='word_1_556' title='bbox 2613 1603 2704 1640; x_wconf 76' lang='lat' dir='ltr'><strong><em>me.</em></strong></span> <span class='ocrx_word' id='word_1_557' title='bbox 2730 1591 2842 1651; x_wconf 85' lang='lat' dir='ltr'><strong><em>tua,</em></strong></span> <span class='ocrx_word' id='word_1_558' title='bbox 2863 1585 3357 1655; x_wconf 84' lang='lat' dir='ltr'><strong><em>prorsusignoro.</em></strong></span> <span class='ocrx_word' id='word_1_559' title='bbox 3392 1581 3509 1638; x_wconf 84' lang='lat' dir='ltr'><strong><em>Nisi</em></strong></span> <span class='ocrx_word' id='word_1_560' title='bbox 3531 1582 3671 1636; x_wconf 88' lang='lat' dir='ltr'><strong><em>forte</em></strong></span> <span class='ocrx_word' id='word_1_561' title='bbox 3693 1582 3851 1637; x_wconf 87' lang='lat' dir='ltr'><strong><em>modo</em></strong></span> 
     </span>
    </p>
   </div>
   <div class='ocr_carea' id='block_1_78' title="bbox 2224 1671 3852 1745">
    <p class='ocr_par' dir='ltr' id='par_1_78' title="bbox 2224 1671 3852 1745">
     <span class='ocr_line' id='line_1_78' title="bbox 2224 1671 3852 1745; baseline -0.004 -13"><span class='ocrx_word' id='word_1_562' title='bbox 2224 1676 2547 1732; x_wconf 85' lang='lat' dir='ltr'><strong><em>rescribere</em></strong></span> <span class='ocrx_word' id='word_1_563' title='bbox 2593 1675 2923 1745; x_wconf 78' lang='lat' dir='ltr'><strong><em>prudentiae</em></strong></span> <span class='ocrx_word' id='word_1_564' title='bbox 2976 1680 3089 1728; x_wconf 77' lang='lat' dir='ltr'><strong><em>tum</em></strong></span> <span class='ocrx_word' id='word_1_565' title='bbox 3147 1671 3451 1742; x_wconf 82' lang='lat' dir='ltr'><strong><em>placuerit,</em></strong></span> <span class='ocrx_word' id='word_1_566' title='bbox 3494 1672 3652 1745; x_wconf 91' lang='lat' dir='ltr'><strong><em>quod</em></strong></span> <span class='ocrx_word' id='word_1_567' title='bbox 3684 1671 3852 1726; x_wconf 85' lang='lat' dir='ltr'><strong><em>facere</em></strong></span> 
     </span>
    </p>
   </div>
   <div class='ocr_carea' id='block_1_79' title="bbox 2227 1760 3849 1835">
    <p class='ocr_par' dir='ltr' id='par_1_79' title="bbox 2227 1760 3849 1835">
     <span class='ocr_line' id='line_1_79' title="bbox 2227 1760 3849 1835; baseline -0.004 -15"><span class='ocrx_word' id='word_1_568' title='bbox 2227 1771 2362 1820; x_wconf 87' lang='lat' dir='ltr'><strong><em>ante</em></strong></span> <span class='ocrx_word' id='word_1_569' title='bbox 2393 1769 2862 1835; x_wconf 85' lang='lat' dir='ltr'><strong><em>contempseras.</em></strong></span> <span class='ocrx_word' id='word_1_570' title='bbox 2900 1765 3016 1817; x_wconf 90' lang='lat' dir='ltr'><strong><em>tloc</em></strong></span> <span class='ocrx_word' id='word_1_571' title='bbox 3049 1760 3093 1815; x_wconf 87' lang='lat' dir='ltr'><strong><em>si</em></strong></span> <span class='ocrx_word' id='word_1_572' title='bbox 3127 1762 3205 1816; x_wconf 87' lang='lat' dir='ltr'><strong><em>ita</em></strong></span> <span class='ocrx_word' id='word_1_573' title='bbox 3236 1766 3349 1826; x_wconf 84' lang='lat' dir='ltr'><strong><em>est,</em></strong></span> <span class='ocrx_word' id='word_1_574' title='bbox 3379 1761 3562 1816; x_wconf 83' lang='lat' dir='ltr'><strong><em>miror</em></strong></span> <span class='ocrx_word' id='word_1_575' title='bbox 3592 1760 3739 1815; x_wconf 88' lang='lat' dir='ltr'><strong><em>unde</em></strong></span> <span class='ocrx_word' id='word_1_576' title='bbox 3770 1760 3849 1814; x_wconf 84' lang='lat' dir='ltr'><strong><em>sit.</em></strong></span> 
     </span>
    </p>
   </div>
   <div class='ocr_carea' id='block_1_80' title="bbox 2226 1846 3849 1925">
    <p class='ocr_par' dir='ltr' id='par_1_80' title="bbox 2226 1846 3849 1925">
     <span class='ocr_line' id='line_1_80' title="bbox 2226 1846 3849 1925; baseline -0.005 -16"><span class='ocrx_word' id='word_1_577' title='bbox 2226 1857 2311 1909; x_wconf 82' lang='lat' dir='ltr'><strong><em>An</em></strong></span> <span class='ocrx_word' id='word_1_578' title='bbox 2337 1852 2561 1925; x_wconf 89' lang='lat' dir='ltr'><strong><em>aliquid</em></strong></span> <span class='ocrx_word' id='word_1_579' title='bbox 2603 1851 2841 1916; x_wconf 82' lang='lat' dir='ltr'><strong><em>audisti,</em></strong></span> <span class='ocrx_word' id='word_1_580' title='bbox 2874 1850 3040 1922; x_wconf 87' lang='lat' dir='ltr'><strong><em>quod</em></strong></span> <span class='ocrx_word' id='word_1_581' title='bbox 3075 1865 3182 1905; x_wconf 88' lang='lat' dir='ltr'><strong><em>nos</em></strong></span> <span class='ocrx_word' id='word_1_582' title='bbox 3213 1848 3415 1904; x_wconf 90' lang='lat' dir='ltr'><strong><em>adhuc</em></strong></span> <span class='ocrx_word' id='word_1_583' title='bbox 3444 1849 3606 1913; x_wconf 85' lang='lat' dir='ltr'><strong><em>latet,</em></strong></span> <span class='ocrx_word' id='word_1_584' title='bbox 3635 1846 3849 1925; x_wconf 78' lang='lat' dir='ltr'><strong><em>fratrem</em></strong></span> 
     </span>
    </p>
   </div>
   <div class='ocr_carea' id='block_1_81' title="bbox 2229 1923 3853 2010">
    <p class='ocr_par' dir='ltr' id='par_1_81' title="bbox 2229 1923 3853 2010">
     <span class='ocr_line' id='line_1_81' title="bbox 2229 1923 3853 2010; baseline -0.004 -13"><span class='ocrx_word' id='word_1_585' title='bbox 2229 1959 2431 1998; x_wconf 88' lang='lat' dir='ltr'><strong><em>meum</em></strong></span> <span class='ocrx_word' id='word_1_586' title='bbox 2458 1941 2793 1997; x_wconf 86' lang='lat' dir='ltr'><strong><em>Possidium</em></strong></span> <span class='ocrx_word' id='word_1_587' title='bbox 2825 1939 3115 1994; x_wconf 88' lang='lat' dir='ltr'><strong><em>adversus</em></strong></span> <span class='ocrx_word' id='word_1_588' title='bbox 3145 1940 3306 1993; x_wconf 85' lang='lat' dir='ltr'><strong><em>cives</em></strong></span> <span class='ocrx_word' id='word_1_589' title='bbox 3342 1943 3474 1993; x_wconf 88' lang='lat' dir='ltr'><strong><em>tuos</em></strong></span> <span class='ocrx_word' id='word_1_590' title='bbox 3507 1938 3695 2010; x_wconf 90' lang='lat' dir='ltr'><strong><em>(quos,</em></strong></span> <span class='ocrx_word' id='word_1_591' title='bbox 3728 1923 3853 2008; x_wconf 80' lang='lat' dir='ltr'><strong><em>pace</em></strong></span> 
     </span>
    </p>
   </div>
   <div class='ocr_carea' id='block_1_82' title="bbox 2229 2026 3852 2099">
    <p class='ocr_par' dir='ltr' id='par_1_82' title="bbox 2229 2026 3852 2099">
     <span class='ocr_line' id='line_1_82' title="bbox 2229 2026 3852 2099; baseline -0.004 -13"><span class='ocrx_word' id='word_1_592' title='bbox 2229 2038 2330 2087; x_wconf 80' lang='lat' dir='ltr'><strong><em>tua</em></strong></span> <span class='ocrx_word' id='word_1_593' title='bbox 2357 2031 2628 2096; x_wconf 80' lang='lat' dir='ltr'><strong><em>dixerim,</em></strong></span> <span class='ocrx_word' id='word_1_594' title='bbox 2663 2028 2848 2084; x_wconf 88' lang='lat' dir='ltr'><strong><em>multo</em></strong></span> <span class='ocrx_word' id='word_1_595' title='bbox 2880 2028 3178 2083; x_wconf 87' lang='lat' dir='ltr'><strong><em>salubrius</em></strong></span> <span class='ocrx_word' id='word_1_596' title='bbox 3210 2028 3397 2099; x_wconf 78' lang='lat' dir='ltr'><strong><em>diligit</em></strong></span> <span class='ocrx_word' id='word_1_597' title='bbox 3430 2027 3554 2098; x_wconf 88' lang='lat' dir='ltr'><strong><em>ipse</em></strong></span> <span class='ocrx_word' id='word_1_598' title='bbox 3594 2043 3759 2098; x_wconf 80' lang='lat' dir='ltr'><strong><em>quam</em></strong></span> <span class='ocrx_word' id='word_1_599' title='bbox 3784 2026 3852 2095; x_wconf 87' lang='lat' dir='ltr'><strong><em>tu)</em></strong></span> 
     </span>
    </p>
   </div>
   <div class='ocr_carea' id='block_1_83' title="bbox 2227 2113 3853 2193">
    <p class='ocr_par' dir='ltr' id='par_1_83' title="bbox 2227 2113 3853 2193">
     <span class='ocr_line' id='line_1_83' title="bbox 2227 2113 3853 2193; baseline -0.006 -17"><span class='ocrx_word' id='word_1_600' title='bbox 2227 2136 2349 2193; x_wconf 88' lang='lat' dir='ltr'><strong><em>quo</em></strong></span> <span class='ocrx_word' id='word_1_601' title='bbox 2365 2121 2693 2192; x_wconf 81' lang='lat' dir='ltr'><strong><em>plectantur</em></strong></span> <span class='ocrx_word' id='word_1_602' title='bbox 2708 2118 2968 2174; x_wconf 85' lang='lat' dir='ltr'><strong><em>severius</em></strong></span> <span class='ocrx_word' id='word_1_603' title='bbox 2983 2116 3061 2171; x_wconf 88' lang='lat' dir='ltr'><strong><em>im</em></strong></span> <span class='ocrx_word' id='word_1_604' title='bbox 3073 2120 3359 2187; x_wconf 84' lang='lat' dir='ltr'><strong><em>petrassc.</em></strong></span> <span class='ocrx_word' id='word_1_605' title='bbox 3376 2118 3522 2170; x_wconf 83' lang='lat' dir='ltr'><strong><em>Nam</em></strong></span> <span class='ocrx_word' id='word_1_606' title='bbox 3539 2114 3647 2169; x_wconf 86' lang='lat' dir='ltr'><strong><em>hoc</em></strong></span> <span class='ocrx_word' id='word_1_607' title='bbox 3664 2120 3713 2168; x_wconf 87' lang='lat' dir='ltr'><strong><em>et</em></strong></span> <span class='ocrx_word' id='word_1_608' title='bbox 3726 2113 3853 2184; x_wconf 87' lang='lat' dir='ltr'><strong><em>epis-</em></strong></span> 
     </span>
    </p>
   </div>
   <div class='ocr_carea' id='block_1_84' title="bbox 2230 2201 3855 2273">
    <p class='ocr_par' dir='ltr' id='par_1_84' title="bbox 2230 2201 3855 2273">
     <span class='ocr_line' id='line_1_84' title="bbox 2230 2201 3855 2273; baseline -0.006 -8"><span class='ocrx_word' id='word_1_609' title='bbox 2230 2210 2349 2264; x_wconf 88' lang='lat' dir='ltr'><strong><em>tola</em></strong></span> <span class='ocrx_word' id='word_1_610' title='bbox 2371 2214 2472 2265; x_wconf 87' lang='lat' dir='ltr'><strong><em>tua</em></strong></span> <span class='ocrx_word' id='word_1_611' title='bbox 2504 2214 2555 2264; x_wconf 90' lang='lat' dir='ltr'><strong><em>te</em></strong></span> <span class='ocrx_word' id='word_1_612' title='bbox 2580 2216 2839 2263; x_wconf 86' lang='lat' dir='ltr'><strong><em>metuere</em></strong></span> <span class='ocrx_word' id='word_1_613' title='bbox 2883 2206 3126 2273; x_wconf 83' lang='lat' dir='ltr'><strong><em>indicat,</em></strong></span> <span class='ocrx_word' id='word_1_614' title='bbox 3157 2222 3294 2261; x_wconf 87' lang='lat' dir='ltr'><strong><em>cum</em></strong></span> <span class='ocrx_word' id='word_1_615' title='bbox 3336 2206 3625 2260; x_wconf 85' lang='lat' dir='ltr'><strong><em>admones</em></strong></span> <span class='ocrx_word' id='word_1_616' title='bbox 3649 2210 3704 2257; x_wconf 86' lang='lat' dir='ltr'><strong><em>ut</em></strong></span> <span class='ocrx_word' id='word_1_617' title='bbox 3731 2201 3855 2257; x_wconf 88' lang='lat' dir='ltr'><strong><em>mihi</em></strong></span> 
     </span>
    </p>
   </div>
   <div class='ocr_carea' id='block_1_85' title="bbox 2229 2290 3852 2364">
    <p class='ocr_par' dir='ltr' id='par_1_85' title="bbox 2229 2290 3852 2364">
     <span class='ocr_line' id='line_1_85' title="bbox 2229 2290 3852 2364; baseline -0.006 -10"><span class='ocrx_word' id='word_1_618' title='bbox 2229 2304 2364 2354; x_wconf 86' lang='lat' dir='ltr'><strong><em>ante</em></strong></span> <span class='ocrx_word' id='word_1_619' title='bbox 2412 2297 2613 2353; x_wconf 90' lang='lat' dir='ltr'><strong><em>oculos</em></strong></span> <span class='ocrx_word' id='word_1_620' title='bbox 2643 2296 3023 2359; x_wconf 85' lang='lat' dir='ltr'><strong><em>constituam,</em></strong></span> <span class='ocrx_word' id='word_1_621' title='bbox 3056 2293 3234 2364; x_wconf 87' lang='lat' dir='ltr'><strong><em>qualis</em></strong></span> <span class='ocrx_word' id='word_1_622' title='bbox 3266 2293 3368 2347; x_wconf 87' lang='lat' dir='ltr'><strong><em>illa</em></strong></span> <span class='ocrx_word' id='word_1_623' title='bbox 3406 2296 3475 2347; x_wconf 84' lang='lat' dir='ltr'><strong><em>sit</em></strong></span> <span class='ocrx_word' id='word_1_624' title='bbox 3524 2291 3712 2363; x_wconf 88' lang='lat' dir='ltr'><strong><em>species</em></strong></span> <span class='ocrx_word' id='word_1_625' title='bbox 3736 2290 3852 2345; x_wconf 87' lang='lat' dir='ltr'><strong><em>civi-</em></strong></span> 
     </span>
    </p>
   </div>
   <div class='ocr_carea' id='block_1_86' title="bbox 2230 2382 3854 2458">
    <p class='ocr_par' dir='ltr' id='par_1_86' title="bbox 2230 2382 3854 2458">
     <span class='ocr_line' id='line_1_86' title="bbox 2230 2382 3854 2458; baseline -0.006 -17"><span class='ocrx_word' id='word_1_626' title='bbox 2230 2388 2381 2452; x_wconf 89' lang='lat' dir='ltr'><strong><em>tatis,</em></strong></span> <span class='ocrx_word' id='word_1_627' title='bbox 2410 2404 2478 2442; x_wconf 75' lang='lat' dir='ltr'><strong><em>ea:</em></strong></span> <span class='ocrx_word' id='word_1_628' title='bbox 2506 2403 2611 2458; x_wconf 89' lang='lat' dir='ltr'><strong><em>qua</em></strong></span> <span class='ocrx_word' id='word_1_629' title='bbox 2638 2385 2707 2439; x_wconf 92' lang='lat' dir='ltr'><strong><em>ad</em></strong></span> <span class='ocrx_word' id='word_1_630' title='bbox 2732 2384 3054 2455; x_wconf 77' lang='lat' dir='ltr'><strong><em>supplicium</em></strong></span> <span class='ocrx_word' id='word_1_631' title='bbox 3081 2382 3316 2438; x_wconf 87' lang='lat' dir='ltr'><strong><em>ducendi</em></strong></span> <span class='ocrx_word' id='word_1_632' title='bbox 3340 2382 3696 2437; x_wconf 75' lang='lat' dir='ltr'><strong><em>extrahuntur</em></strong></span> <span class='ocrx_word' id='word_1_633' title='bbox 3718 2402 3735 2449; x_wconf 85' lang='lat'><strong><em>,-</em></strong></span> <span class='ocrx_word' id='word_1_634' title='bbox 3757 2395 3854 2450; x_wconf 62' lang='lat' dir='ltr'><strong><em>qua</em></strong></span> 
     </span>
    </p>
   </div>
   <div class='ocr_carea' id='block_1_87' title="bbox 2228 2471 3853 2546">
    <p class='ocr_par' dir='ltr' id='par_1_87' title="bbox 2228 2471 3853 2546">
     <span class='ocr_line' id='line_1_87' title="bbox 2228 2471 3853 2546; baseline -0.007 -14"><span class='ocrx_word' id='word_1_635' title='bbox 2228 2478 2300 2532; x_wconf 84' lang='lat' dir='ltr'><strong><em>sit</em></strong></span> <span class='ocrx_word' id='word_1_636' title='bbox 2327 2483 2582 2539; x_wconf 86' lang='lat' dir='ltr'><strong><em>matrum,</em></strong></span> <span class='ocrx_word' id='word_1_637' title='bbox 2611 2491 2728 2546; x_wconf 69' lang='lat' dir='ltr'><strong><em>quae</em></strong></span> <span class='ocrx_word' id='word_1_638' title='bbox 2742 2471 3512 2545; x_wconf 74' lang='lat' dir='ltr'><strong><em>conjugum,quaeliberorum,</em></strong></span> <span class='ocrx_word' id='word_1_639' title='bbox 3557 2487 3669 2542; x_wconf 56' lang='lat' dir='ltr'><strong><em>quae</em></strong></span> <span class='ocrx_word' id='word_1_640' title='bbox 3685 2485 3853 2540; x_wconf 48' lang='lat' dir='ltr'><strong><em>paren.</em></strong></span> 
     </span>
    </p>
   </div>
   <div class='ocr_carea' id='block_1_88' title="bbox 2230 2557 3854 2635">
    <p class='ocr_par' dir='ltr' id='par_1_88' title="bbox 2230 2557 3854 2635">
     <span class='ocr_line' id='line_1_88' title="bbox 2230 2557 3854 2635; baseline -0.006 -14"><span class='ocrx_word' id='word_1_641' title='bbox 2230 2574 2342 2621; x_wconf 89' lang='lat' dir='ltr'><strong><em>tum</em></strong></span> <span class='ocrx_word' id='word_1_642' title='bbox 2372 2565 2688 2621; x_wconf 89' lang='lat' dir='ltr'><strong><em>lamentatio</em></strong></span> <span class='ocrx_word' id='word_1_643' title='bbox 2716 2580 2856 2635; x_wconf 82' lang='lat' dir='ltr'><strong><em>,-quo</em></strong></span> <span class='ocrx_word' id='word_1_644' title='bbox 2881 2561 3087 2633; x_wconf 87' lang='lat' dir='ltr'><strong><em>pudore</em></strong></span> <span class='ocrx_word' id='word_1_645' title='bbox 3107 2560 3176 2615; x_wconf 87' lang='lat' dir='ltr'><strong><em>ad</em></strong></span> <span class='ocrx_word' id='word_1_646' title='bbox 3200 2562 3447 2632; x_wconf 86' lang='lat' dir='ltr'><strong><em>patriam</em></strong></span> <span class='ocrx_word' id='word_1_647' title='bbox 3480 2560 3657 2614; x_wconf 86' lang='lat' dir='ltr'><strong><em>venire</em></strong></span> <span class='ocrx_word' id='word_1_648' title='bbox 3680 2557 3854 2630; x_wconf 85' lang='lat' dir='ltr'><strong><em>possint</em></strong></span> 
     </span>
    </p>
   </div>
   <div class='ocr_carea' id='block_1_89' title="bbox 2231 2649 3857 2724">
    <p class='ocr_par' dir='ltr' id='par_1_89' title="bbox 2231 2649 3857 2724">
     <span class='ocr_line' id='line_1_89' title="bbox 2231 2649 3857 2724; baseline -0.005 -14"><span class='ocrx_word' id='word_1_649' title='bbox 2231 2656 2481 2718; x_wconf 88' lang='lat' dir='ltr'><strong><em>liberati,</em></strong></span> <span class='ocrx_word' id='word_1_650' title='bbox 2524 2655 2612 2709; x_wconf 84' lang='lat' dir='ltr'><strong><em>sed</em></strong></span> <span class='ocrx_word' id='word_1_651' title='bbox 2650 2654 2788 2709; x_wconf 90' lang='lat' dir='ltr'><strong><em>torti</em></strong></span> <span class='ocrx_word' id='word_1_652' title='bbox 2810 2674 2832 2722; x_wconf 84' lang='lat'><strong><em>,-</em></strong></span> <span class='ocrx_word' id='word_1_653' title='bbox 2871 2669 2995 2724; x_wconf 90' lang='lat' dir='ltr'><strong><em>quos</em></strong></span> <span class='ocrx_word' id='word_1_654' title='bbox 3026 2658 3237 2706; x_wconf 86' lang='lat' dir='ltr'><strong><em>renovet</em></strong></span> <span class='ocrx_word' id='word_1_655' title='bbox 3277 2651 3489 2706; x_wconf 84' lang='lat' dir='ltr'><strong><em>dolores</em></strong></span> <span class='ocrx_word' id='word_1_656' title='bbox 3516 2657 3613 2706; x_wconf 87' lang='lat' dir='ltr'><strong><em>aut</em></strong></span> <span class='ocrx_word' id='word_1_657' title='bbox 3662 2649 3857 2721; x_wconf 83' lang='lat' dir='ltr'><strong><em>gemitus</em></strong></span> 
     </span>
    </p>
   </div>
   <div class='ocr_carea' id='block_1_90' title="bbox 2227 2739 3858 2801">
    <p class='ocr_par' dir='ltr' id='par_1_90' title="bbox 2227 2739 3858 2801">
     <span class='ocr_line' id='line_1_90' title="bbox 2227 2739 3858 2801; baseline -0.007 0"><span class='ocrx_word' id='word_1_658' title='bbox 2227 2745 2593 2801; x_wconf 86' lang='lat' dir='ltr'><strong><em>consideratio</em></strong></span> <span class='ocrx_word' id='word_1_659' title='bbox 2642 2744 2937 2797; x_wconf 89' lang='lat' dir='ltr'><strong><em>vulnerum</em></strong></span> <span class='ocrx_word' id='word_1_660' title='bbox 2968 2744 3019 2795; x_wconf 87' lang='lat' dir='ltr'><strong><em>et</em></strong></span> <span class='ocrx_word' id='word_1_661' title='bbox 3074 2741 3418 2797; x_wconf 86' lang='lat' dir='ltr'><strong><em>cicatricum.</em></strong></span> <span class='ocrx_word' id='word_1_662' title='bbox 3459 2740 3636 2801; x_wconf 60' lang='lat' dir='ltr'><strong><em>Absit</em></strong></span> <span class='ocrx_word' id='word_1_663' title='bbox 3674 2745 3729 2793; x_wconf 93' lang='lat' dir='ltr'><strong><em>ut</em></strong></span> <span class='ocrx_word' id='word_1_664' title='bbox 3764 2739 3858 2791; x_wconf 87' lang='lat' dir='ltr'><strong><em>ista</em></strong></span> 
     </span>
    </p>
   </div>
   <div class='ocr_carea' id='block_1_91' title="bbox 2229 2823 3860 2906">
    <p class='ocr_par' dir='ltr' id='par_1_91' title="bbox 2229 2823 3860 2906">
     <span class='ocr_line' id='line_1_91' title="bbox 2229 2823 3860 2906; baseline -0.007 -16"><span class='ocrx_word' id='word_1_665' title='bbox 2229 2836 2512 2906; x_wconf 88' lang='lat' dir='ltr'><strong><em>cuiquam</em></strong></span> <span class='ocrx_word' id='word_1_666' title='bbox 2545 2832 2928 2888; x_wconf 87' lang='lat' dir='ltr'><strong><em>inimicorum</em></strong></span> <span class='ocrx_word' id='word_1_667' title='bbox 2960 2836 3302 2885; x_wconf 86' lang='lat' dir='ltr'><strong><em>nostrorum</em></strong></span> <span class='ocrx_word' id='word_1_668' title='bbox 3359 2829 3446 2883; x_wconf 86' lang='lat' dir='ltr'><strong><em>vel</em></strong></span> <span class='ocrx_word' id='word_1_669' title='bbox 3493 2844 3592 2899; x_wconf 88' lang='lat' dir='ltr'><strong><em>per</em></strong></span> <span class='ocrx_word' id='word_1_670' title='bbox 3635 2844 3753 2894; x_wconf 88' lang='lat' dir='ltr'><strong><em>nos,</em></strong></span> <span class='ocrx_word' id='word_1_671' title='bbox 3783 2823 3860 2879; x_wconf 85' lang='lat' dir='ltr'><strong><em>vel</em></strong></span> 
     </span>
    </p>
   </div>
   <div class='ocr_carea' id='block_1_92' title="bbox 2230 2914 3855 2997">
    <p class='ocr_par' dir='ltr' id='par_1_92' title="bbox 2230 2914 3855 2997">
     <span class='ocr_line' id='line_1_92' title="bbox 2230 2914 3855 2997; baseline -0.006 -19"><span class='ocrx_word' id='word_1_672' title='bbox 2230 2938 2740 2997; x_wconf 85' lang='lat' dir='ltr'><strong><em>perquemquam,</em></strong></span> <span class='ocrx_word' id='word_1_673' title='bbox 2781 2919 2945 2993; x_wconf 84' lang='lat' dir='ltr'><strong><em>quod</em></strong></span> <span class='ocrx_word' id='word_1_674' title='bbox 2988 2920 3361 2989; x_wconf 80' lang='lat' dir='ltr'><strong><em>ingerantur,</em></strong></span> <span class='ocrx_word' id='word_1_675' title='bbox 3405 2919 3716 2984; x_wconf 85' lang='lat' dir='ltr'><strong><em>instemus;</em></strong></span> <span class='ocrx_word' id='word_1_676' title='bbox 3752 2914 3855 2978; x_wconf 86' lang='lat' dir='ltr'><strong><em>sed,</em></strong></span> 
     </span>
    </p>
   </div>
   <div class='ocr_carea' id='block_1_93' title="bbox 2234 2996 3859 3083">
    <p class='ocr_par' dir='ltr' id='par_1_93' title="bbox 2234 2996 3859 3083">
     <span class='ocr_line' id='line_1_93' title="bbox 2234 2996 3859 3083; baseline -0.007 -15"><span class='ocrx_word' id='word_1_677' title='bbox 2234 2996 2296 3069; x_wconf 86' lang='lat' dir='ltr'><strong><em>ut</em></strong></span> <span class='ocrx_word' id='word_1_678' title='bbox 2323 3013 2466 3077; x_wconf 81' lang='lat' dir='ltr'><strong><em>dixi,</em></strong></span> <span class='ocrx_word' id='word_1_679' title='bbox 2492 3012 2538 3067; x_wconf 82' lang='lat' dir='ltr'><strong><em>si</em></strong></span> <span class='ocrx_word' id='word_1_680' title='bbox 2565 3010 2790 3083; x_wconf 87' lang='lat' dir='ltr'><strong><em>aliquid</em></strong></span> <span class='ocrx_word' id='word_1_681' title='bbox 2817 3010 2927 3064; x_wconf 90' lang='lat' dir='ltr'><strong><em>tale</em></strong></span> <span class='ocrx_word' id='word_1_682' title='bbox 2960 3011 3036 3063; x_wconf 90' lang='lat' dir='ltr'><strong><em>ad</em></strong></span> <span class='ocrx_word' id='word_1_683' title='bbox 3069 3014 3121 3063; x_wconf 87' lang='lat' dir='ltr'><strong><em>te</em></strong></span> <span class='ocrx_word' id='word_1_684' title='bbox 3152 3007 3311 3063; x_wconf 86' lang='lat' dir='ltr'><strong><em>fama</em></strong></span> <span class='ocrx_word' id='word_1_685' title='bbox 3353 2996 3611 3077; x_wconf 65' lang='lat' dir='ltr'><strong><em>pertulit,</em></strong></span> <span class='ocrx_word' id='word_1_686' title='bbox 3631 3004 3859 3077; x_wconf 87' lang='lat' dir='ltr'><strong><em>apertius</em></strong></span> 
     </span>
    </p>
   </div>
   <div class='ocr_carea' id='block_1_94' title="bbox 2229 3094 3858 3169">
    <p class='ocr_par' dir='ltr' id='par_1_94' title="bbox 2229 3094 3858 3169">
     <span class='ocr_line' id='line_1_94' title="bbox 2229 3094 3858 3169; baseline -0.007 -11"><span class='ocrx_word' id='word_1_687' title='bbox 2229 3102 2509 3166; x_wconf 86' lang='lat' dir='ltr'><strong><em>edissere,</em></strong></span> <span class='ocrx_word' id='word_1_688' title='bbox 2545 3106 2606 3155; x_wconf 90' lang='lat' dir='ltr'><strong><em>ut</em></strong></span> <span class='ocrx_word' id='word_1_689' title='bbox 2626 3099 2971 3155; x_wconf 89' lang='lat' dir='ltr'><strong><em>noverimus</em></strong></span> <span class='ocrx_word' id='word_1_690' title='bbox 3004 3097 3097 3153; x_wconf 89' lang='lat' dir='ltr'><strong><em>vel</em></strong></span> <span class='ocrx_word' id='word_1_691' title='bbox 3120 3096 3261 3169; x_wconf 89' lang='lat' dir='ltr'><strong><em>quid</em></strong></span> <span class='ocrx_word' id='word_1_692' title='bbox 3290 3112 3473 3166; x_wconf 79' lang='lat' dir='ltr'><strong><em>agere</em></strong></span> <span class='ocrx_word' id='word_1_693' title='bbox 3502 3098 3690 3151; x_wconf 84' lang='lat' dir='ltr'><strong><em>neista</em></strong></span> <span class='ocrx_word' id='word_1_694' title='bbox 3717 3094 3858 3155; x_wconf 83' lang='lat' dir='ltr'><strong><em>ﬁant,</em></strong></span> 
     </span>
    </p>
   </div>
   <div class='ocr_carea' id='block_1_95' title="bbox 2230 3184 3859 3261">
    <p class='ocr_par' dir='ltr' id='par_1_95' title="bbox 2230 3184 3859 3261">
     <span class='ocr_line' id='line_1_95' title="bbox 2230 3184 3859 3261; baseline -0.006 -18"><span class='ocrx_word' id='word_1_695' title='bbox 2230 3191 2322 3245; x_wconf 85' lang='lat' dir='ltr'><strong><em>vel</em></strong></span> <span class='ocrx_word' id='word_1_696' title='bbox 2352 3188 2497 3261; x_wconf 87' lang='lat' dir='ltr'><strong><em>quid</em></strong></span> <span class='ocrx_word' id='word_1_697' title='bbox 2552 3188 2679 3243; x_wconf 69' lang='lat' dir='ltr'><strong><em>haec</em></strong></span> <span class='ocrx_word' id='word_1_698' title='bbox 2718 3186 3098 3242; x_wconf 84' lang='lat' dir='ltr'><strong><em>credentibus</em></strong></span> <span class='ocrx_word' id='word_1_699' title='bbox 3133 3186 3501 3257; x_wconf 86' lang='lat' dir='ltr'><strong><em>respondere</em></strong></span> <span class='ocrx_word' id='word_1_700' title='bbox 3540 3184 3859 3239; x_wconf 87' lang='lat' dir='ltr'><strong><em>debeamus.</em></strong></span> 
     </span>
    </p>
   </div>
   <div class='ocr_carea' id='block_1_96' title="bbox 2299 3269 3858 3348">
    <p class='ocr_par' dir='ltr' id='par_1_96' title="bbox 2299 3269 3858 3348">
     <span class='ocr_line' id='line_1_96' title="bbox 2299 3269 3858 3348; baseline -0.004 -14"><span class='ocrx_word' id='word_1_701' title='bbox 2299 3283 2351 3334; x_wconf 78' lang='lat'><strong><em>2.</em></strong></span> <span class='ocrx_word' id='word_1_702' title='bbox 2383 3279 2628 3335; x_wconf 86' lang='lat' dir='ltr'><strong><em>Litteras</em></strong></span> <span class='ocrx_word' id='word_1_703' title='bbox 2655 3292 2819 3332; x_wconf 88' lang='lat' dir='ltr'><strong><em>meas</em></strong></span> <span class='ocrx_word' id='word_1_704' title='bbox 2842 3276 3038 3348; x_wconf 87' lang='lat' dir='ltr'><strong><em>potius</em></strong></span> <span class='ocrx_word' id='word_1_705' title='bbox 3068 3274 3311 3338; x_wconf 86' lang='lat' dir='ltr'><strong><em>intuere,</em></strong></span> <span class='ocrx_word' id='word_1_706' title='bbox 3354 3274 3577 3346; x_wconf 81' lang='lat' dir='ltr'><strong><em>quibus</em></strong></span> <span class='ocrx_word' id='word_1_707' title='bbox 3611 3280 3660 3329; x_wconf 86' lang='lat' dir='ltr'><strong><em>te</em></strong></span> <span class='ocrx_word' id='word_1_708' title='bbox 3677 3269 3858 3329; x_wconf 87' lang='lat' dir='ltr'><strong><em>rescri-</em></strong></span> 
     </span>
    </p>
   </div>
   <div class='ocr_carea' id='block_1_97' title="bbox 2216 3363 3860 3438">
    <p class='ocr_par' dir='ltr' id='par_1_97' title="bbox 2216 3363 3860 3438">
     <span class='ocr_line' id='line_1_97' title="bbox 2216 3363 3860 3438; baseline -0.005 -16"><span class='ocrx_word' id='word_1_709' title='bbox 2216 3367 2367 3423; x_wconf 72' lang='lat' dir='ltr'><strong><em>‘bere</em></strong></span> <span class='ocrx_word' id='word_1_710' title='bbox 2393 3367 2583 3438; x_wconf 82' lang='lat' dir='ltr'><strong><em>piguit</em></strong></span> <span class='ocrx_word' id='word_1_711' title='bbox 2610 3382 2623 3432; x_wconf 89' lang='lat'>;</span> <span class='ocrx_word' id='word_1_712' title='bbox 2658 3365 2770 3421; x_wconf 88' lang='lat' dir='ltr'><strong><em>illic</em></strong></span> <span class='ocrx_word' id='word_1_713' title='bbox 2798 3365 2957 3420; x_wconf 91' lang='lat' dir='ltr'><strong><em>enim</em></strong></span> <span class='ocrx_word' id='word_1_714' title='bbox 2992 3364 3135 3420; x_wconf 87' lang='lat' dir='ltr'><strong><em>satis</em></strong></span> <span class='ocrx_word' id='word_1_715' title='bbox 3166 3366 3431 3435; x_wconf 81' lang='lat' dir='ltr'><strong><em>expressi</em></strong></span> <span class='ocrx_word' id='word_1_716' title='bbox 3465 3363 3723 3432; x_wconf 84' lang='lat' dir='ltr'><strong><em>animum</em></strong></span> <span class='ocrx_word' id='word_1_717' title='bbox 3747 3375 3860 3415; x_wconf 84' lang='lat' dir='ltr'><strong><em>nos-</em></strong></span> 
     </span>
    </p>
   </div>
   <div class='ocr_carea' id='block_1_98' title="bbox 2230 3450 3860 3529">
    <p class='ocr_par' dir='ltr' id='par_1_98' title="bbox 2230 3450 3860 3529">
     <span class='ocr_line' id='line_1_98' title="bbox 2230 3450 3860 3529; baseline -0.006 -17"><span class='ocrx_word' id='word_1_718' title='bbox 2230 3463 2383 3513; x_wconf 86' lang='lat' dir='ltr'><strong><em>trum</em></strong></span> <span class='ocrx_word' id='word_1_719' title='bbox 2416 3476 2429 3512; x_wconf 89' lang='lat'>:</span> <span class='ocrx_word' id='word_1_720' title='bbox 2474 3455 2599 3522; x_wconf 91' lang='lat' dir='ltr'><strong><em>sed,</em></strong></span> <span class='ocrx_word' id='word_1_721' title='bbox 2628 3460 2704 3529; x_wconf 22' lang='lat' dir='ltr'><strong><em>.ut</em></strong></span> <span class='ocrx_word' id='word_1_722' title='bbox 2735 3455 2969 3527; x_wconf 89' lang='lat' dir='ltr'><strong><em>opinor,</em></strong></span> <span class='ocrx_word' id='word_1_723' title='bbox 3001 3453 3220 3509; x_wconf 86' lang='lat' dir='ltr'><strong><em>oblitus</em></strong></span> <span class='ocrx_word' id='word_1_724' title='bbox 3257 3453 3405 3526; x_wconf 88' lang='lat' dir='ltr'><strong><em>quid</em></strong></span> <span class='ocrx_word' id='word_1_725' title='bbox 3440 3453 3540 3509; x_wconf 86' lang='lat' dir='ltr'><strong><em>tibi</em></strong></span> <span class='ocrx_word' id='word_1_726' title='bbox 3576 3450 3860 3522; x_wconf 85' lang='lat' dir='ltr'><strong><em>rescripse-</em></strong></span> 
     </span>
    </p>
   </div>
   <div class='ocr_carea' id='block_1_99' title="bbox 2228 3540 3860 3615">
    <p class='ocr_par' dir='ltr' id='par_1_99' title="bbox 2228 3540 3860 3615">
     <span class='ocr_line' id='line_1_99' title="bbox 2228 3540 3860 3615; baseline -0.007 -13"><span class='ocrx_word' id='word_1_727' title='bbox 2228 3546 2362 3612; x_wconf 88' lang='lat' dir='ltr'><strong><em>rim,</em></strong></span> <span class='ocrx_word' id='word_1_728' title='bbox 2384 3545 2632 3600; x_wconf 88' lang='lat' dir='ltr'><strong><em>omnino</em></strong></span> <span class='ocrx_word' id='word_1_729' title='bbox 2647 3544 2792 3600; x_wconf 88' lang='lat' dir='ltr'><strong><em>mihi</em></strong></span> <span class='ocrx_word' id='word_1_730' title='bbox 2815 3543 2931 3599; x_wconf 87' lang='lat' dir='ltr'><strong><em>alia</em></strong></span> <span class='ocrx_word' id='word_1_731' title='bbox 2947 3543 3123 3615; x_wconf 88' lang='lat' dir='ltr'><strong><em>longe</em></strong></span> <span class='ocrx_word' id='word_1_732' title='bbox 3150 3542 3393 3598; x_wconf 87' lang='lat' dir='ltr'><strong><em>diversa</em></strong></span> <span class='ocrx_word' id='word_1_733' title='bbox 3415 3540 3860 3597; x_wconf 84' lang='lat' dir='ltr'><strong><em>etdissimiliare-</em></strong></span> 
     </span>
    </p>
   </div>
   <div class='ocr_carea' id='block_1_100' title="bbox 2230 3625 3858 3705">
    <p class='ocr_par' dir='ltr' id='par_1_100' title="bbox 2230 3625 3858 3705">
     <span class='ocr_line' id='line_1_100' title="bbox 2230 3625 3858 3705; baseline -0.007 -14"><span class='ocrx_word' id='word_1_734' title='bbox 2230 3635 2427 3690; x_wconf 86' lang='lat' dir='ltr'><strong><em>tulisti.</em></strong></span> <span class='ocrx_word' id='word_1_735' title='bbox 2456 3634 2681 3705; x_wconf 88' lang='lat' dir='ltr'><strong><em>Quippe</em></strong></span> <span class='ocrx_word' id='word_1_736' title='bbox 2708 3633 2881 3705; x_wconf 89' lang='lat' dir='ltr'><strong><em>quasi</em></strong></span> <span class='ocrx_word' id='word_1_737' title='bbox 2903 3632 3248 3687; x_wconf 87' lang='lat' dir='ltr'><strong><em>recordatus</em></strong></span> <span class='ocrx_word' id='word_1_738' title='bbox 3270 3632 3433 3703; x_wconf 90' lang='lat' dir='ltr'><strong><em>quod</em></strong></span> <span class='ocrx_word' id='word_1_739' title='bbox 3456 3633 3512 3687; x_wconf 91' lang='lat' dir='ltr'><strong><em>in</em></strong></span> <span class='ocrx_word' id='word_1_740' title='bbox 3530 3630 3720 3686; x_wconf 87' lang='lat' dir='ltr'><strong><em>litteris</em></strong></span> <span class='ocrx_word' id='word_1_741' title='bbox 3736 3625 3858 3683; x_wconf 85' lang='lat' dir='ltr'><strong><em>meis</em></strong></span> 
     </span>
    </p>
   </div>
   <div class='ocr_carea' id='block_1_101' title="bbox 2230 3713 3856 3796">
    <p class='ocr_par' dir='ltr' id='par_1_101' title="bbox 2230 3713 3856 3796">
     <span class='ocr_line' id='line_1_101' title="bbox 2230 3713 3856 3796; baseline -0.009 -16"><span class='ocrx_word' id='word_1_742' title='bbox 2230 3724 2431 3796; x_wconf 88' lang='lat' dir='ltr'><strong><em>posui,</em></strong></span> <span class='ocrx_word' id='word_1_743' title='bbox 2457 3724 2572 3779; x_wconf 88' lang='lat' dir='ltr'><strong><em>hoc</em></strong></span> <span class='ocrx_word' id='word_1_744' title='bbox 2604 3722 2719 3777; x_wconf 88' lang='lat' dir='ltr'><strong><em>tuis</em></strong></span> <span class='ocrx_word' id='word_1_745' title='bbox 2755 3720 3055 3776; x_wconf 85' lang='lat' dir='ltr'><strong><em>inseruisti</em></strong></span> <span class='ocrx_word' id='word_1_746' title='bbox 3076 3720 3239 3791; x_wconf 88' lang='lat' dir='ltr'><strong><em>quod</em></strong></span> <span class='ocrx_word' id='word_1_747' title='bbox 3263 3721 3515 3776; x_wconf 89' lang='lat' dir='ltr'><strong><em>omnino</em></strong></span> <span class='ocrx_word' id='word_1_748' title='bbox 3548 3735 3661 3774; x_wconf 88' lang='lat' dir='ltr'><strong><em>non</em></strong></span> <span class='ocrx_word' id='word_1_749' title='bbox 3692 3713 3856 3790; x_wconf 83' lang='lat' dir='ltr'><strong><em>posui.</em></strong></span> 
     </span>
    </p>
   </div>
   <div class='ocr_carea' id='block_1_102' title="bbox 2232 3807 3865 3876">
    <p class='ocr_par' dir='ltr' id='par_1_102' title="bbox 2232 3807 3865 3876">
     <span class='ocr_line' id='line_1_102' title="bbox 2232 3807 3865 3876; baseline -0.006 -9"><span class='ocrx_word' id='word_1_750' title='bbox 2232 3813 2606 3869; x_wconf 88' lang='lat' dir='ltr'><strong><em>Postremum</em></strong></span> <span class='ocrx_word' id='word_1_751' title='bbox 2636 3809 2796 3865; x_wconf 88' lang='lat' dir='ltr'><strong><em>enim</em></strong></span> <span class='ocrx_word' id='word_1_752' title='bbox 2848 3809 3029 3865; x_wconf 88' lang='lat' dir='ltr'><strong><em>fuisse</em></strong></span> <span class='ocrx_word' id='word_1_753' title='bbox 3060 3810 3119 3863; x_wconf 88' lang='lat' dir='ltr'><strong><em>in</em></strong></span> <span class='ocrx_word' id='word_1_754' title='bbox 3151 3808 3357 3863; x_wconf 88' lang='lat' dir='ltr'><strong><em>litteris</em></strong></span> <span class='ocrx_word' id='word_1_755' title='bbox 3392 3808 3541 3864; x_wconf 88' lang='lat' dir='ltr'><strong><em>meis</em></strong></span> <span class='ocrx_word' id='word_1_756' title='bbox 3571 3807 3729 3876; x_wconf 83' lang='lat' dir='ltr'><strong><em>dicis,</em></strong></span> <span class='ocrx_word' id='word_1_757' title='bbox 3759 3810 3865 3860; x_wconf 81' lang='lat' dir='ltr'><strong><em>non</em></strong></span> 
     </span>
    </p>
   </div>
   <div class='ocr_carea' id='block_1_103' title="bbox 2231 3892 3859 3973">
    <p class='ocr_par' dir='ltr' id='par_1_103' title="bbox 2231 3892 3859 3973">
     <span class='ocr_line' id='line_1_103' title="bbox 2231 3892 3859 3973; baseline -0.008 -15"><span class='ocrx_word' id='word_1_758' title='bbox 2231 3907 2412 3973; x_wconf 89' lang='lat' dir='ltr'><strong><em>caput</em></strong></span> <span class='ocrx_word' id='word_1_759' title='bbox 2439 3907 2540 3956; x_wconf 88' lang='lat' dir='ltr'><strong><em>aut</em></strong></span> <span class='ocrx_word' id='word_1_760' title='bbox 2571 3899 2928 3969; x_wconf 85' lang='lat' dir='ltr'><strong><em>sanguinem</em></strong></span> <span class='ocrx_word' id='word_1_761' title='bbox 2960 3898 3018 3954; x_wconf 91' lang='lat' dir='ltr'><strong><em>in</em></strong></span> <span class='ocrx_word' id='word_1_762' title='bbox 3050 3897 3322 3953; x_wconf 68' lang='lat' dir='ltr'><strong><em>Ecclesiae</em></strong></span> <span class='ocrx_word' id='word_1_763' title='bbox 3356 3897 3637 3969; x_wconf 89' lang='lat' dir='ltr'><strong><em>postulari</em></strong></span> <span class='ocrx_word' id='word_1_764' title='bbox 3664 3892 3859 3948; x_wconf 87' lang='lat' dir='ltr'><strong><em>vindic-</em></strong></span> 
     </span>
    </p>
   </div>
   <div class='ocr_carea' id='block_1_104' title="bbox 2231 3982 3858 4061">
    <p class='ocr_par' dir='ltr' id='par_1_104' title="bbox 2231 3982 3858 4061">
     <span class='ocr_line' id='line_1_104' title="bbox 2231 3982 3858 4061; baseline -0.008 -14"><span class='ocrx_word' id='word_1_765' title='bbox 2231 3999 2374 4057; x_wconf 89' lang='lat' dir='ltr'><strong><em>tam,</em></strong></span> <span class='ocrx_word' id='word_1_766' title='bbox 2410 3990 2512 4046; x_wconf 90' lang='lat' dir='ltr'><strong><em>sed</em></strong></span> <span class='ocrx_word' id='word_1_767' title='bbox 2554 3988 2754 4055; x_wconf 90' lang='lat' dir='ltr'><strong><em>rebus,</em></strong></span> <span class='ocrx_word' id='word_1_768' title='bbox 2787 3987 3009 4061; x_wconf 91' lang='lat' dir='ltr'><strong><em>quibus</em></strong></span> <span class='ocrx_word' id='word_1_769' title='bbox 3042 3987 3302 4042; x_wconf 85' lang='lat' dir='ltr'><strong><em>maxime</em></strong></span> <span class='ocrx_word' id='word_1_770' title='bbox 3338 3992 3608 4042; x_wconf 88' lang='lat' dir='ltr'><strong><em>metuunt</em></strong></span> <span class='ocrx_word' id='word_1_771' title='bbox 3637 3982 3858 4056; x_wconf 85' lang='lat' dir='ltr'><strong><em>spolian-</em></strong></span> 
     </span>
    </p>
   </div>
   <div class='ocr_carea' id='block_1_105' title="bbox 2231 4070 3859 4148">
    <p class='ocr_par' dir='ltr' id='par_1_105' title="bbox 2231 4070 3859 4148">
     <span class='ocr_line' id='line_1_105' title="bbox 2231 4070 3859 4148; baseline -0.008 -12"><span class='ocrx_word' id='word_1_772' title='bbox 2231 4080 2361 4136; x_wconf 89' lang='lat' dir='ltr'><strong><em>dos.</em></strong></span> <span class='ocrx_word' id='word_1_773' title='bbox 2379 4078 2603 4134; x_wconf 87' lang='lat' dir='ltr'><strong><em>Deinde</em></strong></span> <span class='ocrx_word' id='word_1_774' title='bbox 2616 4077 2939 4133; x_wconf 89' lang='lat' dir='ltr'><strong><em>ostendens</em></strong></span> <span class='ocrx_word' id='word_1_775' title='bbox 2956 4081 3251 4148; x_wconf 88' lang='lat' dir='ltr'><strong><em>quantum</em></strong></span> <span class='ocrx_word' id='word_1_776' title='bbox 3273 4075 3473 4131; x_wconf 86' lang='lat' dir='ltr'><strong><em>sithoc</em></strong></span> <span class='ocrx_word' id='word_1_777' title='bbox 3498 4073 3652 4140; x_wconf 88' lang='lat' dir='ltr'><strong><em>mali,</em></strong></span> <span class='ocrx_word' id='word_1_778' title='bbox 3676 4070 3859 4141; x_wconf 86' lang='lat' dir='ltr'><strong><em>adjun-</em></strong></span> 
     </span>
    </p>
   </div>
   <div class='ocr_carea' id='block_1_106' title="bbox 2232 4162 3861 4242">
    <p class='ocr_par' dir='ltr' id='par_1_106' title="bbox 2232 4162 3861 4242">
     <span class='ocr_line' id='line_1_106' title="bbox 2232 4162 3861 4242; baseline -0.009 -16"><span class='ocrx_word' id='word_1_779' title='bbox 2232 4170 2323 4242; x_wconf 88' lang='lat' dir='ltr'><strong><em>gis</em></strong></span> <span class='ocrx_word' id='word_1_780' title='bbox 2348 4174 2524 4242; x_wconf 89' lang='lat' dir='ltr'><strong><em>atque</em></strong></span> <span class='ocrx_word' id='word_1_781' title='bbox 2541 4166 2829 4232; x_wconf 84' lang='lat' dir='ltr'><strong><em>contexis,</em></strong></span> <span class='ocrx_word' id='word_1_782' title='bbox 2850 4166 2965 4221; x_wconf 84' lang='lat' dir='ltr'><strong><em>nisi</em></strong></span> <span class='ocrx_word' id='word_1_783' title='bbox 2987 4171 3037 4221; x_wconf 90' lang='lat' dir='ltr'><strong><em>te</em></strong></span> <span class='ocrx_word' id='word_1_784' title='bbox 3056 4164 3264 4237; x_wconf 90' lang='lat' dir='ltr'><strong><em>opinio</em></strong></span> <span class='ocrx_word' id='word_1_785' title='bbox 3284 4164 3451 4231; x_wconf 85' lang='lat' dir='ltr'><strong><em>fallit,</em></strong></span> <span class='ocrx_word' id='word_1_786' title='bbox 3475 4162 3733 4219; x_wconf 82' lang='lat' dir='ltr'><strong><em>arbitrari</em></strong></span> <span class='ocrx_word' id='word_1_787' title='bbox 3752 4175 3861 4229; x_wconf 84' lang='lat' dir='ltr'><strong><em>gra-</em></strong></span> 
     </span>
    </p>
   </div>
   <div class='ocr_carea' id='block_1_107' title="bbox 2231 4253 3876 4329">
    <p class='ocr_par' dir='ltr' id='par_1_107' title="bbox 2231 4253 3876 4329">
     <span class='ocr_line' id='line_1_107' title="bbox 2231 4253 3876 4329; baseline -0.01 -14"><span class='ocrx_word' id='word_1_788' title='bbox 2231 4261 2361 4315; x_wconf 88' lang='lat' dir='ltr'><strong><em>vius</em></strong></span> <span class='ocrx_word' id='word_1_789' title='bbox 2391 4273 2520 4314; x_wconf 88' lang='lat' dir='ltr'><strong><em>esse</em></strong></span> <span class='ocrx_word' id='word_1_790' title='bbox 2552 4256 2795 4329; x_wconf 86' lang='lat' dir='ltr'><strong><em>spoliari</em></strong></span> <span class='ocrx_word' id='word_1_791' title='bbox 2827 4254 3210 4313; x_wconf 83' lang='lat' dir='ltr'><strong><em>facultatibus</em></strong></span> <span class='ocrx_word' id='word_1_792' title='bbox 3245 4270 3431 4325; x_wconf 89' lang='lat' dir='ltr'><strong><em>quam</em></strong></span> <span class='ocrx_word' id='word_1_793' title='bbox 3465 4253 3671 4310; x_wconf 86' lang='lat' dir='ltr'><strong><em>occidi.</em></strong></span> <span class='ocrx_word' id='word_1_794' title='bbox 3702 4255 3876 4319; x_wconf 29' lang='lat' dir='ltr'><strong><em>Atque.</em></strong></span> 
     </span>
    </p>
   </div>
   <div class='ocr_carea' id='block_1_108' title="bbox 2237 4335 3858 4419">
    <p class='ocr_par' dir='ltr' id='par_1_108' title="bbox 2237 4335 3858 4419">
     <span class='ocr_line' id='line_1_108' title="bbox 2237 4335 3858 4419; baseline -0.009 -15"><span class='ocrx_word' id='word_1_795' title='bbox 2237 4346 2577 4419; x_wconf 86' lang='lat' dir='ltr'><strong><em>utapertius</em></strong></span> <span class='ocrx_word' id='word_1_796' title='bbox 2600 4360 2870 4417; x_wconf 83' lang='lat' dir='ltr'><strong><em>exponas</em></strong></span> <span class='ocrx_word' id='word_1_797' title='bbox 2898 4342 2971 4399; x_wconf 92' lang='lat' dir='ltr'><strong><em>de</em></strong></span> <span class='ocrx_word' id='word_1_798' title='bbox 3002 4343 3224 4415; x_wconf 88' lang='lat' dir='ltr'><strong><em>quibus</em></strong></span> <span class='ocrx_word' id='word_1_799' title='bbox 3248 4342 3627 4398; x_wconf 86' lang='lat' dir='ltr'><strong><em>facultatibus</em></strong></span> <span class='ocrx_word' id='word_1_800' title='bbox 3649 4335 3858 4397; x_wconf 82' lang='lat' dir='ltr'><strong><em>dixeris,</em></strong></span> 
     </span>
    </p>
   </div>
   <div class='ocr_carea' id='block_1_109' title="bbox 2233 4424 3861 4508">
    <p class='ocr_par' dir='ltr' id='par_1_109' title="bbox 2233 4424 3861 4508">
     <span class='ocr_line' id='line_1_109' title="bbox 2233 4424 3861 4508; baseline -0.008 -18"><span class='ocrx_word' id='word_1_801' title='bbox 2233 4436 2431 4508; x_wconf 86' lang='lat' dir='ltr'><strong><em>pergis</em></strong></span> <span class='ocrx_word' id='word_1_802' title='bbox 2476 4440 2655 4506; x_wconf 88' lang='lat' dir='ltr'><strong><em>atque</em></strong></span> <span class='ocrx_word' id='word_1_803' title='bbox 2698 4432 2892 4498; x_wconf 80' lang='lat' dir='ltr'><strong><em>addis,</em></strong></span> <span class='ocrx_word' id='word_1_804' title='bbox 2940 4447 3035 4486; x_wconf 90' lang='lat' dir='ltr'><strong><em>me</em></strong></span> <span class='ocrx_word' id='word_1_805' title='bbox 3089 4430 3533 4502; x_wconf 85' lang='lat' dir='ltr'><strong><em>frequentatum</em></strong></span> <span class='ocrx_word' id='word_1_806' title='bbox 3586 4430 3641 4483; x_wconf 87' lang='lat' dir='ltr'><strong><em>in</em></strong></span> <span class='ocrx_word' id='word_1_807' title='bbox 3687 4424 3861 4483; x_wconf 81' lang='lat' dir='ltr'><strong><em>litteris</em></strong></span> 
     </span>
    </p>
   </div>
   <div class='ocr_carea' id='block_1_110' title="bbox 2233 4517 3858 4595">
    <p class='ocr_par' dir='ltr' id='par_1_110' title="bbox 2233 4517 3858 4595">
     <span class='ocr_line' id='line_1_110' title="bbox 2233 4517 3858 4595; baseline -0.009 -16"><span class='ocrx_word' id='word_1_808' title='bbox 2233 4539 2415 4580; x_wconf 88' lang='lat' dir='ltr'><strong><em>nosse</em></strong></span> <span class='ocrx_word' id='word_1_809' title='bbox 2445 4523 2612 4595; x_wconf 90' lang='lat' dir='ltr'><strong><em>quod</em></strong></span> <span class='ocrx_word' id='word_1_810' title='bbox 2659 4536 2820 4577; x_wconf 89' lang='lat' dir='ltr'><strong><em>mors</em></strong></span> <span class='ocrx_word' id='word_1_811' title='bbox 2853 4520 3153 4576; x_wconf 88' lang='lat' dir='ltr'><strong><em>malorum</em></strong></span> <span class='ocrx_word' id='word_1_812' title='bbox 3188 4520 3463 4575; x_wconf 89' lang='lat' dir='ltr'><strong><em>omnium</em></strong></span> <span class='ocrx_word' id='word_1_813' title='bbox 3513 4517 3729 4573; x_wconf 88' lang='lat' dir='ltr'><strong><em>auferat</em></strong></span> <span class='ocrx_word' id='word_1_814' title='bbox 3752 4526 3858 4566; x_wconf 87' lang='lat' dir='ltr'><strong><em>sen-</em></strong></span> 
     </span>
    </p>
   </div>
   <div class='ocr_carea' id='block_1_111' title="bbox 2234 4600 3863 4683">
    <p class='ocr_par' dir='ltr' id='par_1_111' title="bbox 2234 4600 3863 4683">
     <span class='ocr_line' id='line_1_111' title="bbox 2234 4600 3863 4683; baseline -0.009 -14"><span class='ocrx_word' id='word_1_815' title='bbox 2234 4630 2394 4679; x_wconf 89' lang='lat' dir='ltr'><strong><em>sum,</em></strong></span> <span class='ocrx_word' id='word_1_816' title='bbox 2421 4616 2697 4683; x_wconf 87' lang='lat' dir='ltr'><strong><em>egestosa</em></strong></span> <span class='ocrx_word' id='word_1_817' title='bbox 2722 4616 2924 4666; x_wconf 90' lang='lat' dir='ltr'><strong><em>autem</em></strong></span> <span class='ocrx_word' id='word_1_818' title='bbox 2956 4609 3076 4665; x_wconf 89' lang='lat' dir='ltr'><strong><em>vita</em></strong></span> <span class='ocrx_word' id='word_1_819' title='bbox 3106 4614 3391 4664; x_wconf 71' lang='lat' dir='ltr'><strong><em>reternam</em></strong></span> <span class='ocrx_word' id='word_1_820' title='bbox 3432 4608 3623 4680; x_wconf 83' lang='lat' dir='ltr'><strong><em>pariat</em></strong></span> <span class='ocrx_word' id='word_1_821' title='bbox 3652 4600 3863 4660; x_wconf 85' lang='lat' dir='ltr'><strong><em>calami.</em></strong></span> 
     </span>
    </p>
   </div>
   <div class='ocr_carea' id='block_1_112' title="bbox 2234 4688 3861 4769">
    <p class='ocr_par' dir='ltr' id='par_1_112' title="bbox 2234 4688 3861 4769">
     <span class='ocr_line' id='line_1_112' title="bbox 2234 4688 3861 4769; baseline -0.012 -10"><span class='ocrx_word' id='word_1_822' title='bbox 2234 4708 2436 4759; x_wconf 87' lang='lat' dir='ltr'><strong><em>tatem.</em></strong></span> <span class='ocrx_word' id='word_1_823' title='bbox 2482 4700 2700 4757; x_wconf 87' lang='lat' dir='ltr'><strong><em>Deinde</em></strong></span> <span class='ocrx_word' id='word_1_824' title='bbox 2732 4698 3099 4765; x_wconf 86' lang='lat' dir='ltr'><strong><em>conclusisti,</em></strong></span> <span class='ocrx_word' id='word_1_825' title='bbox 3147 4697 3396 4769; x_wconf 86' lang='lat' dir='ltr'><strong><em>gravius</em></strong></span> <span class='ocrx_word' id='word_1_826' title='bbox 3443 4712 3570 4752; x_wconf 89' lang='lat' dir='ltr'><strong><em>esse</em></strong></span> <span class='ocrx_word' id='word_1_827' title='bbox 3616 4695 3673 4751; x_wconf 86' lang='lat' dir='ltr'><strong><em>in</em></strong></span> <span class='ocrx_word' id='word_1_828' title='bbox 3715 4688 3861 4746; x_wconf 84' lang='lat' dir='ltr'><strong><em>malis</em></strong></span> 
     </span>
    </p>
   </div>
   <div class='ocr_carea' id='block_1_113' title="bbox 2232 4786 3290 4863">
    <p class='ocr_par' dir='ltr' id='par_1_113' title="bbox 2232 4786 3290 4863">
     <span class='ocr_line' id='line_1_113' title="bbox 2232 4786 3290 4863; baseline -0.006 -14"><span class='ocrx_word' id='word_1_829' title='bbox 2232 4792 2430 4849; x_wconf 87' lang='lat' dir='ltr'><strong><em>vivere</em></strong></span> <span class='ocrx_word' id='word_1_830' title='bbox 2469 4806 2651 4863; x_wconf 88' lang='lat' dir='ltr'><strong><em>quam</em></strong></span> <span class='ocrx_word' id='word_1_831' title='bbox 2681 4788 2838 4844; x_wconf 87' lang='lat' dir='ltr'><strong><em>mala</em></strong></span> <span class='ocrx_word' id='word_1_832' title='bbox 2874 4794 3064 4845; x_wconf 88' lang='lat' dir='ltr'><strong><em>morte</em></strong></span> <span class='ocrx_word' id='word_1_833' title='bbox 3098 4786 3290 4843; x_wconf 85' lang='lat' dir='ltr'><strong><em>finire.</em></strong></span> 
     </span>
    </p>
   </div>
   <div class='ocr_carea' id='block_1_114' title="bbox 2304 4874 3865 4951">
    <p class='ocr_par' dir='ltr' id='par_1_114' title="bbox 2304 4874 3865 4951">
     <span class='ocr_line' id='line_1_114' title="bbox 2304 4874 3865 4951; baseline -0.009 -14"><span class='ocrx_word' id='word_1_834' title='bbox 2304 4884 2356 4937; x_wconf 86' lang='lat'><strong><em>3.</em></strong></span> <span class='ocrx_word' id='word_1_835' title='bbox 2392 4883 2457 4936; x_wconf 91' lang='lat' dir='ltr'><strong><em>Et</em></strong></span> <span class='ocrx_word' id='word_1_836' title='bbox 2481 4895 2590 4950; x_wconf 89' lang='lat' dir='ltr'><strong><em>ego</em></strong></span> <span class='ocrx_word' id='word_1_837' title='bbox 2631 4879 2875 4951; x_wconf 87' lang='lat' dir='ltr'><strong><em>quidem</em></strong></span> <span class='ocrx_word' id='word_1_838' title='bbox 2905 4893 3011 4933; x_wconf 89' lang='lat' dir='ltr'><strong><em>nec</em></strong></span> <span class='ocrx_word' id='word_1_839' title='bbox 3036 4877 3090 4931; x_wconf 88' lang='lat' dir='ltr'><strong><em>in</em></strong></span> <span class='ocrx_word' id='word_1_840' title='bbox 3116 4874 3363 4941; x_wconf 88' lang='lat' dir='ltr'><strong><em>nostris,</em></strong></span> <span class='ocrx_word' id='word_1_841' title='bbox 3393 4874 3471 4945; x_wconf 83' lang='lat' dir='ltr'><strong><em>ad</em></strong></span> <span class='ocrx_word' id='word_1_842' title='bbox 3503 4889 3651 4945; x_wconf 85' lang='lat' dir='ltr'><strong><em>quas</em></strong></span> <span class='ocrx_word' id='word_1_843' title='bbox 3674 4886 3758 4926; x_wconf 90' lang='lat' dir='ltr'><strong><em>me</em></strong></span> <span class='ocrx_word' id='word_1_844' title='bbox 3790 4881 3865 4920; x_wconf 90' lang='lat' dir='ltr'><strong><em>se-</em></strong></span> 
     </span>
    </p>
   </div>
   <div class='ocr_carea' id='block_1_115' title="bbox 2234 4954 3862 5038">
    <p class='ocr_par' dir='ltr' id='par_1_115' title="bbox 2234 4954 3862 5038">
     <span class='ocr_line' id='line_1_115' title="bbox 2234 4954 3862 5038; baseline -0.009 -13"><span class='ocrx_word' id='word_1_845' title='bbox 2234 4970 2356 5027; x_wconf 88' lang='lat' dir='ltr'><strong><em>rius</em></strong></span> <span class='ocrx_word' id='word_1_846' title='bbox 2372 4969 2558 5024; x_wconf 90' lang='lat' dir='ltr'><strong><em>fateor</em></strong></span> <span class='ocrx_word' id='word_1_847' title='bbox 2584 4968 2846 5022; x_wconf 85' lang='lat' dir='ltr'><strong><em>animum</em></strong></span> <span class='ocrx_word' id='word_1_848' title='bbox 2863 4965 3224 5038; x_wconf 88' lang='lat' dir='ltr'><strong><em>applicuisse</em></strong></span> <span class='ocrx_word' id='word_1_849' title='bbox 3251 4980 3435 5037; x_wconf 88' lang='lat' dir='ltr'><strong><em>quam</em></strong></span> <span class='ocrx_word' id='word_1_850' title='bbox 3462 4962 3687 5025; x_wconf 89' lang='lat' dir='ltr'><strong><em>vellem,</em></strong></span> <span class='ocrx_word' id='word_1_851' title='bbox 3705 4954 3862 5013; x_wconf 83' lang='lat' dir='ltr'><strong><em>necin</em></strong></span> 
     </span>
    </p>
   </div>
   <div class='ocr_carea' id='block_1_116' title="bbox 2234 5046 3856 5130">
    <p class='ocr_par' dir='ltr' id='par_1_116' title="bbox 2234 5046 3856 5130">
     <span class='ocr_line' id='line_1_116' title="bbox 2234 5046 3856 5130; baseline -0.011 -15"><span class='ocrx_word' id='word_1_852' title='bbox 2234 5059 2466 5125; x_wconf 87' lang='lat' dir='ltr'><strong><em>vestris,</em></strong></span> <span class='ocrx_word' id='word_1_853' title='bbox 2486 5073 2637 5130; x_wconf 89' lang='lat' dir='ltr'><strong><em>quas</em></strong></span> <span class='ocrx_word' id='word_1_854' title='bbox 2663 5056 2739 5111; x_wconf 88' lang='lat' dir='ltr'><strong><em>ab</em></strong></span> <span class='ocrx_word' id='word_1_855' title='bbox 2768 5056 3005 5111; x_wconf 90' lang='lat' dir='ltr'><strong><em>ineunte</em></strong></span> <span class='ocrx_word' id='word_1_856' title='bbox 3022 5060 3194 5110; x_wconf 63' lang='lat' dir='ltr'><strong><em>aetate</em></strong></span> <span class='ocrx_word' id='word_1_857' title='bbox 3222 5046 3856 5122; x_wconf 83' lang='lat' dir='ltr'><strong><em>didici,litterisuspiam</em></strong></span> 
     </span>
    </p>
   </div>
   <div class='ocr_carea' id='block_1_117' title="bbox 2231 5132 3861 5218">
    <p class='ocr_par' dir='ltr' id='par_1_117' title="bbox 2231 5132 3861 5218">
     <span class='ocr_line' id='line_1_117' title="bbox 2231 5132 3861 5218; baseline -0.008 -15"><span class='ocrx_word' id='word_1_858' title='bbox 2231 5147 2455 5218; x_wconf 88' lang='lat' dir='ltr'><strong><em>legisse</em></strong></span> <span class='ocrx_word' id='word_1_859' title='bbox 2494 5145 2692 5202; x_wconf 90' lang='lat' dir='ltr'><strong><em>recolo</em></strong></span> <span class='ocrx_word' id='word_1_860' title='bbox 2731 5144 2895 5217; x_wconf 89' lang='lat' dir='ltr'><strong><em>quod</em></strong></span> <span class='ocrx_word' id='word_1_861' title='bbox 2928 5148 3197 5216; x_wconf 84' lang='lat' dir='ltr'><strong><em>egestosa</em></strong></span> <span class='ocrx_word' id='word_1_862' title='bbox 3232 5143 3349 5198; x_wconf 90' lang='lat' dir='ltr'><strong><em>vita</em></strong></span> <span class='ocrx_word' id='word_1_863' title='bbox 3380 5147 3661 5202; x_wconf 74' lang='lat' dir='ltr'><strong><em>reternam</em></strong></span> <span class='ocrx_word' id='word_1_864' title='bbox 3693 5132 3861 5210; x_wconf 77' lang='lat' dir='ltr'><strong><em>pariat</em></strong></span> 
     </span>
    </p>
   </div>
   <div class='ocr_carea' id='block_1_118' title="bbox 2237 5222 3858 5305">
    <p class='ocr_par' dir='ltr' id='par_1_118' title="bbox 2237 5222 3858 5305">
     <span class='ocr_line' id='line_1_118' title="bbox 2237 5222 3858 5305; baseline -0.012 -12"><span class='ocrx_word' id='word_1_865' title='bbox 2237 5238 2659 5293; x_wconf 88' lang='lat' dir='ltr'><strong><em>calamitatem.</em></strong></span> <span class='ocrx_word' id='word_1_866' title='bbox 2689 5236 2837 5290; x_wconf 87' lang='lat' dir='ltr'><strong><em>Nam</em></strong></span> <span class='ocrx_word' id='word_1_867' title='bbox 2868 5250 2975 5289; x_wconf 91' lang='lat' dir='ltr'><strong><em>nec</em></strong></span> <span class='ocrx_word' id='word_1_868' title='bbox 2997 5249 3262 5305; x_wconf 88' lang='lat' dir='ltr'><strong><em>unquam</em></strong></span> <span class='ocrx_word' id='word_1_869' title='bbox 3286 5237 3595 5305; x_wconf 85' lang='lat' dir='ltr'><strong><em>peccatum</em></strong></span> <span class='ocrx_word' id='word_1_870' title='bbox 3622 5234 3702 5284; x_wconf 91' lang='lat' dir='ltr'><strong><em>est</em></strong></span> <span class='ocrx_word' id='word_1_871' title='bbox 3720 5222 3858 5279; x_wconf 87' lang='lat' dir='ltr'><strong><em>labo-</em></strong></span> 
     </span>
    </p>
   </div>
   <div class='ocr_carea' id='block_1_119' title="bbox 2234 5318 3856 5398">
    <p class='ocr_par' dir='ltr' id='par_1_119' title="bbox 2234 5318 3856 5398">
     <span class='ocr_line' id='line_1_119' title="bbox 2234 5318 3856 5398; baseline -0.012 -15"><span class='ocrx_word' id='word_1_872' title='bbox 2234 5327 2397 5383; x_wconf 88' lang='lat' dir='ltr'><strong><em>riosa</em></strong></span> <span class='ocrx_word' id='word_1_873' title='bbox 2424 5330 2768 5398; x_wconf 85' lang='lat' dir='ltr'><strong><em>paupertas,</em></strong></span> <span class='ocrx_word' id='word_1_874' title='bbox 2801 5330 2857 5379; x_wconf 90' lang='lat' dir='ltr'><strong><em>et</em></strong></span> <span class='ocrx_word' id='word_1_875' title='bbox 2885 5330 2971 5379; x_wconf 89' lang='lat' dir='ltr'><strong><em>est</em></strong></span> <span class='ocrx_word' id='word_1_876' title='bbox 2997 5323 3306 5395; x_wconf 87' lang='lat' dir='ltr'><strong><em>aliquanta</em></strong></span> <span class='ocrx_word' id='word_1_877' title='bbox 3334 5318 3618 5377; x_wconf 87' lang='lat' dir='ltr'><strong><em>restrictio</em></strong></span> <span class='ocrx_word' id='word_1_878' title='bbox 3643 5321 3693 5371; x_wconf 91' lang='lat' dir='ltr'><strong><em>et</em></strong></span> <span class='ocrx_word' id='word_1_879' title='bbox 3720 5323 3856 5369; x_wconf 87' lang='lat' dir='ltr'><strong><em>coer-</em></strong></span> 
     </span>
    </p>
   </div>
   <div class='ocr_carea' id='block_1_120' title="bbox 2235 5401 3853 5487">
    <p class='ocr_par' dir='ltr' id='par_1_120' title="bbox 2235 5401 3853 5487">
     <span class='ocr_line' id='line_1_120' title="bbox 2235 5401 3853 5487; baseline -0.011 -15"><span class='ocrx_word' id='word_1_880' title='bbox 2235 5416 2371 5473; x_wconf 88' lang='lat' dir='ltr'><strong><em>citio</em></strong></span> <span class='ocrx_word' id='word_1_881' title='bbox 2404 5403 2805 5487; x_wconf 84' lang='lat' dir='ltr'><strong><em>peccatorum.</em></strong></span> <span class='ocrx_word' id='word_1_882' title='bbox 2840 5417 2920 5468; x_wconf 84' lang='lat' dir='ltr'><strong><em>Ac</em></strong></span> <span class='ocrx_word' id='word_1_883' title='bbox 2959 5428 3063 5485; x_wconf 89' lang='lat' dir='ltr'><strong><em>per</em></strong></span> <span class='ocrx_word' id='word_1_884' title='bbox 3092 5412 3205 5468; x_wconf 88' lang='lat' dir='ltr'><strong><em>hoc</em></strong></span> <span class='ocrx_word' id='word_1_885' title='bbox 3231 5427 3351 5467; x_wconf 91' lang='lat' dir='ltr'><strong><em>non</em></strong></span> <span class='ocrx_word' id='word_1_886' title='bbox 3382 5414 3468 5467; x_wconf 89' lang='lat' dir='ltr'><strong><em>est</em></strong></span> <span class='ocrx_word' id='word_1_887' title='bbox 3506 5401 3853 5464; x_wconf 88' lang='lat' dir='ltr'><strong><em>metuendum</em></strong></span> 
     </span>
    </p>
   </div>
   <div class='ocr_carea' id='block_1_121' title="bbox 2300 5575 3855 5654">
    <p class='ocr_par' dir='ltr' id='par_1_121' title="bbox 2300 5575 3855 5654">
     <span class='ocr_line' id='line_1_121' title="bbox 2300 5575 3855 5654; baseline -0.007 -14"><span class='ocrx_word' id='word_1_888' title='bbox 2300 5591 2369 5652; x_wconf 73' lang='grc' dir='ltr'><strong><em>(α)</em></strong></span> <span class='ocrx_word' id='word_1_889' title='bbox 2405 5589 2548 5654; x_wconf 77' lang='lat' dir='ltr'><strong><em>Alias</em></strong></span> <span class='ocrx_word' id='word_1_890' title='bbox 2580 5590 2672 5639; x_wconf 73' lang='grc'><strong><em>254</em></strong></span> <span class='ocrx_word' id='word_1_891' title='bbox 2697 5606 2708 5637; x_wconf 88' lang='lat'><strong>:</strong></span> <span class='ocrx_word' id='word_1_892' title='bbox 2745 5603 2864 5654; x_wconf 75' lang='lat' dir='ltr'><strong><em>qum</em></strong></span> <span class='ocrx_word' id='word_1_893' title='bbox 2903 5588 3206 5654; x_wconf 64' lang='lat' dir='ltr'><strong><em>autemtol</em></strong></span> <span class='ocrx_word' id='word_1_894' title='bbox 3233 5590 3365 5647; x_wconf 82' lang='lat' dir='ltr'><strong><em>erat,</em></strong></span> <span class='ocrx_word' id='word_1_895' title='bbox 3387 5598 3531 5653; x_wconf 84' lang='lat' dir='ltr'><strong><em>nunc</em></strong></span> <span class='ocrx_word' id='word_1_896' title='bbox 3556 5584 3660 5632; x_wconf 64' lang='grc' dir='ltr'><strong><em>ιρι.</em></strong></span> <span class='ocrx_word' id='word_1_897' title='bbox 3681 5575 3855 5639; x_wconf 66' lang='grc' dir='ltr'><strong><em>εει-ὅρη</em></strong></span> 
     </span>
    </p>
   </div>
   <div class='ocr_carea' id='block_1_122' title="bbox 2236 5651 3882 5721">
    <p class='ocr_par' dir='ltr' id='par_1_122' title="bbox 2236 5651 3882 5721">
     <span class='ocr_line' id='line_1_122' title="bbox 2236 5651 3882 5721; baseline -0.005 -17"><span class='ocrx_word' id='word_1_898' title='bbox 2236 5651 2364 5721; x_wconf 82' lang='lat' dir='ltr'><strong><em>post.</em></strong></span> <span class='ocrx_word' id='word_1_899' title='bbox 2395 5655 2423 5703; x_wconf 86' lang='lat'><strong>6</strong></span> <span class='ocrx_word' id='word_1_900' title='bbox 2456 5652 2555 5704; x_wconf 72' lang='lat' dir='ltr'><strong><em>cal.</em></strong></span> <span class='ocrx_word' id='word_1_901' title='bbox 2587 5651 2858 5705; x_wconf 49' lang='lat' dir='ltr'><strong><em>mark—an.</em></strong></span> <span class='ocrx_word' id='word_1_902' title='bbox 2893 5651 3029 5702; x_wconf 83' lang='lat' dir='ltr'><strong><em>forte</em></strong></span> <span class='ocrx_word' id='word_1_903' title='bbox 3052 5652 3168 5712; x_wconf 66' lang='lat'><strong><em>£09,</em></strong></span> <span class='ocrx_word' id='word_1_904' title='bbox 3196 5696 3199 5703; x_wconf 78' lang='grc'>,</span> <span class='ocrx_word' id='word_1_905' title='bbox 3446 5651 3449 5653; x_wconf 84' lang='grc'><em>’</em></span> <span class='ocrx_word' id='word_1_906' title='bbox 3874 5690 3882 5695; x_wconf 85' lang='grc'><strong><em>.</em></strong></span> 
     </span>
    </p>
   </div>
  </div>
