3996 6158
108 148 207 221 393‘

190 284 247 332 Te
272 281 409 337 duce,
443 282 485 330 si
518 292 624 345 qua
657 282 877 330 manent
907 280 1119 329 sceleris
1143 281 1366 344 vestigia
1396 279 1581 329 nostri.

185 363 313 412 Irrita
339 364 585 425 perpetua
608 360 818 409 solvent
848 358 1132 410 formidine
1159 363 1345 410 terras.

988 449 1154 513 (Virg.
1183 449 1358 513 Eclog.
1384 449 1462 509 4.)

88 571 177 624 Hoc
202 565 340 622 enim
368 565 533 630 duce,
561 563 764 619 solutis
805 563 1091 619 omnibus
1123 562 1502 635 dimissisque
1535 576 1669 633 pec-

86 658 211 720 catis,
240 655 340 710 hac
368 654 461 708 via
486 652 561 707 ad
590 652 887 708 caelestem
919 652 1174 724 patriam
1208 652 1551 724 pervenitur
1573 666 1670 704 cu-

82 748 153 818 jus
172 742 501 799 habitatione
531 757 669 796 cum
702 757 833 797 eam
868 740 1339 806 tibiamandam,
1374 744 1669 813 quantum

83 834 227 904 potui,
256 829 750 895 commendarem,
784 829 1119 886 admodum
1150 829 1476 885 delectatus
1510 844 1593 882 es.

134 923 320 978 CAPUT
351 921 433 975 IV.
449 950 516 961 -—
534 923 619 974 t2.
637 920 748 974 Sed
764 920 905 991 quia
920 918 1117 974 dixisti
1133 918 1295 991 quod
1310 934 1517 974 omnes
1534 932 1665 972 eam

82 1013 202 1083 leges
228 1008 456 1065 diversis
482 1010 591 1063 viis
621 1008 1023 1063 ettramitibus
1041 1014 1575 1081 appetant;vereor
1595 1021 1670 1061 ne

80 1102 210 1168 forte,
228 1115 350 1154 cum
367 1104 537 1169 putas
552 1098 728 1153 etiam
752 1096 911 1152 illam
938 1098 1095 1153 viam
1108 1140 1121 1161 ,
1140 1098 1198 1151 in
1221 1114 1342 1170 qua
1356 1113 1516 1151 nunc
1529 1110 1670 1151 con-

80 1192 265 1244 stitutus
278 1204 351 1253 es,
366 1204 435 1243 eo
464 1187 723 1253 tendere,
740 1187 958 1256 pigrior
975 1186 1058 1241 sis
1081 1187 1151 1242 ad
1176 1203 1309 1243 eam
1343 1186 1666 1241 tenendam

76 1296 177 1350 quin
202 1278 323 1332 illuc
349 1276 473 1331 sola
495 1276 781 1347 perducit.
822 1275 936 1333 Sed
964 1275 1460 1347 rursusl’verbum
1509 1273 1670 1346 quod

80 1366 275 1439 posuisti
296 1365 603 1437 diligenter
625 1364 957 1429 attendens,
979 1364 1184 1419 videor
1200 1364 1339 1419 mihi
1365 1369 1529 1420 tuam
1548 1378 1667 1418 non

75 1455 395 1527 impudenter
407 1454 638 1525 aperire
660 1453 1044 1509 sententiam:
1063 1469 1255 1525 neque
1278 1454 1437 1508 enim
1449 1453 1666 1515 dixisti,

77 1561 218 1617 quam
247 1559 448 1600 omnes
477 1543 642 1612 leges
664 1543 913 1597 diversis
939 1543 1044 1596 viis
1070 1548 1124 1597 et
1150 1544 1480 1599 tramitibus
1513 1556 1671 1596 asse-

74 1643 301 1705 quuutur,
333 1639 434 1688 aut
484 1632 831 1697 ostendunt,
860 1632 1313 1695 autinveniunt,
1344 1636 1445 1686 aut
1477 1632 1667 1700 ingre-

73 1724 279 1787 diuntur,
299 1730 399 1778 aut
420 1722 708 1786 obtinent,
726 1726 827 1776 aut
849 1720 1069 1792 aliquid
1093 1720 1415 1791 ejusmodi,
1452 1720 1555 1774 sed
1576 1719 1671 1774 di-

73 1811 754 1883 cendo,appetunt,librato
773 1810 973 1875 verbo,
999 1815 1171 1881 atque
1197 1825 1511 1882 perpenso,
1544 1824 1666 1864 non

75 1902 393 1973 adeptionem
417 1899 791 1970 signiﬁcasti,
825 1898 925 1952 sed
951 1898 1325 1969 adipiscendi
1379 1897 1671 1968 cupidita-

74 1991 249 2045 tem.lta
274 2006 375 2044 nec
396 1988 565 2043 illam
592 2004 723 2058 quas
750 2002 883 2041 vera
908 1991 1017 2050 est,
1034 1985 1358 2051 exclusisti,
1378 2000 1487 2040 nec
1515 1985 1667 2040 alias

74 2094 168 2150 quis
196 2079 342 2134 falsis
382 2082 546 2141 sunt,
596 2077 881 2132 admisisti
913 2081 1005 2142 ;et
1055 2074 1156 2130 illa
1185 2074 1409 2147 quippe
1441 2076 1666 2146 appetit

73 2184 167 2237 quis
186 2167 453 2239 perducit,
489 2181 599 2221 nec
627 2164 897 2235 perducit
928 2164 1125 2219 omnis
1164 2179 1299 2235 quae
1329 2163 1442 2217 hoc
1483 2178 1665 2234 appe-

76 2258 118 2310 tit
139 2275 149 2323 ;
170 2273 274 2328 quo
299 2254 579 2328 quisquis
605 2254 968 2325 perducitur,
986 2253 1111 2307 sine
1136 2252 1258 2308 ulla
1288 2252 1663 2308 dubitatione

70 2344 228 2400 beatus
255 2351 353 2399 est.
389 2343 551 2399 Beati
583 2349 782 2398 autem
822 2357 1033 2396 omnes
1063 2357 1195 2396 esse
1226 2340 1527 2405 volumus,
1547 2340 1663 2395 hoc

70 2442 141 2502 est,
171 2434 515 2506 appetimus,
568 2448 676 2487 nec
716 2437 913 2486 tamen
964 2446 1175 2486 omnes
1208 2429 1315 2501 qui
1372 2431 1655 2485 volumus

69 2539 342 2591 possumus,
373 2522 490 2578 hoc
531 2528 635 2586 est,
668 2520 833 2593 quod
864 2520 1206 2591 appetimus
1240 2519 1656 2591 adipiscimur.

68 2611 130 2665 Ille
148 2627 267 2681 ergo
293 2611 638 2683 adipiscitur
666 2609 766 2680 qui
800 2609 957 2664 viam
992 2613 1151 2663 tenet
1181 2622 1297 2662 non
1326 2608 1520 2662 solum
1536 2623 1660 2680 qua

65 2699 104 2753 id
126 2702 335 2773 appetit,
369 2701 473 2755 sed
512 2716 635 2772 qua
665 2699 843 2754 etiam
895 2698 1252 2769 pervenitur,
1306 2697 1655 2769 relinquens

65 2788 168 2843 alios
191 2792 239 2844 in
262 2789 573 2845 itineribus
595 2786 936 2858 appetendi,
962 2787 1090 2840 sine
1110 2785 1226 2840 ﬁne
1258 2785 1656 2857 adipiscendi.

66 2878 297 2940 Quoniam
325 2894 431 2932 nec
456 2892 626 2932 error
654 2880 809 2931 esset
854 2876 901 2928 si
932 2873 1077 2928 nihil
1107 2878 1510 2945 appeteretur,
1548 2890 1657 2929 nec

63 2966 93 3018 si
115 2969 337 3037 appetita
362 2968 591 3022 veritas
616 2968 929 3021 teneretur.
961 2961 1022 3017 Si
1046 2978 1182 3017 vero
1220 2963 1488 3018 diversas
1525 2964 1656 3020 vias

63 3054 117 3107 ita
145 3055 336 3121 dixisti,
372 3061 577 3111 utnon
609 3054 1011 3123 intelligamus
1043 3053 1355 3117 adversas,
1389 3054 1541 3108 sicut
1571 3054 1659 3107 di-

60 3143 200 3197 cimus
224 3144 457 3200 diversa
470 3150 799 3217 praecepta,
824 3157 960 3213 qum
987 3146 1186 3196 tamen
1202 3142 1407 3196 omnia
1427 3143 1654 3196 bonam

58 3231 635 3299 adiﬁcantvitam,alia
652 3232 725 3286 de
758 3232 1046 3295 castitate,
1077 3230 1194 3285 alia
1225 3231 1298 3285 de
1338 3232 1655 3301 patientia,

62 3321 142 3376 alia
174 3322 237 3378 de
260 3324 371 3378 ﬁde
412 3323 537 3379 alia
567 3322 639 3376 de
674 3320 1099 3385 misericordia,
1150 3325 1205 3375 et
1247 3321 1291 3373 si
1334 3336 1471 3391 quae
1517 3324 1659 3375 sunt

58 3418 253 3477 cetera;
284 3428 400 3467 non
433 3410 639 3466 solum
671 3409 963 3481 appetitur
986 3408 1092 3462 viis
1115 3413 1171 3462 et
1209 3409 1549 3464 tramitibus
1578 3409 1657 3464 ita

58 3494 244 3553 diversis
267 3500 363 3556 illa
400 3500 618 3571 patria,
650 3512 859 3553 verum
882 3498 1059 3552 etiam
1086 3498 1398 3567 reperitur.
1430 3500 1577 3552 Nam
1601 3502 1658 3552 et

60 3585 97 3638 in
123 3589 397 3661 Scripturis
427 3590 655 3644 sanctis
681 3593 733 3643 et
764 3587 874 3641 vim
904 3586 1199 3655 leguntur,
1241 3592 1297 3640 et
1336 3587 1428 3641 via
1468 3605 1481 3645 :
1521 3587 1653 3652 viae,

61 3674 169 3731 sicut
194 3679 319 3734 illud
346 3685 450 3744 est,
487 3677 705 3733 Docebo
730 3676 961 3747 iniquos
984 3675 1107 3730 vias
1133 3681 1288 3737 tuas,
1310 3682 1363 3730 et
1393 3675 1560 3744 impii
1581 3675 1661 3731 ad

63 3771 497 3823 teconvertentur
515 3766 700 3839 (Psal.
728 3784 778 3829 ι,
808 3766 902 3832 15)
929 3764 1073 3831 ;via,
1091 3763 1241 3818 sicut
1267 3763 1433 3829 illud,
1456 3764 1661 3820 Deduc

64 3868 128 3907 me
151 3856 198 3908 in
223 3856 310 3911 via
341 3863 461 3920 tua,
494 3862 548 3911 et
581 3854 893 3911 ambulabo
924 3855 988 3908 in
1020 3853 1266 3909 veritate
1323 3859 1427 3907 tua
1470 3855 1656 3924 (Psal.

66 3946 481 4015 Luxv,lt).Non
497 3944 651 4008 alias,
685 3943 817 4007 illae,
846 3942 960 3997 alia
989 3942 1099 3997 ista
1123 3964 1133 4006 ;
1154 3942 1259 3996 sed
1282 3958 1493 3997 omnes
1519 3958 1660 4008 una,

66 4028 318 4103 dequibus
338 4035 456 4089 alio
483 4034 619 4089 loco
652 4031 868 4087 eadem
908 4035 1113 4085 sancta
1144 4030 1452 4102 Scriptura
1498 4032 1659 4098 dicit,

71 4118 307 4179 Universae
334 4123 442 4180 vite
468 4121 708 4178 Domini
733 4118 1134 4175 misericordia
1149 4124 1203 4174 et
1230 4120 1445 4176 veritas
1478 4121 1660 4192 (Psal.

67 4222 181 4273 XXIV,
220 4216 327 4280 tO):
362 4228 501 4284 quae
529 4212 576 4265 si
604 4210 914 4278 diligenter
944 4207 1422 4272 considerantur,
1463 4210 1662 4281 c0pio-

65 4313 163 4353 sum
190 4303 411 4371 pariunt
442 4313 802 4360 sermonem,
861 4296 1347 4367 intellectumque
1383 4299 1666 4353 suavissi-

69 4401 195 4443 mum
212 4432 224 4453 ,
240 4391 392 4461 quod
410 4391 457 4444 si
479 4404 634 4459 opus
653 4386 849 4452 fuerit,
865 4385 925 4439 in
942 4391 1176 4456 tempus
1193 4385 1353 4441 aliud
1368 4385 1661 4443 differam.

118 4476 182 4531 t3.
213 4480 363 4533 Nunc
384 4486 612 4541 autem,
635 4474 797 4547 quod
821 4475 965 4529 satis
988 4488 1117 4529 esse
1138 4474 1391 4529 arbitror
1412 4490 1515 4544 pro
1539 4492 1668 4530 sus-

64 4566 392 4633 ceptoofticio
425 4563 795 4622 rescribendi
828 4563 1186 4618 Praestantiai
1218 4567 1352 4625 tute.
1374 4563 1664 4635 quoniam

64 4652 280 4709 Christus
291 4656 457 4720 dixit,
483 4655 605 4725 Ego
620 4669 750 4709 sum
763 4653 858 4709 via
872 4652 1068 4723 (Joan.
1085 4652 1357 4722 xxv,6),in
1376 4653 1475 4707 illo
1496 4669 1667 4725 quee-

61 4745 208 4799 reuda
228 4751 307 4800 est
324 4745 740 4801 misericordia
768 4751 824 4799 et
846 4743 1062 4798 veritas
1098 4758 1112 4807 ;
1139 4758 1212 4797 ne
1243 4744 1289 4797 si
1335 4742 1473 4797 alibi
1498 4761 1665 4816 quaa-

63 4830 286 4889 sierimus
311 4851 600 4900 erremus,
626 4838 895 4888 tenentes
928 4836 1307 4903 appetentem
1342 4833 1520 4896 viam,
1559 4834 1665 4888 sed

63 4933 152 4974 non
179 4925 341 4979 etiam
364 4923 814 4996 perducentem.
835 4920 1005 4975 Velut
1027 4920 1074 4974 si
1100 4921 1257 4975 hanc
1293 4920 1491 4991 ipsam
1511 4928 1667 4977 tene-

62 5022 106 5061 re
132 5011 406 5083 vellemus,
439 5013 598 5067 unde
624 5010 913 5083 quiddam
941 5011 1665 5075 commemorasti,omnia

66 5107 265 5165 peccata
287 5118 411 5156 esse
436 5101 606 5172 paria
630 5117 645 5167 ;
672 5114 873 5154 nonne
896 5098 973 5153 ab
995 5097 1093 5152 illa
1116 5098 1307 5169 patria
1331 5098 1586 5153 veritatis
1609 5106 1666 5155 et

63 5181 313 5242 beatilatis
333 5189 631 5257 noslonge
653 5187 887 5243 exsules
910 5184 1194 5241 mitteret?
1216 5186 1367 5250 Quid
1390 5186 1549 5242 enim
1563 5187 1665 5242 ab-

63 5278 284 5344 surdius,
307 5278 452 5349 quid
484 5278 755 5333 insanius
778 5275 891 5329 dici
916 5280 1131 5346 potest,
1154 5290 1341 5345 quam
1365 5280 1424 5329 ut
1444 5276 1538 5329 ille
1560 5277 1664 5346 qui

62 5361 327 5435 aliquanto
349 5367 802 5422 immoderatius
824 5365 1033 5429 riserit,
1066 5370 1122 5418 et
1147 5363 1242 5417 ille
1272 5365 1372 5435 qui
1406 5364 1661 5435 patriam

62 5454 401 5511 truculentius
424 5454 1061 5524 incenderit,peccasse
1074 5452 1665 5524 judicenturaaquali-

62 5540 163 5599 ter?
184 5544 362 5607 Quam
389 5545 635 5616 quidem
668 5551 728 5598 tu
754 5559 822 5597 ex
850 5542 1254 5614 quorumdam
1281 5542 1669 5615 philOSOpho-

62 5640 165 5684 rum
179 5632 449 5703 opinione
466 5648 582 5687 non
595 5632 897 5687 diversam
918 5631 1095 5693 viam,
1109 5647 1244 5703 quin
1268 5639 1465 5687 tamen
1483 5632 1666 5689 ducat

238 5758 471 5817 Petraea.
510 5758 759 5815 XXXIII.

1276 144 1773 211 EPISTOLARUM
1818 146 2107 208 CLASSIS
2152 149 2215 207 li.
3332 164 3435 225 394

1782 275 1858 331 ad
1886 276 2183 332 caelestem
2226 277 2674 345 habitationem,
2711 282 2814 337 sed
2854 285 3030 354 plane
3062 302 3430 359 perversam;

1779 379 1915 435 quas
1964 365 2126 421 ducit
2156 367 2229 421 ad
2263 369 2838 438 perniciosissimum
2863 389 3145 440 errorem,
3178 394 3299 435 non
3324 398 3434 453 pro

1780 457 1879 507 tuo
1893 455 2199 523 sensu,sed
2218 472 2326 526 pro
2340 472 2523 512 causa
2535 458 2753 515 civium
2768 464 3007 518 tuorum
3021 466 3431 526 adhibendam

1780 543 2001 612 putasti
2030 560 2044 609 ;
2068 549 2129 599 ut
2154 546 2235 599 sic
2263 546 2645 613 ignoscamus
2671 549 2754 603 eis
2777 566 3034 620 quorum
3065 557 3430 615 saevientium

1778 631 2018 699 ignibus
2047 633 2189 688 arsit
2220 634 2491 703 Ecclesia,
2527 639 3045 703 quemadmodum
3091 644 3432 712 ignoscere-

1780 722 1987 788 mus,si
2004 722 2079 777 ab
2093 721 2176 775 eis
2189 722 2390 793 aliquo
2406 724 2691 794 petulanti
2706 729 2973 784 convicio
2990 739 3330 802 appeterem
3341 752 3427 791 ur.

1851 817 1937 874 14.
1962 818 2073 872 Sed
2093 820 2612 890 quemadmodum
2635 822 2687 874 id
2713 823 3075 881 adstruxeris
3096 829 3254 884 vide:
3283 832 3354 886 Et
3381 835 3434 887 si

1777 912 1840 960 ut
1869 907 2240 978 quibusdam,
2284 909 2503 980 inquis,
2552 911 2924 979 philosophis
2963 916 3180 980 placet,
3231 920 3430 976 omnia

1772 1000 2018 1064 peccata
2049 997 2227 1064 paria
2252 1002 2410 1063 sunt,
2435 998 2814 1068 indulgentia
2836 1003 3105 1059 omnibus
3126 1005 3289 1062 debet
3313 1023 3433 1065 esse

1778 1087 2123 1140 communis.
2144 1086 2361 1141 Deinde
2380 1103 2520 1142 cum
2543 1091 2714 1159 quasi
2740 1089 2964 1145 moliris
2979 1094 3288 1149 ostendere
3302 1112 3429 1152 om-

1778 1174 1876 1229 nia
1896 1174 2060 1243 paria
2084 1190 2210 1229 esse
2230 1181 2494 1243 peccata,
2513 1177 2825 1249 subjungis
2848 1185 2903 1233 et
2926 1180 3073 1235 dicis
3102 1200 3114 1237 :
3147 1184 3432 1241 Petulan-

1777 1262 1889 1316 tius
1916 1264 2141 1318 locutus
2170 1271 2251 1318 est
2281 1264 2518 1335 aliquis,
2538 1268 2804 1333 peccavit
2828 1286 2844 1338 ς
2879 1270 3145 1326 convicia
3177 1281 3286 1327 aut
3316 1276 3429 1329 cri-

1774 1352 1936 1406 mina
1965 1352 2228 1419 ingessit,
2268 1368 2430 1424 zeque
2452 1359 2710 1423 peccavit
2736 1377 2757 1424 ,ι
2783 1359 2899 1411 Hoc
2930 1373 3051 1413 non
3082 1364 3165 1415 est
3192 1361 3424 1428 docere,

1777 1441 1883 1494 sed
1914 1439 1973 1494 id
2001 1442 2165 1511 quod
2198 1456 2471 1511 perverse
2503 1447 2771 1511 sentitur,
2798 1446 2922 1500 sine
2956 1447 3073 1503 ulla
3105 1448 3427 1506 documen-

1775 1534 1968 1584 torum
2002 1531 2362 1584 astructione
2394 1546 2747 1601 proponere.
2790 1534 2878 1587 Ad
2917 1535 3031 1590 hoc
3069 1538 3227 1593 enim
3261 1541 3427 1610 quod

1773 1618 1944 1682 dicis,
1978 1633 2140 1688 asque
2167 1621 2451 1686 peccavit,
2499 1622 2613 1674 cito
2654 1622 3066 1691 respondetur,
3105 1642 3223 1681 non
3256 1644 3426 1699 aeque

1773 1708 2082 1776 peccaviti,
2105 1708 2293 1774 Exigis
2310 1705 2577 1762 fortassis
2602 1714 2659 1762 ut
2683 1708 2959 1779 probem:
2985 1712 3129 1783 quid
3154 1715 3312 1769 enim
3338 1722 3424 1781 tu,

1772 1796 1938 1866 quod
1960 1811 2130 1866 aeque
2154 1797 2503 1865 peccaverit,
2523 1797 2650 1867 jam
2678 1798 2966 1868 probasti?
2988 1810 3074 1856 An
3099 1802 3241 1858 illud
3261 1806 3423 1875 quod

1766 1884 1973 1955 jungis
2003 1885 2371 1939 audiendum
2413 1887 2549 1940 est?
2596 1887 2813 1943 Aliena
2856 1889 3103 1960 quisque
3147 1893 3422 1961 diripuit,

1770 1975 1927 2030 inter
1951 1974 2168 2029 delicta
2188 1980 2562 2029 numeratur.
2587 1976 2682 2030 Hic
2704 1978 2880 2031 etiam
2911 1983 2973 2032 tu
2998 1980 3120 2050 ipse
3149 1997 3427 2038 verecun-

1769 2061 1946 2117 datus
1967 2078 2060 2117 es:
2088 2063 2299 2134 puduit
2319 2064 2476 2117 enim
2491 2069 2544 2118 te
2558 2063 2752 2119 dicere
2766 2067 2928 2135 quod
2948 2070 3213 2137 peccavit
3231 2087 3427 2142 requa-

1766 2150 1924 2216 liter;
1942 2151 2067 2215 sed,
2092 2151 2498 2213 interdelicta,
2518 2152 2740 2224 inquis,
2766 2162 3142 2210 numeratur.
3170 2161 3297 2213 Non
3315 2175 3426 2214 au-

1769 2245 1887 2295 tem
1914 2240 1995 2295 ibi
2017 2240 2268 2311 quaestio
2285 2246 2375 2295 est
2391 2247 2585 2295 utrum
2601 2242 2781 2297 ethoc
2802 2244 2951 2298 inter
2974 2244 3188 2302 delicta
3211 2264 3425 2304 nume-

1766 2335 1944 2394 retur,
1964 2329 2069 2383 sed
2084 2335 2284 2384 utrum
2299 2329 2411 2384 hoc
2429 2329 2505 2383 illi
2521 2329 2736 2384 delicto
2758 2333 3094 2403 aequalitate
3111 2335 3419 2406 jungatur.

1766 2422 1879 2473 Aut
1894 2419 1937 2472 si
1955 2422 2267 2489 propterea
2279 2421 2413 2472 sunt
2426 2418 2757 2490 paria,quia
2773 2427 3021 2494 utraque
3035 2423 3250 2481 delicta
3262 2432 3422 2495 sunt,

1771 2523 1968 2561 mures
1994 2513 2049 2561 et
2076 2506 2375 2579 elephanti
2409 2522 2584 2578 pares
2608 2516 2800 2578 erunt,
2833 2511 2977 2581 quia
3009 2517 3258 2584 utraque
3285 2521 3422 2572 sunt

1767 2595 2050 2651 animalia
2074 2612 2087 2659 ;
2116 2612 2336 2650 musca:
2360 2602 2413 2650 et
2437 2597 2833 2668 aquilae,quia
2860 2603 3108 2671 utraque
3140 2602 3418 2661 volatilia.

1841 2695 1925 2748 15.
1952 2693 2158 2748 Adhuc
2191 2694 2367 2748 etiam
2394 2695 2771 2765 progrederis
2804 2704 2857 2751 et
2889 2698 3188 2767 conjectas
3218 2715 3230 2754 :
3265 2702 3422 2758 Loca

1762 2783 2026 2851 profana
2053 2797 2341 2853 sacraque
2372 2782 2639 2848 violavit,
2681 2799 2798 2839 non
2828 2792 2910 2841 est
2938 2786 3012 2841 ab
3042 2787 3421 2858 indulgentia

1764 2873 2176 2936 secernendus.
2205 2873 2302 2925 Hic
2328 2888 2471 2925 sane
2488 2872 2561 2927 de
2594 2873 2824 2927 violatis
2856 2876 3039 2929 sacris
3065 2876 3209 2930 locis
3240 2879 3317 2932 ad
3336 2879 3421 2933 fa-

1765 2961 1934 3016 cinus
1967 2967 2205 3015 tuorum
2246 2960 2462 3014 civium
2498 2963 2810 3030 pervenisti
2842 2980 2854 3017 :
2893 2979 3096 3019 verum
3135 2965 3420 3035 locutioni

1764 3049 2077 3121 petulanti,
2111 3064 2217 3102 nec
2251 3054 2309 3102 tu
2335 3050 2462 3118 ipse
2485 3050 2807 3119 comquasti
2838 3067 2855 3118 ;
2890 3054 3305 3108 tantummodo
3337 3055 3420 3108 eis

1762 3139 1960 3210 petisti
1993 3137 2445 3207 indulgentiam,
2473 3153 2609 3208 quas
2638 3146 2793 3193 recte
2826 3139 3042 3208 petitur
3072 3156 3107 3195 a
3139 3142 3416 3198 Christia-

1762 3227 1854 3282 nis
1884 3230 2126 3296 propter
2156 3225 2567 3280 abundantem
2604 3226 3069 3293 miserationem,
3099 3244 3218 3283 non
3242 3245 3418 3301 prop-

1766 3320 1852 3371 ter
1878 3322 2259 3387 peccatorum
2278 3315 2653 3385 parilitatem.
2676 3318 2792 3384 Ego
2816 3320 3018 3371 autem
3040 3335 3223 3389 supra
3243 3321 3417 3389 posui

1764 3406 2054 3476 scriptum
2086 3405 2146 3459 in
2176 3404 2398 3459 Litteris
2426 3405 2639 3459 nostris
2665 3420 2676 3459 :
2713 3405 3011 3461 Universae
3040 3408 3144 3462 vim
3173 3409 3421 3464 Domini

1762 3494 2172 3550 misericordia
2189 3503 2239 3549 et
2265 3494 2480 3549 veritas
2507 3496 2866 3564 (Psal.xx1v,
2894 3497 3010 3565 10.)
3039 3500 3417 3569 Consequen-

1766 3589 1856 3637 tur
1879 3583 2077 3654 itaque
2098 3582 2590 3646 misericordiam,
2616 3582 2663 3634 si
2689 3598 2806 3637 non
2834 3585 3064 3638 oderint
3088 3584 3418 3643 veritatem.

1767 3672 1909 3736 Quae
1940 3687 2053 3725 non
2085 3671 2258 3740 quasi
2297 3686 2465 3741 teque
2497 3671 2904 3741 peccantibus,
2937 3688 3007 3727 ac
3040 3674 3088 3727 si
3138 3674 3415 3745 petulan-

1765 3762 1880 3814 tius
1902 3759 2080 3813 locuti
2113 3760 2264 3825 sint;
2295 3759 2399 3813 sed
2429 3759 2503 3813 de
2530 3760 2747 3813 scelere
2777 3761 3219 3816 immanissimo
3244 3770 3423 3832 atque

1768 3849 1953 3919 impio
1984 3854 2134 3902 recte
2164 3847 2587 3917 paenitentibus
2636 3847 2959 3903 christiano
2985 3850 3117 3919 jure
3149 3851 3423 3907 debetur.

1768 3938 1853 3992 Tu
1882 3952 2041 4000 vero,
2066 3936 2154 3989 vir
2183 3939 2393 3990 merito
2421 3935 2763 4000 laudabilis,
2788 3952 2859 3990 ne
2882 3953 3090 4008 quaeso
3120 3939 3236 3993 ista
3254 3954 3426 4009 para-

1769 4027 1929 4081 doxa
1944 4026 2274 4082 Stoicorum
2294 4025 2583 4079 sectanda
2597 4026 2813 4079 doceas
2836 4026 3209 4081 Paradoxum
3232 4034 3419 4094 tuum,

1769 4131 1951 4187 quem
1983 4114 2086 4169 tibi
2117 4120 2397 4183 optamus
2430 4130 2566 4168 vera
2600 4116 2811 4183 pietate
2844 4130 2913 4168 ac
2945 4114 3218 4171 felicitate
3250 4132 3427 4184 grau-

1770 4204 2032 4259 descere.
2080 4206 2226 4257 Nam
2266 4202 2411 4274 quid
2461 4217 2785 4271 generosus
2826 4204 3173 4259 adolescens
3216 4222 3424 4276 sapere

1770 4294 2056 4364 iniquius,
2085 4299 2139 4347 et
2171 4292 2275 4347 tibi
2325 4292 2435 4363 ipsi
2480 4292 2871 4363 periculosius
2916 4301 3126 4364 potest,
3155 4310 3340 4365 quam
3371 4296 3419 4351 si

1770 4384 2039 4438 convicio
2054 4383 2112 4436 in
2127 4381 2453 4452 quemlibet
2475 4389 2824 4435 extraneum
2839 4382 3118 4450 jaculato,
3138 4399 3258 4436 non
3286 4383 3421 4439 dico

1771 4470 2296 4543 parricidium,sed
2319 4471 2519 4541 ipsum
2550 4471 2608 4523 in
2639 4478 2870 4539 patrem
2900 4471 3241 4525 convicium
3274 4488 3422 4526 coae-

1771 4561 2039 4633 quaverit
2059 4558 2086 4612 εἶ

1846 4662 1929 4712 16.
1954 4656 2386 4713 Convenienter
2407 4656 2605 4724 itaque
2626 4654 2783 4724 apud
2804 4671 2912 4709 nos
2938 4670 3043 4725 pro
3066 4655 3421 4711 civibustuis

1770 4748 1921 4816 agis,
1969 4744 2295 4813 ingerendo
2334 4743 2511 4797 nobis
2552 4744 3019 4798 misericordiam
3062 4744 3423 4800 Christiano-

1770 4852 1926 4904 rum,
1946 4850 2065 4888 non
2084 4833 2363 4887 duritiam
2398 4832 2755 4888 Stoicorum:
2785 4849 2919 4904 quas
2942 4849 3142 4888 causae
3161 4840 3270 4887 ate
3298 4852 3420 4887 sus-

1768 4929 1974 4995 ceptas,
2009 4936 2129 4975 non
2164 4920 2343 4974 modo
2376 4920 2520 4975 nihil
2563 4920 2945 4989 suffragatur.
2990 4938 3189 4975 verum
3242 4922 3420 4975 etiam

1772 5012 2022 5066 multum
2065 5011 2434 5064 adversatur.
2487 5012 2631 5065 Nam
2678 5011 2871 5079 ipsam
2926 5009 3416 5071 misericordiam,

1769 5116 1953 5171 quam
1982 5100 2025 5152 si
2053 5114 2173 5153 non
2205 5098 2558 5163 habeamus,
2582 5098 2743 5153 nulla
2778 5105 2877 5152 tua
2910 5099 3207 5167 petitione,
3240 5095 3418 5149 nullis

1769 5188 2004 5243 illorum
2032 5186 2305 5256 precibus
2333 5186 2483 5241 ﬂecti
2510 5188 2856 5256 poterimus,
2877 5185 2934 5239 in
2962 5185 3097 5239 vitio
3124 5184 3297 5239 Stoici
3322 5199 3425 5252 po-

1770 5281 1939 5342 nunt,
1968 5291 2222 5346 eamque
2249 5290 2283 5329 a
2310 5275 2595 5345 sapientis
2622 5277 2824 5328 animo
2846 5274 3076 5343 penitus
3100 5272 3419 5343 expellunt,

1770 5381 1948 5437 quem
1967 5380 2209 5436 prorsus
2228 5363 2482 5418 ferreum
2503 5369 2557 5419 et
2575 5362 2956 5416 inflexibilem
2982 5360 3204 5414 volunt.
3228 5360 3425 5415 Melius

1770 5455 1967 5525 itaque
1997 5454 2096 5508 tibi
2119 5458 2454 5507 occurreret
2476 5452 2548 5506 de
2575 5458 2673 5505 tuo
2692 5452 2967 5505 Cicerone
2989 5450 3150 5522 quod
3176 5449 3422 5517 diceres,

1770 5544 2180 5614 quiCtesarem
2205 5542 2460 5596 laudans
2493 5556 2503 5594 :
2530 5540 2735 5604 Nulla,
2766 5538 2975 5609 inquit,
3006 5541 3077 5594 de
3110 5539 3423 5594 virtu/ibus

1771 5632 1883 5687 tuis
1906 5630 2341 5695 admirabilior,
2364 5630 2448 5685 vel
2468 5628 3116 5698 gratiormisericordia
3132 5636 3210 5684 est
3226 5629 3421 5698 (Orat.

2861 5755 2883 5826 (
2895 5754 3140 5827 Treize.)
