3996 6158
505 141 611 197 395

505 279 617 334 pro
638 262 702 330 Ο.
728 256 1011 331 Ligario).
1034 253 1267 320 Quanto
1292 247 1485 317 magis
1506 244 1681 300 debet
1702 257 1774 297 ea
1794 239 1851 293 in
1875 230 2151 292 Ecclesiis

506 326 1095 426 praevalerequando
1109 356 1236 396 eum
1251 341 1581 409 sequuntur
1593 332 1693 404 qui
1709 326 2006 395 dixit,Ego
2024 337 2153 376 sum

508 409 603 499 hia
619 442 816 512 (Joan.
834 451 951 496 x1v,
967 432 1049 504 6);
1068 429 1360 497 etlegunt,
1380 424 1672 482 Universae
1688 420 1792 475 via:
1808 413 2039 471 Domini
2052 409 2155 464 mi-

506 528 827 587 sericordia
841 527 892 579 et
917 522 1153 579 ueritas.
1173 517 1295 574 Noli
1313 531 1452 585 ergo
1468 518 1724 568 metuere
1738 499 2155 563 innocentibus

506 636 579 675 ne
603 616 924 672 moliamur
944 609 1207 671 exitium,
1225 604 1322 677 qui
1346 620 1453 659 nec
1475 589 1756 657 nocentes
1777 593 2049 649 volumus
2078 585 2154 641 ad

504 709 753 778 dignum
781 699 1140 773 supplicium
1172 675 1507 767 pervenire;
1538 687 1888 762 prohibente
1919 696 2027 737 nos
2059 675 2157 730 illa

505 790 912 852 misericordia
942 803 1128 861 quam
1161 766 1217 839 in
1258 782 1488 837 Christo
1520 793 1653 833 cum
1687 773 1933 829 veritate
1970 766 2156 838 diligi-

505 900 661 941 mus.
720 880 833 937 Sed
875 879 975 949 qui
1008 876 1163 930 vitiis
1205 868 1529 927 nutriendis
1563 865 1752 937 parcit
1778 868 1833 916 et
1865 862 2039 921 fovet,
2086 869 2157 908 ne

506 972 812 1029 contristet
825 965 1199 1040 peccantium
1216 960 1308 1016 vol
1323 962 1732 1019 untatem,tam
1750 967 1868 1005 non
1884 952 1973 1003 est
1988 944 2158 1001 mise-

507 1064 691 1117 rieors
709 1072 894 1130 quam
922 1053 1025 1125 qui
1048 1067 1167 1106 non
1195 1049 1315 1103 vult
1344 1047 1599 1101 cultrum
1628 1056 1833 1112 rapere
1858 1050 2065 1108 puero,
2085 1047 2157 1086 ne

510 1149 713 1208 audiat
728 1122 1084 1219 plorantem,
1100 1146 1285 1194 etnon
1303 1138 1466 1191 timet
1481 1150 1552 1188 ne
1568 1131 1943 1187 vulneratum
1962 1122 2160 1179 doleat

510 1239 600 1294 vel
621 1235 997 1293 exstinctum.
1019 1232 1197 1285 Serva
1211 1242 1352 1295 ergo
1370 1222 1617 1293 tempori
1635 1221 1973 1291 opportuno
1995 1208 2160 1284 quod

510 1327 673 1399 apud
688 1340 796 1380 nos
818 1338 981 1392 agas,
1001 1334 1105 1390 pro
1127 1316 1218 1371 his
1236 1312 1607 1375 hominibus,
1624 1310 1682 1362 in
1704 1319 1963 1379 quorum
1987 1300 2160 1355 dilec-

508 1416 666 1472 tione
700 1414 801 1485 (da
829 1410 1096 1477 veniam)
1127 1420 1245 1461 non
1297 1402 1487 1458 solum
1524 1415 1634 1455 nos
1668 1396 1914 1452 minime
1944 1404 2163 1463 prince-

509 1506 622 1569 dis,
671 1502 772 1558 sed
826 1516 930 1555 nec
972 1497 1167 1552 adhuc
1221 1492 1530 1565 sequeris;
1581 1493 1637 1544 et
1681 1483 1931 1542 rescribe
1974 1480 2163 1552 potius

510 1594 655 1667 quid
706 1597 760 1646 te
806 1590 879 1645 de
909 1589 1023 1643 hac
1061 1587 1155 1640 via
1184 1586 1425 1638 moveat
1463 1594 1648 1651 quam
1698 1579 1984 1634 tenemus,
2018 1573 2075 1623 et
2103 1568 2163 1621 in

511 1699 632 1755 qua
655 1680 969 1736 nobiscum
1000 1676 1074 1731 ad
1102 1686 1423 1749 supernam
1452 1666 1728 1741 patriam,
1750 1678 1872 1734 qua
1901 1668 1949 1715 te
1975 1657 2164 1713 delec-

514 1772 623 1828 tari
683 1770 963 1826 novimus
1019 1770 1073 1820 et
1104 1748 1486 1832 gaudemus,
1532 1762 1593 1811 ut
1632 1750 1924 1824 gradieris
1988 1748 2166 1802 insta-

516 1878 674 1917 IDUS.

595 1956 674 2005 t7.
728 1948 893 2004 Cives
942 1946 1141 1999 autem
1184 1936 1441 1995 carnalis
1475 1932 1680 2007 patriae
1716 1936 1855 1993 tuae,
1889 1926 1997 1982 etsi
2046 1939 2169 1981 non

518 2054 748 2102 omnes,
764 2034 864 2089 sed
887 2031 1185 2105 quosdam
1204 2029 1547 2082 innocentes
1560 2020 1804 2093 quidem
1819 2015 2048 2079 dixisti;
2071 2028 2171 2067 ve-

519 2133 878 2189 rumtamen,
906 2102 1071 2193 quod
1093 2114 1418 2173 relectailla
1436 2110 1687 2185 epistola
1711 2123 1844 2162 mea
1859 2104 2042 2160 debes
2070 2102 2170 2157 ad-

520 2222 760 2280 vertere,
786 2227 905 2269 non
937 2206 1271 2265 defendisti.
1291 2206 1558 2269 Quorum
1576 2214 1695 2254 non
1714 2197 1910 2259 ﬂores,
1929 2193 2031 2247 sed
2056 2190 2171 2262 spi-

520 2324 630 2364 nas
663 2321 772 2362 nos
794 2302 1051 2358 sensisse
1079 2314 1214 2353 cum
1243 2296 1523 2357 dicerem,
1548 2288 1915 2361 respondens
1937 2290 1996 2339 at
2026 2280 2171 2337 illud

520 2396 683 2469 quod
716 2394 1055 2463 scripseras,
1089 2386 1397 2441 ﬂorentem
1435 2382 1507 2437 de
1549 2393 1763 2449 cupere
1793 2372 2046 2447 patriam
2078 2386 2169 2425 re-

521 2460 809 2556 linquere,
832 2460 1018 2550 jocari
1040 2493 1133 2530 me
1157 2473 1394 2545 putasti.
1419 2471 1539 2525 Hoc
1553 2467 1771 2522 scilicet
1788 2464 1845 2518 in
1863 2460 2033 2517 malis
2052 2466 2173 2515 tan-

524 2550 781 2630 tislibeat
799 2570 809 2624 l
828 2569 908 2624 ita
922 2571 1008 2622 est
1022 2563 1543 2637 prorsus.Fumant
1562 2556 1760 2611 adhuc
1778 2552 1962 2607 ruinas
1978 2550 2174 2604 incen-

527 2679 610 2718 ste
637 2658 919 2721 ecclesiae,
937 2660 992 2711 et
1012 2636 1071 2709 in
1094 2669 1163 2707 ea
1182 2665 1366 2706 causa
1390 2663 1506 2703 non
1532 2642 1835 2715 jocamur!
1864 2643 1927 2695 Et
1949 2654 2018 2694 eo
2040 2636 2176 2710 qui-

526 2751 661 2807 dem
678 2746 950 2820 quamvis
964 2743 1313 2799 innocentes
1338 2737 1451 2791 illic
1475 2734 1616 2790 mihi
1637 2747 1755 2787 non
1774 2731 2175 2793 occurrerent,

529 2837 756 2910 nisiqui
786 2840 889 2891 aut
911 2834 1185 2888 absentes
1203 2827 1580 2889 t‘uerunt,aut
1603 2820 1762 2876 mala
1786 2818 1882 2873 illa
1908 2813 2177 2888 perpessi

532 2905 695 2991 sunt,
717 2929 819 2980 aut
844 2921 1022 2977 nullis
1042 2919 1116 2974 ad
1142 2913 1584 2990 prohibendum
1608 2908 1834 2966 viribus
1862 2905 1953 2961 vel
1980 2908 2177 2959 aucto-

532 3016 702 3071 ritate
719 3013 1252 3073 valueruut,tamen
1273 3002 1643 3059 nocentiores
1662 3016 1696 3054 a
1717 2998 1909 3052 minus
1923 2992 2177 3049 nocenti-

532 3104 645 3160 bus
659 3103 719 3158 in
733 3097 1113 3157 rescribendo
1127 3092 1395 3155 dixtinxi,
1421 3091 1721 3161 aliamque
1742 3100 1987 3142 causam
2006 3080 2179 3153 posui

535 3208 742 3249 eorum
774 3189 875 3262 qui
906 3189 1234 3242 timuerunt
1262 3180 1562 3237 offendere
1595 3180 1863 3249 potentes
1902 3171 2179 3227 inimicos

537 3279 832 3344 Ecclesiae,
850 3277 1027 3333 aliam
1050 3289 1256 3329 eorum
1279 3272 1377 3343 qui
1398 3270 1509 3324 hoc
1529 3264 1815 3323 committi
1840 3262 2179 3316 voluerunt:

534 3371 714 3427 aliam
747 3382 951 3423 eorum
990 3362 1093 3435 qui
1135 3358 1587 3426 commiserunt,
1628 3354 1808 3409 aliam
1841 3365 2046 3406 eorum
2080 3347 2183 3419 qui

531 3460 937 3519 immiserunt;
958 3450 1102 3506 nihil
1126 3449 1221 3519 agi
1245 3448 1318 3503 de
1342 3443 1784 3502 immissoribus
1803 3438 2186 3508 volens,quia

534 3549 649 3623 h_oc
667 3546 792 3600 sine
819 3539 1127 3599 tormentis
1151 3534 1566 3608 corporalibus
1590 3549 1624 3588 a
1652 3529 1959 3603 proposito
1983 3531 2185 3582 nostro

535 3615 995 3692 abhorrentibus
1043 3629 1297 3684 fortasse
1325 3639 1445 3680 non
1475 3625 1665 3694 potest
1695 3617 1963 3674 inveniri.
2008 3615 2187 3676 Stoici

533 3730 735 3781 autem
784 3721 864 3777 tui
906 3734 1113 3774 omnes
1152 3714 1459 3788 aequaliter
1498 3714 1779 3767 nocentes
1810 3708 2183 3776 essejconce-

533 3814 703 3877 dunt,
728 3810 947 3884 quibus
977 3807 1169 3880 placet
1191 3803 1397 3861 omnia
1428 3800 1595 3874 paria
1628 3813 1754 3853 esse
1782 3800 2055 3868 peccata;
2083 3792 2185 3864 qui

533 3904 709 3960 etiam
749 3883 1040 3955 duritiam
1084 3910 1256 3949 suam
1302 3908 1425 3963 qua
1459 3885 1930 3945 misericordiam
1960 3883 2187 3953 vitupe-

532 3996 684 4055 rant,
713 3989 852 4045 huic
878 3984 1182 4041 sententiae
1210 3981 1525 4044 sociantes,
1545 3975 1708 4031 nullo
1734 3973 1913 4028 modo
1942 3974 2188 4026 censent

531 4078 811 4135 omnibus
839 4073 1057 4146 pariter
1089 4068 1550 4141 ignoscendum,
1584 4064 1685 4118 sed
1727 4076 1937 4117 omnes
1973 4059 2187 4130 pariter

534 4184 661 4223 esse
681 4162 1038 4238 puniendos.
1057 4163 1315 4215 Remove
1332 4170 1473 4224 ergo
1488 4154 1618 4209 illos
1637 4148 2187 4224 quamlongissime

533 4262 698 4312 notes
730 4271 763 4309 a
794 4248 1126 4325 patrocinio
1184 4262 1381 4302 causas
1414 4244 1605 4310 istius,
1637 4246 1693 4295 et
1722 4245 1863 4310 opta
1895 4238 2092 4309 potius
2126 4240 2188 4292 ut

534 4351 823 4416 tanquam
848 4338 1149 4395 christiani
1172 4337 1446 4404 agamus,
1476 4336 1555 4395 ut,
1582 4330 1730 4384 sicut
1751 4334 2053 4399 optamus,
2076 4341 2186 4381 nos

532 4435 591 4490 in
617 4432 842 4488 Christo
857 4445 957 4485 eos
981 4427 1193 4497 quibus
1212 4419 2041 4497 pareimus,acquiramus,ne
2060 4430 2187 4485 per-

533 4524 760 4580 niciosa
804 4519 917 4575 illis
960 4514 1351 4572 dissolutione
1401 4525 1738 4583 parcamus.
1780 4510 1931 4562 Deus
1965 4504 2187 4559 miseri-

534 4629 665 4669 cors
698 4616 753 4667 et
784 4624 957 4665 verax
992 4610 1046 4662 et
1076 4603 1346 4660 felicitate
1374 4615 1509 4655 vera
1538 4598 1761 4653 donare
1789 4595 2085 4667 dignetur.

1018 4746 1355 4803 EPISTOLA
1396 4742 1482 4799 ev
1521 4741 1536 4757 '
1594 4740 1697 4811 (a).

531 4894 871 4955 Donatistas
902 4891 983 4947 ad
1028 4888 1305 4943 unitatem
1348 4883 1692 4945 exhortans,
1744 4878 1988 4935 ostendit
2035 4878 2188 4948 leges

593 4990 758 5059 jusle
773 4980 1214 5048 necessarioque
1242 4976 1303 5030 in
1326 4988 1418 5029 eos
1447 4973 1599 5027 latas
1620 4969 1807 5040 fuisse
1829 4968 1903 5024 ab
1930 4970 2189 5037 impera-

605 5075 827 5133 toribus
852 5069 1177 5127 catholicis.
1197 5062 1482 5133 Baptismi
1502 5060 1874 5116 sanctitatem
1901 5073 1976 5114 ex
2001 5057 2190 5113 divini

603 5162 865 5222 muneris
898 5158 1120 5230 gratia,
1152 5171 1267 5211 non
1298 5169 1373 5210 er
1402 5148 1661 5206 ministri
1689 5148 1941 5204 hominis
1966 5148 2188 5203 meritis

601 5254 857 5325 pendere
877 5250 1113 5321 probat.
1139 5243 1363 5302 Deinde
1389 5240 1745 5298 catholicam
1772 5237 2102 5294 Ecclesium
2124 5236 2187 5292 in

595 5447 612 5465 ⁸
639 5446 841 5497 Collata
869 5449 951 5494 est
972 5456 1095 5493 cum
1126 5456 1173 5489 a.
1194 5440 1282 5504 bg.
1313 5435 1381 5486 bl.
1415 5450 1460 5485 c.
1486 5448 1566 5484 cc.
1767 5445 1853 5494 gv.
1889 5445 1938 5478 n.
1961 5444 2002 5479 r.
2037 5444 2078 5479 s.
2105 5430 2183 5479 sb.

605 5525 660 5544 nu
705 5511 986 5544 nnnlnnrv
1037 5510 1085 5544 nl
1119 5517 1239 5544 mm
1277 5504 1388 5544 Am.
1413 5498 1532 5544 Bad.
1574 5498 1656 5544 Er.
1728 5509 1812 5543 0v.

533 5515 570 5562 t.
605 5525 681 5560 cv.
705 5511 935 5571 quatuor
955 5521 1003 5556 v.
1037 5510 1089 5555 et
1119 5497 1532 5571 cumiAmzi‘tad.
1690 5497 1812 5544 Lov.

588 5556 667 5685 Sa)
703 5556 843 5642 tilias
873 5571 962 5618 166
991 5583 1001 5617 :
1035 5582 1153 5631 quae
1180 5569 1360 5615 autem
1387 5563 1475 5613 105
1496 5564 1625 5617 erat,
1655 5571 1802 5610 nunc
1833 5557 1939 5605 194.
1967 5556 2178 5621 Scripta

627 5638 745 5685 etur
768 5635 986 5682 ineunte
1015 5643 1108 5683 an.
1148 5630 1259 5678 409.

532 5630 745 5687 videtur
768 5632 986 5682 ineunte
1015 5630 1084 5679 an
1096 5670 1108 5683 .
1148 5630 1259 5678 409.

1788 113 1848 168 S.
1891 98 2277 166 AUGUSTINI
2320 94 2638 153 EPISCOPI

3772 98 3864 154 396

2334 221 2519 279 sacris
2547 218 2879 289 Scripturis
2911 216 3185 288 agnosci:
3206 230 3278 273 ac
3301 215 3524 273 demum
3546 227 3785 287 repertos
3812 223 3862 278 in

2336 326 2404 367 ea
2435 311 2621 365 malos
2661 308 2911 364 tolerari
2947 313 3235 377 oporlere.

2372 424 2717 473 AUGUSTINUS
2748 414 3067 485 episcopus
3096 411 3440 477 catholicus,
3469 414 3778 469 Donatistis.

2338 527 2419 579 CA
2433 526 2561 579 PUT
2592 522 2878 578 PRIMUM.
2896 553 2960 561 ——
2980 521 3025 574 1.
3045 519 3308 575 Charitas
3322 517 3545 584 Christi,
3560 520 3647 574 cui
3660 535 3870 578 omnem

2263 614 2589 677 hominem,
2616 616 2911 682 quantum
2951 610 3029 664 ad
3066 614 3328 663 nostram
3362 608 3611 677 pertinet
3640 610 3872 666 voluntas

2264 707 2405 767 tem,
2431 700 2647 756 lucrari
2678 700 2978 763 volumus,
2994 703 3185 753 tacere
3211 695 3384 751 nobis
3403 712 3519 751 non
3538 699 3869 768 permittit.Si

2267 798 2579 863 propterea
2594 805 2711 844 non
2728 787 2960 852 odistis,
2976 788 3117 857 quia
3139 800 3349 858 pacem
3374 785 3540 840 vobis
3561 786 3872 842 catholicam

2268 880 2690 952 praedicamus,
2725 893 2835 931 nos
2870 877 3122 931 Domino
3153 875 3446 928 servimus
3477 874 3701 937 dicenti.
3739 876 3875 931 Beati

2268 968 2522 1039 paciﬁci,
2550 968 2831 1037 quoniam
2872 965 2986 1033 ipsi
3012 964 3123 1033 ﬁlii
3148 964 3255 1019 Dei
3286 964 3647 1019 vocabuntur
3669 963 3871 1033 (Matth.

2269 1076 2325 1125 v,
2357 1059 2412 1127 9)
2439 1075 2454 1123 ;
2488 1058 2626 1112 etin
2661 1055 2903 1110 Psalmo
2923 1056 3207 1125 scriptum
3231 1057 3346 1110 est:
3378 1051 3518 1106 Cum
3543 1051 3612 1105 iis
3640 1052 3735 1122 qui
3764 1053 3875 1109 ode-

2270 1152 2411 1203 runt
2438 1162 2663 1215 pacem,
2695 1159 2859 1200 eram
2885 1143 3190 1211 paciﬁcus,
3221 1156 3352 1197 cum
3387 1141 3663 1212 loquebar
3686 1141 3773 1205 eis,
3799 1143 3875 1198 de-

2273 1237 2574 1292 bellabant
2604 1247 2692 1289 me
2720 1233 2906 1303 gratis
2930 1232 3110 1302 (Psal.
3139 1246 3292 1293 cmx,
3320 1232 3397 1299 7).
3426 1230 3723 1300 Propterea
3742 1246 3875 1285 man-

2270 1325 2563 1381 daverunt
2591 1322 2763 1377 nobis
2805 1322 3049 1392 quidam
3091 1318 3422 1390 presbyteri
3454 1318 3631 1389 partis
3680 1324 3874 1383 vestrae,

2272 1415 2574 1469 dicentes:
2606 1410 2877 1467 Recedite
2911 1426 2945 1463 a
2976 1408 3249 1480 plebibus
3276 1406 3510 1476 nostris,
3537 1408 3586 1462 si
3607 1422 3717 1461 non
3737 1407 3876 1462 vultis

2274 1510 2335 1560 ut
2358 1500 2705 1557 iuterﬁciam
2718 1516 2785 1553 us
2802 1497 3192 1567 vos.Quantoj
3207 1497 3317 1551 usti
3330 1514 3397 1550 us
3411 1497 3493 1551 eis
3506 1511 3613 1551 nos
3632 1496 3874 1551 dicimus:

2276 1596 2399 1649 lmo
2426 1606 2530 1646 ves
2552 1605 2669 1644 non
2702 1586 3090 1653 recedite,sed
3124 1585 3388 1642 accedite
3413 1586 3601 1656 pacati
3624 1584 3693 1638 ad
3711 1584 3879 1654 plebes

2275 1695 2397 1736 non
2425 1686 2681 1744 nostras,
2716 1677 2819 1731 sed
2849 1676 3003 1731 illius
3036 1676 3205 1745 cujus
3235 1690 3447 1729 omnes
3476 1690 3704 1739 sumus;
3736 1680 3821 1729 aut
3842 1672 3879 1726 si

2273 1785 2396 1825 non
2428 1767 2598 1822 vultis
2629 1774 2684 1821 et
2710 1764 2992 1835 impacati
3025 1762 3183 1827 estis,
3219 1779 3326 1818 vos
3368 1762 3567 1833 potius
3598 1762 3822 1816 recedite
3854 1777 3881 1814 a

2277 1858 2572 1931 plebibus,
2601 1871 2709 1927 pro
2727 1854 2946 1926 quibus
2972 1851 3236 1909 Christus
3256 1867 3435 1907 suum
3465 1852 3795 1920 sanguinem
3816 1849 3883 1904 fu-

2276 1948 2389 2003 dit:
2419 1962 2571 2019 quas
2596 1945 2762 1999 ideos
2792 1943 2969 1997 vultis
2992 1946 3220 1997 vestras
3244 1940 3437 1997 facere
3464 1957 3537 1995 ne
3567 1940 3759 1995 Christi
3775 1940 3881 2006 sint,

2278 2037 2557 2109 quamvis
2581 2050 2681 2090 eas
2704 2032 2815 2087 sub
2839 2032 2965 2102 ejus
2994 2031 3235 2086 nomine
3263 2030 3573 2101 possidere
3598 2028 3885 2093 conemini;

2280 2132 2569 2197 tanquam
2597 2124 2640 2179 si
2668 2139 2875 2178 servus
2889 2122 3110 2176 furetus
3123 2136 3265 2175 oves
3290 2119 3364 2173 de
3380 2136 3557 2191 grege
3570 2116 3777 2174 domini
3795 2117 3885 2179 sui,

2279 2221 2334 2272 et
2362 2227 2760 2287 quaecumque
2809 2227 2881 2266 ex
2920 2210 3033 2264 illis
3067 2214 3209 2264 nata
3245 2207 3489 2269 fuerint.
3531 2208 3887 2262 characterem

2280 2304 2503 2361 domini
2522 2302 2754 2369 suiegis
2777 2300 3009 2368 inﬁgat,
3028 2298 3332 2353 neturtum
3354 2296 3486 2367 ejus
3510 2296 3686 2367 possit
3715 2309 3890 2363 agnos-

2279 2394 2352 2450 ci.
2384 2394 2475 2449 Sic
2505 2392 2662 2446 enim
2686 2390 2950 2445 fecerunt
2974 2388 3231 2457 majores
3257 2386 3430 2441 vestri
3463 2405 3474 2453 ;
3506 2388 3887 2456 separaverunt

2282 2483 2361 2538 ab
2390 2480 2645 2537 Ecclesia
2677 2478 2887 2533 Christi
2921 2474 3176 2547 populos
3207 2473 3495 2530 habentes
3526 2476 3542 2509 ¹
3567 2474 3886 2544 baptismum

2283 2570 2513 2633 Christi,
2550 2573 2604 2624 et
2641 2567 3005 2638 quicumque
3038 2564 3149 2619 illis
3189 2568 3595 2629 accreverunt,
3638 2561 3888 2632 baptismo

2284 2660 2605 2715 Christieos
2628 2656 3129 2727 baptizaverunt’.
3148 2652 3261 2707 Sed
3288 2652 3577 2707 Dominus
3591 2650 3892 2720 etfurespu-

2284 2750 2440 2813 nit,si
2462 2763 2580 2802 non
2595 2762 2656 2802 se
2675 2744 3054 2808 correxerint,
3077 2748 3133 2798 et
3145 2757 3284 2796 oves
3299 2740 3377 2796 ab
3392 2757 3587 2796 errore
3606 2743 3816 2795 revocat
3833 2735 3891 2791 ad

2286 2851 2665 2909 gregemmec
2680 2836 2741 2890 in
2761 2834 2845 2890 eis
2866 2848 3042 2887 suum
3070 2831 3424 2887 exterminat
3442 2831 3837 2886 characterem.

2302 2901 2423 2993 T2:
2445 2901 2635 2981 Dicitis
2652 2939 2762 2979 nos
2788 2919 3305 2991 traditores;quod
3338 2934 3449 2974 nec
3483 2918 3731 2990 majores
3749 2913 3891 2970 vestri

2287 3016 2345 3071 in
2377 3014 2637 3085 majores
2666 3017 2899 3068 nostros
2932 3014 3274 3082 potuerunt,
3301 3023 3410 3062 nec
3439 3023 3545 3062 vos
3578 3007 3633 3061 in
3666 3020 3762 3060 nos
3790 3016 3894 3073 pro-

2288 3105 2433 3160 bare
2462 3103 2583 3158 ullo
2615 3101 2797 3157 modo
2836 3097 3119 3170 poteritis.
3162 3096 3315 3162 Quid
3351 3096 3523 3152 vobis
3554 3095 3720 3151 vultis
3748 3092 3896 3147 facia-

2292 3210 2449 3259 mus,
2482 3191 2585 3263 qui
2610 3189 2859 3263 quando
2898 3187 3065 3242 vobis
3104 3186 3360 3240 dicimus
3415 3190 3477 3239 ut
3520 3199 3753 3241 causam
3789 3195 3894 3234 nos-

2290 3287 2444 3339 tram
2473 3286 2529 3337 et
2559 3285 2815 3335 vestram
2843 3279 3132 3350 patienter
3157 3274 3434 3339 audiatis,
3467 3289 3583 3328 non
3612 3271 3782 3327 nostis
3806 3266 3895 3323 nisi

2293 3371 2600 3442 superbire
2627 3374 2683 3425 et
2711 3366 3026 3423 insanire?
3067 3368 3211 3421 Nam
3248 3364 3454 3435 utique
3495 3361 3895 3418 ostenderemus

2294 3460 2485 3528 vobis,
2508 3459 2651 3531 quia
2672 3456 2869 3530 potius
2898 3455 2979 3510 illi
3013 3454 3327 3511 traditores
3358 3454 3618 3516 fuerunt,
3640 3450 3733 3521 qui
3759 3445 3896 3503 Casci-

2293 3547 2797 3606 lianumetsocios
2821 3545 2949 3615 ejus
2971 3544 3142 3614 quasi
3159 3541 3495 3597 traditionis
3519 3541 3751 3596 crimine
3764 3537 3897 3591 dam-

2293 3643 2609 3695 naverunt.
2642 3639 2707 3691 Et
2734 3633 2954 3701 dicitis,
2998 3632 3251 3688 acredite
3300 3646 3336 3685 a
3365 3630 3638 3703 plebibus
3676 3624 3896 3685 nostris;

2292 3744 2446 3800 quas
2458 3725 2683 3782 docetis
2700 3728 2762 3779 ut
2775 3722 2940 3779 vobis
2955 3719 3528 3786 credant,etChristo
3547 3734 3659 3774 non
3676 3714 3896 3772 credant.

2292 3818 2411 3873 Vos
2437 3817 2597 3873 enim
2627 3815 2710 3869 eis
2739 3812 2956 3877 dicitis,
2996 3814 3237 3882 propter
3267 3808 3603 3871 traditores,
3634 3820 3774 3879 quos
3804 3813 3896 3856 non

2292 3904 2622 3969 ostenditis,
2663 3900 3026 3958 remansisse
3076 3897 3395 3953 Ecclesiam
3455 3896 3660 3952 Christi
3712 3894 3765 3948 in
3800 3887 3899 3944 sola

2292 3995 2485 4049 Africa
2508 3992 2689 4065 partis
2706 3991 2909 4047 Donati
2928 4007 2939 4046 :
2958 3986 3122 4059 quod
3139 4001 3257 4041 non
3290 3985 3363 4039 de
3384 3987 3677 4055 Lege,non
3693 3981 3759 4036 de
3790 3978 3896 4031 Pro-

2293 4084 2617 4155 pheta,non
2632 4080 2706 4136 de
2726 4078 2976 4140 Psalmo,
2994 4091 3112 4131 non
3128 4075 3201 4129 de
3215 4074 3521 4145 Apostolo,
3540 4088 3655 4128 non
3670 4070 3738 4126 de
3752 4068 3897 4123 Evan-

2294 4172 2469 4244 gelio,
2502 4171 2606 4228 sed
2636 4171 2703 4225 de
2729 4167 2909 4225 corde
2939 4171 3160 4229 vestro,
3191 4169 3247 4219 et
3272 4163 3346 4219 de
3376 4168 3688 4235 parentum
3719 4161 3897 4213 vestro-

2293 4280 2427 4318 rum
2461 4259 2775 4317 calumniis
2801 4255 3079 4312 recitatis.
3108 4254 3371 4309 Christus
3405 4257 3608 4309 autem
3633 4249 3759 4305 dicit
3782 4257 3901 4317 pra-

2293 4352 2489 4407 dicari
2516 4350 2578 4405 in
2617 4347 2854 4404 nomine
2893 4360 2999 4401 suo
3026 4342 3434 4413 paenitentiam
3468 4348 3521 4398 et
3550 4336 3899 4397 remissionem

2290 4446 2813 4511 peccatorum,per
2824 4449 3019 4492 omnes
3034 4440 3234 4504 gentes
3251 4430 3673 4500 incipientibus
3685 4427 3753 4485 ab
3768 4425 3902 4481 Jeru-

2294 4532 2477 4587 salem
2509 4531 2676 4599 (Luc.
2710 4541 2870 4593 xxw,
2902 4523 3026 4594 47):
3066 4522 3160 4576 cui
3196 4520 3468 4576 Ecclesiae
3502 4536 3568 4576 ex
3596 4534 3693 4574 ore
3731 4509 3899 4569 Christi

2296 4618 2689 4677 manifestata
2711 4632 2819 4671 vos
2845 4628 2966 4670 non
2993 4610 3474 4675 communicatis,
3498 4614 3555 4664 et
3575 4608 3716 4664 alios
3735 4619 3785 4659 in
3804 4614 3899 4654 ves-

2297 4716 2449 4767 tram
2479 4706 2872 4780 perditionem
2900 4701 3221 4763 trahentes,
3252 4698 3491 4754 liberari
3520 4712 3637 4753 non
3663 4692 3840 4749 vultis.

2367 4800 2592 4854 CAPUT
2614 4797 2678 4851 ll.
2710 4824 2770 4835 ——
2793 4793 2845 4849 3.
2872 4792 2929 4848 Si
2952 4797 3149 4846 autem
3176 4789 3311 4843 ideo
3338 4787 3510 4843 vobis
3536 4783 3900 4856 displicemus,

2295 4890 2439 4964 quia
2465 4904 2569 4961 per
2599 4888 3033 4957 lmperatorum
3048 4878 3355 4950 jussiones
3382 4877 3456 4932 ad
3480 4876 3754 4931 unitatem
3779 4864 3903 4936 engi-

2299 4980 2463 5044 mini,
2480 4979 2593 5033 hoc
2607 4992 2712 5031 vos
2726 4971 2965 5037 fecistis,
2993 4968 3097 5041 qui
3118 4968 3483 5039 ubicumque
3507 4964 3775 5020 vellemus
3788 4969 3902 5029 prae-

2297 5070 2499 5124 dicare
2512 5066 2838 5129 veritatem,
2872 5067 3079 5115 uteam
3102 5058 3349 5129 quisque
3374 5070 3618 5110 securus
3643 5048 3844 5107 audiret
3862 5048 3904 5095 et

2297 5158 2502 5215 volens
2515 5155 2771 5224 eligeret,
2786 5164 3099 5223 nunquam
3116 5144 3465 5218 permisistis
3480 5158 3584 5214 per
3599 5135 3849 5195 violentia
3861 5132 3904 5185 et

2297 5257 2550 5308 terrores
2562 5241 2999 5301 vestros.Nolite
3014 5237 3347 5303 stridere,et
3362 5231 3701 5306 perturbare
3714 5225 3900 5283 animas

2357 5427 2370 5458 ¹
2392 5424 2550 5479 Lov.,
2581 5419 2825 5484 populum
2852 5416 3114 5484 habentem
3133 5413 3456 5477 baptismum.
3480 5410 3547 5459 At
3574 5405 3659 5457 alii
3683 5400 3901 5462 Cdd..p0-

2291 5489 2441 5553 pulo;
2458 5481 2711 5553 habentes
2742 5481 3067 5553 baptismum.

2358 5526 3167 5608 'e'bi'}ei>&§;tizabei~unt.
3193 5538 3315 5589 Mss.
3344 5536 3532 5588 melius
3563 5546 3675 5584 εσσε
3703 5526 3903 5590 baptiza-

2297 5618 2503 5665 verunt.
