3996 6158
121 165 198 220 401
1301 153 1663 213 EPISTOLA]

1775 155 1803 207 tl
1846 155 2139 220 CLASSIS
2178 168 2246 222 Il.

115 285 295 342 nesciat
316 282 400 338 ille
432 281 527 353 qui
541 280 892 352 baptizatur,
904 287 1040 338 tunc
1054 284 1204 338 Deus
1217 280 1695 337 sanctiﬁcat.Hoc

110 377 142 429 si
162 389 328 428 verum
343 376 649 441 est,optare
676 386 813 441 ergo
826 370 1048 426 debent
1077 370 1443 434 homines,ut
1462 385 1497 424 a
1522 367 1693 423 malis

107 461 339 532 ignoratis
360 459 741 529 baptizentur,
766 461 958 529 potius
985 476 1168 532 quam
1192 476 1226 515 a
1253 459 1406 515 notis
1424 457 1693 521 bonis,ut

106 551 253 619 magis
278 567 309 604 a
338 550 447 603 Deo
472 564 649 620 quam
674 548 749 604 ab
779 549 1022 604 homine
1050 549 1282 621 possint
1305 546 1686 603 sanctiﬁcari:

104 640 180 693 sed
200 638 380 693 absita
406 637 564 692 nobis
597 638 706 694 ista
730 638 1049 694 dementia.
1083 640 1274 704 Quare
1308 652 1449 707 ergo
1474 650 1690 691 nonve-

98 745 195 782 rum
213 726 468 789 dicimus,
502 732 723 781 etrecte
758 727 1200 800 sapimus,quia
1224 742 1461 798 semper
1476 726 1572 779 Dei
1603 729 1689 779 est

98 816 165 870 illa
177 815 341 885 gratia
354 820 405 870 et
421 815 513 869 Dei
530 817 912 871 Sacramentu
925 816 1486 887 m,hominis:autem
1502 813 1684 869 solum

96 903 570 974 ministerium;qui
599 904 645 958 si
674 905 992 969 bonusest,
1027 904 1294 959 adhaeret
1323 906 1521 971 Deo,et
1550 918 1686 972 ope-

91 1002 212 1048 ratur
238 992 503 1062 perillum
520 993 674 1047 Deus
697 994 983 1048 visibilem
1021 992 1680 1056 Sacramentiformam,

88 1084 180 1153 ipse
206 1086 385 1137 autem
422 1080 608 1136 donat
633 1082 987 1137 invisibilem
1015 1082 1287 1153 gratiam.
1334 1084 1450 1136 Hoc
1490 1080 1680 1151 sapia-

89 1187 189 1225 mus
213 1186 423 1235 omnes,
448 1176 503 1224 et
529 1185 649 1226 non
683 1171 797 1226 sint
819 1172 875 1225 in
901 1172 1074 1226 nobis
1117 1170 1463 1226 schismata.

138 1296 323 1352 CAPUT
353 1296 438 1352 IV.
471 1326 534 1336 —
564 1300 644 1351 l3.
678 1296 1045 1351 Concordate
1076 1296 1413 1361 nobiscum,
1438 1295 1676 1359 fratres;

86 1384 332 1453 diligimus
359 1401 477 1449 vos,
512 1384 624 1440 hoc
644 1387 813 1441 vobis
834 1385 1111 1441 volumus
1138 1385 1301 1455 quod
1324 1392 1379 1440 et
1401 1384 1592 1440 nobis.
1619 1383 1677 1439 Si

84 1480 339 1544 propterea
357 1490 464 1529 nos
496 1474 735 1545 gravius
755 1473 983 1541 odistis,
1003 1475 1146 1546 quia
1164 1490 1359 1529 errare
1388 1490 1488 1529 vos
1509 1479 1564 1528 et
1579 1490 1677 1545 pe-

82 1562 158 1615 rire
170 1578 268 1616 non
293 1562 708 1633 permittimus,
726 1563 839 1618 hoc
858 1564 974 1618 Deo
994 1562 1376 1633 dicite,quem
1394 1563 1675 1617 timemus

82 1651 349 1706 minantem
368 1652 540 1705 malis
557 1651 910 1723 pastoribus,
927 1657 982 1708 et
1004 1653 1298 1707 dicentem
1318 1669 1329 1706 :
1348 1652 1497 1720 Quod
1521 1668 1673 1707 erra-

84 1743 207 1807 verat,
232 1755 331 1794 non
362 1743 670 1806 revocastis,
698 1745 747 1795 et
779 1741 916 1813 quod
944 1743 1207 1811 perierat,
1237 1758 1345 1795 non
1370 1742 1673 1812 inquisistis

81 1827 249 1893 (El-fcit.
272 1845 459 1894 xxxiv,
485 1830 565 1900 4).
592 1832 709 1884 Hoc
730 1830 1019 1902 vobisiper
1049 1845 1159 1885 nos
1186 1834 1335 1885 Deus
1363 1831 1486 1901 ipse
1512 1830 1669 1893 facit,

81 1917 163 1971 sire
187 1916 567 1981 obsecrando,
603 1918 725 1973 sive
776 1918 1085 1983 minando,
1118 1919 1239 1973 sive
1272 1920 1670 1990 corripiendo,

80 2006 165 2059 sive
189 2007 429 2071 damnis,
462 2008 592 2063 sive
614 2007 1072 2075 laboribus,sive
1103 2024 1207 2079 per
1238 2025 1378 2063 suas
1407 2008 1671 2063 occultas

75 2093 458 2152 admonitiones
484 2096 579 2150 vel
606 2097 994 2163 visitationes,
1025 2099 1149 2151 sive
1174 2114 1277 2167 per
1303 2104 1669 2169 potestatum

75 2186 427 2255 temporalium
445 2184 879 2255 legeantelligi
891 2191 940 2239 te
955 2185 1097 2257 quid
1115 2186 1423 2241 vobiscum
1436 2194 1667 2255 agatur;

74 2273 214 2342 perire
239 2289 336 2327 vos
358 2290 479 2328 non
499 2274 623 2328 vult
653 2277 799 2329 Deus
826 2274 880 2327 in
905 2275 1191 2342 sacrilega
1212 2274 1515 2330 discordia
1536 2274 1672 2330 alie-

72 2367 195 2415 natos
206 2371 419 2418 amatre
436 2368 637 2418 vestra
649 2362 1128 2417 Catholica.Nihil
1146 2363 1201 2417 in
1220 2378 1327 2417 nas
1341 2363 1669 2435 aliquando

72 2450 269 2519 probare
298 2452 607 2524 potuistis;
627 2452 791 2506 vestri
828 2452 1090 2523 episcopi
1115 2454 1387 2507 conventi
1412 2470 1446 2507 a
1474 2452 1667 2520 nobis,

71 2552 322 2609 nunquam
383 2540 702 2595 nobiscum
749 2539 995 2611 paciﬁce
1028 2539 1292 2594 conferre
1343 2540 1666 2603 voluerunt,

70 2626 194 2695 quais
217 2627 509 2701 fugientes
548 2645 684 2683 cum
712 2629 1126 2700 peccatoribus
1163 2629 1493 2700 loqui.Quis
1525 2630 1670 2685 ferat

69 2714 197 2769 istam
210 2716 762 2790 superbiam7quasi
780 2717 993 2772 Paulus
1008 2718 1314 2789 apostolus
1329 2733 1447 2772 non
1464 2723 1667 2773 contu-

69 2802 157 2857 ierit
170 2821 287 2860 cum
304 2807 721 2877 peccatoribus
738 2812 941 2863 etcum
958 2807 1127 2861 valde
1144 2806 1446 2876 sacrilegis
1466 2824 1477 2859 :
1494 2807 1667 2877 legite

68 2896 197 2947 Actus
230 2896 668 2967 Apostolorum,
694 2900 749 2951 et
774 2895 979 2951 videte.
1015 2896 1193 2961 Quasi
1222 2898 1346 2967 ipse
1380 2896 1665 2951 Dominus

67 2995 151 3035 non
170 2998 286 3039 cum
312 2985 550 3051 Judaeis,
577 2984 841 3057 aquibus
874 2984 1187 3039 cruciﬁxus
1218 2991 1326 3047 est,
1358 3002 1663 3041 sermones

64 3066 113 3123 de
136 3071 256 3143 Lege
283 3072 580 3139 habuerit,
614 3073 817 3145 eisque
848 3078 1243 3150 congruenter
1275 3074 1661 3145 responderit.

71 3156 317 3217 Postremo
329 3162 615 3218 diabolus
628 3166 716 3217 est
730 3162 956 3233 primus
970 3162 1238 3217 omnium
1256 3169 1660 3230 peccatorum,

61 3246 375 3314 qniconverti
396 3251 473 3306 ad
494 3250 791 3321 justitiam
806 3265 1118 3321 nunquam
1136 3252 1365 3321 poterit,
1392 3257 1447 3305 et
1462 3257 1656 3307 tamen

64 3337 253 3405 nceipse
268 3338 559 3394 Dominus
579 3340 652 3394 de
669 3341 816 3409 Lege
834 3339 1196 3409 dedignatus
1215 3344 1302 3395 est
1332 3340 1382 3395 ei
1414 3356 1659 3411 respon-

62 3420 192 3495 dere;
223 3434 277 3481 ut
300 3428 643 3498 intelligatis
662 3428 810 3483 istos
834 3427 969 3484 ideo
997 3428 1313 3483 nobiscum
1344 3429 1498 3486 nolle
1521 3446 1659 3486 con-

62 3510 187 3585 ferre,
208 3518 341 3588 quia
365 3534 625 3573 causam
667 3533 842 3572 suam
878 3517 1170 3588 perditam
1200 3524 1437 3574 norunt.

109 3640 668 3712 “Nos'ignoramus
682 3642 825 3714 quid
842 3641 919 3697 ad
929 3658 1128 3698 versus
1143 3644 1365 3715 seipsos
1381 3644 1655 3701 homines

56 3724 765 3802 jactent,quicalumniosis
787 3730 1267 3787 dissensionibus
1288 3733 1571 3801 gaudent.
1590 3733 1651 3788 In

56 3812 309 3887 Scripturis
328 3820 623 3876 discimus
638 3818 1022 3885 Christum,in
1040 3821 1353 3891 Scripturis
1366 3822 1650 3877 discimus

56 3898 335 3964 Ecclesiam.
376 3909 498 3965 Has
530 3909 865 3980 Scripturas
915 3909 1312 3965 communiter
1356 3909 1651 3966 habemus

54 4002 192 4059 quare
210 4010 316 4050 non
334 3997 417 4051 eis
440 4002 501 4052 et
518 3996 815 4053 Christum
835 4002 889 4052 et
911 3996 1232 4053 Ecclesiam
1253 4001 1653 4056 communiter

52 4080 463 4142 retinemus?Nos
479 4086 583 4141 ubi
598 4087 955 4155 agnovimus
969 4102 1106 4141 eum
1121 4086 1189 4141 de
1202 4090 1483 4159 quo;dicit
1500 4097 1651 4161 Apo-

54 4168 217 4236 stolus,
240 4174 466 4231 Abrahae
479 4175 642 4230 dicta!
663 4182 791 4230 sunt
809 4175 1195 4245 promissiones
1217 4181 1269 4231 et
1284 4180 1486 4233 semini
1501 4181 1617 4250 ejus
1629 4202 1652 4251 ,-

53 4270 129 4309 non
154 4258 285 4326 dicit,
314 4264 379 4318 Et
406 4263 736 4327 seminibus,
762 4268 1031 4335 tanquam
1068 4266 1125 4319 in
1149 4266 1339 4321 multis
1360 4289 1382 4337 ;
1412 4269 1504 4323 sed
1533 4275 1651 4324 lan-

51 4350 236 4410 quamin
255 4367 380 4417 uno,
398 4354 465 4407 Et
494 4353 702 4408 semini
723 4357 838 4417 tuo,
862 4353 1004 4424 quod
1029 4362 1105 4409 est
1136 4355 1381 4411 Christus
1406 4357 1547 4428 (Gal.
1570 4376 1647 4425 ιιι,

54 4432 139 4502 t6);
165 4437 235 4494 ibi
258 4442 623 4512 agnovimus
649 4441 987 4508 Ecclesiam,
1006 4442 1079 4498 de
1103 4445 1379 4516 quadicit
1406 4450 1557 4502 Deus
1571 4448 1649 4503 ad

49 4521 319 4593 Abraham,
368 4532 428 4584 In
457 4532 671 4587 semine
705 4535 796 4586 tuo
828 4530 1218 4588 benedicentur
1255 4550 1437 4591 omnes
1468 4542 1648 4607 gentes

48 4608 161 4667 (Gen.
188 4631 274 4683 xu,
305 4619 380 4689 3).
402 4620 885 4688 Ubiagnovimus
919 4622 1212 4678 Christum
1248 4624 1307 4678 in
1324 4624 1561 4680 Psalmo
1578 4626 1647 4682 de

49 4706 558 4775 seprophetantem,
578 4710 836 4764 Dominus
855 4709 999 4764 dixit
1016 4712 1085 4764 ad
1115 4728 1217 4777 me,
1235 4714 1411 4767 Filius
1428 4731 1578 4769 meus
1592 4732 1647 4771 es

45 4789 119 4857 tu;
135 4794 618 4867 egotwdiegenuite
634 4797 746 4866 ;ibi
761 4800 1119 4866 agnovimus
1135 4800 1477 4867 Ecclesiam,
1500 4804 1557 4857 in
1577 4820 1645 4860 eo

44 4881 166 4942 quod
192 4886 471 4954 sequitur,
486 4886 879 4951 Postulaame,
908 4891 959 4942 et
973 4887 1109 4942 dabo
1140 4889 1243 4943 tibi
1268 4894 1450 4960 gentes
1469 4892 1647 4949 ἠκροϐ-

45 4963 225 5023 ditatem
255 4976 428 5041 tuam,
458 4981 518 5029 et
550 4977 938 5045 possessionem
977 4984 1130 5033 tuam
1159 4981 1423 5034 terminos
1480 4985 1643 5037 terra:

42 5053 178 5113 (Psal.
202 5077 251 5129 ii,
284 5063 335 5125 7,
362 5064 441 5133 8).
472 5065 579 5118 Ubi
608 5064 969 5132 agnovimus
992 5066 1282 5124 Christum
1310 5069 1367 5123 in
1391 5085 1461 5123 eo
1479 5071 1644 5141 quod

42 5144 275 5215 scriptum
306 5157 412 5216 est,
456 5153 594 5207 Deus
624 5154 846 5209 deorum
878 5156 1133 5211 Dominus
1165 5158 1375 5213 locutus
1408 5162 1485 5214 est
1512 5181 1532 5229 ,-
1562 5160 1643 5215 ibi

44 5238 355 5299 agnovimus
372 5249 427 5295 et
453 5240 770 5298 Ecclesiam
791 5244 847 5299 in
868 5260 939 5299 eo
966 5245 1127 5316 quod
1158 5248 1529 5318 sequitur,Et
1554 5266 1642 5305 vo-

86 5450 97 5519 ξ
126 5447 306 5519 (inple
332 5453 530 5519 Vactic.
555 5454 823 5519 Mss.,Non
846 5457 1162 5519 ignoramus.
1184 5460 1409 5509 Fortean
1436 5462 1643 5514 melius.

50 5511 1643 5597 πέἓὶ.Ῡεεξξεὶ.ίὲξΡ.εὲ9ιξυετξέἰηέυβἾοτείίεΨιεβίξ»σροθίειιυοξέ

41 5572 364 5648 Signatantiiet.
380 5578 916 5648 valentiniani,oujus
941 5585 1141 5632 mentio
1165 5572 1223 5633 tit
1240 5572 1293 5634 in
1311 5572 1645 5638 Οοάππῇέδδί

43 5632 113 5682 ιιι).
139 5637 200 5685 16,
229 5639 304 5687 tit.
340 5642 388 5698 6,
416 5641 494 5690 Ne
516 5632 1022 5707 sanctum'ba'ptisma
1053 5632 1468 5713 ῑιενειυνξιξέίὲί

3354 168 3460 226 402

1805 285 1948 337 cavit
1976 293 2225 346 terrama
2247 293 2375 347 solis
2396 296 2529 347 ortu
2555 290 2805 362 usquead
2824 306 3071 347 occasum
3096 292 3272 363 (Psal.
3295 309 3455 363 λιιι,

1810 371 1879 442 1)-
1917 375 2023 431 Ubi
2056 381 2416 448 agnovimus
2444 380 2737 436 Christum
2770 381 2826 434 in
2859 396 2930 435 eo
2961 381 3123 451 quod
3167 383 3452 453 scriptum

1804 467 1908 528 est,
1925 465 1989 518 Et
2003 468 2113 535 ipse
2138 476 2401 539 tanquam
2426 485 2652 540 sponsus
2670 470 2960 539 procedens
2986 470 3048 525 de
3066 470 3308 526 thalamo
3333 488 3450 537 suo,

1801 554 2095 609 exsultavit
2114 561 2336 629 ulgigas
2357 558 2425 611 ad
2446 559 2776 613 currendum
2799 559 2978 627 viam,-
3001 559 3079 614 ibi
3097 561 3451 628 agnovimus

1801 645 1855 695 et
1891 643 2204 700 Ecclesiam
2237 647 2292 701 in
2321 663 2389 701 eo
2416 647 2581 718 quod
2610 647 2787 717 paulo
2817 647 3090 717 superius
3123 648 3355 702 dicitur.
3389 650 3450 703 In

1800 745 2015 787 omnem
2036 738 2240 790 terram
2258 739 2429 791 exivit
2445 754 2606 791 sonus
2624 753 2830 800 eorum,
2856 741 2907 791 et
2922 738 2979 789 in
2990 738 3122 807 ﬁnes
3136 737 3275 792 orbis
3290 744 3448 793 terra:

1798 820 1960 875 verba
1980 838 2187 878 eorum.
2211 826 2267 879 In
2298 826 2406 880 sole
2432 828 2611 896 posuit
2646 825 3066 880 tabernaculum
3094 843 3255 880 suum
3280 827 3445 895 (Psal.

1800 925 1949 974 xvm,
1974 915 2025 975 5,
2058 912 2133 982 6).
2171 914 2303 983 lpsa
2339 918 2428 968 est.
2459 913 2717 969 Ecclesia
2750 914 2806 969 in
2833 913 2954 969 sole
2980 914 3195 984 posita,
3224 919 3338 969 hoc
3365 920 3451 970 est

1796 998 1854 1051 in
1876 1000 2348 1057 maniiestatione
2364 1002 2649 1057 omnibus
2677 1007 2843 1070 nota,
2870 1018 3056 1073 usque
3070 1002 3148 1057 ad
3165 1003 3449 1058 terminos

1797 1090 1980 1143 terrae.
1999 1090 2102 1145 Ubi
2120 1092 2479 1159 agnovimus
2495 1092 2789 1146 Christum
2810 1091 2867 1145 in
2886 1107 2955 1146 eo
2972 1092 3135 1163 quod
3164 1092 3450 1163 scriptum

1793 1181 1899 1241 est,
1934 1177 2209 1233 Foderunt
2240 1196 2437 1234 manus
2468 1196 2634 1245 meas,
2654 1188 2703 1234 et
2747 1179 2922 1250 pedes,
2956 1179 3448 1235 dinumeraverunt

1789 1269 1975 1320 omnia
1994 1283 2110 1321 ossa
2126 1284 2269 1337 mea;
2292 1271 2396 1338 ipsi
2408 1284 2536 1324 vero
2559 1268 3035 1323 consideraverunt
3050 1273 3101 1323 et
3114 1273 3444 1339 aspexerunt

1788 1370 1893 1422 me,
1921 1355 2354 1412 diviseruntsibi
2366 1360 2685 1412 vestimenta
2721 1374 2859 1425 mea,
2887 1360 2938 1411 et
2963 1373 3124 1427 super
3148 1359 3441 1412 vestimen-

1788 1445 1902 1496 tum
1930 1460 2109 1499 meum
2127 1445 2391 1500 miserunt
2421 1450 2622 1500 sortem
2651 1462 2663 1511 ;
2700 1446 2780 1500 ibi
2813 1446 3166 1513 agnovimus
3182 1446 3442 1502 etEccle-

1786 1533 1933 1587 siam
1958 1535 2017 1586 in
2054 1550 2123 1588 eo
2145 1536 2307 1605 quod
2338 1535 2517 1605 paulo
2562 1534 2766 1606 postin
2795 1534 3182 1605 psalmoipso
3205 1535 3436 1590 dicitur.

1787 1620 2375 1677 Commemorabuntur
2398 1627 2449 1679 et
2487 1628 2866 1680 convertentur
2899 1624 2966 1677 ad
2999 1624 3297 1678 Dominum
3317 1628 3442 1680 uni-

1786 1713 1932 1765 versi
1940 1712 1976 1781 ﬁ
1984 1729 2075 1767 nes
2094 1715 2273 1782 terrae,
2291 1720 2343 1767 et
2356 1712 2661 1767 adorabunt
2678 1715 2731 1766 in
2748 1717 3031 1784 conspectu
3043 1712 3157 1781 ejus
3172 1716 3439 1769 universa:

1781 1803 1979 1870 patriae
2000 1802 2256 1871 gentium
2290 1820 2305 1856 :
2333 1804 2590 1872 quoniam
2615 1802 2830 1856 Domini
2854 1812 2930 1857 est
2952 1817 3201 1871 regnum,
3243 1808 3295 1856 et
3328 1804 3440 1873 ipse

1782 1889 2159 1945 dominabitur
2206 1894 2454 1960 gentium
2485 1892 2653 1962 (Psal.
2690 1908 2799 1957 xxi,
2841 1896 2920 1956 t7,
2960 1891 3040 1954 18,
3083 1896 3162 1956 l9,
3197 1893 3285 1956 28,
3325 1892 3436 1963 29).

1784 1978 1889 2035 Ubi
1923 1981 2283 2048 agnovimus
2326 1980 2628 2037 Chrisrum
2659 1980 2716 2034 in
2746 1995 2815 2035 eo
2835 1980 2997 2052 quod
3013 1979 3301 2050 scriptum
3330 1990 3437 2047 est,

1780 2070 2042 2124 Exaltare
2068 2085 2231 2138 super
2259 2070 2434 2134 castos,
2470 2070 2643 2137 Deus;
2668 2069 2748 2123 ibi
2771 2068 3129 2137 agnovimus
3156 2074 3212 2123 et
3243 2069 3440 2125 Eccle-

1782 2158 2265 2230 siamineoquod
2295 2158 2580 2229 sequitur,
2599 2161 2833 2227 etsuper
2862 2173 3073 2212 omnem
3088 2163 3293 2212 terram
3322 2159 3441 2229 glo-

1780 2248 1866 2301 ria
1899 2250 1992 2300 tua
2014 2247 2182 2313 (Psal.
2216 2263 2323 2317 va,
2344 2250 2417 2315 6).
2449 2246 2552 2302 Ubi
2580 2245 2936 2315 agnovimus
2967 2246 3338 2302 Christumin
3369 2262 3437 2302 eo

1779 2336 1941 2407 quod
1968 2336 2254 2405 scriptum
2307 2342 2414 2401 est,
2449 2336 2602 2405 Deus,
2645 2335 2906 2401 iudicium
2940 2339 3096 2389 tuum
3128 2336 3352 2406 regida,
3384 2342 3437 2392 et

1769 2424 2050 2494 justitiam
2068 2428 2221 2479 tuam
2244 2426 2364 2493 ﬁlio
2380 2427 2555 2495 regis;
2572 2424 2647 2479 ibi
2666 2423 3026 2493 agnovimus
3043 2431 3097 2479 et
3118 2425 3435 2482 Ecclesiam

1780 2512 1839 2567 in
1864 2529 1933 2567 eo
1962 2513 2124 2584 quod
2146 2514 2219 2568 de
2238 2514 2336 2569 illo
2365 2515 2423 2568 in
2442 2514 2822 2585 psalmoipso
2845 2513 3077 2578 dicitur,
3095 2515 3159 2568 Et
3183 2515 3432 2570 domina-

1780 2602 1935 2656 bitur
1964 2620 1997 2657 a
2027 2604 2174 2658 mari
2202 2619 2367 2674 usque
2394 2603 2463 2657 ad
2493 2619 2666 2666 mare,
2695 2606 2745 2658 et
2772 2620 2802 2656 a
2824 2604 3430 2673 ﬂumineusqueadter-

1776 2692 1951 2747 minos
1980 2693 2124 2747 orbis
2156 2696 2452 2748 terrarum.
2480 2691 2677 2747 Coram
2709 2692 2804 2747 illo
2831 2692 3112 2762 procident
3134 2693 3429 2766 {Et/iiopes,

1775 2784 1826 2835 et
1859 2782 2205 2850 inimiciejus
2226 2786 2433 2836 terram
2464 2782 2693 2851 lingent.
2719 2783 2888 2851 Reges
2918 2780 3129 2835 Tharsis
3151 2786 3201 2837 et
3235 2784 3431 2839 insula

1776 2886 2006 2923 munera
2024 2870 2272 2940 offerent;
2296 2886 2445 2940 reges
2472 2870 2712 2924 Arabum
2731 2878 2779 2925 et
2797 2869 2941 2924 Saba
2960 2870 3099 2925 dona
3126 2870 3429 2942 adducent;

1774 2962 1825 3013 et
1855 2958 2161 3013 adorabunt
2187 2976 2312 3013 eum
2324 2974 2506 3013 omnes
2532 2974 2679 3028 reges
2713 2962 3095 3024 terra’,omnes
3108 2963 3290 3029 gentes
3318 2977 3429 3015 ser-

1774 3047 1917 3102 vient
1944 3048 2030 3101 illi
2060 3046 2233 3117 (Psal.
2268 3064 2418 3109 LXXI,
2448 3050 2498 3111 2,
2533 3050 2585 3113 8,
2616 3049 2665 3111 9,
2702 3046 2783 3109 18,
2817 3048 2926 3114 tl).

1844 3156 1928 3209 15.
1962 3155 2069 3210 Ubi
2086 3155 2443 3223 agnovimus
2459 3154 2751 3209 Christum
2772 3154 2829 3208 in
2856 3170 2925 3210 eo
2947 3154 3112 3226 quod
3132 3154 3424 3225 scriptum

1770 3249 1876 3308 est,
1904 3244 2167 3313 lapidem
2191 3243 2263 3298 de
2284 3248 2488 3298 monte
2512 3243 2639 3297 sine
2654 3242 2935 3298 manibus
2958 3245 3295 3315 praecisum,
3317 3244 3425 3299 ire-

1769 3332 1929 3401 gisse
1950 3333 2154 3387 omnia
2176 3337 2690 3401 regnaterrarum,
2719 3331 2921 3402 utique
2937 3332 3037 3387 illa
3053 3348 3187 3403 quas
3200 3332 3273 3387 de
3300 3332 3420 3388 cul-

1768 3420 1913 3476 turis
1928 3421 2273 3476 daemonum
2294 3421 2762 3491 praesumebant;
2784 3420 2862 3475 ibi
2878 3420 3239 3491 agnovimus
3256 3429 3309 3476 et
3323 3424 3422 3477 Ec-

1764 3510 2007 3565 clesiam
2033 3510 2089 3564 in
2106 3525 2176 3565 eo
2196 3509 2363 3581 quod
2384 3510 2610 3564 dictum
2638 3514 2745 3571 est.
2765 3508 3027 3581 lapidem
3056 3509 3253 3581 ipsum
3297 3526 3419 3567 cre-

1764 3599 1937 3664 visse,
1973 3605 2030 3653 et
2079 3598 2304 3654 factum
2340 3604 2605 3653 montem
2640 3612 2951 3667 magnum,
2998 3603 3055 3653 et
3096 3599 3418 3671 replevisse

1762 3702 2006 3743 omnem
2056 3692 2275 3742 terram
2307 3685 2468 3758 (Dan.
2512 3704 2568 3749 ιι,
2610 3689 2698 3751 34,
2750 3686 2860 3757 35).
2915 3685 3021 3742 Ubi
3054 3689 3417 3755 agnovimus

1762 3776 2057 3831 Christum
2084 3776 2141 3829 in
2172 3791 2242 3829 eo
2260 3775 2424 3846 quod
2456 3776 2745 3846 scriptum
2762 3784 2870 3840 est,
2894 3774 3418 3833 PrwvalebitDomi-

1760 3880 1861 3919 nus
1891 3865 2148 3918 adversus
2177 3879 2285 3926 eos,
2312 3866 2364 3918 et
2385 3863 2775 3919 exterminabit
2808 3878 2991 3918 omnes
3020 3862 3140 3918 deos
3170 3866 3417 3934 gentium

1760 3956 1920 4007 terra
1932 3952 2044 4022 ,‘ibi
2067 3952 2428 4022 agnovimus
2446 3958 2501 4007 et
2525 3951 2841 4008 Ecclesiam
2858 3953 2915 4006 in
2930 3967 3000 4007 eo
3023 3951 3187 4024 quod
3202 3952 3317 4008 illic
3330 3970 3415 4009 se-

1760 4042 1981 4113 quitur,
2015 4042 2079 4094 Et
2106 4042 2414 4097 adorabunt
2436 4042 2490 4095 in
2523 4040 2937 4112 conspectuejus
2954 4044 3324 4112 unusquisque
3353 4044 3416 4098 de

1761 4131 1869 4185 loco
1914 4146 2009 4185 suo
2038 4145 2221 4185 omnes
2270 4131 2468 4185 insulae
2498 4132 2744 4200 gentium
2774 4130 3030 4202 (Sophon.
3068 4149 3122 4198 n,
3158 4130 3267 4202 il).
3308 4132 3412 4187 Ubi

1758 4220 2118 4291 agnovimus
2150 4220 2447 4275 Christum
2475 4219 2533 4274 in
2565 4235 2636 4275 eo
2661 4219 2826 4292 quod
2849 4220 3137 4292 scriptum
3152 4222 3417 4286 est,Deus

1759 4308 1824 4363 ab
1854 4310 2042 4378 Africo
2060 4312 2256 4374 veniet,
2281 4314 2332 4364 et
2363 4313 2583 4364 sanctus
2613 4308 2677 4363 de
2702 4312 2884 4364 monte
2910 4308 3413 4380 umbroso;operiet

1757 4400 1908 4453 caelos
1923 4400 2093 4453 virtus
2105 4400 2251 4468 ejus;
2263 4397 2342 4452 ibi
2362 4398 2723 4466 agnovimus
2744 4396 3068 4451 Ecclesiam
3086 4396 3145 4451 in
3161 4413 3230 4453 eo
3248 4400 3411 4468 quod

1760 4488 2046 4555 sequitur,
2080 4487 2141 4540 Et
2164 4486 2342 4540 laudis
2371 4486 2488 4554 eius
2515 4485 2675 4556 plena
2707 4490 2786 4539 est
2811 4490 2961 4539 terra
2992 4485 3211 4554 (Habeo.
3231 4503 3308 4549 in,
3328 4487 3405 4556 3).

1758 4574 1845 4629 Ab
1876 4575 2071 4629 Africo
2092 4576 2252 4629 enim
2280 4574 2471 4645 posita
2502 4580 2589 4629 est
2612 4572 2963 4637 Jerusalem,
3016 4574 3168 4629 sicut
3193 4574 3408 4644 legitur

1756 4662 2121 4718 inlibrolesu
2142 4662 2537 4733 Nave(Josuze,
2555 4680 2643 4727 xv,
2680 4665 2753 4733 8),
2774 4663 2930 4716 unde
2958 4678 3175 4718 nomen
3192 4665 3406 4720 Christi

1757 4750 2041 4806 diffusum
2055 4756 2160 4813 est;
2187 4758 2239 4805 et
2254 4751 2331 4804 ibi
2347 4759 2433 4806 est
2449 4768 2621 4807 mons
2641 4751 3162 4815 umbrosus,mons
3177 4753 3377 4810 Oliveti
3391 4795 3405 4817 ,

1760 4840 1914 4894 unde
1945 4839 2211 4895 ascendit
2233 4840 2289 4893 in
2323 4840 2541 4894 ccelum
2577 4847 2637 4895 ut
2661 4843 2988 4913 cooperiret
3017 4841 3195 4896 caelos
3230 4843 3405 4897 virtes

1755 4929 1804 4999 ej
1818 4935 1967 4995 us,et
1986 4928 2317 4999 impleretur
2333 4928 2587 4984 Ecclesia
2602 4946 2707 5001 per
2719 4945 2961 4985 omnem
2980 4938 3193 4985 terram
3209 4930 3406 4986 laudis

1755 5020 1906 5089 ejus.
1939 5018 2411 5088 Ubiagnovimus
2436 5018 2729 5073 Christum
2754 5020 2811 5074 in
2832 5035 2902 5073 eo
2928 5018 3087 5089 quod
3118 5018 3408 5088 scriptum

1755 5113 1860 5170 est,
1877 5106 2027 5161 Sicut
2050 5110 2161 5161 ovis
2177 5106 2246 5160 ad
2263 5106 2652 5161 immolandum
2688 5107 2878 5161 ductus
2899 5110 2997 5170 est,
3012 5111 3063 5161 et
3085 5108 3411 5174 sicutagnus

1753 5212 1941 5251 coram
1988 5196 2239 5250 tondente
2275 5211 2329 5250 se
2359 5198 2468 5265 fuit
2498 5197 2615 5251 sine
2666 5211 2807 5257 voce,
2839 5196 2917 5249 sic
2944 5211 3048 5249 non
3082 5196 3294 5265 aperuit
3352 5210 3409 5249 os

1752 5290 2225 5348 suum,etceetera
2248 5301 2377 5355 quae
2406 5284 2522 5339 illic
2546 5284 2620 5339 de
2637 5285 2766 5355 ejus
2789 5282 3406 5355 passionedicuntur;

1753 5373 1831 5429 ibi
1868 5374 2227 5445 agnovimus
2249 5380 2304 5429 et
2326 5372 2646 5429 Ecclesiam
2670 5372 2727 5427 in
2755 5388 2825 5427 eo
2856 5372 3021 5443 quod
3043 5371 3159 5428 illic
3179 5371 3408 5441 dicitur,

1754 5464 1965 5517 Laetare
2006 5462 2229 5526 sterilis,
2262 5479 2381 5534 qua:
2413 5477 2516 5517 non
2548 5462 2701 5532 paris
2732 5478 2750 5526 ;
2778 5477 3002 5532 erumpe
3054 5467 3107 5516 et
3136 5462 3405 5529 exclama,

1745 5570 1872 5626 qum
1900 5570 2009 5608 non
2037 5553 2279 5624 parturis
2297 5575 2316 5622 ;
2348 5552 2608 5624 quoniam
2636 5552 2802 5608 multi
2826 5552 2932 5623 ﬁlii
2951 5552 3197 5620 desertae,
3231 5554 3409 5625 magis

1754 5659 1920 5715 quam
1950 5642 2065 5713 ejus
2092 5659 2210 5713 qua:
2244 5641 2399 5696 habet
2428 5641 2805 5699 virum.Dta:it
2826 5643 2970 5699 enim
3002 5642 3410 5703 Dominueri-
