3996 6158
168 199 253 256 409
1378 188 1418 243 Ε
1432 187 1777 246 PISTOLAB

1930 188 2219 247 CLASSIS
2255 189 2331 250 ΙΙ.

157 320 267 390 dia,
291 326 342 377 et
371 321 577 389 arguet
597 332 689 373 me
706 332 732 384 ;
752 317 941 374 oleum
968 319 1165 370 autem
1189 314 1517 383 peccatoris
1533 329 1652 369 non
1672 311 1780 369 im-

154 408 447 481 pinguabit
478 414 649 477 caput
685 421 898 461 meum.
924 404 1086 461 Malle
1117 418 1179 458 se
1209 403 1356 458 dixit
1383 404 1575 457 veraci
1609 403 1780 458 mise-

155 499 380 557 ricordis
395 497 733 553 austeritate
752 494 975 550 conteri
992 494 1031 559 ί,
1048 508 1235 565 quam
1248 491 1589 563 deceptoria
1601 491 1780 546 laude

151 587 386 645 fallentis
417 585 634 641 extolli.
650 584 761 639 Sed
776 580 1605 655 quomodolibetintelligetis,
1627 584 1779 634 certe

148 679 199 733 in
224 678 299 732 eis
324 691 477 748 quos
514 675 574 729 in
627 672 936 742 sacrilegio
991 670 1327 728 Maximiani
1377 669 1698 725 Felicianus
1728 670 1782 724 et

148 769 510 822 Praetextatus
543 763 1011 834 baptizaverunt,
1042 765 1146 816 aut
1174 764 1557 832 peccatorum
1581 758 1780 815 oleum

147 853 493 926 suscepistis,
524 853 811 908 autetiam
829 850 1247 923 peccatoribus
1270 854 1288 885 ²
1304 847 1781 903 ministrantibus

145 943 337 1001 datum
370 942 581 1000 Christi
610 956 739 997 esse
768 940 967 996 oleum
998 938 1383 1009 cognovistis.
1405 941 1602 1008 Neque
1619 936 1779 992 enim

142 1048 251 1088 non
277 1038 444 1088 erant
475 1035 838 1103 peccatores,
869 1028 1118 1101 quando
1146 1026 1344 1083 deillis
1377 1026 1435 1081 in
1464 1026 1782 1095 Vagaiensi

142 1120 378 1179 concilio
410 1120 725 1175 dicebatur
757 1120 1021 1175 :Famosi
1073 1116 1342 1172 criminis
1364 1131 1513 1181 reos,
1541 1116 1645 1187 qui
1678 1116 1784 1183 fu-

142 1218 288 1267 nesto
302 1224 479 1279 opere
489 1208 865 1277 perditionis,
890 1223 992 1264 vas
1009 1206 1315 1261 sordidum
1334 1207 1584 1261 collecta
1610 1205 1786 1273 faecie-

143 1299 311 1355 lentia
375 1299 845 1369 glutinarunt’,
895 1297 1208 1353 damnatos
1266 1310 1387 1351 esse
1440 1296 1782 1365 cognoscite.

202 1388 419 1444 CAPUT
452 1388 544 1442 lll.
568 1418 635 1427 —
669 1393 722 1442 7.
747 1388 861 1441 Ista
887 1387 961 1441 de
1012 1385 1313 1456 Baptismo
1357 1382 1576 1438 dixisse
1607 1381 1783 1439 suﬂ‘e-

139 1476 283 1533 cerit.
306 1476 505 1532 Causa
536 1491 677 1531 vero
709 1474 1105 1547 separationis
1130 1479 1337 1529 vestra:
1365 1472 1456 1527 his
1480 1472 1629 1527 solet
1658 1487 1781 1527 non

136 1565 432 1623 intellectis
448 1564 805 1621 testimoniis
820 1562 1094 1618 colorari.
1105 1562 1291 1633 Script
1302 1578 1397 1616 nm
1412 1566 1503 1616 est
1518 1562 1618 1618 :Nc
1632 1576 1782 1617 com-

138 1655 383 1711 munices
405 1654 668 1723 peccatis
705 1652 908 1709 alienis
929 1655 969 1724 (I
1009 1653 1154 1707 Tim.
1178 1650 1361 1722 v,22).
1400 1650 1513 1707 Sed
1540 1666 1783 1721 respon-

135 1742 448 1806 detur,eum
464 1741 897 1797 communicare
910 1740 1170 1812 peccatis
1183 1738 1517 1810 alienis,qui
1532 1753 1782 1793 consen-

142 1832 377 1887 titmalis
402 1831 607 1897 factis;
632 1847 749 1886 non
781 1846 940 1895 eum,
973 1828 1227 1901 quicum
1260 1828 1386 1899 ipse
1406 1827 1479 1882 sit
1504 1826 1779 1893 triticum,

137 1920 298 1976 simul
312 1925 521 1977 tamen
540 1935 676 1975 cum
697 1918 1079 1991 palea,quam
1097 1916 1197 1971 diu
1232 1932 1369 1972 area
1386 1915 1782 1985 retrituratur,

135 2009 335 2065 divinis
348 2024 485 2064 com
497 2006 1198 2064 municatSacramentis.
1217 2005 1509 2076 Scriptum
1525 2004 1781 2059 estenim

133 2099 295 2155 Exite
306 2098 531 2167 inde,et
546 2096 919 2153 immundum
940 2094 1336 2165 netetigeritis
1350 2116 1369 2164 ;
1384 2099 1458 2159 et,
1486 2094 1638 2161 Quid
1660 2093 1785 2149 teti-

132 2191 267 2258 gerit
281 2189 613 2259 pollutum,
632 2188 901 2255 pollutus
928 2192 1005 2241 est
1052 2184 1207 2257 (Isai.
1243 2200 1334 2248 Ln,
1368 2185 1451 2255 ll)
1475 2200 1487 2249 ;
1515 2184 1612 2238 sed
1646 2198 1781 2237 con-

135 2277 394 2332 sensione
424 2275 771 2338 voluntatis,
813 2290 936 2346 qua
975 2274 1260 2345 deceptus
1308 2277 1395 2327 est
1453 2271 1638 2327 homo
1670 2270 1785 2342 pri-

135 2382 275 2435 mus,
291 2381 412 2422 non
437 2363 897 2420 conversatione
912 2362 1195 2433 corporis,
1212 2377 1333 2432 qua
1347 2365 1402 2415 et
1416 2361 1442 2413 J
1451 2360 1601 2415 udas
1613 2375 1785 2415 oscu-

134 2455 274 2510 latus
304 2459 397 2509 est
412 2453 737 2509 Christum.
771 2452 961 2507 Pisces
991 2450 1218 2523 quippe
1241 2450 1345 2514 illi,
1375 2450 1448 2505 de
1475 2448 1698 2521 quibus
1722 2447 1782 2502 in

135 2543 446 2614 Evangelio
490 2542 783 2596 Dominus
810 2540 1101 2612 loquitur,
1149 2538 1294 2594 boni
1356 2544 1410 2593 et
1461 2536 1603 2593 mali
1630 2537 1784 2592 intra

133 2634 329 2687 eadem
361 2632 539 2697 retia,
578 2631 799 2702 quibus
821 2628 1302 2699 congregationis
1333 2631 1566 2699 coaptat
1596 2625 1782 2681 unita-

132 2725 258 2789 tem,
290 2736 495 2792 usque
526 2720 603 2775 ad
636 2718 815 2773 ﬁnem
848 2717 1068 2783 saeculi,
1098 2717 1263 2790 quod
1296 2718 1505 2772 littoris
1538 2715 1782 2771 nomine

135 2812 551 2882 praeﬁguratur
591 2808 835 2877 (Matth.
867 2824 990 2875 xm,
1038 2806 1126 2872 48,
1172 2806 1263 2877 49)
1311 2807 1529 2878 pariter
1570 2809 1783 2859 natant

132 2898 479 2972 corporibus
510 2897 699 2962 mixti,
732 2896 839 2952 sed
873 2897 1144 2952 moribus
1176 2895 1457 2967 separati.
1486 2895 1779 2965 Scriptum

133 2994 204 3044 est
228 2989 412 3053 enim,
443 2986 749 3043 Modicum
775 2988 1139 3056 fermentum
1169 2991 1348 3040 totam
1380 2998 1633 3040 massam
1657 2998 1783 3038 cor-

132 3080 342 3148 rumpit
368 3078 414 3149 (1
434 3078 579 3133 Cor.
596 3092 649 3139 v,
675 3075 753 3144 6),
770 3074 873 3131 sed
887 3090 1096 3130 eorum
1114 3075 1217 3146 qui
1231 3074 1608 3129 consentiunt
1622 3071 1783 3126 mala

131 3166 505 3231 facientibus,
530 3180 647 3220 non
671 3180 877 3220 eorum
906 3164 1029 3236 qui,
1059 3163 1392 3219 secundum
1427 3162 1783 3233 prophetam

132 3255 796 3323 Ezechielem,gemunt,
821 3257 877 3308 et
904 3257 1156 3308 moerent
1179 3250 1258 3306 ob
1301 3251 1645 3322 iniquitates
1680 3265 1783 3320 po-

130 3345 243 3416 puli
272 3346 391 3411 Dei,
429 3359 575 3416 quee
601 3342 751 3398 ﬁunt
774 3343 832 3398 in
854 3341 1059 3398 medio
1085 3356 1294 3397 eorum
1325 3339 1562 3412 (Ezech.
1593 3355 1672 3405 1x,
1695 3338 1776 3410 4).

191 3435 243 3490 8.
272 3436 455 3490 Istam
491 3430 1262 3503 malorumpermixtionem
1286 3429 1469 3499 gemit
1499 3433 1553 3483 et
1580 3426 1785 3484 Daniel

132 3520 292 3591 (Dan.
332 3539 415 3588 ix,
436 3522 629 3592 5-16):
652 3524 766 3576 tres
788 3536 1033 3593 quoque
1051 3519 1155 3574 viri
1197 3517 1676 3589 gemueruntUd.
1702 3532 1779 3581 ιιι,

131 3613 329 3680 28-31);
352 3611 450 3667 ille
487 3610 681 3665 hocin
701 3608 1161 3674 oratione,illiin
1179 3607 1423 3663 fornace
1445 3610 1738 3662 testantur
1767 3620 1782 3658 :

132 3714 225 3756 nec
246 3707 453 3756 tamen
472 3715 534 3754 se
551 3698 629 3753 ab
649 3698 873 3754 unitate
896 3697 1123 3769 populi,
1144 3698 1317 3768 cujus
1333 3700 1579 3767 peccata
1599 3695 1786 3750 conti-

128 3790 416 3853 tebantur,
438 3788 740 3859 corporali
756 3788 1149 3858 disjunctioue
1164 3790 1613 3857 separaverunt.
1648 3784 1784 3838 Pro-

130 3878 306 3949 phetas
320 3893 543 3933 omnes
557 3878 616 3932 in
638 3880 917 3932 eumdem
932 3874 1224 3948 populum
1244 3876 1439 3947 inquo
1452 3877 1783 3944 erant,qute

132 3972 178 4020 et
194 3972 424 4038 quanta
437 3965 744 4021 dixerunt!
759 3981 865 4020 nec
878 3964 989 4019 sibi
1004 3968 1206 4021 tamen
1221 3963 1474 4019 alterum
1490 3961 1783 4034 populum

132 4053 307 4128 inquo
324 4059 559 4119 essent,
579 4053 938 4109 discessione
952 4052 1246 4125 corporali
1265 4052 1356 4107 vel
1374 4050 1785 4121 segregatione

133 4146 518 4215 quaesierunt.
545 4142 938 4215 IpsiApostoli
957 4143 1318 4215 permixtum
1348 4142 1460 4196 sibi
1475 4140 1785 4197 diabolum

136 4232 339 4289 Iudam
364 4248 566 4305 usque
586 4232 646 4287 in
661 4232 989 4303 ﬁnem,quo
1004 4248 1064 4285 se
1078 4232 1204 4304 ipse
1220 4232 1400 4287 etiam
1424 4230 1642 4302 laqueo
1661 4245 1787 4301 per-

134 4320 292 4388 didit,
322 4323 459 4378 sine
478 4320 705 4376 ullasui
723 4320 1229 4377 contaminatione
1243 4319 1590 4385 tolerarunt,
1614 4319 1694 4375 ita
1725 4323 1789 4375 ut

137 4409 458 4467 dicereteis
474 4410 1209 4482 Dominus,propterillius
1232 4408 1381 4463 inter
1403 4423 1506 4463 eos
1526 4423 1788 4479 praesen-

131 4498 297 4555 tiam:
326 4502 394 4555 Et
415 4514 520 4556 vos
550 4498 761 4555 mundi
785 4500 941 4566 estis,
968 4499 1070 4554 sed
1086 4513 1204 4553 non
1221 4512 1419 4553 omnes
1438 4499 1630 4568 (Joan.
1664 4513 1784 4563 xm,

134 4588 357 4659 {0).Nec
374 4588 629 4644 obillius
643 4587 1407 4658 immunditiam,tanquam
1423 4585 1712 4641 fermento
1727 4585 1788 4641 in

130 4676 206 4731 eis
217 4676 610 4733 dissimilium
632 4692 864 4732 morum
880 4692 1084 4732 massa
1098 4681 1380 4747 corrupta
1393 4680 1474 4730 est
1487 4678 1621 4730 .Nec
1636 4680 1790 4731 recte

130 4764 412 4823 afﬁrmari
429 4771 627 4838 potest
657 4766 819 4837 quod
833 4781 935 4821 eos
954 4764 1108 4821 illius
1123 4764 1346 4820 latebat
1366 4764 1653 4835 nequitia,
1678 4763 1787 4819 nisi

134 4850 270 4909 forte
282 4870 414 4928 qua
434 4854 818 4910 fueratetiam
831 4853 1143 4910 Dominum
1158 4851 1503 4908 traditurus:
1523 4868 1662 4908 nam
1676 4851 1788 4924 ipsi

134 4940 201 4996 de
220 4942 320 4999 illo
354 4942 724 5015 scripserunt
748 4943 911 5014 quod
928 4943 1020 4998 tur
1040 4946 1182 5007 erat,
1208 4946 1263 4997 et
1287 4940 1491 4996 omnia
1512 4957 1645 5012 quae
1662 4943 1792 4997 mit-

136 5030 413 5088 tebantur
446 5032 518 5089 de
544 5030 862 5086 dominicis
896 5030 1102 5087 loculis
1128 5030 1433 5087 auferebat
1456 5030 1652 5101 (Joan.
1686 5047 1788 5099 xu,

141 5121 350 5185 6).Non
362 5121 455 5175 eis
473 5121 796 5192 quisquam
818 5119 1301 5176 calumniabatur
1316 5120 1420 5175 illo
1437 5120 1788 5187 testimonio,

151 5208 447 5265 Videbatis
459 5210 681 5281 furem,
698 5215 751 5266 et
767 5210 1202 5267 eoneurrebatis
1216 5225 1348 5266 cum
1362 5224 1425 5265 eo
1439 5208 1629 5280 (Psal.
1646 5227 1788 5276 χιιι,

143 5298 222 5367 18)
251 5314 266 5353 :
299 5307 358 5354 et
392 5298 563 5354 factis
585 5298 745 5354 enim
773 5299 1093 5365 malorum,
1128 5315 1245 5355 non
1271 5301 1791 5356 Sacramentorum

137 5388 587 5453 communione,
607 5388 705 5444 sed
719 5388 1071 5445 eorumdem
1088 5388 1377 5445 factorum
1400 5389 1791 5447 consensione

194 5575 212 5607 '
231 5574 384 5637 Lov.,
413 5576 629 5627 conseri.

196 5638 213 5667 ³
245 5640 403 5696 Lov.,
437 5644 770 5699 peccatorum.

197 5700 216 5728 ³
247 5701 396 5757 Lov.,
435 5702 778 5765 glutinorum.

3438 194 3546 253 410

1890 314 2282 371 concurritur.
2308 316 2628 388 Apostolus
2642 317 2857 375 Paulus
2875 325 3169 391 quantum
3181 320 3421 377 dsfalsis
3433 320 3546 377 fra-

1889 402 2077 459 tribus
2105 407 2487 477 conqueritur
2511 407 2585 477 (ΙΙ
2615 408 2751 464 Cor.
2782 424 2862 473 X1,
2894 412 2984 473 26)
3015 412 3027 467 l
3057 425 3317 482 quorum
3344 415 3545 467 tamen

1890 493 2183 563 corporali
2198 494 2591 564 permixtione
2607 512 2725 551 non
2743 497 3175 563 maculabatur,
3191 499 3388 555 cordis
3410 499 3545 570 puri

1891 580 2231 639 diversitate
2246 584 2325 653 sej
2339 587 2714 639 unctus.Nam
2731 587 3132 658 aquibusdam
3149 604 3296 659 quos
3309 589 3544 643 invidos

1891 674 2161 737 noverat,
2195 672 2417 739 gaudet
2446 673 2744 728 Christum
2793 676 3010 745 pariter
3040 676 3351 747 praedicari
3381 676 3539 747 (Phi-

1895 759 2118 827 lipp.1,l
2132 760 2361 831 5-18);et
2376 762 2578 832 utique
2596 761 2822 818 invidia
2835 762 3200 819 diabolicum
3216 764 3418 819 vitium
3434 764 3550 834 est;

1961 849 2014 902 9.
2056 850 2358 905 Postremo
2397 852 2711 921 episcopus
2757 852 3106 923 Cyprianus,
3137 854 3264 922 jam
3292 852 3546 908 Ecclesia

1893 936 2196 1007 copiosius
2213 938 2734 1004 dilatata,vicinior
2751 940 3118 1012 temporibus
3133 942 3465 1012 nostris,cuj
3479 957 3545 995 us

1893 1026 2235 1082 auctoritate
2265 1026 2588 1099 aliquando
2610 1030 3016 1100 repetitionem
3034 1030 3312 1101 Baptismi
3340 1030 3549 1085 conﬁr-

1892 1129 2057 1169 mare
2089 1116 2412 1181 conamini,
2449 1133 2581 1171 cum
2624 1116 2771 1171 illud
2817 1118 3131 1173 concilium
3169 1119 3266 1189 (a),
3316 1118 3406 1172 vel
3449 1117 3548 1173 illa

1893 1202 2192 1275 scripta,si
2210 1221 2343 1260 vere
2359 1205 2545 1275 ipsius
2560 1207 3289 1278 sunt,etnon,sicutaliqui
3314 1210 3543 1278 putant,

1893 1291 2006 1347 sub
2037 1293 2166 1363 ejus
2199 1294 2442 1349 nomine
2464 1295 2801 1366 conscripta
2833 1302 3011 1368 atque
3055 1296 3329 1361 conﬁcta,
3363 1296 3547 1351 conti-

1891 1387 2074 1437 neant
2103 1387 2394 1453 quantum
2424 1382 2686 1438 dilexerit
2718 1385 3022 1453 unitatem,
3054 1385 3363 1456 quomodo
3396 1387 3453 1439 in
3476 1401 3547 1440 ea

1894 1470 2256 1536 tolerandos,
2280 1471 2460 1527 etiam
2490 1479 2696 1528 contra
2717 1474 3015 1545 quosipse
3030 1474 3343 1539 sentiebat,
3378 1489 3545 1545 aper-

1892 1558 2125 1615 tissima
2150 1559 2563 1616 exhortatione
2586 1561 2945 1617 consuluerit
2976 1564 3015 1627 ί,
3051 1578 3124 1617 ne
3147 1563 3313 1634 pacis
3339 1562 3549 1617 vincu-

1893 1647 2018 1703 lum
2053 1654 2430 1721 rumperetur
2464 1665 2477 1704 ε
2530 1650 2591 1704 id
2621 1650 3009 1721 potissimum
3041 1651 3376 1718 attendens,
3404 1650 3548 1722 quia

1896 1737 1946 1793 si
1980 1738 2115 1809 quis
2146 1738 2461 1805 alterutris,
2490 1739 2711 1811 quibus
2742 1740 2905 1795 aliud
2936 1740 3167 1796 videtur
3188 1756 3373 1812 quam
3404 1740 3547 1795 veri-

1895 1834 1986 1885 tas
2015 1828 2216 1897 habet,
2240 1828 2545 1885 humanus
2576 1845 2738 1885 error
2767 1830 3084 1902 irrepserit,
3120 1831 3379 1886 fraterna
3404 1845 3549 1885 con-

1896 1917 2101 1973 cordia
2132 1919 2431 1974 custodita
2461 1920 2719 1975 charitas
2754 1920 2932 1975 etiam
2974 1921 3239 1992 cooperit
3288 1918 3545 1974 multitu-

1894 2007 2096 2062 dinem
2130 2015 2529 2079 peccatorum.
2556 2009 2718 2064 Hanc
2741 2009 2837 2064 ille
2860 2009 2941 2064 sic
2966 2008 3168 2076 tenuit,
3197 2009 3279 2064 sic
3301 2007 3544 2073 amavit,

1895 2100 1958 2151 ut
1982 2096 2029 2150 si
2059 2097 2204 2168 quid
2234 2097 2403 2152 aliter
2431 2112 2616 2167 quam
2647 2112 2739 2152 res
2771 2102 2877 2163 est,
2922 2097 2996 2152 de
3039 2096 3319 2168 Baptismi
3351 2111 3548 2151 sacra-

1896 2190 2095 2240 mento
2127 2184 2503 2257 sapuerat,id
2517 2201 2761 2256 quoque
2776 2186 2931 2240 Deus
2956 2185 3035 2241 illi
3064 2184 3373 2248 revelaret,
3395 2184 3547 2239 sicut

1895 2273 2216 2345 Apostolus
2246 2274 2532 2329 fratribus
2563 2274 2623 2328 in
2655 2274 2941 2330 charitate
2966 2273 3423 2329 ambulantibus
3452 2272 3547 2327 di-

1895 2363 2016 2417 cit:
2075 2363 2362 2433 Quotquot
2416 2378 2542 2432 ergo
2594 2364 2857 2432 perfecti,
2900 2363 3010 2419 hoc
3039 2366 3384 2431 sapiamus;
3409 2372 3459 2418 et
3496 2361 3548 2417 si

1896 2452 2037 2523 quid
2065 2453 2244 2508 aliter
2275 2452 2505 2521 sapitis,
2531 2452 2596 2507 id
2622 2467 2853 2524 quoque
2874 2452 3034 2508 vobis
3049 2454 3206 2508 Deus
3236 2452 3543 2508 reuelabit.

1906 2543 2321 2598 Verumtamen
2349 2543 2409 2596 in
2424 2542 2578 2612 quod
2592 2542 2985 2619 pervenimus,
3018 2542 3079 2595 in
3098 2556 3161 2596 eo
3189 2540 3549 2597 ambulemus

1892 2631 2001 2703 (Id.
2037 2647 2113 2700 ιιι,
2151 2636 2235 2695 15,
2287 2632 2397 2699 16).
2448 2634 2566 2686 Huc
2594 2631 2821 2686 accedit
2850 2631 3139 2702 quoniam
3172 2629 3547 2685 fructuosum

1894 2727 2288 2785 sarmentum,
2310 2719 2354 2774 si
2387 2719 2611 2791 aliquid
2634 2719 2894 2775 habebat
2916 2720 3113 2775 adhuc
3134 2719 3545 2790 purgandum,

1893 2809 2156 2878 gloriosa
2172 2808 2435 2880 martyrii
2461 2808 2607 2863 falce
2630 2812 2952 2879 purgatum
2968 2813 3058 2863 est
3084 2823 3096 2862 :
3128 2822 3248 2861 non
3279 2808 3422 2879 quia
3439 2823 3547 2879 pro

1892 2896 2099 2952 Christi
2125 2896 2367 2951 nomine
2381 2897 2614 2952 occisus
2644 2903 2749 2961 est,
2784 2896 2888 2951 sed
2919 2897 3059 2967 quia
3089 2911 3198 2967 pro
3218 2895 3428 2950 Christi
3449 2912 3548 2951 no-

1892 2987 2052 3042 mine
2076 2987 2132 3041 in
2156 2986 2383 3055 gremio
2402 2985 2640 3040 unitatis
2657 2986 2893 3041 occisus
2917 2990 3024 3040 est.
3045 2988 3192 3041 Nam
3217 2985 3343 3056 ipse
3366 2987 3545 3057 scrip-

1893 3074 1987 3133 sit.
2010 3080 2066 3130 et
2090 3074 2486 3130 ﬁdentissime
2518 3074 2749 3138 asserit,
2781 3088 2882 3129 eos
2912 3075 3015 3145 qui
3046 3079 3207 3129 extra
3237 3073 3542 3139 unitatem,

1892 3164 2125 3220 etiamsi
2147 3180 2254 3236 pro
2302 3163 2403 3220 illo
2445 3164 2688 3219 nomine
2725 3162 3073 3228 moriantur,
3112 3162 3303 3217 occidi
3344 3177 3543 3232 posse,

1894 3269 2014 3310 non
2049 3270 2228 3326 posse
2259 3253 2530 3311 coronari
2562 3252 2709 3325 (Lib.
2743 3252 2816 3309 de
2849 3253 2997 3319 unit,
3031 3252 3248 3322 Eccl.).
3291 3254 3544 3307 Tantum

1893 3343 2051 3399 valet
2080 3344 2201 3399 sive
2233 3343 2311 3399 ad
2337 3342 2613 3411 delenda,
2644 3342 2765 3397 sive
2816 3341 2893 3398 ad
2940 3340 3360 3397 confirmanda
3403 3356 3543 3410 pec-

1894 3436 2049 3499 cata,
2084 3433 2175 3488 vel
2205 3431 2522 3498 custodita,
2556 3431 2647 3487 vel
2678 3430 2901 3487 violata
2921 3431 3178 3486 charitas
3208 3429 3469 3485 unitatis.

1969 3527 2052 3578 l0.
2086 3523 2215 3594 Ipse
2245 3537 2386 3592 ergo
2427 3521 2520 3576 ille
2545 3520 2896 3593 Cyprianus,
2923 3536 3060 3575 cum
3094 3535 3196 3591 per
3218 3518 3546 3590 impiorum

1896 3612 2208 3668 Gentilium
2252 3611 2726 3683 persecutionem
2758 3613 2994 3664 vastata
3028 3607 3286 3664 Ecclesia
3325 3607 3544 3663 multos

1894 3699 2615 3773 plangeretlapsos,malis
2627 3699 2740 3753 hoc
2757 3697 3024 3753 moribus
3040 3696 3299 3752 tribuens
3313 3712 3543 3760 eorum,

1894 3791 1995 3862 qui
2015 3791 2073 3844 in
2107 3789 2237 3861 ipsa
2268 3788 2528 3843 Ecclesia
2550 3786 2882 3843 damnabili
2912 3786 3365 3841 conversatione
3392 3786 3545 3840 vive-

1892 3879 2058 3942 bant,
2091 3879 2165 3933 de
2209 3876 2569 3947 cellegarum
2614 3891 2862 3931 suorum
2894 3873 3160 3930 moribus
3199 3873 3402 3942 gemit,
3436 3888 3545 3928 nec

1896 3984 2072 4025 suum
2098 3966 2389 4038 gemitum
2414 3966 2644 4021 silentio
2666 3966 2808 4035 tegit
2841 3981 2854 4030 ;
2887 3965 2988 4019 sed
3021 3963 3162 4019 dicit
3187 3978 3290 4018 eos
3318 3962 3378 4017 in
3419 3966 3548 4017 tan-

1896 4062 2019 4113 tam
2051 4056 2435 4127 cupiditatem
2462 4054 2642 4111 fuisse
2663 4058 3110 4126 progressos,ut
3127 4051 3544 4116 esurientibus,

1896 4149 2073 4204 etiam
2102 4147 2162 4201 in
2207 4144 2465 4201 Ecclesia
2494 4143 2795 4210 fratribus,
2828 4142 3051 4199 habere
3083 4146 3397 4211 argentum
3428 4140 3549 4195 lar-

1896 4237 2045 4309 giter
2075 4235 2306 4301 vellent,
2340 4233 2560 4290 fundos
2581 4233 2883 4289 insidiosis
2912 4230 3223 4287 fraudibus
3246 4234 3544 4301 raperent,

1896 4325 2094 4383 usuris
2152 4322 2681 4395 multiplicantibus
2708 4321 2881 4376 fenus
2909 4324 3191 4388 augerent
3220 4320 3435 4389 (Serm.
3477 4317 3550 4374 de

1900 4414 2102 4483 lapsis,
2134 4428 2282 4470 vers.
2302 4412 2482 4483 init.).
2504 4412 2646 4467 Puto
2672 4411 2921 4465 istorum
2953 4408 3222 4471 avaritia,
3248 4405 3468 4468 fundis,
3494 4408 3550 4461 et

1898 4503 2100 4560 fenore
2128 4502 2491 4574 Cyprianum
2516 4515 2639 4555 non
2670 4498 2851 4553 fuisse
2882 4496 3247 4553 maculatum
3281 4510 3295 4560 ;
3327 4509 3437 4548 nec
3466 4497 3548 4549 ta-

1900 4607 2039 4647 men
2065 4591 2141 4647 ab
2170 4591 2253 4645 eis
2284 4605 2345 4645 se
2368 4586 2661 4659 corporali
2694 4586 3129 4656 segregatione,
3150 4582 3253 4638 sed
3275 4582 3405 4637 vitae
3432 4581 3548 4637 dis-

1900 4679 2282 4735 similitudine
2307 4678 2487 4733 fuisse
2508 4676 2900 4747 disjunctum.
2927 4675 3074 4729 Cum
3105 4672 3188 4728 eis
3216 4671 3400 4728 altare
3424 4670 3549 4727 teti-

1901 4770 1985 4839 git
2019 4790 2030 4833 ;
2062 4768 2167 4825 sed
2199 4765 2575 4822 immundam
2602 4764 2840 4819 illorum
2870 4762 3055 4819 vitam
3077 4761 3172 4817 ille
3198 4776 3321 4817 non
3340 4760 3546 4830 tetigit,

1900 4857 2148 4931 quando
2163 4857 2245 4912 sic
2260 4855 2707 4927 culpavitatque
2720 4852 3044 4922 redarguit.
3072 4850 3365 4907 Placentia
3380 4849 3549 4920 quip-

1898 4963 1973 5021 pe
1990 4946 2101 5003 ista
2131 4946 2498 5016 attinguntur
2516 4946 2557 5011 ²,
2587 4941 2963 5016 displicentia
2983 4940 3366 5013 repelluntur.
3387 4936 3550 4991 Ideo-

1900 5052 2015 5109 que
2042 5036 2122 5091 illi
2140 5036 2368 5108 optimo
2390 5034 2690 5105 episcopo,
2728 5048 2837 5088 nec
2855 5046 3130 5094 censura,
3158 5043 3280 5100 qua
3304 5027 3549 5097 peccata

1903 5130 2217 5191 coerceret,
2259 5139 2367 5179 nec
2396 5124 2627 5179 cautela
2666 5120 2871 5188 defuit,
2904 5135 3025 5192 qua
3063 5114 3305 5172 unitatis
3344 5114 3550 5169 vincu-

1900 5214 2027 5270 lum
2057 5213 2404 5269 custodiret.
2446 5212 2678 5281 Legitur
2720 5210 2847 5280 ejus
2899 5208 2959 5263 in
3004 5204 3271 5278 quadam
3301 5200 3549 5274 epistola

1902 5320 2088 5377 quam
2116 5303 2347 5375 scripsit
2364 5302 2436 5357 ad
2456 5300 2866 5372 presbyterum
2890 5296 3232 5358 Maximum,
3258 5293 3331 5349 de
3357 5292 3470 5348 hac
3487 5306 3550 5347 re

1901 5393 2064 5449 clara
2105 5396 2163 5447 et
2208 5396 2415 5463 aperta
2441 5386 2752 5451 sententia,
2802 5402 2922 5458 qua
2953 5384 3200 5440 omnino
3241 5382 3545 5455 praecepit,

1964 5579 1979 5609 ¹
1999 5577 2151 5634 Lov.,
2185 5579 2364 5625 contra
2394 5586 2648 5637 quoque...
2672 5571 2949 5625 consuluit.

1964 5642 1982 5672 ³
2015 5638 2163 5694 Lov.,
2190 5642 2502 5701 arguuntur.

1968 5703 2038 5763 (α)
2062 5690 2477 5764 Carthaginense
2502 5698 2626 5749 anni
2646 5697 2758 5759 256,
2781 5696 2846 5748 de
2858 5694 3250 5760 rebaptizandis
3266 5690 3544 5745 hmreticis.
