3996 6158
464 164 564 220 411

462 288 881 361 propheticum
907 286 1176 357 regulam
1205 292 1429 356 tenens,
1457 289 1621 346 nullo
1646 290 1825 347 modo
1844 290 2115 345 Ecclesiae

462 378 653 434 deseri
668 378 882 432 debere
901 378 1459 448 unitatem,propter
1473 379 1764 434 malorum
1781 379 2118 452 permixtio-

463 482 629 523 nem.
663 468 819 521 Nam
846 466 955 521 etsi
980 466 1280 533 videntur,
1304 468 1590 539 inquit,in
1606 469 1875 525 Ecclesia
1898 484 2018 524 esse
2041 469 2115 523 zi-

463 557 657 619 zania,
694 562 1018 610 nontamen
1049 556 1324 624 impediri
1353 558 1510 612 debet
1540 559 1685 625 ﬁdes
1714 564 1820 613 aut
1850 558 2117 614 charitas

463 652 691 708 nostra,
726 650 789 699 ut
818 645 1094 715 quoniam
1126 660 1247 701 esse
1275 647 1505 701 zizania
1544 649 1606 701 in
1646 649 1903 704 Ecclesia
1930 646 2114 703 cerni-

456 750 607 799 mus,
644 749 750 789 nos
782 735 853 789 de
882 735 1140 789 Ecclesia
1170 737 1533 791 recedamus.
1569 736 1998 792 Tantummodo
2020 752 2117 791 no-

467 823 551 877 bis
592 824 990 879 laborandum
1018 830 1120 888 est,
1168 830 1228 877 ut
1250 825 1625 892 frumentum
1675 840 1795 883 esse
1824 826 2117 895 possimus

467 913 684 980 (Epist.
715 912 829 982 51).

536 1004 620 1055 lt.
656 1002 841 1055 Istam
870 1001 1173 1058 charitatis
1208 1001 1398 1072 legem
1427 1019 1496 1059 ex
1526 1020 1626 1059 ore
1646 1004 1853 1060 Christi
1885 1002 2116 1059 Domini

462 1089 952 1161 promulgatam;
982 1091 1166 1161 ipsius
1189 1093 1349 1147 enim
1374 1093 1658 1161 suntistae
1674 1093 2114 1157 similitudines,

465 1183 521 1234 et
559 1179 631 1233 de
664 1178 900 1233 zizaniis
933 1195 1119 1250 usque
1161 1181 1238 1235 ad
1273 1187 1506 1252 tempus
1540 1184 1753 1237 messis
1802 1184 1861 1236 in
1896 1186 2118 1237 unitate

467 1266 592 1336 agri
622 1283 726 1337 per
756 1268 1053 1323 mundum
1088 1270 1325 1340 (Matth.
1360 1288 1481 1335 xm,
1515 1273 1726 1342 24-43),
1762 1272 1909 1326 etde
1944 1270 2117 1326 malis

465 1355 734 1427 piscibus
753 1372 941 1427 usque
973 1358 1047 1411 ad
1082 1363 1312 1429 tempus
1334 1359 1714 1415 littorisintra
1745 1360 1956 1416 eadem
1976 1361 2119 1414 retia

468 1444 792 1500 tolerandis
838 1446 1007 1516 (Ibid.
1051 1448 1241 1516 47-50)
1278 1448 1469 1512 ;hanc
1508 1464 1649 1518 ergo
1695 1448 1995 1505 charitatis
2044 1449 2119 1504 le-

468 1549 601 1605 gem
628 1535 675 1588 si
698 1534 956 1604 majores
985 1536 1156 1589 vestri
1183 1543 1378 1592 mente
1410 1538 1746 1604 retinerent,
1782 1539 1831 1593 si
1859 1554 1995 1593 cum
2022 1538 2118 1593 Dei

466 1623 675 1677 timore
701 1623 1048 1693 cogitarent,
1075 1639 1191 1679 non
1222 1632 1462 1696 propter
1490 1626 1890 1691 Caecilianum,
1910 1634 1965 1680 et
1992 1641 2111 1681 nes-

466 1712 557 1767 cio
579 1728 731 1782 quos
762 1711 954 1776 Afros,
980 1712 1122 1777 sive,
1153 1721 1213 1769 ut
1241 1716 1482 1785 putatis,
1515 1731 1723 1770 revera
1745 1716 2116 1780 criminosos,

468 1799 606 1865 sive,
638 1800 801 1872 quod
832 1802 1024 1870 magis
1053 1802 1418 1858 credendum
1448 1809 1553 1869 est,
1586 1803 1901 1859 Calumniis
1934 1819 2121 1875 appe-

467 1888 628 1953 titos,
653 1905 713 1944 se
742 1889 817 1944 ab
860 1890 1140 1957 Ecclesia,
1172 1908 1356 1963 quam
1387 1892 1702 1964 descripsit
1728 1894 1853 1964 ipse
1884 1893 2121 1964 Cypria-

466 1993 599 2043 nus,
643 1994 748 2050 per
776 1994 986 2034 omnes
1019 1986 1222 2049 gentes
1248 1982 1448 2037 radios
1500 1998 1643 2038 suos
1674 1981 2033 2053 porrigente,
2068 1987 2122 2036 et

464 2082 669 2122 ramos
702 2084 843 2123 suos
878 2084 980 2138 per
1006 2084 1249 2123 omnem
1282 2074 1497 2125 terram
1527 2070 2001 2141 copiaubertatis
2026 2086 2119 2125 ex-

468 2157 766 2223 tendente,
786 2172 927 2222 non,
946 2158 1216 2229 inquam,
1234 2174 1342 2214 sea
1375 2164 1455 2214 tot
1477 2161 1749 2229 gentibus
1763 2158 2119 2225 christianis,

465 2261 599 2318 quae
628 2246 877 2301 omnino
909 2246 1245 2303 nescierunt
1279 2249 1403 2319 qui,
1437 2249 1527 2303 vel
1557 2249 1719 2321 quid,
1778 2249 1867 2304 vel
1903 2248 2123 2319 quibus

466 2334 1089 2403 objiciebantmefaria
1102 2338 1476 2407 separatione
1490 2338 1892 2393 discinderent
1915 2354 1927 2403 ;
1958 2338 2123 2410 quod

468 2438 588 2478 non
620 2423 704 2490 ﬁt,
743 2425 852 2478 nisi
880 2430 981 2479 aut
1005 2425 1306 2480 simultate
1333 2427 1565 2497 privata
1591 2426 1787 2497 potius
1809 2442 1993 2497 quam
2018 2427 2122 2479 uti-

464 2510 627 2566 litate
658 2513 988 2578 communi,
1023 2518 1126 2568 aut
1165 2514 1263 2568 illo
1309 2515 1448 2569 vitio
1481 2516 1644 2586 quod
1692 2518 2124 2586 consequenter

469 2599 803 2669 Cyprianus
832 2600 961 2672 ipse
990 2607 1396 2667 connumerat,
1419 2602 1852 2675 vitandumque
1866 2618 2126 2658 comme-

472 2693 683 2744 morat.
717 2692 865 2744 Nam
898 2706 1033 2745 cum
1064 2691 1443 2762 praecepisset
1474 2696 1714 2763 propter
1738 2692 1960 2747 zizania
1991 2708 2124 2762 quae

468 2778 528 2832 in
563 2778 819 2834 Ecclesia
840 2786 1181 2847 cernuntur,
1214 2798 1335 2836 non
1357 2798 1485 2837 esse
1510 2782 1829 2837 Ecclesiam
1854 2782 2125 2836 deseren-

470 2867 634 2931 dam,
671 2870 938 2941 sequitur
990 2874 1047 2924 et
1081 2870 1355 2941 adjungit
1407 2887 1419 2924 :
1480 2870 1662 2927 Nobis
1719 2872 2127 2927 tantummodo

476 2955 873 3013 laborandum
889 2962 970 3013 est
990 2962 1050 3012 ut
1057 2961 1431 3028 frumentum
1448 2975 1566 3015 esse
1581 2960 1890 3031 possimus,
1920 2967 1983 3014 ut
1998 2976 2124 3016 cum

470 3046 694 3117 casperit
720 3050 1085 3117 [ramentum
1121 3048 1438 3104 Dominicis
1465 3049 1692 3105 horreis
1740 3051 1931 3115 condi,
1961 3052 2126 3119 [ruc-

476 3141 599 3191 tum
618 3151 727 3205 pro
753 3152 927 3205 opere
956 3143 1010 3193 et
1041 3137 1245 3193 labore
1275 3145 1478 3193 nostro
1504 3138 1832 3206 capiamus.
1883 3140 2129 3205 Aposto-

479 3225 570 3279 lus
602 3225 665 3279 in
699 3226 974 3294 Epistola
1004 3241 1114 3281 sua
1144 3226 1308 3294 dicit,
1338 3248 1363 3274 ‹‹
1396 3227 1460 3280 1η
1493 3227 1660 3281 domo
1682 3233 1874 3281 autem
1909 3241 2129 3294 magna

476 3329 597 3368 non
629 3315 818 3369 solum
852 3321 989 3368 sunt
1041 3330 1184 3369 vasa
1212 3330 1396 3369 aurea
1427 3321 1479 3370 et
1512 3321 1813 3384 argentea,
1844 3315 1945 3369 sed
1988 3323 2038 3370 et
2064 3316 2131 3370 li-

474 3417 630 3472 gnea
658 3408 711 3458 et
741 3403 976 3470 ﬁctilia;
1000 3410 1049 3457 et
1085 3403 1357 3473 quaedam
1390 3403 1617 3473 quidem
1649 3404 2131 3473 honorata,qum-

477 3491 615 3545 dam
638 3490 999 3546 inhonorata
1037 3510 1064 3541 »
1096 3491 1165 3561 (Il
1196 3492 1342 3546 Tim.
1368 3509 1426 3556 ιι,
1459 3494 1553 3553 20)
1584 3511 1595 3549 :
1631 3507 1736 3547 nos
1766 3508 2005 3561 operam
2038 3494 2133 3549 de-

482 3594 635 3641 mus,
668 3586 722 3635 et
755 3586 1042 3649 quantum
1084 3596 1391 3648 possumus
1422 3581 1756 3636 laboremus
1788 3588 1852 3636 ut
1903 3597 2003 3637 vas
2030 3598 2134 3636 au-

480 3683 648 3725 reum
682 3671 774 3725 vel
802 3677 1149 3740 argenteum
1181 3669 1382 3726 simus.
1437 3670 1725 3726 Caeterum
1755 3670 1967 3739 ﬁctilia
1996 3686 2131 3725 vasa

480 3758 856 3829 confringere
868 3760 1117 3815 Domino
1128 3759 1242 3815 soli
1257 3774 1603 3815 concessum
1632 3762 1649 3795 ¹
1668 3765 1771 3825 est,
1788 3763 1885 3815 cui
1901 3768 1950 3815 et
1973 3760 2140 3829 virga

476 3849 677 3917 ferrea
707 3848 842 3905 data
881 3855 984 3906 est.
1019 3850 1156 3905 Esse
1184 3865 1302 3904 non
1330 3854 1523 3918 potest
1551 3851 1741 3919 major
1774 3850 2011 3904 domino
2032 3864 2136 3904 suo

479 3952 683 3993 servus
709 3959 731 4007 ,-
769 3953 876 3993 nec
905 3939 1211 4009 quisquam
1246 3938 1377 4003 sibi,
1409 3939 1568 4008 quod
1614 3938 1727 3993 soli
1754 3938 1909 3994 Filio
1957 3940 2140 3994 Pater

481 4025 711 4089 tribuit,
741 4026 1083 4089 vindicarit,
1108 4032 1169 4080 ut
1188 4042 1249 4082 se
1276 4033 1465 4096 putet,
1501 4034 1605 4082 aut
1629 4027 1698 4081 ad
1726 4042 1924 4083 aream
1952 4028 2142 4083 venti-

483 4114 727 4169 landam
749 4120 801 4169 et
812 4115 1208 4184 purgandum,
1240 4116 1484 4182 palam'
1515 4118 1566 4170 et
1595 4115 1987 4170 ventitabrum
2008 4117 2137 4183 jam

477 4202 638 4271 ferre
648 4208 943 4272 posse,aut
966 4218 1001 4258 a
1014 4204 1322 4272 frumento
1343 4202 1623 4258 universa
1640 4202 1869 4258 zizania
1884 4203 2143 4259 humano

473 4290 705 4361 judicio
718 4291 1300 4360 separare.Superba
1330 4298 1409 4347 est
1431 4292 1547 4347 ista
1572 4292 2031 4361 praisumptio,et
2055 4308 2142 4348 sa-

482 4381 708 4451 crilega
733 4381 1067 4446 obstinatio,
1096 4395 1271 4452 quam
1295 4381 1407 4437 sibi
1424 4382 1604 4450 furor
1632 4397 1854 4449 pravus
1877 4382 2141 4443 assumit,

482 4477 534 4527 et
561 4471 700 4526 dum
733 4472 847 4527 sibi
872 4486 1099 4540 semper
1120 4471 1383 4540 amplius
1410 4470 1644 4542 aliquid
1666 4473 1749 4539 (a)
1783 4486 1958 4541 quam
1988 4471 2146 4525 mitis

471 4560 711 4630 justitia
739 4560 1023 4630 deposcit,
1068 4568 1393 4627 assumunt,
1428 4562 1500 4615 de
1540 4559 1801 4615 Ecclesia
1847 4567 2097 4628 pereunt
2128 4576 2144 4625 ;

481 4655 533 4706 et
565 4650 702 4705 dum
728 4666 788 4705 se
818 4650 1150 4706 insolenter
1171 4650 1475 4715 extollunt,
1507 4652 1621 4721 ipso
1652 4664 1756 4704 suo
1784 4654 2007 4704 tumore
2048 4665 2149 4705 cas-

479 4740 617 4804 cati,
648 4739 916 4795 veritatis
960 4740 1163 4794 lumen
1204 4738 1513 4795 amittunt.

554 4832 637 4883 12.
670 4828 819 4893 Quid
853 4827 967 4883 hac
1002 4828 1286 4899 Cypriani
1312 4826 1680 4882 attestatione
1715 4826 1931 4882 clarius
1966 4824 2145 4898 ;quid

479 4918 792 4975 veracius?
810 4918 985 4974 Vides
999 4921 1227 4989 quanta
1242 4916 1590 4985 evangelica
1603 4921 1657 4971 et
1674 4916 2004 4987 apostolica
2021 4916 2151 4971 luce

479 5008 864 5079 praefulgeat;
902 5007 1068 5062 vides
1104 5021 1230 5070 eos,
1278 5006 1381 5076 qui
1418 5005 1579 5060 velut
1632 5006 1840 5060 offensi
1892 5021 1995 5076 pro
2041 5020 2151 5060 sua

479 5098 709 5171 justitia
774 5096 1184 5169 iniquitatibus
1238 5095 1467 5160 alienis,
1534 5095 1811 5149 Ecclesiae
1868 5095 2151 5148 deserunt

544 5294 559 5324 ¹
596 5291 1275 5349 Lov.,solicttum.——Forte
1295 5288 1593 5353 legendum
1610 5295 1705 5353 est,
1725 5288 1825 5336 soli
1849 5290 2059 5338 licitum.
2078 5290 2145 5338 M.

548 5356 566 5384 ²
598 5356 743 5410 Lov.,
760 5356 1140 5417 etpurgandam
1158 5352 1417 5418 paleanict
1434 5352 1794 5418 ventilabrum,
1811 5356 1909 5418 etc.
1927 5354 1989 5400 At
2004 5354 2146 5414 apud

491 5413 829 5494 Cyprianum
853 5413 1068 5494 legitur,
1090 5413 1266 5494 palum
1289 5418 1425 5494 ferre
1466 5416 1651 5494 setiam
1676 5428 1835 5477 posse.
1864 5415 1953 5494 Si‘c'
1988 5413 2146 5494 etiam

491 5477 633 5588 apud
670 5477 1029 5537 Augustinum
1057 5477 1109 5528 in
1142 5477 1333 5528 libro?
1359 5482 1499 5527 cont.
1527 5477 1790 5533 Crescon.,
1825 5491 1868 5525 c.
1902 5480 1979 5533 34,
2019 5483 2069 5527 ct
2095 5480 2146 5527 in

491 5540 527 5588 li
572 5573 583 5585 .
612 5540 641 5585 2
674 5544 815 5587 cont.
844 5541 1103 5588 Gaudent.
1132 5556 1177 5588 c.
1211 5543 1289 5588 13.
1326 5542 1428 5588 nisi
1454 5540 1596 5588 (mod
1629 5540 1909 5588 omittitur.
1939 5555 2003 5588 se.

491 5540 583 5613 lib‘.
674 5544 815 5613 cont:
844 5541 1103 5613 gaudent.
1132 5543 1289 5613 c._ttl,
1326 5542 1428 5613 nisi
1454 5540 1596 5613 quod
1629 5540 1909 5613 omittitur,
1939 5555 2003 5613 se.

560 5602 631 5675 tu)
660 5601 816 5663 Apud
847 5602 1417 5675 Cyprianum‘habetur
1440 5601 1542 5653 sic:
1574 5621 1597 5675 ᾳ
1622 5606 1671 5651 et
1701 5602 1829 5652 dum
1848 5603 2150 5653 dominium

495 5666 605 5716 sibi
638 5677 850 5725 semper
883 5664 1103 5726 quidam
1133 5665 1253 5727 plus
1274 5678 1455 5728 quam,
1482 5682 1506 5712 ι
1540 5668 1639 5716 etc.

1752 166 1813 221 S.
1841 162 2233 222 AUGUSTINI
2270 162 2597 221 EPISCOPI

3736 166 3830 222 M2

2227 288 2539 353 unitatem,
2556 288 2717 360 ipsos
2730 303 2861 344 esse
2874 288 3075 360 potius
3091 287 3358 359 iniquissi
3368 303 3514 343 mos.
3531 288 3693 344 Vides
3711 288 3835 346 toris

2227 393 2355 432 esse
2384 379 2623 449 zizania,
2653 394 2756 433 eos
2786 378 2887 450 qui
2921 377 3237 432 noluerunt
3266 378 3323 431 in
3356 378 3569 433 unitate
3598 379 3715 446 agri
3747 380 3838 433 Do-

2228 466 2369 521 mini
2401 467 2640 531 zizania,
2665 467 2928 522 tolerare.
2956 466 3139 521 Vides
3170 466 3311 519 foris
3330 481 3455 520 esse
3478 465 3721 535 paleam,
3754 482 3840 521 eos

2225 556 2327 628 qui
2362 556 2681 611 noluerunt
2710 556 2769 610 in
2799 556 3021 610 unitate
3051 556 3268 609 domus
3296 570 3529 623 magnae
3561 554 3692 609 talia
3721 555 3843 609 tole-

2224 660 2376 700 rare.
2412 645 2587 701 Vides
2639 660 2825 716 quam
2881 644 3169 699 veraciter
3210 645 3492 713 scriptum
3534 647 3638 707 est,
3678 643 3846 697 Filius

2226 735 2423 790 malus
2452 733 2575 803 ipse
2593 750 2650 788 se
2672 736 2890 803 justum
2916 733 3058 789 dicit
3080 733 3333 803 ;ea‘itum
3354 736 3542 787 autem
3562 747 3723 786 suum
3744 747 3847 787 non

2226 821 2417 877 abluit
2447 824 2649 891 (Prov.
2684 838 2841 886 xxxv,
2870 837 2980 878 sec.
3026 822 3189 892 LXX)
3216 837 3227 876 :
3262 821 3484 875 exitum
3516 819 3847 891 scilicetquo

2227 912 2344 967 exit
2370 911 2443 965 de
2476 911 2753 977 Ecclesia,
2779 926 2897 966 non
2927 917 3164 983 purgat,
3194 926 3313 965 non
3344 914 3604 974 excusat,
3637 924 3748 964 non
3765 909 3849 963 de-

2225 998 2429 1065 fendit,
2465 1016 2584 1055 non
2616 1016 2831 1071 purum
2864 1005 2920 1055 et
2960 1000 3088 1054 sine
3138 999 3384 1054 crimine
3424 998 3716 1063 ostendit;
3752 997 3849 1052 hoc

2227 1094 2317 1143 est
2340 1089 2520 1154 enim,
2552 1106 2666 1144 non
2692 1089 2881 1144 abluit
2912 1112 2929 1159 ,-
2958 1088 3103 1160 quia
3132 1088 3178 1142 si
3213 1104 3333 1143 non
3367 1087 3847 1159 seipsumjustum

2224 1178 2462 1243 diceret,
2496 1178 2599 1232 sed
2625 1194 2756 1231 vere
2784 1194 2850 1233 ac
2879 1178 3139 1247 legitime
3166 1178 3362 1247 justus
3409 1180 3583 1237 esset,
3612 1190 3725 1230 non
3763 1174 3851 1229 bo-

2226 1282 2336 1321 nos
2368 1273 2602 1340 propter
2624 1267 2813 1322 malos
2842 1267 3191 1338 impiissime
3214 1266 3532 1331 desereret,
3557 1264 3657 1319 sed
3684 1262 3849 1319 malos

2228 1361 2467 1427 propter
2498 1356 2690 1411 bonos
2720 1356 3147 1426 patientissime
3170 1356 3511 1418 sustineret,
3534 1355 3718 1408 donec
3741 1353 3850 1424 ipse

2227 1444 2531 1507 Dominus,
2567 1444 2688 1499 sive
2720 1460 2824 1515 per
2853 1462 2936 1510 se,
2970 1445 3088 1499 sive
3120 1460 3224 1516 per
3251 1442 3505 1512 Angelos
3528 1458 3686 1509 suos,
3714 1458 3744 1495 a
3772 1442 3850 1495 tri-

2227 1533 2341 1588 tico
2372 1532 2614 1598 zizania,
2645 1550 2679 1589 a
2710 1532 3020 1588 frumentis
3045 1532 3265 1605 paleas,
3300 1548 3335 1586 a
3363 1531 3520 1586 vasis
3549 1530 3852 1585 misericor-

2227 1621 2340 1677 diae
2370 1638 2518 1676 vasa
2549 1622 2670 1686 iraa,
2698 1628 2753 1676 et
2780 1622 2986 1677 haedos
3021 1623 3098 1677 ab
3138 1620 3379 1686 ovibus,
3408 1620 3602 1692 pisces
3627 1618 3799 1673 malos
3822 1634 3849 1673 a

2228 1710 2403 1765 bonis
2437 1711 2491 1764 in
2518 1710 2635 1765 ﬁne
2662 1712 2857 1765 smculi
2888 1716 3212 1782 separaret.

2301 1800 2526 1855 CAPUT
2552 1800 2728 1854 IV.—
2764 1802 2848 1854 13.
2894 1800 3006 1855 Sed
3039 1801 3085 1854 si
3119 1798 3464 1854 testimonia
3504 1796 3602 1852 illa
3626 1797 3853 1867 Scriptu-

2226 1902 2453 1951 rarum,
2476 1903 2610 1959 quae
2636 1888 2887 1958 majores
2928 1888 3102 1942 vestri
3133 1887 3211 1941 ad
3254 1886 3653 1941 dividendum
3692 1899 3850 1955 popu-

2226 1975 2353 2031 lum
2384 1976 2504 2040 Dei,
2542 1978 2628 2031 vel
2662 1976 3065 2045 intelligenda,
3099 1975 3188 2031 vel
3231 1975 3595 2047 proferenda
3616 1973 3855 2028 credide-

2231 2072 2385 2129 runt,
2420 2066 2585 2120 aliter
2623 2082 2808 2137 quam
2866 2066 3205 2121 divinorum
3252 2064 3631 2136 eloquiorum
3673 2076 3855 2117 sensus

2230 2154 2508 2225 postulat,
2540 2156 2806 2225 accipere
2835 2156 3161 2218 conamini,
3190 2155 3315 2223 jam
3346 2153 3597 2208 desinite
3639 2171 3651 2210 :
3692 2156 3857 2206 atten-

2231 2244 2350 2298 dite
2390 2242 2533 2297 illud
2582 2244 2893 2314 speculum
2948 2244 3112 2315 quod
3168 2243 3246 2297 ad
3302 2258 3412 2298 vos
3443 2239 3854 2304 admonendos,

2235 2333 2385 2386 Deus
2414 2332 2980 2397 misericordissima,
3018 2332 3060 2386 si
3095 2331 3318 2403 sapitis,
3346 2330 3687 2401 provisione
3712 2343 3855 2383 cons-

2232 2419 2407 2475 tituit.
2441 2420 2695 2475 Causam
2736 2420 2870 2476 dico
2914 2420 3205 2485 Feliciani,
3254 2420 3431 2476 Fidei
3461 2419 3751 2482 amulum,
3781 2431 3854 2471 ve-

2233 2508 2429 2564 ritatis
2468 2510 2829 2572 adulterum,
2884 2511 3158 2566 Ecclesiae
3206 2509 3441 2574 matris,
3490 2509 3642 2563 sicut
3687 2506 3738 2561 in
3770 2507 3859 2560 Va-

2231 2598 2454 2668 gaiensi
2471 2598 2718 2653 concilio
2732 2600 3163 2654 conclamatum
3179 2595 3855 2663 est,inimicum.Dathan,

2233 2688 2396 2751 Core,
2440 2694 2495 2741 et
2517 2687 2739 2742 Abirou
2760 2688 3096 2743 ministrum
3134 2706 3148 2754 ;
3177 2687 3251 2743 de
3281 2703 3406 2759 quo
3437 2686 3695 2758 amplius
3726 2682 3861 2738 addi-

2232 2776 2448 2831 derunt
2480 2778 2640 2848 quod
2671 2794 2807 2832 eum
2846 2783 3048 2848 aperta
3082 2782 3232 2832 terra
3266 2792 3388 2831 non
3419 2775 3744 2838 absorbuit,
3775 2771 3859 2825 sed

2234 2866 2308 2919 ad
2338 2865 2534 2935 majus
2562 2865 2917 2938 supplicium
2969 2868 3200 2937 superis
3226 2867 3241 2901 ¹
3277 2880 3639 2921 reservasse.
3668 2865 3859 2933 Raptus

2232 2955 2409 3019 enim,
2443 2954 2742 3025 inquiunt,
2776 2971 3009 3024 pmnam
3038 2970 3205 3010 suam
3243 2955 3597 3024 compendio
3625 2954 3860 3008 lucrare-

2234 3048 2332 3097 rat
2389 3043 2682 3112 funeris,-
2739 3058 2953 3099 usuras
3036 3060 3197 3098 nunc
3290 3046 3601 3114 graviores
3666 3037 3863 3108 colligit

2230 3133 2462 3201 funeris
2495 3139 2537 3199 ³,
2561 3150 2694 3189 cum
2724 3136 2973 3190 mortuis
2998 3134 3241 3191 interest
3281 3138 3473 3191 vivus.
3502 3136 3707 3200 Quer
3729 3130 3861 3184 enim

2238 3228 2433 3277 utrum
2502 3224 2681 3277 istum
2736 3229 2871 3278 tunc
2925 3224 3307 3279 immundum
3393 3230 3694 3279 mortuum
3762 3215 3862 3273 teti-

2238 3317 2449 3381 gerunt
2477 3312 2554 3366 illi
2588 3313 2687 3384 qui
2724 3329 2861 3367 cum
2876 3329 2944 3369 eo
2968 3312 3406 3383 conspirantes,
3426 3310 3700 3367 Primiani
3726 3309 3865 3362 inno-

2238 3402 2492 3456 centiam
2526 3401 2983 3458 damnaverunt.
3024 3402 3078 3457 Si
3122 3402 3281 3457 enim
3312 3403 3654 3473 tetigerunt,
3689 3397 3862 3469 utique

2239 3489 2847 3559 pollutumtangendo
2867 3490 3074 3561 polluti
3090 3496 3240 3545 sunt.
3272 3492 3384 3545 Cur
3406 3506 3521 3560 ego
3542 3491 3600 3545 in
3622 3486 3860 3558 ejusdem

2240 3579 2685 3643 communione,
2728 3585 2907 3651 atque
2952 3596 2988 3635 a
3023 3586 3214 3635 vestra
3253 3579 3573 3651 separatis,
3610 3584 3861 3648 tanquam

2240 3667 2660 3723 innocentibus
2693 3668 2896 3723 dilatio
2912 3668 3203 3723 redeundi
3222 3670 3592 3733 conceditur,
3609 3667 3664 3722 in
3686 3660 3862 3733 integri

2242 3757 2487 3812 honoris
2501 3757 2987 3827 acﬁdeiregressi
3001 3758 3263 3813 habeant
3285 3757 3698 3818 fundamenta,
3717 3748 3863 3822 etqui

2243 3849 2532 3917 tanquam
2569 3845 2925 3901 ordinationi
2956 3846 3294 3902 Maximiani
3342 3862 3466 3901 non
3506 3843 3861 3901 interfuerint,

2245 3940 2589 3990 mereantur
2619 3936 2824 3990 audire
2873 3935 3037 4007 quod
3069 3950 3161 3991 eos
3205 3935 3488 4005 sacrilegi
3522 3931 3743 3989 surculi
3766 3942 3863 3983 non

2243 4024 2587 4093 polluerunt
2633 4025 2963 4092 plantaria,
3013 4023 3072 4079 in
3105 4024 3316 4079 eadem
3358 4030 3530 4094 parte
3562 4022 3791 4094 positos,
3820 4016 3866 4069 in

2247 4112 2459 4167 eodem
2494 4112 2814 4167 schismate
2850 4112 3179 4181 colligatos,
3232 4129 3267 4168 a
3296 4112 3469 4167 vobis
3514 4111 3747 4172 divisos,
3777 4103 3867 4159 illis

2251 4201 2527 4266 sociatos,
2576 4201 2752 4256 simul
2785 4200 2844 4256 in
2891 4201 3084 4257 Africa
3132 4202 3502 4271 constitutos,
3535 4198 3866 4257 notissimOS,

2248 4289 3318 4361 amicissimos,conjunctissimos,qui
3334 4290 3439 4345 etsi
3453 4306 3575 4345 non
3590 4289 3870 4360 praesentes

2252 4393 2387 4432 eum
2414 4378 2862 4444 ordinaverunt,
2880 4383 3124 4451 propter
3137 4395 3273 4433 eum
3294 4383 3497 4434 tamen
3520 4385 3576 4433 et
3597 4376 3867 4432 absentem

2254 4467 2615 4522 Primianum
2632 4467 3101 4533 damnaverunt;
3121 4468 3537 4539 etiuquinasse
3552 4467 3754 4521 dicitur
3768 4473 3869 4514 sur-

2254 4556 2422 4611 culus
2453 4556 2745 4611 Ceeciliani
2772 4558 2929 4612 orbis
2955 4563 3241 4613 terrarum
3264 4557 3523 4629 populos
3548 4552 3869 4612 Christianas

2256 4646 2795 4710 numerosissimos,
2813 4646 3264 4711 remotissimos,
3282 4646 3712 4715 ignotissimos,
3728 4637 3869 4708 cujus

2255 4747 2374 4787 non
2392 4732 2520 4786 dico
2547 4733 2925 4799 causam,sed
2952 4734 3116 4789 multi
3140 4750 3249 4789 nec
3271 4749 3491 4789 nomen
3509 4747 3683 4788 nosse
3698 4732 3870 4800 potue-

2256 4826 2391 4876 runt
2404 4820 2432 4875 Ὺ
2447 4824 2569 4877 Non
2585 4823 3035 4878 communicant
3058 4823 3315 4894 peccatis
3329 4822 3557 4887 alienis,
3574 4819 3673 4893 qui
3695 4828 3870 4891 pecca-

2257 4916 2382 4966 tum
2414 4911 2755 4966 Maximiani
2775 4928 2897 4967 non
2930 4913 3124 4967 solum
3168 4914 3447 4977 scierunt,
3480 4912 3582 4966 sed
3614 4915 3668 4964 et
3694 4909 3869 4962 contra

2258 5000 2620 5055 Primianum
2648 5000 2904 5055 levando
2934 5002 2955 5035 ³
2986 5008 3300 5056 erexerunt
3329 5017 3339 5056 :
3368 5007 3422 5056 et
3454 4994 3869 5056 communicant

2257 5089 2512 5160 peccatis
2526 5089 2752 5155 alienis,
2776 5091 2879 5162 qui
2894 5088 3270 5146 Caecilianum
3287 5090 3635 5162 episcopum
3653 5087 3865 5141 factum.

2258 5183 2359 5233 aut
2387 5179 2446 5233 in
2476 5178 2816 5251 longinquis
2849 5179 3124 5248 gentibus
3158 5179 3515 5242 nescierunt,
3545 5176 3720 5233 autin
3758 5183 3869 5242 pro‘

2255 5267 2678 5340 pinquioribus
2714 5268 3132 5324 tantummodo
3164 5268 3499 5336 audierunt,
3551 5272 3651 5322 aut
3677 5265 3728 5317 in
3759 5261 3865 5330 ipsa

2257 5357 2453 5413 Africa
2482 5357 2704 5413 factum
2732 5357 3093 5428 simpliciter,
3121 5361 3179 5413 et
3204 5359 3449 5428 pacibce
3473 5350 3865 5425 cognoverunt,

2321 5542 2333 5603 ε
2368 5541 2518 5603 Lov.,
2552 5539 2636 5587 sed
2661 5540 3174 5603 majussupplicium
3198 5554 3352 5603 super
3385 5539 3476 5587 his.

2322 5602 2338 5632 ²
2374 5603 2429 5649 In
2457 5601 2604 5651 libris
2622 5601 2809 5653 contra
2832 5601 3026 5659 Cresc,
3059 5601 3280 5662 fenoris.

2321 5665 2339 5693 ³
2372 5666 2498 5717 Lov.
2512 5701 2525 5721 .
2568 5666 2769 5714 tuendo.
