3996 6158
198 146 267 204 417
1359 138 1809 199 EPISTOLARU

1932 141 2204 202 ILASSIS
2247 146 2317 202 ΙΙ.

188 267 631 326 communicatus
664 284 699 323 a
719 266 1073 339 presbytero
1101 282 1231 333 suo,
1256 266 1581 324 multorum
1611 268 1792 325 etiam

186 360 227 414 in
246 357 330 412 illa
360 357 603 426 regione
634 356 868 412 debitor
889 355 1100 422 factus,
1134 361 1189 411 et
1210 361 1417 412 contra
1455 357 1799 413 ecclesiasti—

184 463 285 502 cum
309 446 592 516 vigorem,
628 450 681 501 et
708 450 916 501 contra
934 445 1254 500 creditores
1277 462 1436 515 suos,
1471 446 1633 501 aliud
1650 462 1799 517 prae-

181 534 362 590 sidium
393 549 511 590 non
544 534 840 607 quaesivit,
862 534 971 589 nisi
996 540 1058 589 ut
1084 534 1193 589 abs
1217 540 1267 589 te
1290 535 1500 589 iterum
1525 534 1800 606 plagare—

180 629 262 687 tur,
293 628 348 677 et
370 623 447 678 ab
475 625 616 694 ipsis
644 622 1268 695 quasimundissimus
1290 626 1642 678 amaretur‘.
1664 625 1797 679 Jam

179 712 323 768 talem
356 711 681 768 diaconum
707 718 1000 777 nostrum,
1035 718 1091 767 et
1120 712 1316 784 ipsum
1350 728 1384 767 a
1415 728 1523 768 suo
1554 713 1800 785 presby-

176 806 272 855 tero
301 800 914 867 excommunicatum,
947 801 1228 856 decessor
1267 801 1348 871 (a)
1367 806 1505 856 tuus
1540 801 1803 873 rebapti-

173 888 320 958 zavit,
343 894 398 944 et
418 894 677 946 vestrum
708 890 1032 947 diaconum
1052 889 1203 960 fecit,
1232 890 1334 962 qui
1356 905 1477 945 non
1501 889 1799 960 postmul-

175 982 239 1033 tos
269 978 414 1043 dies,
443 980 791 1034 eorumdem
828 978 1199 1050 perditorum
1251 978 1401 1033 sicut
1439 978 1801 1034 desideravit

172 1068 509 1123 commixtus
537 1067 828 1133 audacias,
856 1068 983 1122 etin
999 1067 1711 1138 nocturnaaggressione,
1741 1068 1799 1122 in

172 1155 349 1211 medio
380 1156 692 1212 latrocinio
724 1161 904 1229 atque
935 1155 1214 1211 incendio
1230 1172 1360 1222 suo,
1393 1156 1803 1212 subvenientis

170 1244 546 1300 multitudinis
576 1261 893 1311 concursu,
918 1251 1264 1317 peremptus
1282 1250 1391 1301 est.
1427 1247 1489 1300 lli
1521 1250 1659 1300 sunt
1685 1245 1804 1300 fru-

167 1338 278 1388 ctus
290 1334 603 1390 divisionis
614 1335 796 1406 hujus
813 1350 999 1406 quam
1017 1349 1231 1390 sanare
1246 1350 1366 1390 non
1391 1334 1586 1399 vultis,
1614 1336 1698 1390 sic
1713 1334 1804 1389 fu-

166 1422 367 1491 giendo
401 1424 709 1489 unitatem,
738 1423 1254 1496 quemadmodum
1288 1423 1477 1478 fuerat
1498 1424 1629 1495 ipsa
1658 1423 1807 1479 divi-

167 1511 237 1564 sio
296 1510 643 1576 fugienda;
703 1528 839 1583 quae
892 1526 996 1583 per
1051 1512 1314 1583 seipsam
1371 1510 1532 1566 foeda
1597 1517 1702 1579 est,
1747 1516 1807 1567 et

163 1599 517 1655 damnabilis
567 1600 708 1669 Deo,
760 1601 867 1656 etsi
906 1606 1149 1672 propter
1189 1602 1383 1671 ipsam
1415 1600 1542 1656 haec
1595 1607 1650 1656 et
1691 1600 1806 1657 alia

163 1693 272 1743 tam
299 1688 603 1757 horrenda
633 1696 688 1744 et
716 1688 978 1744 nefanda
1010 1704 1128 1744 non
1149 1690 1375 1744 tierent.

220 1778 449 1833 CAPUT
478 1778 591 1832 Vll.
617 1809 681 1818 —
706 1780 795 1832 20.
827 1784 1240 1847 Agnoscamus
1272 1793 1434 1848 ergo,
1469 1778 1668 1843 frater,
1698 1794 1805 1851 pa-

159 1882 280 1922 cem
302 1866 539 1934 Christi,
556 1867 893 1939 pariterque
912 1874 1239 1935 teneamus,
1263 1871 1320 1922 et
1341 1875 1632 1939 quantum
1657 1871 1807 1922 Deus

160 1956 362 2020 donat,
397 1957 573 2011 simul
606 1956 747 2012 boni
771 1972 898 2011 esse
924 1957 1296 2024 studeamus,
1329 1964 1385 2011 et
1406 1958 1582 2011 simul
1616 1957 1807 2012 malos

159 2045 318 2101 salva
340 2047 581 2110 unitate,
611 2051 837 2117 quanta
851 2061 1170 2117 possumus
1193 2045 1508 2115 disciplina
1530 2046 1807 2101 emende-

159 2151 309 2199 mus,
338 2140 392 2189 et
422 2139 661 2206 propter
682 2133 877 2205 ipsam
904 2134 1211 2201 unitatem,
1231 2141 1460 2205 quanta
1481 2150 1807 2206 possumus

156 2222 445 2295 patientia
476 2222 795 2277 toleremus
830 2238 842 2276 :
874 2238 965 2286 ne,
1001 2223 1151 2277 sicut
1184 2222 1445 2278 Christus
1472 2224 1807 2293 admonuit,

155 2328 291 2367 cum
321 2311 608 2366 volumus
638 2315 774 2367 ante
824 2316 1062 2383 tempus
1093 2310 1369 2380 colligere
1395 2312 1640 2376 zizania,
1670 2327 1807 2383 qua:

155 2401 401 2456 beeatus
419 2400 751 2471 Cyprianus
780 2415 899 2454 non
923 2404 1111 2463 extra,
1139 2400 1244 2454 sed
1269 2400 1327 2454 in
1350 2398 1606 2455 Ecclesia
1629 2400 1808 2455 videri

153 2490 438 2561 cernique
470 2493 717 2545 testatus
730 2492 838 2554 est,
862 2490 1158 2543 eradicem
1169 2505 1233 2542 us
1247 2488 1424 2543 simul
1450 2494 1505 2544 et
1530 2489 1809 2544 triticum.

154 2581 358 2651 Neque
386 2578 547 2633 enim
591 2594 796 2633 revera
834 2594 943 2633 vos
985 2577 1216 2632 habetis
1258 2578 1499 2650 propria
1528 2578 1808 2650 quaedam

153 2666 469 2738 privilegia
492 2668 845 2731 sanctitatis,
870 2671 931 2720 ut
948 2682 1057 2721 nos
1080 2666 1348 2738 polluant
1380 2667 1739 2734 malinostri,
1756 2673 1813 2723 et

156 2770 261 2810 vos
290 2771 416 2809 non
451 2754 720 2825 polluant
755 2754 892 2809 mali
923 2755 1331 2820 vestri;utnos
1348 2756 1816 2827 antiquaconta-

158 2842 370 2909 minet,
398 2859 584 2914 quam
604 2844 924 2908 nescimus,
941 2843 1612 2910 timiditastraditorum,
1634 2850 1689 2899 et
1706 2860 1811 2900 vos

161 2946 282 2987 non
339 2932 711 2987 contaminet
756 2948 1043 3004 praesens,
1077 2947 1261 3004 quam
1296 2932 1525 2999 videtis,
1555 2933 1815 2989 audacia

159 3021 553 3093 perditorum.
569 3022 983 3091 Agnoscamus
1000 3036 1204 3077 arcam
1220 3021 1380 3077 illam
1396 3038 1530 3093 quae
1546 3023 1817 3094 praeﬁgu-

159 3111 307 3167 ravit
325 3110 651 3166 Ecclesiam
669 3126 681 3165 :
699 3110 873 3165 simul
899 3109 1014 3165 illic
1029 3110 1257 3165 munda
1270 3111 1554 3167 animalia
1584 3111 1770 3166 simus
1798 3128 1812 3176 ;

160 3216 268 3255 nec
297 3200 361 3255 in
383 3215 456 3255 ea
487 3199 798 3254 nobiscum
827 3200 1007 3254 etiam
1032 3199 1349 3255 immunda
1372 3202 1593 3271 portari
1626 3216 1816 3272 usque

160 3289 216 3344 in
245 3290 433 3344 ﬁnem
465 3288 670 3343 diluvii
700 3304 1065 3345 recusemus.
1091 3289 1277 3344 Simul
1310 3288 1369 3343 in
1393 3305 1533 3345 arca
1558 3289 1814 3356 fuerunt,

161 3379 263 3434 sed
295 3394 422 3435 non
454 3378 632 3433 simul
666 3380 915 3433 Domino
942 3379 1000 3433 in
1033 3378 1281 3434 odorem
1309 3379 1578 3434 sacriﬁcii
1613 3380 1685 3435 de
1712 3380 1821 3435 im-

163 3468 408 3524 mundis
437 3465 654 3523 obtulit
677 3470 793 3523 Noe
818 3467 989 3540 (Gen.
1013 3484 1111 3532 vu,
1131 3469 1268 3540 Vill).
1291 3471 1404 3524 Nec
1425 3468 1560 3525 ideo
1573 3474 1820 3528 tamena

163 3558 410 3613 mundis
443 3556 746 3629 aliquibus
757 3572 896 3613 arca
909 3562 1044 3614 ante
1060 3563 1293 3629 tempus
1308 3564 1549 3630 propter
1563 3559 1817 3616 immun-

163 3648 239 3704 da
270 3648 516 3703 deserta
545 3652 650 3702 est.
681 3648 903 3702 Corvus
944 3652 1175 3702 tantum
1207 3648 1488 3718 deseruit,
1520 3653 1576 3704 et
1599 3665 1662 3704 se
1684 3654 1818 3705 ante

163 3742 403 3810 tempus
419 3736 497 3791 ab
510 3735 665 3791 illius
678 3751 831 3792 arcte
847 3730 1271 3791 communione
1288 3738 1607 3808 separavit;
1630 3739 1730 3793 sed
1746 3740 1820 3794 de

164 3825 320 3882 binis
351 3825 705 3889 immundis,
722 3840 841 3880 non
856 3824 928 3879 de
943 3826 1204 3896 septenis
1221 3827 1463 3880 mundis
1484 3827 1617 3886 fuit:
1640 3827 1821 3899 hujus

165 3915 566 3989 separationis
614 3914 1057 3969 immunditiam
1090 3915 1469 3970 detestemur.
1519 3919 1662 3973 Nam
1696 3918 1822 3991 qui-

164 4020 432 4077 cumque
466 4002 677 4059 talibus
709 4003 976 4059 moribus
998 4003 1330 4059 laudabiles
1355 4010 1513 4070 sunt,
1552 4005 1688 4063 facit
1719 4022 1820 4062 eos

167 4095 298 4151 sola
329 4093 634 4166 separatio
663 4093 769 4147 ista
803 4092 1183 4148 damnabiles
1218 4109 1229 4147 :
1265 4094 1409 4165 quia
1438 4094 1595 4151 ﬂlius
1628 4096 1823 4151 malus

168 4186 298 4257 ipse
311 4198 377 4238 se
394 4183 628 4254 justum
642 4181 805 4250 dicit,
832 4183 1053 4237 exitum
1067 4187 1265 4237 autem
1281 4199 1457 4238 suum
1474 4199 1591 4240 non
1607 4185 1820 4252 abluit;

165 4273 452 4347 quamvis
482 4271 795 4327 insolenter
819 4271 1006 4327 elatus
1035 4277 1086 4326 et
1112 4270 1237 4343 ipse
1268 4288 1378 4327 suo
1398 4280 1626 4329 tumore
1646 4290 1825 4331 caeca-

165 4369 258 4419 tus
280 4362 507 4418 audeat
519 4362 734 4429 dicere,
747 4362 908 4432 quod
926 4362 1211 4431 Pr0pheta
1226 4362 1562 4433 praevidens
1575 4365 1825 4420 detesta-

166 4457 262 4507 tus
292 4455 388 4507 est
421 4468 433 4505 :
470 4449 611 4506 Noli
638 4464 729 4505 me
779 4457 1035 4521 tangere,
1090 4452 1370 4521 quoniam
1412 4452 1669 4507 mundus
1694 4467 1823 4508 sum

165 4540 335 4613 (Isai.
364 4555 499 4603 va,
521 4541 598 4611 5).
623 4539 905 4610 Quisquis
930 4555 1071 4605 ergo
1102 4547 1236 4594 ante
1261 4548 1495 4612 tempus
1517 4541 1825 4614 velutpro-

165 4634 297 4702 pter
324 4628 738 4701 quorumdam
779 4630 1243 4697 immunditiam,
1298 4631 1825 4700 congregationem

166 4719 353 4790 hujus
386 4718 606 4773 deserit
634 4717 892 4784 unitatis,
929 4722 1219 4790 tanquam
1251 4734 1455 4774 arcam
1484 4718 1543 4773 in
1577 4719 1822 4785 diluvio,

169 4808 404 4864 munda
432 4813 612 4878 atque
635 4807 947 4863 immunda
980 4814 1337 4879 portantem,
1356 4808 1618 4863 ostendit
1641 4826 1701 4864 se
1724 4825 1827 4880 po-

172 4896 284 4953 tius
299 4898 412 4953 hoc
441 4912 573 4951 esse
603 4896 767 4968 quod
787 4895 952 4965 fugit.
987 4896 1107 4952 Hoc
1138 4897 1322 4953 voluit
1356 4898 1661 4963 Dominus,
1691 4904 1749 4954 ut
1774 4902 1829 4954 et

172 4987 232 5042 in
262 4988 379 5043 hac
412 4985 649 5041 civitate
678 4984 847 5057 plebs
883 4993 981 5040 tua
1009 5001 1112 5057 per
1128 5001 1195 5041 os
1226 4986 1612 5057 cujusdam...

169 5093 612 5158 (Vacatspatium
630 5106 774 5139 xxvu
793 5105 1043 5141 versuum
1062 5093 1115 5141 in
1128 5093 1223 5142 Ms.
1244 5094 1535 5204 exemplari
1553 5095 1828 5158 Vaticano,

551 5154 694 5204 unde
720 5159 871 5204 emta
906 5158 986 5204 est
1006 5156 1233 5204 epistola
1266 5156 1392 5204 CVll
1422 5164 1455 5204 δ.

551 5154 694 5205 unde
720 5159 871 5205 emta
906 5158 986 5205 est
1006 5156 1233 5219 epistola
1266 5154 1455 5213 CVlll).

236 5372 251 5402 ¹
286 5368 380 5432 Hic
416 5368 745 5432 sequebatur
762 5367 875 5417 haec
894 5368 1102 5431 phrasis
1132 5383 1142 5416 :
1170 5368 1238 5416 De
1268 5368 1364 5417 isto
1387 5368 1688 5432 Marcellino
1714 5369 1833 5418 scri-

175 5430 313 5487 bens,
335 5430 576 5480 Ecclesia
591 5432 977 5495 colonumdieis.
1005 5432 1104 5480 Sed
1126 5431 1486 5495 expungenda
1502 5436 1628 5480 sunt
1652 5433 1835 5481 istlimc

178 5497 358 5558 verba,
394 5496 470 5543 uti
498 5495 566 5543 ad
590 5494 727 5543 hanc
754 5496 1034 5558 epistolam
1064 5494 1413 5545 observamus
1438 5495 1493 5543 in
1519 5495 1832 5557 praefatione

178 5557 235 5605 in
261 5556 407 5607 hunc
443 5561 671 5606 tomum.

243 5622 318 5683 (α)
346 5619 748 5671 Proculeianus.

3445 155 3551 210 418

2404 273 2738 331 EPISTOLA
2766 275 2873 330 cnx
2897 276 2915 294 ·
2952 276 3057 348 (α).

1907 393 2155 462 Severus,
2185 396 2460 451 Milevitan
2470 414 2529 452 us
2550 400 2794 465 antistes,
2814 401 3124 455 maximam
3144 404 3554 460 delectationem

1977 486 2323 555 fructumque
2353 501 2422 540 ex
2446 487 2736 556 Augustini
2775 490 3000 543 lectione
3025 505 3218 560 capere
3253 509 3307 546 se
3344 494 3556 563 proﬁte-

1978 577 2096 639 tur,
2135 575 2365 629 summis
2396 575 2647 629 laudibus
2706 578 2880 647 ipsum
2936 579 3190 647 efferens,
3246 597 3310 635 ac
3335 581 3553 636 demum

1976 678 2271 733 provocans
2302 663 2371 717 ad
2400 664 2821 720 rescribendum.

1911 786 2248 843 Venerabili
2275 804 2344 842 ac
2374 787 2757 844 desiderabili
2806 795 2859 845 et
2912 795 3032 847 toto
3074 792 3209 847 sinu
3249 792 3554 849 charitatis

2037 876 2459 948 amplectando
2477 877 2758 950 episcopo
2791 882 3123 946 Auousrmo,
3152 882 3423 938 Sevsaus.

1984 1004 2034 1057 1.
2066 1004 2170 1059 Deo
2198 1006 2428 1075 gratias,
2466 1007 2646 1071 frater
2677 1009 2991 1075 Augustine,
3033 1009 3193 1077 cujus
3231 1009 3430 1063 donum
3482 1012 3562 1064 est

1912 1091 2175 1163 quidquid
2190 1094 2244 1146 in
2264 1094 2413 1147 nobis
2428 1094 2689 1148 bonorum
2710 1096 3037 1165 gaudiorum
3057 1102 3165 1154 est.
3189 1100 3406 1166 Fateor,
3431 1098 3561 1153 bene

1912 1178 2053 1234 mihi
2073 1184 2249 1234 tecum
2270 1185 2388 1250 est;
2416 1182 2647 1236 multum
2670 1186 2720 1237 te
2743 1184 2856 1253 lego
2885 1200 2903 1239 :
2926 1187 3133 1239 mirum
3154 1185 3355 1251 dicam,
3371 1186 3461 1240 sed
3481 1201 3564 1240 ve-

1912 1285 2037 1322 rum
2056 1270 2236 1338 plane,
2266 1286 2431 1339 quam
2457 1271 2595 1325 mihi
2613 1272 2802 1327 absens
2826 1272 2960 1329 solet
2976 1290 3086 1329 esse
3106 1278 3421 1345 praesentia,
3448 1279 3562 1329 tam

1910 1373 2149 1429 praesens
2176 1359 2324 1429 facta
2355 1364 2433 1413 est
2454 1360 2699 1414 absentia
2723 1363 2823 1415 tui.
2855 1363 3034 1417 Nulla
3064 1380 3115 1417 se
3137 1364 3291 1418 nobis
3324 1366 3567 1434 interpo-

1914 1450 2055 1500 nunt
2112 1447 2447 1502 turbulenta:
2493 1450 2727 1503 actiones
2776 1452 3153 1520 temporalium
3208 1468 3412 1507 rerum.
3456 1454 3563 1522 Ago

1915 1541 2184 1605 quantum
2228 1552 2465 1605 possum,
2500 1539 2604 1591 etsi
2640 1553 2746 1591 non
2781 1542 2996 1593 tantum
3042 1556 3261 1609 possum
3292 1545 3565 1611 quantum

1915 1624 2032 1679 volo
2063 1641 2080 1680 .'
2121 1625 2252 1695 quid
2291 1641 2385 1694 ego
2426 1625 2626 1690 dicam,
2680 1634 2946 1696 quantum
2980 1630 3096 1683 volo
3128 1630 3157 1680 ?
3184 1630 3337 1684 Nosti
3361 1632 3567 1701 Optime

1916 1728 2080 1781 quam
2100 1730 2298 1767 avarus
2324 1715 2424 1769 sim
2456 1716 2537 1769 tui
2569 1731 2585 1769 :
2612 1732 2709 1769 nec
2741 1720 2922 1770 tamen
2956 1735 3256 1781 murmuro,
3290 1724 3421 1789 quia
3454 1736 3563 1773 non

1917 1804 2135 1855 tantum
2164 1818 2267 1871 ago
2297 1807 2563 1873 quantum
2593 1804 2726 1869 volo,
2758 1806 3016 1874 quoniam
3032 1824 3224 1861 rursus
3246 1825 3355 1862 non
3382 1810 3569 1862 minus

1916 1907 2016 1961 ago
2042 1897 2309 1962 quantum
2334 1910 2575 1964 possum.
2604 1895 2708 1949 Deo
2733 1912 2855 1966 ergo
2874 1899 3299 1967 gratias,fraler
3323 1900 3575 1953 dulcissi-

1917 1996 2022 2046 me,
2048 1982 2178 2036 bene
2201 1982 2340 2036 mihi
2364 1987 2538 2037 tecum
2552 1988 2651 2047 est,
2671 1984 2878 2053 gaudeo
2893 1992 3065 2039 tecum
3088 1989 3292 2040 arctius
3307 1988 3568 2056 conjunc-

1919 2072 2009 2123 tus
2021 2087 2040 2133 ;
2062 2073 2112 2124 et
2142 2074 2201 2125 ut
2224 2072 2301 2124 ita
2326 2072 2523 2136 dicam,
2550 2073 2807 2126 unissime
2820 2082 3084 2143 quantum
3096 2079 3268 2144 potest
3284 2074 3570 2130 adhzrens

1920 2158 2040 2221 tibi,
2072 2158 2499 2213 redundantiam
2554 2160 2786 2214 uberum
2817 2164 3037 2215 tuorum
3088 2165 3388 2233 suscipiens
3426 2167 3567 2219 vires

1917 2262 2189 2316 comparo,
2227 2249 2276 2300 si
2302 2248 2507 2315 possim
2531 2248 2753 2303 idoneus
2777 2249 2922 2318 efﬁci
2950 2250 3020 2304 ad
3043 2266 3107 2305 ea
3131 2252 3487 2308 concutienda
3517 2257 3569 2308 et

1919 2336 2295 2407 exprimenda,
2322 2340 2381 2389 ut
2402 2336 2663 2406 quidquid
2680 2341 2940 2393 secretius
2964 2343 3015 2394 et
3042 2342 3295 2406 interius,
3321 2342 3567 2396 clausum

1918 2424 2232 2479 custodiunt
2259 2428 2482 2480 remotis
2504 2426 2737 2496 pellibus
2765 2444 2897 2497 quas
2932 2428 3110 2483 adhuc
3136 2428 3359 2485 lactenti
3376 2446 3570 2502 sugen-

1921 2515 2015 2569 das
2040 2516 2314 2581 inserunt,
2341 2516 2457 2586 ipsa
2479 2515 2619 2570 mihi
2643 2520 2847 2571 viscera
2869 2518 2917 2570 si
2944 2518 3196 2581 possibile
3224 2524 3321 2584 est,
3345 2519 3572 2590 dignen-

1920 2612 2014 2659 tur
2035 2603 2333 2675 eﬂundere.
2376 2606 2606 2669 Viscera,
2651 2607 2897 2676 inquam,
2928 2606 3071 2661 mihi
3106 2611 3165 2661 ut
3198 2609 3574 2679 refundantur

1920 2694 2079 2764 cupio
2108 2710 2125 2747 .'
2157 2694 2366 2747 viscera
2398 2697 2512 2758 tua,
2548 2694 2754 2749 viscera
2782 2697 3011 2765 pinguia
3041 2698 3231 2767 sagina
3262 2699 3483 2764 caelesti,
3524 2707 3574 2754 et

1921 2782 2140 2837 condita
2167 2782 2319 2836 omni
2346 2782 2626 2836 dulcedine
2646 2784 2927 2853 spirituali
2946 2801 2967 2848 ;
2996 2787 3197 2839 viscera
3226 2790 3340 2851 tua,
3372 2789 3575 2841 viscera

1918 2886 2082 2941 pura,
2105 2870 2312 2924 viscera
2331 2870 2625 2940 simplicia,
2658 2870 2767 2924 nisi
2794 2872 2932 2942 quod
2962 2872 3176 2943 duplici
3203 2879 3331 2928 sunt
3362 2875 3574 2929 vinculo

1922 2960 2177 3013 redimita
2189 2960 2421 3028 geminae
2432 2959 2720 3012 charitatis
2732 2976 2751 3025 ;
2772 2962 2977 3014 viscera
2992 2965 3089 3017 tua
3099 3003 3111 3027 ,
3130 2963 3338 3016 viscera
3349 2966 3576 3033 perfusa

1926 3047 2134 3102 lumine
2154 3046 2427 3113 veritatis,
2456 3051 2507 3101 et
2542 3048 2875 3118 refulgentia
2908 3050 3219 3105 veritatem.
3256 3052 3457 3105 Horum
3490 3067 3575 3107 me

1924 3137 2235 3191 manationi
2256 3136 2335 3191 vel
2358 3136 2709 3191 resultationi
2732 3138 2985 3208 subjicio,
3014 3155 3117 3209 quo
3139 3156 3249 3194 nox
3270 3157 3385 3194 mea
3408 3142 3465 3195 in
3492 3141 3579 3195 lu-

1928 3228 2071 3279 mine
2103 3231 2192 3279 tuo
2212 3225 2449 3297 deficiat,
2478 3228 2537 3279 ut
2566 3226 2620 3279 in
2649 3226 2759 3281 diei
2786 3230 2802 3261 ¹
2828 3227 3083 3282 claritate
3101 3230 3268 3283 simul
3289 3226 3575 3284 ambulare

1922 3317 2207 3387 possimus.
2234 3314 2273 3370 0
2313 3330 2435 3370 vere
2463 3316 2766 3385 artiﬁciosa
2795 3319 2910 3387 apis
2942 3318 3055 3382 Dei,
3088 3326 3401 3373 construens
3418 3319 3577 3388 favos

1926 3405 2103 3459 divini
2122 3406 2360 3460 nectaris
2383 3404 2587 3475 plenos,
2610 3410 2895 3461 manantes
2908 3408 3343 3463 misericordiam
3364 3412 3415 3463 et
3438 3409 3579 3463 veri-

1928 3497 2117 3561 tatem,
2156 3510 2254 3565 per
2291 3509 2421 3565 quos
2451 3494 2763 3549 discurrens
2803 3495 3091 3551 deliciatur
3128 3500 3317 3552 anima
3355 3513 3496 3563 mea,
3527 3500 3580 3553 et

1928 3583 2087 3637 vitali
2114 3586 2275 3652 pastu
2333 3583 2597 3654 quidquid
2649 3585 2709 3637 in
2744 3600 2801 3639 se
2852 3586 3036 3639 minus
3094 3586 3322 3653 invenit,
3351 3590 3447 3641 aut
3475 3589 3583 3641 im-

1932 3670 2183 3727 becillum
2219 3673 2408 3737 sentit,
2440 3674 2707 3726 resarcire
2739 3675 2794 3727 et
2822 3673 3111 3742 suffulcire
3149 3675 3400 3730 molitur.

2001 3764 2053 3814 2.
2089 3760 2443 3814 Benedicetur
2462 3760 2718 3814 Dominus
2736 3776 2836 3829 per
2849 3763 3313 3831 praeconiumoris
3329 3766 3430 3828 tui,
3454 3768 3505 3819 et
3515 3764 3583 3833 ﬁ-

1930 3849 2045 3905 dele
2082 3848 2497 3903 ministerium:
2548 3847 2685 3919 quod
2719 3850 2797 3903 sic
2833 3851 3117 3905 concinere
3169 3856 3218 3904 et
3259 3852 3582 3923 respondere

1930 3938 2070 4008 facis
2098 3939 2319 3992 canenti
2347 3937 2449 3991 tibi
2474 3937 2719 4003 Domino,
2750 3942 2808 3991 ut
2833 3938 3097 4009 quidquid
3118 3941 3181 3995 de
3205 3942 3323 4011 ejus
3345 3942 3582 4011 plenitu-

1930 4027 2058 4082 dine
2069 4026 2139 4081 ad
2164 4042 2257 4082 nos
2276 4042 2441 4097 usque
2464 4027 2753 4097 redundat,
2770 4026 3071 4097 jucundius
3096 4029 3373 4099 efﬁciatur
3389 4037 3437 4085 et
3457 4047 3585 4101 gra-

1933 4117 2045 4170 tius
2072 4131 2172 4187 per
2218 4120 2375 4169 tuum
2424 4115 2725 4186 elegantem
2770 4116 3121 4186 famulatum,
3174 4122 3226 4173 et
3252 4120 3580 4175 succinctam

1931 4205 2282 4271 munditiam,
2302 4208 2354 4259 et
2363 4204 2522 4274 fidele
2533 4221 2595 4259 ac
2606 4212 2812 4260 castum
2828 4207 3163 4277 simplexque
3179 4210 3549 4264 ministerium
3563 4225 3585 4264 :

1934 4294 2073 4365 quod
2105 4297 2183 4348 ita
2207 4293 2543 4365 resplendere
2572 4295 2709 4361 facis
2726 4311 2826 4365 per
2850 4297 3097 4365 argutias
3120 4302 3244 4351 tuas
3268 4302 3321 4352 et
3348 4299 3587 4368 vigilan-

1935 4386 2075 4437 tiam
2104 4388 2276 4449 tuam,
2312 4387 2370 4436 ut
2388 4386 2721 4454 perstringat
2751 4384 2949 4453 oculos,
2983 4388 3031 4438 et
3058 4386 3113 4438 in
3138 4400 3191 4439 se
3212 4387 3396 4456 rapiat
3425 4399 3449 4457 ,'
3473 4389 3585 4442 nisi

1936 4477 1993 4526 tu
2022 4472 2161 4526 idem
2193 4472 2391 4525 innuas
2421 4472 2730 4535 Dominum,
2757 4477 2815 4525 ut
2836 4474 3098 4543 quidquid
3116 4474 3173 4527 in
3198 4478 3248 4529 te
3269 4476 3585 4532 delectabile

1937 4561 2095 4626 lucet,
2123 4564 2422 4631 referentes
2453 4577 2547 4616 nos
2576 4562 2645 4615 ad
2677 4561 2855 4627 illum,
2890 4565 3061 4632 ipsius
3091 4580 3202 4620 esse
3230 4581 3584 4635 agnoscamus

1935 4651 2000 4705 de
2024 4651 2179 4721 cujus
2207 4651 2446 4705 bonitate
2477 4654 2589 4704 tam
2619 4652 2785 4705 bonus
2814 4667 2889 4716 es,
2921 4652 3053 4707 etde
3078 4654 3231 4723 cujus
3260 4659 3515 4723 puritate
3537 4664 3587 4711 et

1936 4740 2289 4810 simplicitate
2314 4756 2379 4794 ac
2400 4741 2819 4811 pulchritudine
2841 4758 3036 4813 purus,
3054 4744 3587 4816 simplexelpulcher

1937 4846 1990 4886 es
2020 4846 2040 4894 ;
2071 4834 2121 4885 et
2155 4829 2238 4883 illi
2263 4834 2480 4900 agentes
2491 4834 2701 4900 gratias
2732 4832 2795 4886 de
2820 4832 2952 4887 bono
2984 4836 3095 4898 tuo,
3117 4833 3255 4889 dono
3278 4851 3375 4889 suo
3399 4836 3587 4904 digne-

1940 4925 2031 4973 tur
2060 4920 2080 4952 ³
2107 4934 2203 4973 nos
2235 4919 2337 4972 tibi
2365 4920 2685 4990 adjungere,
2717 4921 2798 4974 vel
2819 4937 3032 4992 quoquo
3060 4922 3214 4978 modo
3237 4924 3584 4993 subjungerc,

1942 5012 1999 5064 ut
2024 5008 2240 5079 plenius
2267 5009 2628 5079 subjiciamur
2658 5010 2763 5077 illi,
2788 5012 2943 5080 cujus
2974 5018 3025 5066 te
3054 5012 3219 5066 ductu
3252 5028 3315 5065 ac
3343 5012 3588 5067 modera-

1939 5101 2083 5154 tione
2104 5099 2267 5154 talem
2296 5099 2607 5169 gaudemus,
2654 5107 2711 5154 ut
2738 5106 2788 5154 et
2819 5100 2920 5154 tibi
2948 5102 3224 5171 contingat
3255 5101 3494 5170 gaudere
3521 5102 3587 5159 de

2003 5246 2017 5277 ¹
2050 5245 2173 5293 Mss.
2197 5243 2371 5308 ,Vatic.
2403 5249 2652 5308 quatuor,
2690 5244 2793 5292 Dei.

2002 5311 2021 5341 ³
2050 5308 2133 5356 Sic
2165 5307 2285 5355 Mss.
2322 5305 2606 5371 sexdecim.
2645 5308 2713 5355 At
2749 5307 2892 5371 Edd.‘
2921 5305 3122 5355 habent
3142 5323 3169 5371 7:
3201 5312 3245 5356 et
3280 5308 3359 5357 illi
3390 5312 3589 5371 agentes

1941 5372 2138 5433 gratias
2163 5370 2222 5417 de
2244 5371 2373 5417 bono
2392 5375 2477 5418 tuo
2496 5370 2729 5433 Domino,
2750 5370 2837 5433 qui
2860 5368 2992 5433 dono
3008 5383 3098 5417 suo
3121 5370 3359 5433 dignatus
3377 5368 3463 5427 est,
3487 5374 3590 5421 etc.

2007 5433 2026 5451 '
2058 5434 2348 5495 ttecognita
2377 5436 2458 5481 est
2486 5432 2551 5498 ad
2589 5447 2647 5498 a._
2666 5431 2769 5494 bg.’
2786 5431 2855 5479 bl.
2894 5431 3055 5498 bn._c.
3085 5446 3161 5481 cc.
3178 5431 3249 5498 if.
3283 5447 3335 5498 g.
3373 5449 3458 5498 gv.
3486 5435 3526 5497 j.
3551 5434 3585 5483 l.

2009 5447 2025 5451 ν
2058 5447 2348 5495 necogmta
2377 5447 2458 5481 esr.
2486 5447 2551 5480 aa
2589 5447 2635 5479 a.
2666 5447 2753 5494 ng.
2786 5447 2855 5479 οι.
2894 5447 2981 5481 on.
3011 5447 3055 5481 c.
3085 5447 3161 5481 cc.
3196 5447 3335 5544 mf.
3373 5449 3458 5498 gv.
3486 5447 3583 5497 1.1.

1944 5507 1997 5543 n.
2031 5508 2072 5542 r.
2093 5509 2134 5543 s.
2168 5501 2246 5544 sb.
2270 5499 2307 5543 t.
2339 5508 2416 5543 vc.
2444 5494 2529 5541 vd.
2560 5494 2798 5557 quinque
2847 5507 2895 5541 ν.
2943 5494 3009 5543 ad
3032 5496 3149 5543 Am.
3192 5497 3263 5545 Ba
3306 5498 3425 5546 .Er.
3456 5498 3583 5547 Lov.

2008 5559 2079 5619 (α)
2107 5557 2251 5607 Alias
2274 5557 2331 5607 37
2369 5571 2385 5607 ;
2414 5570 2533 5621 quas
2562 5560 2744 5607 autem
2778 5558 2868 5609 109
2890 5561 3023 5617 erat,
3059 5572 3203 5609 nunc
3230 5561 3347 5611 211.
3383 5561 3593 5625 Scripta

1942 5619 2079 5669 forte
2112 5634 2204 5669 an-
2245 5622 2364 5669 409.

1966 5632 2079 5670 οηθ
2112 5634 2180 5671 αι]
2191 5662 2204 5675 .
2245 5632 2337 5669 ὶυυ
2348 5659 2364 5674 ,
