3996 6158
441 155 542 208 419

436 260 590 315 nobis
630 258 809 331 :quod
838 257 1162 326 non,difﬁdo
1186 258 1321 326 fore,
1366 257 1416 310 si
1444 256 1552 310 tuis
1606 271 1692 310 me
1750 254 2088 309 orationibus

436 349 675 419 adjuves,
707 351 862 419 cujus
892 348 1199 401 imitatione
1219 344 1473 399 nonnihil
1488 346 1611 416 jam
1630 344 1854 416 profeci,
1878 347 1938 397 ut
1962 343 2086 397 talis

434 455 544 494 esse
574 439 886 493 desiderem.
927 434 1075 489 Vides
1126 433 1255 505 quid
1288 435 1480 503 facias,
1513 434 1651 504 quod
1700 435 1780 487 sic
1816 432 1982 487 bonus
2011 447 2082 496 es,

434 545 597 598 quam
617 543 712 581 nos
740 526 926 595 rapias
950 526 1003 578 in
1028 540 1269 579 amorem
1287 526 1550 595 proximi,
1590 524 1686 593 qui
1695 522 1847 577 nobis
1871 523 2084 592 primus

432 618 503 671 ad
540 616 881 671 dilectionem
914 616 1011 669 Dei
1048 618 1099 670 et
1130 616 1355 669 ultimus
1386 614 1586 684 gradus
1616 622 1711 676 est,
1740 620 1789 667 et
1831 612 1991 683 quasi
2019 610 2085 665 li-

431 722 542 760 mes
574 722 676 776 quo
692 706 798 760 sibi
816 709 1043 775 uterque
1068 708 1381 759 anneciitur
1408 705 1503 758 Dei
1521 708 1572 759 et
1590 703 1834 774 proximi
1856 720 1877 766 ;
1900 717 1957 754 in
1979 716 2082 770 quo

429 811 548 862 nos,
582 798 643 848 ut
665 794 806 862 dixi,
839 796 996 863 quasi
1027 794 1204 847 limite
1226 799 1429 848 stantes
1450 792 1735 847 amborum
1760 790 1940 845 calore
1959 796 2079 844 tan-

426 885 633 954 gimur,
674 888 725 939 et
765 884 1048 937 amborum
1101 884 1398 953 ﬂogramus
1450 897 1654 938 amore.
1685 881 1785 936 Sed
1812 881 2082 951 quantum

425 988 533 1027 non
562 975 664 1027 iste
695 974 837 1041 ignis
860 972 1130 1027 exusserit
1156 976 1207 1026 et
1234 972 1551 1042 purgauerit
1578 971 1840 1042 proximi,
1861 974 2078 1023 tantum

424 1078 523 1116 nos
567 1063 622 1116 in
652 1062 807 1116 illum
838 1062 1122 1132 puriorem
1155 1061 1248 1115 Dei
1278 1062 1360 1115 ire
1390 1060 1686 1129 compellit.
1728 1061 1790 1115 In
1819 1074 1923 1128 quo
1953 1058 2077 1127 jam

424 1152 612 1204 nullus
640 1151 792 1204 nobis
821 1150 1047 1204 amandi
1070 1150 1257 1204 modus
1272 1151 1594 1220 imponitur,
1629 1148 1843 1219 quando
1864 1147 1975 1217 ipse
2002 1145 2078 1199 ibi

424 1240 612 1295 modus
640 1243 717 1294 esi
737 1239 855 1293 sine
872 1239 1021 1293 modo
1050 1226 1261 1293 amare.
1296 1239 1407 1293 Non
1439 1254 1562 1309 ergo
1596 1236 1886 1292 verendum
1909 1239 1986 1290 est
2008 1250 2075 1289 ne

423 1329 545 1400 plus
610 1344 853 1384 amemus
914 1330 1203 1384 Dominum
1262 1330 1529 1391 nostrum,
1593 1326 1683 1382 sed
1743 1342 1811 1381 ne
1866 1325 2071 1389 minus,

425 1418 748 1473 timendum.

493 1508 544 1562 3.
573 1509 692 1561 Hmc
716 1506 936 1576 epistola
962 1506 1235 1576 superior,
1272 1522 1389 1576 quas
1418 1505 1519 1559 tibi
1540 1521 1621 1559 me
1652 1505 1808 1575 quasi
1831 1503 2075 1557 abstersa

420 1596 651 1651 tristitia
680 1595 940 1663 felicitate
970 1596 1266 1660 actionum,
1299 1593 1875 1664 delz'beraliotioquod
1894 1596 2071 1647 tecum

420 1684 561 1739 mihi
580 1700 743 1754 agere
775 1686 927 1738 licuit
958 1686 1013 1737 in
1034 1684 1131 1738 hoc
1158 1701 1283 1738 rure
1310 1684 1482 1753 posito
1510 1687 1665 1753 (nam
1689 1684 1766 1736 ita
1792 1682 1953 1736 licere
1982 1696 2075 1751 po-

421 1775 550 1845 tuit)
570 1775 843 1829 laetiorum
860 1773 1038 1843 offert,
1061 1778 1359 1844 antequam
1376 1788 1508 1827 sane
1524 1772 1846 1827 venerabilis
1864 1773 2076 1842 episco-

416 1879 514 1933 pus
540 1879 635 1918 nos
656 1864 881 1916 visitare
901 1862 1235 1932 dignaretur,
1267 1863 1422 1932 quasi
1434 1861 1824 1932 metajillorum
1845 1859 2070 1930 gaudio-

415 1968 541 2005 rum
564 1954 767 2022 scripta
799 1955 896 2016 est,
931 1955 983 2005 et
1034 1951 1172 2021 quod
1204 1967 1326 2005 vere
1359 1953 1549 2014 mirer,
1581 1950 1765 2005 eodem
1803 1950 1889 2005 die
1925 1949 2072 2004 venit

413 2057 515 2111 quo
552 2042 755 2110 scripta
781 2048 876 2094 est.
908 2040 1046 2108 Quid
1077 2040 1173 2094 hoc
1210 2044 1309 2105 est,
1338 2055 1540 2111 quaeso,
1571 2041 1761 2094 anima
1793 2055 1927 2104 mea,
1958 2038 2068 2092 nisi

410 2132 552 2199 forte
569 2129 707 2200 quod
720 2145 816 2184 nos
834 2130 1064 2184 delectat
1081 2146 1101 2193 ;
1124 2133 1305 2184 tamen
1332 2131 1435 2184 etsi
1450 2130 1734 2185 honestum
1749 2134 1849 2194 est,
1869 2144 1972 2183 non
1989 2132 2069 2182 ta-

413 2234 532 2273 men
564 2222 699 2273 satis
715 2219 867 2283 utile,
898 2219 1028 2288 quia
1043 2219 1100 2272 in
1122 2222 1280 2290 parte
1296 2222 1375 2273 est
1392 2219 1420 2272 .9
1436 2219 1800 2292 Interimllicel
1814 2219 2067 2272 universo

411 2307 552 2361 hanc
581 2309 755 2378 ipsam
781 2312 1019 2378 partem,
1051 2306 1107 2361 id
1128 2311 1207 2361 est
1232 2323 1328 2361 nos
1361 2309 1518 2378 ipsos,
1554 2313 1826 2377 quantum
1836 2324 1935 2378 pro
1950 2323 2065 2379 pec-

409 2398 549 2451 catis
562 2397 756 2450 nostris
784 2396 936 2449 nobis
949 2395 1089 2450 cedit
1110 2398 1366 2460 materia,
1403 2396 1455 2450 td
1468 2400 1654 2451 estnos
1670 2398 1774 2467 ipsi
1800 2397 2060 2463 cedimus,

410 2486 563 2540 nobis
593 2486 925 2540 elimatiores
954 2492 1003 2537 et
1022 2500 1134 2538 com
1140 2484 1588 2554 paginabiliores,
1603 2486 1652 2539 si
1672 2490 1850 2540 tamen
1867 2486 2063 2540 admit-

408 2576 477 2629 tis
502 2574 597 2627 hoc
626 2574 865 2641 verbum,
896 2576 1082 2643 aptare
1104 2572 1419 2628 moliamur.
1445 2574 1610 2628 Habes
1640 2576 1923 2645 epistolam
1948 2593 2061 2633 non

402 2678 503 2732 pro
534 2666 630 2716 tua
649 2660 1048 2731 magnitudine,
1084 2662 1289 2731 sedpro
1304 2677 1426 2717 mea
1436 2664 1710 2732 parvitate
1733 2664 2056 2734 longiorem,

406 2767 513 2821 qua
544 2755 595 2806 te
612 2751 1036 2822 provocaverim,
1068 2754 1127 2803 ut
1136 2748 1256 2818 jam
1282 2766 1391 2805 non
1403 2766 1499 2821 pro
1512 2767 1633 2806 mea
1658 2752 1952 2821 parvitate,
1968 2754 2059 2809 sed

402 2856 503 2911 pro
529 2844 621 2894 tua
636 2839 1017 2910 magnitudine
1028 2840 1167 2893 milii
1177 2841 1406 2910 epistola
1420 2842 1696 2895 mittatur.
1717 2842 1845 2908 Quae
1874 2846 2055 2898 tamen

405 2935 845 3000 quantacumque
870 2928 999 2995 erit,
1026 2929 1169 2982 mihi
1192 2930 1349 3000 longa
1366 2945 1470 2984 non
1487 2932 1614 2995 erit,
1630 2932 1900 2986 cuitotum
1924 2939 2055 2987 tem-

399 3034 502 3089 pus
514 3019 835 3074 breueestad
852 3022 902 3073 te
918 3019 1220 3088 legendum.
1257 3019 1504 3075 Rescribe
1531 3020 1685 3092 mihi]
1701 3020 1935 3092 quando,
1956 3025 2053 3076 aut

407 3108 497 3161 ubi
508 3123 793 3163 occurrere
809 3108 1051 3170 debeam,
1065 3111 1285 3179 propter
1301 3107 1456 3162 illam
1470 3125 1691 3163 causam
1712 3127 1817 3180 qua
1828 3127 1909 3165 me
1927 3112 2050 3180 jus-

398 3198 522 3251 sisli
548 3211 853 3251 occurrere.
887 3196 1035 3259 Quod
1061 3196 1111 3249 si
1123 3200 1200 3249 est
1228 3196 1461 3266 integra,
1499 3202 1680 3252 etnon
1710 3201 1854 3267 forte
1892 3198 2048 3253 aliud

395 3287 589 3341 melius
602 3286 826 3357 placuit,
854 3291 985 3338 tunc
1016 3300 1301 3338 occurram
1328 3286 1447 3353 ;sin
1465 3288 1669 3353 minus,
1688 3304 1815 3357 rogo
1838 3288 2047 3354 le,nolo

395 3392 481 3429 me
501 3392 532 3428 a
554 3391 719 3428 cursu
745 3388 957 3428 revoces
983 3389 1096 3427 meo
1130 3390 1145 3426 :
1178 3374 1273 3427 illa
1300 3375 1449 3427 enim
1468 3375 1583 3429 sola
1612 3378 1725 3429 visa
1750 3383 1849 3441 est,
1884 3393 2047 3447 quam

391 3479 767 3536 praponerem
792 3463 957 3517 mihi.
983 3464 1199 3517 Fratres
1228 3478 1412 3518 omnes
1442 3466 1539 3535 qui
1564 3465 1716 3519 nobis
1744 3466 1798 3520 in
1819 3466 2045 3522 Domino

396 3553 638 3610 conservi
678 3558 829 3616 sunt,
870 3552 1184 3608 etdesidero
1211 3552 1468 3619 multum,
1502 3558 1555 3609 et
1591 3553 1792 3611 saluto.

892 3678 1227 3735 EPISTOLA
1272 3681 1354 3735 cx
1386 3680 1403 3697 ·
1441 3681 1545 3751 (a).

391 3805 723 3876 Augustinus
750 3802 939 3859 Severo
992 3806 1261 3875 episcopo,
1305 3805 1656 3863 blandissime
1690 3812 2041 3880 expostulans

462 3898 513 3949 et
539 3909 767 3965 querens
805 3910 862 3949 se
887 3893 954 3947 ab
982 3895 1094 3965 ipso
1135 3898 1415 3966 tantopere
1470 3896 1752 3953 laudatum
1792 3902 1847 3953 in
1887 3916 2040 3972 supe-

460 3984 607 4039 riore
639 3984 889 4053 epistola.

388 4108 1001 4164 Dominobeatissimo
1026 4113 1206 4181 atque
1219 4109 1584 4178 dulcissimo,
1611 4115 1933 4172 venerabili
1954 4116 2039 4172 ni-

457 4198 770 4269 miumque
796 4196 1174 4253 desiderabili
1200 4197 1359 4253 fratri
1380 4204 2040 4261 etconsacerdotiSEvs-

456 4303 545 4353 no,
575 4293 629 4343 et
660 4287 763 4358 qui
798 4294 989 4343 tecum
1055 4291 1195 4342 sunt
1238 4287 1541 4360 fratribus,
1578 4293 1928 4351 Aucusrmus
1982 4302 2039 4353 et

453 4377 557 4450 qui
618 4394 853 4433 mecum
896 4382 1036 4432 sunt
1065 4376 1298 4447 fratres,
1354 4380 1414 4433 in
1474 4381 1725 4438 Domino
1757 4385 2034 4440 salutem.

458 4509 505 4559 1.
535 4503 792 4575 Epistola
813 4519 1166 4575 mea,quam
1194 4505 1455 4575 pervexit
1474 4506 1857 4565 charissimus
1878 4511 2038 4567 ﬁlius

386 4597 442 4648 et
470 4593 878 4648 condiaconus
908 4597 1108 4648 noster
1132 4594 1489 4661 Timotheus,
1514 4597 1640 4666 jam
1667 4606 1877 4670 parata
1913 4609 2040 4661 erat

382 4681 989 4753 profecturo,quando
1011 4682 1113 4736 ﬁlii
1131 4683 1312 4738 nostri
1330 4684 1791 4748 Quodvultdeus
1810 4696 1866 4746 et
1883 4695 2036 4749 Gau-

385 4770 623 4826 dentius
647 4770 722 4826 ad
754 4786 863 4825 nos
889 4778 1179 4825 venerunt
1204 4788 1338 4826 cum
1366 4772 1569 4829 litteris
1589 4777 1723 4832 tuis.
1748 4780 1892 4836 Inde
1915 4782 2038 4839 fac-

388 4864 510 4916 tum
545 4864 630 4915 est
661 4864 720 4915 ut
761 4859 1046 4915 continuo
1068 4860 1474 4930 proﬁciscens,
1510 4880 1628 4920 non
1656 4868 1889 4926 aﬁerret
1918 4888 2036 4927 res-

378 4950 737 5023 ponsionem
761 4965 982 5016 meam,
1002 4948 1288 5021 quoniam
1310 4952 1691 5022 postillorum
1706 4958 2033 5018 adventum

377 5040 1001 5113 quantulumcumque
1021 5038 1180 5111 apud
1198 5055 1307 5094 nos
1332 5041 1687 5100 immoratus
1709 5054 1813 5113 est,
1834 5054 2034 5122 etpro-

378 5127 639 5185 fecturus
670 5146 775 5201 per
801 5130 979 5185 horas
1010 5127 1277 5200 singulas
1300 5130 1628 5187 videbatur.
1660 5136 1771 5191 Sed
1791 5139 1897 5193 etsi
1929 5156 2033 5211 per

380 5233 517 5273 eum
550 5218 1014 5290 respondissem,
1049 5217 1247 5274 adhuc
1277 5218 1510 5276 debitor
1548 5221 1759 5280 forem.
1790 5229 1938 5283 Nam
1972 5234 2030 5285 et

440 5378 473 5451 *1
501 5377 579 5425 Ad
612 5392 660 5451 a:
694 5393 750 5451 a.‘
782 5378 865 5441 bg.
918 5379 987 5428 bl.
1021 5394 1066 5429 c.
1098 5380 1180 5451 cb.
1214 5394 1296 5435 cc.
1335 5381 1389 5432 ﬂ.
1428 5396 1478 5446 g.
1517 5399 1604 5451 gg.
1642 5388 1787 5451 gv.j.
1820 5404 1878 5439 n.
1911 5406 1953 5442 r.
1983 5408 2025 5443 s.

372 5441 412 5508 t_.
446 5440 581 5508 φλ(ἶὲ
615 5440 694 5508 sb.
722 5440 857 5489 duos
894 5456 971 5491 vc.
1001 5447 1232 5506 quatuor
1275 5460 1321 5495 ν.
1360 5440 1671 5507 emendata:
1696 5440 1860 5503 ct'ad.
1897 5440 2021 5508 Am.

375 5500 501 5553 Bad.
535 5502 618 5551 Er.
648 5502 773 5550 Lov.

436 5567 507 5649 (τε)
528 5564 982 5649 filiasnidtiiqum
1007 5571 1186 5618 autem
1218 5570 1307 5620 HO
1338 5576 1469 5631 erat,-
1503 5586 1649 5626 nunc
1671 5576 1779 5628 213.
1814 5581 2023 5649 Scripta

374 5632 498 5694 post
528 5632 875 5692 superiorem.

1721 144 1783 203 S.
1826 140 2207 202 AUGUSTINI
2248 144 2567 204 EPISCOPI

3713 158 3808 215 420

2205 268 2359 309 nunc
2373 255 2535 327 quod
2553 256 2751 312 videor
2765 256 3145 329 respondisse
3158 258 3386 317 debitor
3399 277 3546 327 sum,
3563 279 3673 321 non
3691 267 3807 325 dico

2202 343 2524 412 cbaritatis,
2547 362 2731 416 quam
2757 350 2921 402 tanto
2950 347 3141 415 magis
3158 348 3444 405 debemus
3466 360 3677 423 quanto
3701 372 3808 411 am-

2203 432 2357 503 plius
2380 432 2879 504 impenderimus,
2895 436 3067 507 cujus
3084 452 3193 491 nos
3219 445 3529 510 perpetuos
3542 442 3808 500 debitores

2199 522 2780 595 ostenditApostolus
2798 524 3021 591 dicens,
3045 526 3264 580 Nemini
3283 528 3566 599 quidquam
3585 530 3811 603 debeatis,

2198 611 2312 664 nisi
2324 619 2381 665 ut
2407 613 2638 667 inuicem
2651 613 2896 683 diligatis
2918 614 3227 685 (Rom.x1u,
3257 616 3343 684 8i;
3373 618 3664 689 sedipsius
3681 620 3813 692 epis-

2198 698 2330 753 tola:
2350 702 2494 755 tuae:
2521 702 2767 772 quando
2781 703 2939 757 enim
2963 703 3257 759 sufﬁciam
3279 711 3390 760 tua;
3406 707 3688 773 suavitati,
3705 715 3814 765 tan-

2197 791 2393 859 taeque
2425 790 2693 846 aviditati
2720 791 2907 846 animi
2930 791 3033 857 tui,
3057 808 3245 864 quam
3274 794 3417 848 mihi
3438 794 3580 851 lecta
3609 799 3814 855 nuntia-

2198 876 2325 932 vit?
2345 879 2485 933 Rem
2511 879 2759 950 quidem
2784 879 2926 935 mihi
2948 882 3008 935 in
3024 886 3075 936 te
3098 882 3812 959 notissimaminsinuaviq;

2194 972 2607 1023 verumtamen
2650 970 2753 1023 etsi
2781 984 2900 1025 non
2938 970 3079 1025 mihi
3132 971 3215 1026 rei
3270 988 3438 1027 nova:
3470 972 3811 1043 insinuatrix,

2193 1070 2351 1111 nova
2382 1062 2581 1113 tamen
2623 1059 3046 1130 rescriptorum
3074 1062 3331 1116 exactrix
3364 1061 3487 1116 fuit.

2262 1149 2314 1199 2.
2348 1146 2570 1201 Miraris
2592 1146 2845 1203 fortasse
2866 1164 2972 1203 cur
2998 1164 3093 1204 me
3115 1149 3298 1221 hujus
3318 1150 3501 1207 debiti
3519 1153 3815 1222 persoluto-

2191 1248 2313 1289 rem
2331 1235 2622 1305 imparem
2650 1236 2868 1306 dicam,
2887 1253 3021 1293 cum
3042 1244 3101 1294 tu
3114 1238 3187 1294 de
3204 1255 3296 1295 me
3312 1245 3428 1296 tam
3447 1241 3686 1297 multum
3701 1260 3813 1299 sen-

2193 1322 2441 1395 tias,qui
2474 1341 2569 1380 me
2599 1331 2890 1399 tanquam
2923 1328 3127 1383 anima
3149 1344 3283 1385 mea
3307 1329 3569 1385 noveris:
3594 1331 3692 1387 sed
3715 1334 3812 1390 hoc

2188 1410 2388 1482 ipsum
2420 1419 2509 1467 est
2541 1414 2703 1485 quod
2750 1415 2890 1470 mihi
2926 1432 3213 1486 magnam
3270 1417 3673 1475 difﬁcultatem
3697 1419 3815 1476 fecit

2190 1501 2594 1571 respondendi
2610 1502 2815 1558 litteris
2832 1505 2962 1570 tuis,
2984 1505 3127 1577 quia
3140 1511 3470 1577 etquantus
3482 1507 3621 1563 mihi
3637 1508 3814 1565 videa-

2190 1588 2270 1642 ris
2304 1604 2487 1660 parco
2514 1590 2710 1646 dicere
2728 1598 2965 1664 propter
2995 1596 3424 1651 verecundiam
3456 1600 3703 1661 tuam,et
3724 1600 3811 1653 uti-

2188 1691 2305 1747 que
2338 1680 2536 1733 minus
2565 1679 2844 1747 dicendo,
2867 1697 3008 1737 cum
3038 1682 3183 1738 tuin
3218 1699 3312 1739 me
3336 1688 3563 1739 tantam
3593 1684 3811 1742 laudem

2188 1765 2530 1835 contuleris,
2562 1767 2704 1839 quid
2730 1770 2840 1823 nisi
2864 1769 3099 1826 debitor
3121 1773 3449 1828 remanebo
3473 1773 3501 1829 ‘l
3526 1774 3685 1839 Quod
3709 1791 3812 1831 non

2187 1868 2479 1921 curarem,
2515 1856 2564 1910 si
2595 1871 2664 1911 ea
2694 1874 2829 1928 quae
2859 1858 2933 1913 de
2965 1875 3061 1915 me
3092 1861 3169 1915 ad
3195 1877 3287 1916 me
3317 1860 3551 1917 locutus
3581 1867 3681 1929 est,
3706 1879 3811 1919 non

2186 1958 2257 1998 ex
2288 1944 2575 2000 charitate
2594 1947 3003 2004 sincerissima
3032 1948 3193 2004 dicta
3223 1950 3459 2016 scirem,
3493 1952 3593 2006 sed
3625 1952 3812 2008 adula-

2187 2032 2595 2090 tioneinimica
2621 2035 3078 2105 amicitiaa._Hoc
3106 2038 3329 2111 quippe
3355 2041 3656 2096 modonec
3671 2041 3812 2097 debi-

2184 2124 2273 2175 tor
2298 2120 2519 2188 ﬁerem,
2555 2124 2698 2195 quia
2721 2124 2859 2180 talia
2875 2127 3200 2197 rependere
3223 2144 3343 2183 non
3373 2128 3649 2185 deberem
3678 2148 3689 2179 :
3718 2132 3809 2186 sed

2182 2215 2410 2280 quanto
2452 2213 2643 2280 magis
2689 2214 2826 2269 novi
2885 2230 3068 2285 quam
3126 2215 3283 2271 ﬁdeli
3314 2216 3523 2273 animo
3549 2218 3807 2291 loqueris,

2181 2301 2347 2355 tanto
2387 2302 2579 2369 magis
2611 2302 2777 2358 video
2807 2310 3038 2375 quanto
3062 2304 3265 2360 debito
3296 2321 3529 2376 graver.

2249 2391 2301 2443 3.
2339 2387 2479 2444 Vide
2502 2392 2856 2462 autemquid
2875 2392 3019 2447 mihi
3042 2393 3305 2464 contigit,
3326 2400 3392 2451 ut
3421 2412 3514 2451 me
3538 2398 3806 2468 quodam-

2176 2476 2359 2533 modo
2390 2478 2519 2549 ipse
2551 2478 3060 2552 laudaverim,fqui
3086 2498 3182 2536 me
3204 2487 3320 2538 ate
3351 2482 3602 2541 ﬁdeliter
3622 2485 3807 2542 lauda-

2175 2567 2300 2619 tum
2320 2565 2586 2623 dixerim.
2605 2567 2878 2640 Sedquid
2906 2569 3067 2625 aliud
3082 2570 3562 2645 dicerem,quam
3579 2573 3635 2629 in
3661 2575 3806 2646 quod

2173 2653 2247 2709 de
2265 2659 2318 2710 te
2347 2654 2659 2721 admonui,
2683 2673 2862 2727 quem
2896 2661 2906 2692 ⁸
2933 2659 3108 2714 nosti.
3142 2662 3288 2716 Ecce
3304 2662 3454 2718 mihi
3474 2680 3687 2720 novam
3710 2664 3803 2720 feci

2170 2747 2568 2814 quaestionem
2595 2761 2780 2817 quam
2812 2752 2869 2802 tu
2902 2762 3020 2803 non
3053 2750 3434 2821 proposuisti,
3464 2757 3519 2808 et
3549 2769 3676 2808 eam
3706 2752 3803 2809 for-

2170 2834 2352 2889 tassis
2386 2840 2697 2905 exspectas
2742 2840 2803 2891 ut
2855 2835 3082 2891 solvam
3119 2856 3131 2890 :
3164 2838 3245 2893 ita
3274 2840 3423 2895 mibi
3454 2856 3665 2911 parum
3693 2853 3803 2898 erat

2168 2924 2332 2993 quod
2370 2923 2603 2978 debitor
2634 2939 2819 2988 eram,
2848 2926 3153 2982 nisietiam
3186 2943 3282 2983 me
3309 2930 3603 3001 ampliore
3620 2930 3801 2986 debito

2166 3010 2291 3082 ipse
2307 3012 2674 3068 cumularem
2695 3028 2708 3079 ;
2723 3029 3074 3085 quanquam
3090 3015 3204 3071 hoc
3218 3016 3389 3073 facile
3405 3021 3478 3073 sit
3490 3020 3799 3088 ostendere,

2166 3103 2242 3164 et,
2269 3100 2318 3154 si
2358 3116 2481 3156 non
2503 3101 2842 3167 ostendam,
2877 3101 3045 3159 facile
3078 3104 3180 3160 tibi
3200 3105 3417 3172 videre,
3452 3116 3508 3163 et
3535 3110 3801 3165 verainﬁ-

2163 3188 2368 3245 deliter
2392 3189 2509 3245 dici
2532 3207 2730 3262 posse,
2758 3197 2812 3247 et
2838 3207 2957 3247 non
2975 3209 3112 3249 vera
3124 3193 3394 3251 ﬁdeliter.
3422 3198 3529 3262 Qui
3552 3200 3703 3253 enim
3725 3198 3799 3253 sic

2161 3278 2346 3333 credit
2372 3283 2434 3333 ut
2462 3278 2743 3351 loquitur,
2780 3280 2888 3335 etsi
2919 3297 3040 3337 non
3068 3299 3209 3338 vera
3232 3283 3522 3356 loquitur,
3570 3286 3801 3342 ﬁdeliter

2158 3366 2463 3438 loquitur;
2505 3368 2607 3440 qui
2659 3373 2858 3424 autem
2912 3386 3033 3426 non
3092 3372 3279 3428 credit
3337 3390 3475 3446 quae
3531 3376 3796 3448 loquitur,

2158 3458 2267 3511 etsi
2318 3472 2459 3512 vera
2485 3456 2771 3528 loquitur,
2824 3458 3142 3515 inﬁdeliter
3192 3461 3479 3534 loquitur.
3514 3465 3797 3537 Numquid

2157 3560 2299 3617 ergo
2329 3545 2543 3602 dubito
2570 3546 2737 3618 quod
2772 3562 2844 3603 ea
2865 3547 2939 3603 de
2968 3564 3061 3604 me
3080 3552 3287 3607 credas
3313 3568 3453 3624 quae
3485 3553 3795 3626 scripsisti?

2157 3635 2298 3698 Quae
2330 3650 2467 3689 cum
2497 3635 2555 3690 in
2583 3650 2679 3690 me
2710 3651 2832 3691 non
2864 3652 3150 3708 agnosco,
3181 3640 3425 3712 potuisti
3452 3643 3696 3701 ﬁdeliter
3729 3643 3793 3699 de

2154 3738 2251 3777 me
2278 3738 2399 3778 non
2438 3738 2579 3778 vera
2617 3722 2832 3780 dicere.

2224 3815 2277 3866 4.
2309 3812 2419 3868 Sed
2453 3811 2591 3867 nolo
2614 3818 2666 3868 te
2682 3813 2769 3868 vel
2796 3813 3208 3872 benevolentia
3229 3817 3311 3873 sic
3338 3817 3460 3875 falli
3483 3840 3499 3892 ;
3525 3821 3793 3878 cuibene-

2152 3899 2428 3955 volentim
2458 3900 2693 3956 debitor
2715 3918 2872 3967 sum,
2905 3903 3049 3974 quia
3080 3908 3137 3959 et
3163 3910 3281 3960 tam
3305 3904 3582 3976 ﬁdeliter,
3613 3916 3667 3966 et
3684 3915 3789 3966 tam

2149 3986 2439 4044 benevole
2452 4005 2519 4045 ea
2534 4006 2666 4060 quae
2684 4006 2819 4046 vera
2838 3998 2994 4057 sunt,
3019 4008 3269 4063 possum
3284 3994 3357 4051 de
3372 4001 3425 4052 te
3438 3998 3653 4064 dicere,
3667 3999 3788 4059 nisi.

2151 4082 2215 4132 ut
2230 4092 2415 4148 supra
2430 4077 2571 4148 dixi,
2594 4081 2968 4136 verecundiae
2985 4086 3100 4137 tuae
3115 4099 3444 4154 parcerem.
3464 4090 3585 4157 Ego
3605 4094 3787 4144 autem

2150 4165 2396 4236 quando
2425 4165 2641 4223 laudor
2670 4185 2705 4225 a
2732 4170 3187 4238 germanissimo
3240 4176 3293 4228 et
3338 4174 3788 4233 familiarissimo

2150 4253 2367 4309 anima:
2382 4271 2551 4321 mem,
2580 4256 2734 4311 velut
2752 4273 2787 4313 a
2805 4259 3035 4330 meipso
3049 4259 3278 4332 lauder,
3297 4263 3377 4319 sic
3392 4264 3611 4323 habeo.
3633 4265 3788 4332 Quod

2149 4342 2341 4397 cernis
2373 4359 2560 4414 quam
2589 4344 2909 4401 molestum
2933 4348 3023 4414 sit,
3053 4349 3229 4405 etiam
3267 4367 3404 4407 vera
3432 4353 3481 4408 si
3515 4354 3784 4411 dicantur.

2150 4430 2385 4495 Quanto
2399 4432 2596 4504 potius
2608 4434 2751 4507 quia
2764 4436 2941 4491 etiam
2963 4453 3099 4493 cum
3119 4438 3197 4493 sis
3211 4438 3393 4496 altera
3408 4442 3615 4500 anima
3645 4458 3783 4511 mea,

2147 4518 2271 4574 imo
2300 4536 2418 4577 una
2438 4521 2513 4576 sit
2539 4524 2740 4579 anima
2763 4531 2859 4581 tua
2876 4530 2931 4580 et
2958 4542 3111 4591 mea,
3144 4528 3230 4583 sic
3255 4528 3313 4583 in
3340 4546 3434 4585 me
3455 4531 3669 4588 falleris
3692 4548 3786 4604 pu-

2149 4608 2333 4664 tando
2368 4612 2510 4666 mihi
2541 4612 2751 4668 adesse
2783 4630 2917 4686 qum
2939 4615 3174 4681 desunt,
3209 4621 3519 4688 quomodo
3550 4626 3607 4677 et
3634 4622 3703 4677 de
3730 4636 3784 4675 se

2147 4695 2273 4768 ipse
2300 4700 2653 4757 unushomo
2684 4702 2803 4758 falli
2837 4704 3248 4775 potest?Quod
3263 4722 3382 4763 non
3413 4709 3783 4766 tantumideo

2148 4786 2307 4852 nolo,
2344 4804 2416 4844 ne
2456 4806 2635 4861 quem
2677 4791 2858 4862 diligo
2892 4799 2951 4849 tu
2982 4792 3228 4862 fallaris,
3274 4811 3481 4853 verum
3515 4800 3685 4855 etiam
3717 4812 3782 4853 ne

2147 4874 2346 4930 minus
2381 4894 2513 4933 ores
2536 4884 2598 4935 ut
2626 4880 2736 4935 sim
2760 4881 3060 4952 quodjam
3087 4898 3178 4938 me
3194 4900 3321 4939 esse
3348 4886 3541 4942 credis
3567 4903 3578 4941 :
3603 4903 3705 4942 nec
3728 4887 3779 4940 in

2146 4978 2215 5019 eo
2247 4981 2379 5021 sum
2399 4966 2501 5023 tibi
2527 4968 2781 5035 debitor,
2803 4971 3087 5027 uteadem
3105 4988 3425 5044 progressu
3443 4974 3781 5032 benevolen-

2145 5052 2238 5107 tiae
2262 5053 2504 5110 credam
2524 5062 2581 5112 et
2596 5056 2810 5130 loquar
2824 5060 2897 5115 de
2920 5066 2969 5116 te
2987 5060 3168 5127 bona,
3183 5078 3317 5134 quae
3340 5063 3534 5119 adhuc
3548 5070 3602 5121 et
3618 5064 3779 5120 tutibi

2142 5141 2347 5199 deesse
2362 5147 2804 5214 cognoscis,sed
2822 5154 2880 5204 ut
2895 5150 3097 5206 animo
3114 5156 3236 5207 tam
3249 5152 3490 5223 quidem
3509 5151 3777 5209 benevole

2142 5245 2213 5287 ea
2235 5236 2464 5289 tantum
2489 5235 2686 5292 dicam
2719 5237 2877 5294 bona
2911 5244 3031 5300 tua,
3056 5241 3217 5297 dona
3239 5242 3360 5307 Dei,
3389 5243 3461 5298 de
3484 5242 3700 5315 quibus
3722 5242 3772 5295 in

2142 5323 2194 5375 te
2213 5326 2405 5377 certus
2438 5341 2587 5380 sum.
2626 5324 2794 5393 Quod
2821 5342 2941 5382 non
2962 5328 3093 5385 ideo
3118 5345 3237 5385 non
3268 5330 3420 5386 facio
3451 5331 3701 5387 nefallar
3725 5329 3775 5384 in

2141 5408 2247 5476 eis,
2304 5411 2410 5466 sed
2459 5428 2533 5468 ne
2563 5418 2627 5470 tu
2679 5433 2714 5472 a
2757 5432 2850 5472 me
2883 5417 3186 5487 laudatus,
3252 5420 3382 5491 ipse
3421 5424 3476 5476 te
3506 5420 3771 5475 laudasse

2139 5498 2393 5555 videaris
2426 5517 2440 5568 ;
2473 5506 2527 5557 et
2563 5511 2804 5577 propter
2857 5507 3020 5563 illam
3043 5509 3283 5579 justitiaa
3327 5510 3611 5582 regulam,
3659 5522 3770 5582 qua

2198 5658 2215 5690 ί
2236 5659 2362 5711 Mss.
2398 5660 2600 5722 decem,
2635 5679 2785 5729 quam
2814 5667 2967 5716 nosti.
