3996 6158
491 152 597 206 423

488 275 675 347 dignae
696 276 969 347 passiones
1013 273 1171 343 hujus
1209 271 1464 342 temporis
1490 270 1560 325 ad
1603 270 1859 339 futuram
1884 269 2134 342 gloriam,

486 382 604 438 qum
646 366 979 422 revelabitur
1003 363 1059 417 in
1097 361 1247 416 nobis
1276 361 1446 432 (Rom.
1479 377 1594 425 vui,
1638 360 1743 429 18).

562 460 611 511 3.
646 453 913 515 Proinde,
943 450 1318 516 charissime,
1338 450 1516 505 etiam
1541 449 1655 504 illis
1683 464 1942 521 quorum
1960 447 2139 503 verba

491 543 638 598 dicis
652 548 705 597 te
732 542 878 595 ferre
895 555 1015 594 non
1031 554 1228 611 posse,
1254 538 1539 610 quoniam
1568 537 1795 604 dicunt,
1814 538 1866 593 Si
1884 553 1991 592 nos
2008 552 2140 608 pec-

488 630 840 687 catoresista
886 630 1235 698 meruimus,
1268 643 1453 700 quare
1489 628 1708 683 etservi
1733 626 2139 683 Deibarbaro—

485 736 619 775 rum
637 718 1266 790 ferroperemptisunt,
1302 717 1597 773 etancillae
1616 718 1709 772 Dei
1734 717 1962 789 captive
1996 720 2138 771 duc-

486 808 1416 877 taejsunt‘niumiliteret‘veraciter
1430 812 1485 862 et
1499 808 1590 878 pie
1606 806 2137 879 responde:Quan-

486 897 1227 968 tamlibetenimjustitiam
1244 913 1476 952 servem
1488 896 2015 968 us,quantamlibet
2032 897 2138 949 Do-

487 988 651 1044 mino
684 987 1083 1042 obedientiam
1108 987 1523 1054 exhibeamus,
1546 985 1839 1057 numquid
1863 985 2137 1040 meliores

486 1093 614 1132 esse
632 1092 952 1147 possumus
972 1074 1080 1130 illis
1098 1076 1286 1130 tribus
1302 1075 1568 1146 viris,qui
1584 1075 1642 1129 in
1656 1075 1959 1129 caminum
1984 1074 2136 1141 ignis

487 1166 746 1221 ardentis
764 1180 870 1235 pro
884 1164 1298 1219 conservanda
1329 1163 1455 1233 lege
1473 1165 1568 1219 Dei
1597 1164 1843 1235 projecti
1876 1161 2051 1217 sunt?
2072 1165 2139 1217 Et

486 1258 686 1311 tamen
714 1254 837 1325 lege
869 1253 1014 1325 quid
1040 1253 1153 1308 illic
1185 1254 1342 1308 dicat
1366 1254 1631 1323 _Azarias,
1671 1268 1824 1306 unus
1842 1268 1908 1306 ex
1946 1250 2137 1306 tribus

484 1345 585 1415 qui
601 1344 875 1414 aperiens
892 1359 956 1397 os
971 1360 1145 1398 suum
1160 1344 1219 1398 in
1233 1343 1431 1397 medio
1446 1341 1771 1411 ignis,dixit
1790 1357 1801 1394 :
1819 1340 2139 1395 Benedictus

484 1450 554 1499 es,
588 1434 818 1489 Domine
846 1433 987 1486 Deus
1014 1439 1235 1503 patrum
1268 1439 1602 1496 nostrorum,
1645 1438 1692 1485 et
1724 1430 2063 1493 laudabilis;
2088 1436 2136 1484 et

485 1523 777 1594 gloriosum
809 1539 998 1575 nomen
1030 1528 1179 1575 tuum
1211 1521 1267 1574 in
1292 1520 1464 1575 secula
1492 1538 1507 1574 :
1540 1521 1794 1590 quoniam
1814 1520 1994 1590 justus
2015 1520 2137 1573 esin

484 1610 728 1665 omnibus
759 1627 874 1680 quae
913 1610 1096 1680 fecisti
1120 1608 1287 1672 nobis,
1322 1616 1367 1662 et
1395 1610 1581 1664 omnia
1611 1625 1775 1680 opera
1803 1615 1895 1663 tua
1916 1624 2064 1673 vera,
2088 1612 2137 1662 et

486 1708 644 1754 rectm
671 1701 773 1753 viae
802 1704 925 1763 time,
962 1703 1011 1752 et
1036 1699 1215 1753 omnia
1238 1698 1451 1768 judicia
1485 1704 1577 1751 tua
1608 1699 1833 1763 veritas,
1856 1704 1903 1752 et
1920 1696 2137 1767 judicia

486 1790 737 1843 veritatis
762 1788 942 1861 fecisti
958 1805 1054 1858 per
1068 1789 1248 1843 omnia
1264 1804 1380 1858 quae
1402 1787 1643 1842 intulisti
1660 1786 1827 1851 nobis,
1852 1792 1899 1840 et
1920 1786 2138 1841 civitati

485 1884 683 1933 sanctae
711 1885 930 1949 patrum
951 1885 1256 1932 nostrorum
1282 1876 1579 1931 Jerusalem
1602 1877 1886 1947 ;quoniam
1908 1876 1968 1929 in
1995 1877 2135 1929 veri-

488 1974 596 2022 tate
625 1974 673 2022 et
682 1968 894 2038 judicio
907 1967 1151 2021 intulisti
1178 1966 1324 2020 nobis
1347 1965 1527 2020 omnia
1541 1965 1670 2033 haec,
1685 1972 1905 2035 propter
1919 1973 2133 2036 peccata

485 2062 672 2110 nostra
703 2072 719 2121 ;
749 2056 1001 2125 quoniam
1031 2057 1378 2125 peccavimus,
1430 2062 1477 2109 et
1510 2054 1635 2125 Legi
1660 2061 1766 2109 tuae
1798 2070 1900 2108 non
1932 2056 2130 2125 parui-

486 2161 627 2209 mus,
660 2151 709 2200 et
740 2145 1009 2199 mandatis
1051 2145 1161 2199 tuis
1186 2161 1291 2198 non
1316 2144 1709 2210 obaudivimus,
1741 2151 1801 2198 ut
1832 2144 1954 2198 bene
1984 2143 2131 2198 nobis

484 2241 613 2289 esset
637 2251 656 2300 ;
688 2241 740 2290 et
770 2233 954 2288 omnia
983 2250 1099 2303 qua:
1134 2233 1379 2289 intulisti
1404 2232 1570 2299 nobis,
1604 2233 1663 2286 in
1674 2233 1885 2303 judicio
1910 2250 2030 2287 vero
2050 2234 2131 2287 in-

486 2323 684 2378 tulisti.
708 2323 780 2376 Et
799 2321 1086 2376 tradidisti
1102 2339 1193 2376 nos
1223 2323 1283 2375 in
1312 2338 1501 2375 manus
1526 2321 1840 2392 iniquorum
1871 2322 2129 2376 inimicis-

481 2412 741 2466 simorum
770 2411 1203 2481 transfugarum,
1244 2418 1291 2465 et
1315 2411 1431 2480 regi
1445 2411 1650 2479 injusto
1670 2418 1717 2464 et
1750 2410 1971 2480 pessimo
1984 2410 2133 2465 ultra

485 2502 795 2556 universam
817 2506 1041 2553 terram.
1062 2499 1132 2553 Et
1160 2516 1301 2554 nunc
1324 2515 1427 2553 non
1458 2505 1530 2553 est
1558 2504 1616 2552 ut
1639 2500 1898 2569 possimus
1916 2501 2132 2570 aperire

486 2607 540 2644 os
563 2611 581 2646 :
602 2606 722 2642 vere
739 2588 984 2658 confusio
996 2592 1045 2641 et
1066 2586 1412 2658 opprobrium
1430 2588 1563 2655 [acti
1587 2604 1773 2642 sumus
1801 2592 1972 2643 servis
2000 2589 2127 2653 tuis,

485 2684 535 2734 et
567 2680 642 2732 eis
670 2678 767 2748 qui
801 2685 849 2731 te
880 2676 1079 2731 colunt.
1136 2676 1217 2730 Ne
1248 2675 1546 2730 tradideris
1580 2693 1673 2730 nos
1723 2678 1782 2731 in
1817 2664 2132 2749 perpetuum

480 2774 709 2838 propter
739 2783 923 2820 nomen
954 2774 1126 2833 tuum,
1172 2765 1416 2830 Domine,
1451 2772 1501 2820 et
1531 2782 1599 2820 ne
1636 2765 1941 2837 despexeris
1970 2773 2128 2821 testa-

485 2863 719 2912 mentum
763 2864 937 2918 tuum,
971 2862 1018 2909 et
1046 2872 1114 2909 ne
1140 2854 1434 2909 abstuleris
1463 2855 1887 2911 misericordiam
1921 2863 2068 2911 tuam
2098 2876 2131 2912 a

484 2946 658 3013 nobis,
677 2952 895 3016 propter
922 2944 1200 2999 Abraham
1220 2943 1314 3014 qui
1344 2960 1376 2997 a
1399 2950 1450 2998 te
1478 2943 1715 2999 dilectus
1730 2952 1822 3007 est,
1848 2952 1897 3000 et
1905 2954 2132 3017 propter

402 3074 407 3079 ι
484 3036 635 3091 Isaac
685 3051 897 3089 servum
928 3040 1098 3098 tuum,
1153 3040 1200 3088 et
1232 3031 1409 3087 Israel
1446 3039 1692 3089 sanctum
1740 3041 1911 3099 tuum,
1943 3036 2132 3107 quibus

486 3126 688 3181 locutus
705 3141 754 3178 es
772 3123 1267 3193 multiplicaturum
1288 3129 1333 3177 te
1352 3139 1527 3177 semen
1556 3140 1737 3178 eorum
1769 3132 1827 3179 ut
1852 3126 2132 3180 astracaeli

484 3220 533 3271 et
547 3230 768 3267 arenam
793 3214 992 3266 maris:
1014 3212 1286 3281 quoniam,
1304 3211 1548 3281 Domine,
1566 3213 1785 3266 minimi
1799 3214 1935 3283 [acti
1948 3232 2133 3270 sumus

478 3321 598 3376 pra:
632 3302 874 3357 omnibus
926 3300 1255 3363 nationibus,
1294 3306 1342 3354 et
1398 3317 1580 3355 sumus
1621 3301 1849 3357 humiles
1880 3302 2032 3358 hodie
2072 3306 2127 3358 in

488 3399 636 3447 terra
673 3398 895 3462 propter
931 3396 1143 3461 peccata
1190 3396 1377 3443 nostra
1398 3390 1564 3459 (Dan.
1596 3406 1672 3455 ιιι,
1701 3391 1906 3464 26-37).
1952 3392 2126 3449 Vides

485 3485 660 3545 certe,
693 3477 1115 3549 frater,quales
1144 3476 1269 3546 viri,
1293 3493 1477 3548 quam
1505 3480 1714 3545 sancti,
1740 3496 1924 3551 quam
1950 3481 2129 3538 fortes

483 3569 542 3625 in
577 3568 775 3623 medio
807 3566 1218 3629 tribulationis,
1257 3565 1354 3620 ubi
1388 3572 1587 3621 tamen
1619 3568 1701 3623 eis
1751 3571 2124 3643 parcebatur,

483 3663 539 3715 et
564 3674 667 3713 eos
696 3672 862 3712 urere
902 3657 1032 3726 ipsa
1083 3654 1332 3710 ﬂamma
1362 3656 1693 3727 verebatur,
1748 3666 1991 3729 peccata
2022 3678 2130 3717 sua

484 3746 941 3809 conﬁtebantur,
982 3759 1092 3816 pro
1124 3743 1343 3814 quibus
1364 3759 1425 3798 se
1452 3743 1629 3814 digne
1669 3751 1724 3801 et
1744 3747 1902 3817 juste
1927 3749 2127 3805 humi-

479 3837 608 3893 liari
635 3837 940 3899 noverant,
971 3848 1077 3887 nec
1106 3832 1403 3889 tacebant.

553 3930 604 3981 4.
640 3924 938 3995 Numquid
972 3923 1149 3977 etiam
1178 3920 1449 3977 meliores
1481 3940 1609 3978 esse
1641 3941 1966 3995 possumus
1998 3930 2127 4001 ipso

485 4014 742 4077 Daniele,
772 4012 845 4067 de
884 4028 1005 4083 quo
1045 4026 1150 4082 per
1190 4010 1551 4065 Ezechielem
1592 4014 1945 4085 prophetam
1987 4018 2128 4075 dicit

485 4102 722 4159 Deusad
743 4101 1073 4171 principem
1095 4100 1227 4169 Tyri
1257 4100 1562 4170 :Numquid
1585 4107 1642 4156 tu
1660 4103 2128 4177 sapientiorquam

482 4190 681 4247 Daniel
705 4187 1236 4259 (Ezechmxvmﬁ)?
1252 4189 1425 4259 thui
1444 4190 1921 4259 poniturunusin
1937 4197 2125 4251 tribus

478 4280 657 4353 justis
688 4294 841 4351 quos
865 4277 1003 4331 dicit
1032 4276 1185 4330 Dens
1219 4276 1383 4332 solos
1404 4293 1464 4330 se
1492 4276 1879 4335 liberaturum
1902 4301 1915 4352 ;
1936 4290 2130 4342 osten-

485 4369 634 4425 dens
666 4368 867 4439 utique
894 4366 950 4420 in
974 4365 1084 4419 illis
1103 4368 1220 4419 tres
1245 4365 1546 4435 quasdam
1574 4367 2123 4441 formasjustorum,

482 4474 637 4531 quos
656 4458 736 4513 ita
749 4474 810 4512 se
827 4456 1218 4510 liberaturum
1232 4454 1461 4519 dicit,ut
1478 4470 1587 4510 nec
1602 4456 1753 4511 ﬁlios
1769 4476 1907 4515 suos
1923 4478 2126 4521 secum

481 4547 756 4618 liberent,
788 4544 893 4599 sed
948 4544 1057 4614 ipsi
1092 4542 1199 4597 soli
1238 4542 1580 4609 liberentur,
1617 4547 1755 4612 Noe,
1814 4548 2017 4607 Daniel
2074 4561 2130 4611 et

483 4636 591 4692 Job
619 4636 731 4706 (Id.
755 4650 876 4698 x1v,
907 4634 993 4697 14,
1022 4633 1087 4686 16
1121 4631 1202 4702 (a)
1231 4631 1257 4684 ?
1284 4634 1429 4700 Lege
1455 4638 1651 4688 tamen
1683 4637 1857 4692 etiam
1890 4656 2128 4710 precem

488 4724 766 4788 Danielis,
791 4728 845 4777 et
861 4720 992 4776 vide
1015 4720 1273 4791 quemad
1285 4720 1605 4777 modumin
1619 4726 1957 4795 captivitate
1974 4734 2129 4802 posi-

484 4821 577 4872 tus
593 4818 854 4884 peccata,
872 4826 992 4865 non
1010 4814 1239 4864 tantum
1254 4809 1457 4881 populi
1474 4810 1585 4880 sui,
1603 4828 1807 4870 verum
1824 4819 1999 4875 etiam
2017 4838 2130 4879 sua

481 4904 855 4969 conﬁteatur,
883 4906 938 4954 et
968 4915 1074 4970 pro
1093 4898 1185 4953 his
1213 4898 1373 4954 dicat
1397 4901 1805 4971 perjustitiam
1836 4905 1935 4962 Dei
1960 4926 2020 4964 se
2051 4911 2129 4967 ad

478 4994 643 5051 illam
670 4987 1029 5063 captivitatis
1052 5003 1293 5059 poenam
1326 4994 1379 5043 et
1405 4990 1729 5060 opprobria
1760 4999 2126 5063 pervenisse.

480 5084 570 5139 Sic
604 5082 763 5138 enim
784 5078 1075 5150 scriptum
1108 5083 1235 5132 est:
1270 5077 1342 5131 Et
1366 5077 1485 5131 dedi
1502 5080 1700 5147 faciem
1726 5099 1890 5139 meam
1923 5087 1993 5139 ad
2024 5088 2133 5143 Do-

482 5173 688 5227 minum
720 5171 911 5237 Deum,
942 5174 1001 5221 ut
1036 5182 1331 5237 quaererem
1366 5184 1547 5237 preces
1579 5176 1625 5223 et
1660 5170 2044 5230 obsecrationes
2072 5178 2129 5232 in

470 5260 904 5332 jejunationibus
929 5264 977 5312 et
995 5271 1163 5319 sacco,
1190 5262 1245 5311 et
1257 5264 1508 5326 precatus
1527 5274 1641 5313 sum
1666 5259 1949 5319 Dominum
1963 5268 2130 5324 Deum

481 5367 673 5415 memn,
705 5357 756 5405 et
784 5348 1052 5418 confessus
1080 5362 1215 5411 sum,
1241 5352 1291 5401 et
1317 5345 1440 5400 dixi
1470 5366 1489 5402 :
1526 5347 1745 5403 Domine
1777 5351 1920 5408 Deus
1941 5372 2128 5427 magne

546 5529 615 5599 (ρ)
648 5525 753 5600 ain
778 5524 906 5600 Npc,
936 5526 1055 5600 put.
1071 5524 1143 5573 ait
1168 5524 1221 5571 in
1248 5527 1399 5600 tract.
1428 5523 1495 5597 de
1520 5526 1672 5575 Urbis
1699 5530 1910 5600 excidio
1936 5548 2051 5600 cap.
2078 5538 2124 5597 1,

480 5608 507 5639 α
537 5586 909 5658 signiﬁcantur
937 5586 1499 5699 bonifrzepositiaiqui
1524 5594 1718 5652 regunt
1750 5597 1802 5641 et
1822 5586 2127 5659 guberﬁani

480 5670 510 5699 ι
536 5650 847 5699 Ecclesiam.
869 5660 1069 5699 auomo
1111 5661 1142 5697 ο
1157 5648 1267 5699 Noe
1282 5662 1338 5698 in
1434 5652 1560 5699 uvio
1578 5655 1897 5699 Rubernavit
1916 5674 2095 5699 ιινοηιη

479 5670 511 5704 ι
536 5648 847 5706 Ecclesiam,
869 5648 1142 5710 quomodo
1157 5648 1267 5699 Noe
1282 5650 1338 5698 in
1357 5648 1560 5702 diluvio
1578 5648 1649 5717 ἐι]
1658 5648 1898 5709 ὺθωαῧῆ
1916 5648 2116 5716 arcam.

1759 146 1817 200 s.
1861 127 2251 201 AUGUSTINY
2286 144 2607 203 EPISCOPI
3778 153 3877 210 424

2254 277 2302 324 et
2333 270 2629 336 mirabilis,
2659 280 2707 327 et
2737 271 2831 342 qui
2854 287 3038 327 servas
3060 278 3429 329 testamentum
3459 281 3626 341 tuum,
3659 283 3703 331 et
3732 278 3879 334 mise-

2254 360 2548 416 ricordiam
2580 361 2938 433 diligentibus
2960 368 3006 417 te
3045 370 3092 416 et
3123 363 3463 418 servantibus
3484 374 3740 436 prmeepta
3768 374 3877 432 tua,

2250 451 2607 520 peccavimus,
2634 451 2890 505 adversus
2929 452 3116 522 Legem
3137 452 3377 521 lecimus,
3412 454 3574 523 impie
3605 455 3814 524 egimus,
3836 461 3879 510 et

2253 540 2582 607 recessimus,
2601 547 2651 595 et
2667 540 3056 595 declinavimus
3073 557 3107 594 a
3120 544 3406 612 prwceptis
3424 543 3554 605 tuis,
3569 550 3617 597 et
3630 546 3879 612 ajudiciis

2253 628 2378 695 tuis,
2423 636 2475 683 et
2514 647 2619 684 non
2657 629 3033 685 exaudivimus
3078 647 3256 685 servos
3306 639 3421 687 tuos
3460 632 3763 702 Prophetas,
3790 636 3882 704 qui

2254 715 2605 788 loquebantur
2644 720 2702 773 in
2735 720 2953 774 nomine
2993 725 3081 774 tuo
3108 720 3181 774 ad
3211 737 3357 790 reges
3378 727 3602 785 nostros,
3629 728 3675 775 et
3702 722 3765 776 ad
3784 740 3881 777 om-

2253 822 2369 861 nem
2386 808 2643 878 populum
2667 815 2853 863 terrav.
2892 808 3038 873 Tibi,
3070 808 3315 875 Domine,
3347 809 3596 878 iustitia,
3622 809 3764 865 nobis
3790 829 3882 865 au-

2252 901 2355 949 tem
2385 900 2629 968 con/usio
2644 896 2828 967 faciei,
2852 898 2991 952 sicut
3007 897 3119 951 dies
3143 897 3228 952 hic
3252 898 3372 952 viro
3394 898 3562 962 Iuda,
3588 904 3637 953 et
3656 898 3883 954 habitan-

2251 984 2402 1039 tibus
2436 985 2757 1051 Jerusalem,
2791 992 2840 1040 et
2878 986 3023 1041 omni
3049 985 3243 1052 Israel,
3286 986 3378 1058 qui
3412 988 3655 1057 proximi
3676 994 3813 1055 sunt,
3842 994 3886 1042 et

2251 1075 2345 1145 qui
2364 1074 2512 1146 longe
2540 1083 2665 1131 sunt
2707 1076 2766 1130 in
2800 1077 2950 1131 omni
2976 1083 3148 1140 terra,
3191 1076 3250 1130 in
3293 1092 3400 1147 qua
3428 1092 3512 1131 eos
3543 1075 3888 1132 disseminasti

2252 1161 2348 1226 ibi,
2381 1168 2604 1234 propter
2649 1165 3043 1220 contumaciam
3068 1181 3279 1229 eorum,
3310 1166 3442 1235 quia
3469 1166 3885 1236 improbaverunt

2252 1253 2574 1319 te,Domine.
2596 1253 2764 1309 Nobis
2782 1262 2960 1309 autem
2990 1255 3232 1324 conlusio
3246 1253 3661 1325 faciei,regibus
3679 1256 3884 1321 nostris,

2252 1350 2299 1397 et
2320 1342 2664 1414 principibus
2682 1344 2902 1408 nostris,
2938 1351 2987 1398 et
3011 1343 3263 1414 patribus
3296 1344 3518 1411 nostris,
3551 1345 3643 1414 qui
3664 1346 3887 1414 peccavi-

2251 1449 2387 1486 mus.
2421 1432 2545 1487 Tibi
2569 1432 2794 1487 Domino
2814 1433 2927 1487 Deo
2948 1440 3133 1487 nostro
3154 1433 3528 1488 miserationes
3561 1440 3609 1487 et
3634 1433 3886 1503 propitia—

2253 1522 2423 1576 tiones
2446 1523 2486 1586 ί,
2509 1523 2768 1593 quoniam
2795 1523 3134 1588 recessimus,
3170 1528 3217 1577 et
3257 1538 3362 1576 non
3393 1522 3706 1577 audivimus
3728 1539 3885 1577 vocem

2252 1611 2478 1665 Domini
2506 1612 2609 1665 Dei
2635 1613 2830 1675 nostri,
2859 1618 2919 1666 ut
2937 1628 3160 1665 essemus
3188 1612 3246 1665 in
3271 1614 3557 1682 praeceptis
3587 1611 3717 1681 legis
3746 1611 3887 1679 huius

2249 1717 2410 1771 quam
2439 1700 2585 1754 dedit
2617 1701 2675 1754 in
2705 1707 2983 1771 conspectu
3012 1706 3198 1756 nostro
3222 1701 3281 1754 in
3302 1717 3470 1754 manu
3487 1716 3762 1754 servorum
3782 1702 3885 1769 ejus

2250 1789 2669 1860 Prophetarum.
2720 1790 2796 1843 Et
2824 1790 2997 1844 omnis
3050 1788 3233 1845 Israel
3257 1795 3609 1860 peccaverunt
3647 1788 3884 1843 adversus

2252 1878 2409 1949 legem
2441 1886 2608 1943 tuam,
2633 1885 2681 1932 et
2706 1877 3111 1933 declinaverunt
3141 1894 3209 1933 ne
3234 1878 3495 1932 audirent
3520 1894 3685 1933 vocem
3712 1884 3843 1933 tuam
3867 1898 3882 1933 :

2249 1975 2295 2022 et
2350 1970 2655 2039 supervenit
2706 1969 2854 2022 nobis
2879 1968 3201 2037 fmaledictio
3238 1976 3287 2024 et
3322 1967 3735 2038 jusjurandum,
3765 1968 3884 2038 quod

2245 2059 2505 2128 scriptum
2537 2061 2613 2112 est
2642 2057 2699 2112 in
2726 2058 2836 2128 lege
2865 2058 3047 2129 Moysi
3070 2058 3215 2111 servi
3238 2058 3353 2121 Dei,
3387 2058 3646 2128 quoniam
3662 2057 3882 2128 peccavi-

2246 2159 2380 2211 mus,
2413 2153 2461 2200 et
2486 2146 2682 2200 statuit
2711 2162 2974 2200 sermones
2998 2162 3137 2209 suos,
3179 2161 3307 2215 quos
3336 2145 3545 2200 locutus
3588 2152 3661 2199 est
3702 2145 3767 2198 ad
3800 2161 3879 2198 nos

2245 2242 2293 2289 et
2317 2233 2387 2287 ad
2406 2234 2622 2304 judices
2650 2241 2875 2305 nostros,
2909 2234 3002 2305 qui
3026 2234 3350 2305 judicabant
3381 2250 3497 2299 nos,
3551 2232 3881 2304 superducere

2246 2324 2305 2377 in
2336 2329 2355 2359 ²
2376 2341 2469 2378 nos
2492 2324 2630 2378 mala
2658 2340 2869 2394 magna,
2891 2340 3007 2393 quae
3030 2339 3304 2394 nunquam
3318 2323 3467 2393 facta
3496 2329 3620 2378 sunt
3649 2322 3738 2376 sub
3753 2322 3882 2375 omni

2244 2411 2372 2466 caelo
2398 2413 2685 2467 secundum
2722 2429 2783 2466 ea
2807 2428 2923 2483 quae
2954 2412 3101 2482 facta
3140 2418 3263 2466 sunt
3296 2412 3353 2465 in
3378 2412 3703 2467 Jerusalem.
3752 2409 3882 2465 Sicut

2242 2502 2501 2571 scriptum
2530 2508 2603 2555 est
2636 2501 2695 2555 in
2718 2501 2852 2571 Lege
2869 2500 3062 2571 Moysi,
3100 2500 3283 2555 omnia
3319 2499 3469 2555 mala
3502 2500 3612 2555 hxc
3641 2504 3874 2554 venerunt

2242 2589 2313 2644 ad
2336 2607 2454 2659 nos,
2485 2594 2659 2644 etnon
2688 2590 3003 2660 rogavimus
3026 2589 3326 2645 Dominum
3355 2589 3525 2643 Deum
3554 2595 3808 2652 nostrum,
3832 2592 3878 2639 ut

2242 2685 2508 2732 averteret
2548 2696 2579 2731 a
2632 2677 2781 2732 nobis
2811 2677 3007 2731 delicta
3045 2684 3251 2742 nostra,
3294 2684 3344 2731 et
3378 2685 3437 2732 ut
3478 2676 3876 2746 intelligeremus

2242 2782 2445 2822 omnem
2474 2767 2751 2821 veritatem
2785 2774 2951 2821 tuam.
2984 2767 3057 2821 Et
3088 2766 3351 2838 vigilavit
3373 2764 3643 2820 Dominus
3669 2764 3796 2818 Deus
3821 2761 3879 2815 ad

2242 2872 2447 2910 omnem
2462 2862 2703 2909 sanctum
2731 2872 2908 2921 suum,
2932 2863 2981 2910 et
3012 2855 3284 2924 perduxit
3302 2871 3364 2909 ea
3394 2872 3512 2926 quae
3539 2852 3751 2925 fecitad
3779 2867 3875 2915 nos,

2242 2947 2506 3017 quoniam
2525 2945 2706 3015 justus
2736 2945 2999 2999 Dominus
3032 2944 3172 2999 Deus
3202 2950 3386 2998 noster
3437 2943 3497 2997 in
3527 2943 3674 2998 omni
3704 2939 3877 2994 mundo

2241 3050 2335 3089 suo
2364 3051 2513 3104 quem
2533 3034 2679 3102 fecit,
2713 3040 2760 3088 et
2783 3050 2886 3087 non
2913 3033 3228 3088 audivimus
3267 3048 3443 3087 vocem
3468 3032 3603 3103 ejus.
3635 3031 3705 3085 Et
3736 3044 3870 3090 nunc.

2244 3122 2467 3177 Domine
2510 3124 2651 3177 Deus
2694 3130 2893 3185 noster,
2934 3122 3031 3193 qui
3066 3121 3312 3176 eduxisti
3340 3121 3599 3192 populum
3630 3128 3776 3176 tuum
3822 3116 3873 3169 de

2243 3219 2395 3266 terra
2424 3212 2649 3282 [Egypti
2670 3212 2729 3266 in
2746 3228 2908 3266 manu
2938 3212 3099 3280 forti,
3134 3218 3183 3265 et
3214 3211 3398 3282 fecisti
3430 3210 3731 3266 tibinomen
3754 3209 3872 3261 sicut

2240 3300 2353 3355 dies
2377 3301 2484 3366 hic,
2504 3300 2708 3355 delicta
2739 3301 2991 3355 adversus
3022 3300 3179 3371 legem
3210 3308 3358 3355 tuam
3383 3302 3629 3369 fecimus.
3654 3297 3866 3356 Domine,

2242 3390 2300 3444 in
2312 3391 2466 3447 omni
2482 3391 2861 3445 misericordia
2882 3397 2975 3444 tua
2986 3397 3273 3445 avertatur
3286 3393 3304 3424 ³
3322 3391 3560 3460 impetus
3580 3397 3719 3452 tuus,
3734 3393 3779 3441 et
3799 3384 3873 3439 ira

2241 3486 2337 3534 tua
2365 3496 2397 3533 a
2427 3480 2650 3534 civitate
2679 3485 2770 3535 tua
2795 3479 3123 3547 Jerusalem,
3146 3486 3197 3533 et
3221 3486 3399 3534 monte
3420 3485 3603 3534 sancto
3632 3486 3739 3533 tuo.
3760 3475 3869 3529 Pro-

2237 3575 2359 3639 pter
2371 3574 2583 3637 peccata
2595 3569 2738 3622 enim
2751 3574 2933 3622 nostra
2948 3575 2994 3622 et
3010 3568 3324 3638 iniquitates
3336 3573 3555 3638 patrum
3568 3574 3867 3626 nostrorum,

2237 3656 2537 3712 Jerusalem
2568 3664 2615 3712 et
2636 3657 3001 3728 populustuus
3026 3657 3085 3711 in
3101 3658 3459 3726 confusionem
3490 3656 3635 3711 venit
3658 3651 3871 3708 omnibus

2238 3746 2330 3817 qui
2359 3746 2564 3800 circum
2587 3763 2678 3801 nos
2698 3755 2841 3801 sunt.
2867 3747 2937 3801 Et
2964 3762 3106 3801 nunc
3132 3745 3350 3810 exaudi,
3384 3747 3530 3800 Deus
3552 3751 3740 3807 noster,
3768 3755 3867 3810 prt-

2239 3851 2319 3889 ces
2350 3836 2497 3889 servi
2522 3835 2605 3889 tui
2624 3843 2673 3890 et
2703 3838 3004 3891 orationem
3032 3837 3163 3907 ejus,
3196 3843 3243 3889 et
3274 3835 3492 3889 ostende
3523 3832 3667 3888 nobis
3688 3829 3863 3902 [aciem

2240 3931 2387 3979 tuam
2412 3924 2483 3978 ad
2510 3924 2980 3995 sanctiﬁcationem
2998 3932 3145 3979 tuam
3167 3941 3284 3995 quae
3298 3924 3515 3979 deserta
3536 3930 3631 3978 est.
3662 3921 3868 3989 Propter

2242 4018 2288 4065 te
2306 4012 2535 4077 inclina,
2569 4012 2794 4067 Domine
2827 4014 2966 4069 Deus
2994 4029 3161 4078 meus,
3189 4029 3372 4067 aurem
3387 4015 3622 4076 tuam,et
3650 4005 3865 4071 exaudi,-

2237 4103 2392 4171 aperi
2421 4100 2594 4156 oculos
2622 4106 2755 4167 tuos,
2790 4109 2836 4157 et
2855 4102 2974 4159 vide
3001 4103 3287 4157 interitum
3311 4108 3557 4158 nostrum
3585 4106 3632 4154 et
3652 4092 3864 4153 civitatis

2240 4197 2351 4245 tuae
2380 4191 2698 4257 Jerusalem,
2721 4208 2885 4262 super
2914 4210 3071 4263 quam
3094 4193 3399 4247 invocatum
3427 4198 3506 4246 est
3528 4204 3707 4245 nomen
3734 4192 3861 4240 tuum

2238 4296 2403 4351 super
2432 4297 2546 4335 eam
2578 4283 2619 4345 ‘,
2648 4284 2901 4353 quoniam
2932 4298 3037 4336 non
3061 4284 3115 4335 in
3132 4287 3319 4335 nostra
3331 4279 3557 4351 iustitia
3569 4275 3865 4350 jactavimus

2236 4385 2447 4441 precem
2478 4377 2719 4425 nostram
2751 4371 2811 4424 in
2825 4378 3103 4441 conspectu
3130 4376 3241 4436 tuo,
3257 4368 3346 4423 sed
3363 4367 3432 4423 ad
3452 4361 3861 4423 misericordiam

2303 4514 2317 4544 ί
2352 4511 2436 4576 Sic
2466 4512 2519 4576 in
2551 4512 2671 4562 Mss.
2709 4526 2873 4576 prope
2903 4513 3172 4568 omnibus,
3204 4524 3413 4576 nec_non
3452 4508 3595 4573 apud
3622 4501 3865 4576 -ιΧΧεΑὶ

2241 4573 2390 4640 apud
2412 4574 2538 4640 Bad_.
2566 4578 2685 4625 Am.
2709 4564 2959 4624 ErfLov.
2992 4564 3247 4640 habetur:
3277 4574 3410 4633 Quia
3431 4564 3737 4640 peccavit?!”

2240 4628 2472 4692 Domine,
2505 4636 2604 4685 Deo
2644 4643 2819 4685 nostro
2867 4639 3215 4687 miserationis
3250 4628 3715 4697 et'propitiationis.
3757 4628 3861 4697 Qui!)

2240 4701 2402 4748 etiam
2439 4691 2569 4748 Edd.
2603 4700 2760 4763 paulo
2778 4705 2898 4763 post
2933 4701 3114 4749 ferunt
3144 4716 3158 4763 7:
3191 4691 3350 4763 Quam
3375 4691 3513 4763 dedit
3544 4699 3599 4743 in
3633 4691 3861 4763 conspectu

2241 4767 2419 4810 nostro
2452 4776 2545 4822 per
2584 4762 3064 4811 manus’servorum
3105 4762 3212 4823 ejus
3256 4762 3635 4823 Prophetarum
3661 4762 3860 4803 omnium

2242 4824 2421 4872 Israel.
2452 4820 2803 4873 Peccaverunt
2828 4827 2981 4882 enim,
3010 4820 3137 4882 etc.,
3168 4837 3329 4887 quem
3365 4820 3548 4871 rursus
3578 4820 3745 4869 locum
3764 4825 3857 4861 res-

2239 4888 2488 4953 tituimus
2513 4888 2579 4953 ad
2616 4889 2742 4941 Mss.
2776 4888 2956 4953 ﬁdem.
3047 4951 3054 4953 _
3181 4948 3202 4953 Α
3258 4950 3305 4953 __
3364 4948 3400 4953 μ
3468 4947 3479 4953 _
3574 4944 3634 4953 ,,

2305 4949 2321 4978 ³
2350 4949 2426 4998 Ita
2448 4950 2499 4997 in
2527 4950 2649 4997 Mss.
2686 4953 2753 4998 At
2789 4952 2843 4999 in
2878 4951 3087 5000 excusis
3120 4964 3130 4997 :
3166 4948 3267 5010 Qui
3281 4947 3583 5011 judicabant
3618 4947 3670 4991 in
3691 4952 3773 4988 nos
3794 4949 3859 4984 su-

2243 5012 2514 5074 perducere
2547 5012 2705 5070 mala,
2731 5017 2831 5064 etc.

2304 5076 2322 5105 ³
2352 5074 2434 5122 Er.
2473 5078 2523 5123 et
2559 5066 2782 5124 Lovfln
2816 5075 3052 5123 omnibus
3082 5072 3437 5122 misericordia
3473 5077 3576 5119 tua.
3610 5066 3857 5129 Avertat!!!“

2243 5135 2413 5199 itaque
2467 5137 2699 5197 impetus,
2736 5143 2835 5188 etc.
2873 5138 3211 5200 Antiquiores
3249 5148 3372 5185 vero
3418 5133 3545 5182 Edd.
3582 5128 3856 5200 habentrf"

2243 5192 2384 5246 omni
2411 5192 2765 5249 misericordia
2789 5206 2877 5249 tua
2904 5214 2922 5261 ,'
2945 5192 3102 5263 juita
3125 5211 3269 5263 LXX,
3296 5201 3349 5263 et
3382 5208 3567 5246 omnes
3598 5192 3713 5241 Mss.
3743 5197 3854 5249 quo‘

2241 5275 2362 5310 rum
2394 5264 2578 5325 Optimi
2606 5267 2792 5325 postea
2815 5261 2997 5312 carent
3034 5261 3293 5323 particula
3316 5262 3522 5325 itaque.‘
3690 5316 3698 5325 _
3750 5322 3776 5325 4
3808 5305 3817 5325 ε

2306 5327 2321 5351 ⁴
2354 5326 2409 5371 in
2429 5316 2587 5387 'prius
2607 5316 2743 5373 ‘Edd.
2773 5326 2939 5381 deest,
2982 5316 3135 5387 super
3181 5336 3334 5382 eam;
3371 5316 3595 5371 habetur
3617 5316 3783 5365 autem
3808 5316 3853 5352 ιι]

2242 5386 2368 5435 Mss.
2408 5392 2461 5436 et
2492 5389 2637 5450 apud
2674 5400 2823 5439 LXX.

2243 5501 2267 5531 (
2300 5485 2596 5549 lnDaniele
2620 5486 2991 5549 signiﬁcantur
3026 5498 3211 5534 omnes
3246 5483 3415 5549 sancti
3440 5462 3851 5549 continentes-my}

2241 5563 2266 5593 α
2289 5547 2389 5597 Job
2416 5538 2787 5611 signiﬁcaﬁtur
2816 5562 3002 5597 omnes
3028 5547 3456 5611 conjugatijuste
3485 5542 3683 5611 etbgne
3702 5538 3855 5611 3(1):”

2242 5627 2267 5656 ι
2296 5596 2392 5659 tes.
2424 5596 2713 5660 )‘Consulor
2734 5596 2995 5661 iBerniard.
3017 5596 3223 5667 scrfﬁ,”
3238 5611 3292 5659 in
3312 5596 3479 5671 'Vigil.
3506 5601 3673 5653 Nativ.
3700 5596 3853 5647 Dom»

2239 5676 2293 5724 et
2318 5687 2417 5723 ser.
2455 5676 2501 5733 3,
2533 5675 2590 5725 in
2622 5676 2898 5739 Assumpt.
2937 5675 2991 5725 Β.
3015 5676 3083 5724 Μ.
