3996 6158
86 166 173 223 425
1284 149 1800 220 EPISTOLARUM
1832 164 2122 226 CLASSIS
2149 162 2194 222 ιι

78 298 207 347 tuam
230 307 337 362 qum
365 305 550 362 magna
574 296 671 345 est.
707 288 931 345 Exaudi
962 288 1210 353 Damine,
1240 288 1550 360 propitiare
1574 287 1679 343 Do~

78 382 215 443 mine,
243 379 440 435 intende
483 380 725 447 Domine,
768 386 816 435 et
854 395 924 434 ne
947 377 1252 433 tardaveris
1284 379 1301 413 ¹
1354 384 1585 449 propter
1610 383 1676 443 te,

79 469 199 524 Deus
234 484 412 539 nisus,-
445 468 693 539 quoniam
750 484 935 523 nomen
967 473 1117 523 tuum
1177 468 1479 523 invocatum
1509 473 1582 521 est
1622 466 1681 520 in

75 560 272 614 civitate
289 564 396 621 tua,
421 557 869 629 supercioitatem
888 562 1033 613 tuam
1055 562 1105 610 et
1125 557 1389 627 populum
1412 562 1581 610 tuum.
1606 554 1679 609 Et

75 647 219 702 adhuc
238 662 310 701 me
331 645 558 717 loquente
583 652 636 702 et
660 653 853 701 orante
871 653 920 701 et
948 652 1295 701 enumerante
1320 652 1532 716 peccata
1563 659 1681 701 mea

71 744 111 791 et
136 743 325 807 peccata
356 735 550 806 populi
588 737 696 790 mei
722 738 744 771 ²
772 735 938 807 (Dan.
974 751 1052 799 ιι,
1081 734 1253 803 3ο20).
1298 735 1442 789 Vide
1473 750 1681 807 quem-

70 824 363 881 admodum
386 841 494 879 sua
524 830 769 897 peccata
798 826 962 896 prius
975 824 1142 889 dixit,
1168 830 1445 896 etpostea
1473 823 1678 896 populi

69 916 161 970 sui.
195 917 250 970 Et
269 914 415 970 hanc
444 914 538 970 Dei
565 913 953 971 commendat
973 914 1289 984 justitiam,
1320 914 1542 969 ethanc
1580 912 1678 968 Dei

66 1003 275 1059 Iaudem
311 1003 463 1071 dicit,
494 1004 636 1075 quia
678 1018 799 1058 non
831 1003 1072 1073 injuste,
1131 1003 1235 1058 sed
1267 1018 1377 1075 pro
1418 1002 1677 1075 peccatis

66 1108 245 1148 eorum
261 1090 514 1162 ﬂagellat
526 1092 706 1148 etiam
728 1090 895 1163 ipsos
919 1096 1157 1148 sanctos
1171 1093 1397 1147 suos.Si
1410 1106 1551 1162 ergo
1564 1091 1681 1147 ista

66 1181 345 1253 dicuntqui
369 1180 868 1237 excellentissima
894 1182 1209 1237 sanctitate
1224 1182 1393 1250 ignes
1408 1181 1677 1237 etleones

67 1270 197 1325 circa
210 1285 269 1325 se
283 1269 553 1325 innoxios
572 1269 1087 1341 habuerunt,quid
1104 1286 1215 1325 nos
1232 1276 1463 1342 oportet
1486 1270 1682 1326 dicere

65 1360 111 1413 in
136 1357 449 1414 humilitate
465 1357 799 1429 nostra,qui
832 1363 953 1414 tam
975 1357 1152 1428 longe
1174 1358 1559 1431 illisimpares
1584 1376 1680 1415 su-

67 1453 742 1519 mus,quantamcumque
750 1447 1043 1517 justitiam
1055 1462 1292 1504 servare
1323 1447 1636 1504 videamur
1655 1447 1683 1503 ?

118 1537 163 1590 5.
193 1536 300 1591 Sed
342 1551 415 1591 ne
435 1535 653 1608 aliquis
674 1535 964 1591 existimet
994 1535 1124 1592 illos
1157 1535 1257 1592 Dei
1280 1553 1501 1605 servos,
1528 1552 1683 1609 quos

70 1625 241 1680 dicisa
272 1623 543 1680 barbaris
572 1623 931 1690 interfectos,
968 1624 1050 1679 sic
1075 1624 1238 1681 illam
1270 1631 1519 1682 mortem
1552 1640 1684 1681 eva-

67 1713 177 1768 dere
193 1712 481 1778 debuisse,
504 1712 815 1785 quomodo
839 1718 954 1768 tres
986 1712 1064 1768 illi
1096 1713 1203 1769 viri
1235 1714 1312 1770 ab
1340 1714 1600 1785 ignibus,
1629 1717 1684 1772 et

68 1800 239 1857 Daniel
257 1818 290 1857 a
317 1800 594 1858 leonibus
621 1800 906 1857 liberatus
931 1806 1017 1857 est
1042 1817 1055 1868 ;
1077 1801 1224 1858 sciat
1246 1802 1342 1858 illa
1367 1808 1683 1877 propterea

67 1889 193 1947 facta
219 1890 527 1956 miracula,
571 1894 631 1946 ut
660 1904 758 1945 eos
790 1906 994 1945 verum
1036 1890 1223 1947 Deum
1257 1892 1448 1948 colere
1481 1895 1682 1951 crede-

67 1984 167 2034 rent
200 1993 381 2049 reges,
411 1994 448 2034 a
478 1978 700 2051 quibus
722 1979 780 2033 in
814 1978 916 2035 illa
947 1979 1247 2050 supplicia
1265 1981 1678 2039 tradebantur.

70 2067 159 2123 Hoc
174 2069 321 2123 enim
339 2067 541 2125 eratin
566 2066 800 2124 occulto
807 2067 1033 2138 judicio
1055 2073 1114 2123 et
1128 2068 1536 2127 misericordia
1560 2073 1679 2138 Dei.

70 2160 115 2208 ut
138 2155 236 2211 illis
261 2157 505 2226 regibus
520 2171 592 2211 eo
616 2155 799 2211 modo
820 2155 1154 2212 consuleret
1174 2158 1249 2212 ad
1273 2157 1547 2215 salutem.
1572 2164 1685 2216 An-

69 2244 228 2301 tiocho
242 2252 439 2301 autem
454 2244 601 2315 regi,
619 2247 725 2316 qui
738 2244 1107 2301 Machabazos
1122 2246 1316 2317 pmnis
1338 2248 1686 2305 crudelibus

68 2334 341 2404 interemit,
373 2334 663 2390 noluitita
682 2333 1011 2399 consulere,
1028 2334 1133 2389 sed
1156 2350 1363 2391 eorum
1385 2336 1686 2406 gloriosis-

70 2422 203 2477 simis
227 2422 609 2493 passionibus
639 2439 742 2477 cor
758 2423 893 2477 duri
918 2424 1074 2493 regis
1112 2424 1325 2480 acriori
1350 2426 1683 2483 severitate.

68 2512 274 2582 punivit.
296 2512 453 2582 Lege
485 2517 704 2576 tamen,
728 2510 907 2566 etiam
941 2527 1095 2566 unus
1113 2512 1373 2579 illorum,
1397 2515 1502 2587 qui
1524 2522 1686 2572 sexto

67 2598 169 2655 loco
195 2600 723 2673 patiebatur,quid
748 2599 927 2655 dicat.
956 2600 1044 2656 Ita
1064 2601 1224 2657 enim
1249 2604 1537 2675 scriptum
1556 2611 1643 2661 est
1671 2622 1684 2661 :

66 2689 122 2743 Et
138 2697 253 2758 post
271 2689 430 2746 hunc
450 2695 687 2746 sextum
706 2688 1151 2759 applicuerunt.
1176 2692 1436 2763 Cumque
1453 2693 1549 2751 hic
1571 2700 1689 2750 tor-

68 2782 239 2835 mentis
248 2781 631 2836 excruciatus
644 2784 993 2846 moreretur,
1011 2779 1401 2839 diriuNolite
1412 2783 1687 2841 seducere

66 2876 272 2938 propter
297 2884 403 2925 nos
424 2886 448 2933 ;
480 2870 603 2924 haec
629 2868 901 2938 patimur
914 2876 1224 2938 peccantes
1250 2870 1316 2927 in
1343 2874 1525 2929 Deum
1551 2889 1688 2929 nos-

70 2962 215 3023 trum,
244 2963 296 3015 et
310 2959 489 3028 facta
508 2965 647 3013 sunt
668 2959 793 3013 hac
813 2958 1001 3028 digna
1025 2958 1211 3015 nobis.
1234 2960 1317 3016 Tu
1340 2970 1538 3018 autem
1559 2964 1687 3019 noli

70 3052 110 3101 te
128 3052 327 3115 putare
352 3048 716 3116 impunitum
733 3048 1036 3116 futurum,
1067 3048 1170 3118 qui
1195 3049 1476 3106 adversus
1502 3054 1682 3109 Deum

69 3146 107 3189 et
130 3137 313 3206 Legem
338 3137 470 3209 eius
494 3137 718 3207 legibus
732 3138 848 3191 tuis
858 3151 1136 3207 pugnare
1149 3139 1390 3194 voluisti
1405 3140 1471 3210 (II
1485 3140 1682 3196 Much.

70 3239 142 3289 νη,
174 3228 250 3290 18,
288 3228 393 3297 19).
430 3224 607 3279 Vides
621 3224 802 3280 etiam
833 3225 926 3281 isti
954 3240 1140 3296 quam
1171 3225 1474 3283 humiliter
1503 3234 1559 3284 et
1587 3244 1684 3284 ve-

71 3315 245 3370 raciter
266 3317 529 3386 sapiant,
550 3314 656 3386 qui
686 3328 796 3385 pro
824 3315 1084 3386 peccatis
1103 3314 1228 3370 suis
1255 3332 1317 3371 se
1346 3316 1632 3387 ﬂagellari
1650 3334 1686 3375 a

74 3404 283 3459 Domino
307 3404 673 3460 conﬁtentur
714 3418 726 3457 :
768 3404 842 3458 de
871 3418 996 3475 quo
1049 3404 1336 3476 scriptum
1362 3412 1468 3474 est,
1505 3407 1683 3475 Quem

72 3492 191 3547 enim
216 3492 408 3562 diligit
480 3493 761 3547 Dominus
792 3484 1045 3561 carripit
1082 3492 1279 3564 (Prov.
1309 3511 1385 3559 III,
1424 3496 1505 3567 12)
1538 3497 1686 3566 ;ﬂa-

72 3578 217 3645 geltat
246 3588 446 3637 autem
473 3595 701 3636 omnem
721 3580 915 3648 ﬁlium
939 3595 1107 3652 quem
1132 3582 1339 3652 recipit
1361 3584 1558 3654 (Ilebr.
1581 3600 1684 3652 xu,

71 3668 109 3738 6)
136 3689 148 3723 :
172 3670 320 3726 unde
345 3676 401 3725 et
428 3668 772 3741 Apostolus,
815 3668 881 3725 Si
925 3670 1076 3726 enim
1109 3673 1489 3742 nosmetipsos
1524 3674 1689 3745 judi-

72 3771 313 3826 caremus,
342 3775 377 3814 a
413 3758 667 3814 Domino
689 3774 807 3814 non
838 3758 1042 3830 utique
1059 3760 1501 3829 judicaremur.
1538 3764 1685 3820 Cum

64 3845 374 3912 judicamur
419 3853 683 3904 autema
709 3847 958 3904 Domino
1009 3850 1394 3918 corripimur,
1428 3867 1501 3908 ne
1552 3868 1684 3909 cum

73 3931 156 3990 hoc
175 3937 384 3992 mundo
416 3937 777 3991 damnemur
815 3935 857 4007 (Ι
887 3935 1022 3991 Cor.
1054 3953 1132 4003 Il,
1164 3938 1253 4007 3t,
1286 3938 1398 4008 32).

124 4028 165 4079 6.
191 4026 317 4081 Haec
332 4025 592 4081 ﬁdeliter
610 4024 759 4096 lege,
776 4024 1026 4082 fideliter
1039 4028 1381 4097 prmdica,et
1392 4034 1687 4100 quantum

73 4119 206 4179 potes
230 4130 392 4181 cave,
415 4120 477 4169 et
495 4112 834 4169 cavendum
864 4113 1033 4178 doce,
1067 4129 1141 4169 ne
1172 4115 1467 4172 adversus
1504 4119 1687 4174 Deum

73 4200 115 4254 in
134 4201 212 4257 his
229 4205 433 4260 tentati
447 4202 664 4257 onibus
678 4207 735 4257 et
762 4200 1239 4259 tribulationibus
1260 4213 1685 4262 murmuretur.

70 4288 229 4347 Bonos
253 4293 400 4349 dicis
438 4292 534 4347 Dei
567 4306 768 4346 servos
792 4297 848 4346 et
878 4290 1085 4347 ﬁdeles
1116 4298 1171 4348 et
1190 4300 1453 4361 sanctos,
1486 4295 1688 4365 gladio

68 4376 433 4438 barbarorum
450 4387 807 4453 peremptos.
829 4379 981 4447 Quid
996 4386 1195 4438 autem
1211 4383 1469 4450 interest,
1489 4390 1688 4441 utrum

68 4482 151 4522 eos
179 4468 347 4526 febris
369 4486 451 4527 an
479 4470 704 4525 ferrum
733 4469 809 4525 de
827 4485 1078 4542 corpore
1104 4471 1343 4528 solverit
1370 4472 1399 4528 ?
1420 4476 1544 4530 Non
1565 4490 1689 4546 qua

70 4558 350 4616 occasione
371 4565 608 4623 exeant,
632 4564 737 4613 sed
748 4557 958 4632 quales
987 4558 1067 4615 ad
1088 4575 1150 4616 se
1172 4562 1688 4619 exeantllominus

68 4648 284 4704 attendit
310 4649 371 4705 in
400 4648 594 4705 servis
622 4647 766 4713 suis,
821 4648 932 4703 nisi
964 4649 1129 4720 quod
1161 4651 1453 4719 majorem
1510 4652 1692 4709 habet

70 4747 275 4802 penam
298 4737 557 4809 languor
584 4736 903 4792 diuturnus
915 4751 1103 4809 quam
1117 4738 1441 4794 citissimus
1460 4742 1648 4796 exitus
1676 4758 1688 4791 :

120 4925 133 4954 ¹
156 4923 300 4991 _Edd.,
330 4930 465 4991 etne
493 4925 789 4975 tradideris.
820 4924 926 4991 Sed
949 4924 1138 4991 melius
1150 4925 1396 4991 plerique
1414 4927 1609 4985 Mss.,et
1628 4944 1693 4978 ne

70 4984 343 5059 tardaveris,
370 4989 530 5052 juxta
558 4999 704 5040 LXX.
756 4993 833 5037 me
883 4984 1168 5047 chronise’s,"
1218 4994 1269 5039 et
1300 4984 1596 5053 vulgatam,
1630 5007 1691 5040 ne

70 5061 272 5099 moreris.
1632 5100 1635 5101 ,

119 5112 299 5174 {apud
333 5113 460 5163 Lov.
486 5113 702 5163 additur
721 5111 821 5161 hoc
852 5112 970 5161 loco
1004 5126 1015 5159 :
1038 5113 1237 5164 Audivi
1256 5128 1425 5164 vocem
1450 5116 1694 5165 dicentem

74 5172 177 5243 mihi
198 5172 433 5243 Daniel,
458 5176 692 5243 intellige
720 5175 889 5231 verba,
938 5189 1046 5243 qua!
1082 5176 1262 5243 loquor
1294 5178 1410 5235 tibi,
1448 5180 1571 5243 quia
1605 5194 1693 5243 ego

72 5236 223 5284 missus
241 5252 348 5286 sum
364 5239 433 5302 ad
452 5244 513 5293 te.
534 5236 665 5289 etei;
680 5241 795 5286 tum
819 5236 1076 5300 sequitur:
1114 5236 1236 5287 Vide
1252 5236 1691 5302 quemadmodum,

69 5302 153 5368 etc.
176 5302 237 5368 At
263 5302 317 5368 in
342 5300 467 5349 Mss.
486 5314 676 5368 novem
706 5302 1039 5368 post,m_iss_us
1062 5315 1171 5368 sum
1186 5300 1329 5368 adte,
1346 5304 1694 5368 hmcinsuper

68 5359 368 5421 adjiciuntur
394 5362 557 5412 verba
587 5377 598 5410 :
626 5359 759 5414 Nam
790 5369 835 5411 et
862 5362 1077 5411 Michael
1106 5379 1241 5413 unus
1256 5366 1315 5413 de
1339 5368 1550 5415 summis
1586 5359 1692 5417 An-

67 5425 267 5493 getorum
282 5426 608 5493 principibus
636 5426 775 5493 venit
807 5425 861 5493 in
897 5426 1216 5493 adjutorium
1248 5429 1392 5484 mihi,
1415 5435 1461 5478 et
1491 5432 1694 5493 confor-

70 5486 180 5554 taoit
200 5502 287 5543 me.
315 5502 375 5535 ac
390 5486 761 5554 restituit‘mihi
775 5486 991 5536 salutem
1005 5489 1063 5536 de
1087 5504 1302 5539 mter-ore
1318 5506 1349 5537 a
1362 5506 1457 5554 quo
1473 5486 1694 5541 nimium

70 5547 253 5613 tenebar
282 5564 301 5610 ;
328 5550 474 5613 quod
506 5550 935 5599 additamentum
960 5564 1064 5600 non
1096 5554 1225 5601 satis
1256 5547 1518 5604 consonat
1543 5570 1695 5606 sacro

68 5611 231 5677 textui,
262 5616 312 5660 et
339 5611 524 5677 revera
548 5613 700 5662 abost
727 5627 945 5677 prorsus
976 5627 1008 5663 a
1037 5615 1156 5666 Mss.
1191 5618 1425 5667 melioris
1460 5625 1601 5669 nota)
1648 5623 1696 5668 et

70 5670 126 5719 ab
155 5673 380 5725 editione
406 5675 608 5726 Erasm.

334 5774 564 5833 Panos.
603 5773 849 5833 XXXIII.
920 5734 927 5741 .

3345 154 3449 234 426

1796 293 1853 345 et
1886 294 2085 346 tamen
2115 292 2293 347 etiam
2354 293 2553 365 ipsum
2592 292 2942 365 languorem
3000 297 3352 357 diuturnum
3394 306 3449 359 et

1794 378 2163 436 horrendum
2193 380 2469 452 legimus,
2502 384 2742 454 qualem
2779 400 2995 455 passus
3037 394 3129 443 est
3178 389 3291 445 Job
3331 390 3445 459 ille,

1795 466 1966 537 cujus
1997 472 2151 522 certe
2177 468 2416 537 justitiaa
2438 470 2591 525 Deus
2618 471 2749 542 ipse
2777 474 2880 544 qui
2911 473 3031 530 falli
3070 491 3189 532 non
3231 484 3448 550 potest,

1794 553 1911 610 tale
1949 555 2220 628 perhibet
2260 557 2691 614 testimonium.

1864 648 1918 699 7.
1961 644 2326 700 Gravissima
2378 661 2524 700 sane
2563 652 2619 701 et
2650 647 2907 704 multum
2936 650 3198 709 dolenda
3228 658 3316 708 est
3346 654 3448 712 illa

1793 732 2105 804 captivitas
2132 732 2488 789 feminarum
2517 742 2822 793 castarum
2864 746 3040 810 atque
3080 747 3444 813 sanctarum,

1792 820 1896 875 sed
1923 837 2041 877 non
2070 827 2156 877 est
2185 823 2461 895 captivus
2485 839 2690 880 earum
2727 828 2897 893 Deus,
2922 843 3031 882 nec
3060 831 3327 900 captivas
3348 832 3449 888 de-

1795 909 1933 965 serit
1959 926 2121 978 suas,
2146 912 2192 966 si
2218 912 2377 967 novit
2407 928 2567 969 suas.
2601 916 2748 970 Nam
2775 920 2830 970 et
2850 916 2934 971 illi
2967 918 3153 973 sancti
3187 935 3445 991 quorum

1792 999 2105 1071 passiones
2166 1004 2221 1055 et
2258 1000 2664 1058 confessiones
2726 1003 2801 1059 de
2854 1005 3167 1077 Scripturis
3226 1010 3446 1064 sanctis

1792 1090 2369 1155 commemoravi,ab
2382 1090 2653 1147 hostibus
2668 1091 2826 1147 ducti
2843 1098 3021 1165 atque
3034 1095 3092 1150 in
3109 1096 3449 1167 captivitate

1792 1177 1993 1248 positi,
2024 1177 2121 1233 illa
2146 1178 2423 1235 dixerunt
2474 1196 2609 1252 quae
2658 1182 2998 1253 conscripta
3049 1183 3384 1254 legerentur
3414 1203 3451 1243 a

1794 1266 1992 1331 nobis,
2010 1272 2072 1321 ut
2087 1266 2458 1323 disceremus
2482 1269 2752 1340 captivos
2774 1270 2873 1326 Dei
2888 1287 3091 1327 servos
3113 1288 3231 1329 non
3252 1273 3451 1331 deseri

1797 1369 1833 1409 a
1865 1354 2114 1411 Domino
2138 1372 2267 1410 suo.
2308 1356 2471 1413 Unde
2500 1363 2699 1413 autem
2716 1358 2937 1415 scimus
2964 1360 3110 1431 quid
3142 1362 3315 1418 etiam
3349 1379 3454 1434 per

1796 1442 1938 1498 istas
1967 1444 2349 1515 omnipotens
2382 1450 2437 1500 et
2465 1446 2802 1502 misericors
2854 1450 3005 1503 Deus
3044 1450 3102 1504 in
3131 1450 3257 1521 ipsa
3300 1456 3454 1509 terra

1796 1529 2115 1588 barbarica
2142 1532 2269 1587 ﬁeri
2302 1533 2437 1588 velit
2462 1535 2826 1590 mirabilium
2858 1553 3105 1593 suorum
3134 1538 3160 1591 ?
3188 1541 3453 1596 Tantum

1796 1636 1918 1677 non
1940 1622 2179 1699 cessetis
2202 1638 2308 1694 pro
2334 1623 2443 1678 illis
2468 1623 2862 1695 ingemiscere
2888 1626 2963 1681 ad
2986 1629 3193 1693 Deum,
3218 1633 3274 1683 et
3291 1645 3451 1702 quae-

1794 1726 1923 1766 rere
1943 1716 2237 1783 quantum
2275 1712 2538 1783 potestis,
2573 1720 2630 1769 et
2659 1720 2955 1785 quantum
2995 1716 3122 1787 ipse
3147 1718 3452 1789 permittit,

1795 1814 1934 1855 cum
1966 1804 2201 1872 tempus
2221 1800 2627 1857 etfacultatem
2658 1802 2904 1869 dederit,
2928 1805 3073 1876 quid
3107 1805 3312 1861 deillis
3335 1807 3453 1862 fac-

1795 1895 1922 1944 tum
1954 1889 2047 1955 sit,
2078 1890 2317 1961 velquaa
2336 1897 2529 1945 vestra
2544 1891 2776 1962 possint
2800 1893 3018 1948 habere
3045 1894 3274 1951 solatia.
3300 1897 3450 1951 Nam

1795 1978 1868 2034 de
1902 1977 2201 2034 Sitifensi‘
2240 1984 2375 2034 ante
2416 1995 2646 2050 paucos
2700 1996 2892 2035 annos
2934 1984 3129 2038 Severi
3180 1984 3448 2056 episcopi

1794 2067 1990 2136 neptis
2022 2067 2495 2123 sanctimonialis
2524 2084 2559 2122 a
2586 2068 2858 2124 barbaris
2916 2070 3097 2125 ducta
3126 2076 3233 2135 est,
3265 2078 3319 2128 et
3346 2088 3452 2145 per

1797 2155 2134 2211 mirabilem
2164 2157 2259 2211 Dei
2292 2156 2761 2212 misericordiam
2802 2173 2940 2213 cum
2968 2158 3195 2214 honore
3225 2176 3448 2231 magno

1799 2244 1923 2298 suis
1936 2243 2290 2316 parentibus
2302 2244 2565 2299 restituta
2578 2247 2919 2300 est.Domus
2932 2248 3091 2302 enim
3120 2246 3217 2303 illa
3235 2248 3451 2304 barba-

1797 2348 1999 2388 rorum
2017 2334 2118 2387 ubi
2140 2335 2378 2404 captiva
2394 2332 2669 2402 ingressa
2696 2339 2807 2398 est,
2832 2334 3031 2390 subita
3052 2337 3231 2406 coepit
3255 2337 3449 2392 domi-

1800 2421 2618 2493 norumiuﬁrmitatejactari,
2642 2423 2721 2478 ita
2742 2429 2804 2478 ut
2819 2439 3029 2479 omnes
3048 2425 3161 2496 ipsi
3184 2426 3454 2493 barbari,

1799 2514 1917 2567 tres
1939 2511 2051 2567 nisi
2075 2511 2266 2575 fallor,
2292 2510 2381 2567 vel
2400 2512 2659 2583 amplius
2690 2510 2923 2579 fratres,
2941 2514 3454 2585 periculosissima

1796 2599 2143 2656 inﬁrmitate
2160 2599 2524 2656 laborarent.
2559 2601 2823 2665 Quorum
2854 2608 3043 2657 mater
3068 2603 3453 2659 animadver-

1799 2689 1864 2745 tit
1889 2688 2149 2761 puellam
2186 2692 2302 2744 Deo
2323 2689 2613 2758 deditam,
2641 2690 3136 2764 etcrediditquod
3167 2693 3297 2765 ejus
3325 2709 3457 2749 ora-

1801 2777 2063 2834 tionibus
2082 2778 2173 2832 sui
2194 2778 2298 2832 ﬁlii
2328 2784 2571 2849 possent
2601 2778 2679 2834 ab
2704 2779 3219 2851 imminentisjam
3248 2784 3454 2840 mortis

1799 2865 2311 2938 periculoliberari
2335 2883 2348 2934 ;
2376 2866 2580 2938 petivit
2597 2871 2659 2921 ut
2685 2873 2880 2922 oraret
2906 2884 3015 2938 pro
3035 2870 3139 2934 eis,
3167 2871 3454 2940 pollicens

1797 2954 1984 3027 quod,
2028 2955 2077 3008 si
2110 2954 2257 3009 salvi
2305 2954 2446 3010 facti
2487 2959 2709 3020 essent,
2752 2971 2887 3010 eam
2946 2957 3066 3010 suis
3102 2960 3453 3028 parentibus

1798 3044 2131 3100 redderent.
2152 3043 2452 3114 Jejunavit
2481 3043 2580 3098 illa
2612 3048 2667 3097 et
2697 3045 2909 3111 oravit,
2940 3048 3289 3103 etexaudita
3316 3064 3453 3104 con-

1797 3132 1964 3187 tinuo
2024 3137 2132 3187 est.
2171 3131 2258 3186 Ad
2302 3132 2415 3187 hoc
2475 3131 2634 3186 enim
2688 3131 2910 3187 factum
2954 3141 3099 3200 erat,
3156 3142 3449 3207 quantum

1798 3220 1986 3276 exitus
2016 3219 2245 3277 docuit.
2285 3222 2369 3275 Ita
2408 3219 2489 3275 illi
2531 3225 2650 3276 tam
2685 3223 2999 3292 repentino
3030 3224 3129 3279 Dei
3159 3224 3451 3282 beneficio

1798 3309 1987 3365 salute
2014 3314 2311 3381 percepta,
2343 3310 2628 3365 mirantes
2652 3326 2785 3366 eam
2805 3311 3262 3381 ethonorantes,
3286 3315 3452 3386 quod

1798 3413 2008 3455 eorum
2038 3404 2229 3455 mater
2267 3399 2623 3470 promiserat
2654 3400 3071 3471 impleverunt.

1871 3490 1920 3543 8.
1955 3488 2071 3543 Ora
2100 3502 2241 3557 ergo
2268 3488 2455 3542 Deum
2488 3503 2595 3558 pro
2621 3488 2724 3553 eis,
2754 3493 2811 3543 et
2840 3504 2985 3559 roga
3009 3496 3070 3543 ut
3096 3491 3272 3547 etiam
3292 3490 3455 3564 ipsas

1797 3575 2005 3631 doceat
2023 3574 2159 3630 talia
2171 3574 2386 3641 dicere,
2401 3575 2599 3646 qualia
2622 3592 2806 3647 supra
2823 3584 3193 3634 memoratus
3209 3587 3453 3635 sanctus

1802 3665 2057 3731 Azarias,
2090 3664 2241 3718 inter
2264 3669 2470 3719 caetera
2496 3663 2557 3718 in
2580 3665 2848 3719 oratione
2865 3670 2923 3720 et
2943 3667 3317 3724 confessione
3342 3686 3455 3726 sua

1798 3752 1950 3809 fudit
1980 3751 2053 3808 ad
2068 3752 2276 3807 Deum.
2294 3750 2387 3807 Sic
2400 3752 2560 3806 enim
2575 3758 2709 3806 sunt
2723 3751 2832 3807 illae
2846 3752 2904 3807 in
2922 3758 3074 3809 terra
3092 3757 3451 3825 captivitatis

1800 3859 1946 3907 suae,
1970 3840 2279 3914 quomodo
2309 3845 2478 3896 erant
2498 3839 2578 3895 illi
2600 3841 2657 3894 in
2673 3856 2744 3895 ea
2770 3848 2938 3907 terra,
2972 3842 3071 3897 ubi
3093 3859 3202 3898 nec
3233 3846 3454 3900 sacriﬁ-

1799 3945 1933 3986 care
1958 3944 2120 3984 more
2136 3943 2246 3982 suo
2274 3932 2548 3999 poterant
2572 3928 2841 3993 Domino,
2864 3929 3013 3985 sicut
3034 3945 3141 3985 nec
3161 3932 3289 3986 ista:
3313 3948 3453 4003 pos-

1801 4022 1963 4085 sunt,
1982 4015 2622 4087 velferrejoblationem
2637 4015 2717 4070 ad
2730 4016 2913 4073 altare
2938 4018 3058 4083 Dei,
3083 4019 3451 4077 velinvenire

1799 4103 1883 4163 ibi
1914 4106 2287 4162 sacerdotem
2320 4120 2424 4177 per
2439 4120 2620 4177 quem
2651 4103 2906 4161 offerant
2930 4110 3066 4162 Deo.
3093 4110 3278 4165 Donet
3308 4126 3450 4181 ergo

1800 4198 1884 4252 eis
1920 4196 2207 4251 Dominus
2220 4197 2349 4250 utei
2369 4194 2591 4259 dicant,
2623 4194 2785 4266 quod
2801 4196 3039 4251 Azarias
3065 4197 3282 4255 dixitin
3308 4217 3449 4257 con-

1800 4284 2191 4358 sequentibus
2231 4298 2476 4354 precum
2513 4300 2790 4339 suarum:
2823 4284 2957 4341 Non
2984 4292 3065 4341 est
3095 4287 3157 4342 in
3178 4288 3287 4344 hoc
3308 4296 3454 4345 tem-

1796 4389 1940 4444 pore
1967 4374 2245 4443 princeps
2274 4379 2328 4428 et
2359 4373 2655 4441 propheta
2685 4379 2738 4428 et
2761 4379 2909 4438 dux,
2943 4390 3060 4429 non
3080 4375 3448 4444 holocausta,

1799 4478 1986 4535 neque
2014 4462 2256 4538 oblatio,
2288 4475 2476 4532 neque
2512 4462 2994 4529 supplicationes,
3048 4478 3152 4518 nec
3188 4465 3349 4519 locus
3373 4467 3454 4521 ad

1798 4551 2261 4621 sacriﬁcandum
2284 4551 2347 4605 in
2364 4557 2678 4618 conspectu
2709 4556 2829 4614 tuo,
2865 4557 2918 4606 et
2946 4551 3214 4608 invenire
3232 4554 3455 4610 miseri-

1801 4641 2066 4696 cordiam
2089 4652 2112 4701 ;
2125 4640 2224 4696 sed
2249 4639 2311 4693 in
2326 4639 2531 4693 anima
2548 4638 2805 4693 contrita
2831 4645 2883 4695 et
2910 4639 3127 4707 spiritu
3143 4642 3456 4699 humilita-

1801 4732 1875 4785 tis
1900 4728 2291 4798 accipiamur.
2306 4726 2549 4783 Sicutin
2572 4726 3174 4784 holocaustomatibus
3199 4732 3455 4789 arietum

1800 4825 1856 4875 et
1886 4823 2290 4877 taurorum.et
2303 4815 2365 4871 in
2390 4815 3084 4887 multitudineagnorum
3112 4821 3455 4890 pinguium,

1799 4907 1888 4963 sic
1923 4907 2032 4974 ﬁat
2058 4906 2416 4974 sacriﬁcium
2443 4910 2710 4959 nostrum
2742 4906 2804 4960 in
2822 4915 3137 4974 conspectu
3166 4914 3261 4963 tuo
3286 4909 3458 4964 hodie

1799 4996 2084 5066 perﬁcere
2111 4994 2524 5065 subsequentes
2552 5000 2626 5061 te,
2652 4994 2933 5065 quoniam
2962 5011 3077 5050 non
3101 4996 3209 5050 erit
3244 4997 3453 5064 confu-

1801 5085 1887 5141 sio
1918 5085 1988 5140 i’is
2017 5083 2120 5155 qui
2143 5084 2205 5137 in
2239 5090 2293 5138 te
2319 5083 2642 5150 conﬁdunt.
2691 5083 2763 5136 Et
2799 5099 2959 5138 nunc
3002 5084 3305 5153 sequimur
3337 5090 3454 5139 toto

1802 5174 1973 5231 corde
1998 5180 2051 5230 et
2075 5175 2340 5229 timemus
2368 5177 2440 5236 te,
2469 5180 2521 5226 et
2549 5171 3095 5241 quaerimus/aciem
3124 5180 3307 5241 tuam,
3338 5175 3455 5227 Do-

1804 5269 1961 5321 mine
1985 5279 2009 5329 ;
2032 5277 2105 5320 ne
2134 5261 2472 5331 confundas
2501 5275 2627 5325 nos,
2673 5262 2776 5315 sed
2801 5259 2899 5329 [ac
2927 5259 3228 5315 nobiscum
3254 5276 3458 5316 secun-

1870 5492 1884 5522 ι
1919 5490 2063 5543 Lov.,
2095 5501 2215 5535 nam
2248 5483 2520 5547 Sitifensis.
2540 5482 2669 5547 Bad.
2688 5483 2804 5547 Ain.
2833 5485 2885 5547 et
2900 5482 3001 5547 Er.,
3022 5496 3149 5547 nam,
3174 5483 3456 5535 Sitisensis.

1807 5554 1891 5602 At.
1907 5552 2011 5600 Mss
2026 5588 2037 5599 .
2056 5563 2243 5598 omnes
2262 5545 2476 5603 habent,
2491 5561 2612 5593 nam
2639 5545 2697 5592 de
2714 5545 2966 5607 Siti/ensi.
2989 5545 3207 5608 Supple,
3222 5548 3459 5609 regione,

1809 5613 2051 5680 velquid
2082 5611 2255 5680 simile
2287 5610 2501 5680 ;muti‘in
2533 5608 2773 5680 proxime
2827 5611 3068 5680 sequenti
3101 5608 3344 5680 epistola,
3368 5611 3458 5659 ubi

1812 5669 2025 5742 legitur,
2052 5688 2173 5738 quos
2208 5674 2264 5721 in
2287 5669 2550 5721 Simitensi
2586 5670 2667 5719 vel
2695 5669 3019 5734 Hippon’ensi
3040 5671 3209 5719 habes.

2830 5768 3182 5843 (Quatorze.)
