3996 6158
537 151 640 204 427

535 273 679 331 dum
706 270 1213 331 mansuetudinem
1233 278 1418 337 tuam,
1448 278 1500 327 et
1513 272 1836 329 secundum
1851 269 2186 328 multitudi-

537 380 667 420 nem
736 361 1152 418 misericordiae
1203 368 1342 425 tuae,
1402 366 1457 416 et
1504 362 1690 418 libera
1724 378 1825 418 nos
1864 360 2187 418 secundum

537 452 839 507 mirabilia
866 457 989 514 tua,
1022 456 1072 505 et
1102 450 1178 505 da
1198 450 1449 519 gloriam
1468 451 1827 517 nominituo,
1855 450 2120 513 Domine,
2136 455 2187 504 et

537 545 925 596 revereantur
955 539 1293 610 omnes,qui
1314 541 1632 595 ostendunt
1666 542 1844 597 servis
1863 540 1978 595 tuis
2004 540 2189 600 mala,

535 635 588 685 et
622 629 1081 697 confundantur
1110 629 1185 682 ab
1208 630 1656 696 omnipotentia,
1683 636 1737 685 et
1770 630 1957 685 virtus
1988 642 2188 684 eorum

534 724 899 783 conteratur,
938 724 990 773 et
1018 719 1207 773 sciant
1238 718 1515 788 quoniam
1548 724 1610 772 tu
1642 735 1698 774 es
1735 719 2012 774 Dominus
2039 718 2189 772 Deus

533 809 693 863 solus
736 814 787 863 et
829 808 1120 877 gloriosus
1156 808 1221 861 in
1268 808 1541 863 universo
1592 809 1731 864 orbe
1781 816 1954 864 terra:
2006 807 2185 878 (Dan.

534 913 614 961 ιιι,
647 898 863 969 38-45).

603 987 655 1041 9.
679 986 937 1040 Hmcillis
958 985 1316 1051 dicentibus,
1351 991 1406 1041 et
1434 987 1731 1055 adeeum
1751 986 2184 1055 ingemiscenti.

530 1075 665 1141 bus,
683 1075 930 1130 omnino
946 1076 1063 1128 suis
1079 1074 1267 1129 aderit
1299 1075 1400 1146 qui
1423 1078 1544 1129 suis
1561 1076 1769 1130 adesse
1787 1075 2115 1139 consuevit,
2134 1080 2189 1129 et

533 1169 635 1220 aut
658 1164 800 1218 nihil
836 1180 1041 1218 earum
1059 1164 1406 1219 castissimis
1430 1164 1973 1219 membrislibidine
1988 1163 2186 1218 hostili

533 1254 857 1324 perpetrari
890 1253 1220 1324 permittet;
1257 1260 1359 1307 aut
1388 1254 1907 1325 sipermittet,non
1932 1253 2187 1323 imputa-

530 1344 635 1397 bit.
669 1344 811 1397 Cum
847 1342 1003 1395 enim
1034 1342 1276 1396 animus
1313 1342 1472 1397 nulla
1506 1343 1919 1397 consensionis
1943 1343 2188 1412 turpitu-

530 1432 669 1487 dine
705 1432 1057 1491 maculatur,
1095 1431 1272 1485 etiam
1332 1446 1573 1485 carnem
1634 1446 1804 1486 suam
1865 1430 2187 1486 defendite

532 1522 781 1577 crimine
810 1520 863 1574 1:
897 1520 1258 1590 etquidquid
1284 1520 1339 1573 in
1371 1536 1440 1575 ea
1458 1536 1566 1575 nec
1593 1520 1911 1586 commisit,
1933 1535 2043 1575 nec
2060 1535 2187 1589 per-

531 1612 693 1667 misit
723 1609 911 1664 libido
946 1608 1239 1680 patientis,
1275 1609 1457 1663 solius
1489 1610 1595 1664 erit
1638 1609 1814 1681 culpa
1855 1608 2127 1664 facientis
2170 1624 2182 1673 ;

529 1700 846 1770 omnisque
875 1698 974 1752 illa
998 1697 1278 1753 violentia
1303 1714 1419 1752 non
1448 1714 1555 1770 pro
1584 1698 1980 1769 corruptionis
2005 1697 2184 1768 turpi-

532 1789 756 1858 tudine,
784 1788 885 1841 sed
923 1801 1029 1857 pro
1044 1787 1343 1857 passionis
1358 1787 1599 1841 vulnere
1613 1787 2015 1857 deputabitur.
2034 1789 2184 1841 Tan-

528 1877 825 1933 tumenim
862 1878 918 1930 in
945 1883 1138 1930 mente
1154 1876 1305 1929 valet
1331 1876 1961 1944 integritascastitatis,
1995 1882 2057 1930 ut
2089 1874 2186 1930 illa

528 1966 832 2030 inviolata,
869 1981 974 2019 nec
1017 1965 1074 2017 in
1108 1978 1358 2035 corpore
1397 1965 1590 2036 possit
1636 1964 1924 2036 pudicitia
1953 1962 2180 2028 violari,

532 2056 702 2127 Cujus
732 2054 1004 2109 membra
1027 2055 1325 2125 potuerint
1356 2054 1622 2124 superari
1644 2054 1744 2123 (α).
1772 2056 1903 2109 Haec
1926 2052 2184 2125 epistola

532 2160 639 2216 pro
682 2150 780 2199 tuo
812 2143 1110 2197 desiderio
1143 2142 1355 2206 brevis,
1392 2158 1498 2213 pro
1521 2143 1667 2196 meis
1699 2148 1893 2197 tamen
1928 2158 2185 2213 occupa-

528 2234 792 2289 tionibus
818 2232 1072 2287 multum
1104 2231 1353 2302 prolixa,
1388 2237 1445 2285 et
1474 2236 1713 2302 propter
1734 2231 2041 2302 perlatoris
2071 2232 2185 2286 fes-

529 2323 877 2378 tinationem
904 2321 1078 2375 nimis
1110 2319 1439 2375 accelerate.
1471 2320 1723 2375 sufﬁciat
1748 2320 2018 2375 charitati
2044 2327 2180 2375 tute.

534 2412 720 2466 Multo
754 2410 990 2465 uberius
1029 2425 1136 2463 vos
1186 2409 1469 2463 Dominus
1497 2408 1926 2475 consolabitur,
1963 2409 2009 2462 si
2038 2409 2183 2464 Scri-

535 2506 741 2571 pturas
773 2499 901 2569 ejus
934 2498 1322 2553 intentissime
1347 2497 1622 2566 legeritis.

1005 2632 1347 2689 EPISTOLA
1379 2634 1523 2688 cxu
1552 2634 1567 2649 ·
1597 2634 1701 2703 (b).

530 2760 829 2814 Donatum
856 2758 1346 2825 exproconsulem
1370 2755 1651 2811 hortatur
1680 2762 1744 2810 ut
1762 2755 1993 2823 abiecto
2022 2756 2183 2811 omni

593 2848 763 2917 fastu
791 2852 1046 2902 sectetur
1079 2845 1404 2909 Christum,
1439 2851 1617 2914 atque
1666 2846 1747 2900 ad
1779 2845 2057 2901 Ecclesiae
2085 2860 2179 2902 ca-

598 2937 833 2992 tholica
860 2937 1325 2991 communionem
1354 2949 1488 2989 suos
1519 2935 1773 2991 alliciat.

529 3060 781 3116 Domino
795 3060 1096 3123 eximio,et
1111 3059 1499 3114 sincerissima
1513 3057 1825 3114 dilectione
1839 3058 2178 3115 honorabili

597 3148 759 3205 fratri
788 3153 1038 3214 Denuo,
1066 3154 1435 3212 AUGUSTINUS,
1471 3149 1527 3202 in
1548 3147 1800 3203 Domino
1832 3148 2105 3203 salutem.

593 3295 645 3347 1.
680 3292 847 3357 Quod
880 3296 932 3345 te
964 3290 1484 3345 administrantem
1515 3290 1768 3345 multum
1803 3291 2174 3359 desiderans,

522 3382 702 3437 etiam
718 3395 853 3434 cum
870 3379 1104 3432 'l‘ibilim
1127 3380 1147 3411 ²
1167 3379 1428 3431 venisses
1441 3378 1655 3445 ,videre
1671 3393 1789 3433 non
1806 3378 2175 3448 potui,credo

520 3474 837 3540 propterea
868 3465 1091 3520 factum
1120 3480 1268 3529 esse,
1296 3469 1361 3519 ut
1392 3467 1594 3521 animo
1626 3470 1729 3521 tuo
1747 3466 1901 3521 curis
1920 3466 2174 3537 publicis

522 3555 801 3627 expedito
835 3556 1030 3627 potius
1055 3555 1296 3619 fruerer,
1326 3570 1508 3625 quam
1540 3560 1602 3611 ut
1630 3555 1731 3610 illa
1763 3555 2173 3621 salutatio,me

520 3646 682 3717 apud
734 3650 790 3700 te
841 3644 1051 3709 otioso,
1084 3648 1140 3698 et
1170 3648 1226 3698 te
1256 3644 1591 3713 negotioso,
1650 3646 1839 3699 neutri
1874 3650 2169 3711 nostrum,

519 3739 813 3809 quantum
845 3734 990 3789 satis
1022 3738 1194 3797 esset,
1226 3733 1956 3805 desideriumtemperaret
1983 3750 2173 3790 :reco-

513 3825 642 3881 lens
655 3824 878 3895 quippe
892 3823 1254 3877 honestatem
1276 3822 1604 3878 abineunte
1618 3828 1785 3877 aetate
1800 3823 2019 3877 indolis
2034 3831 2168 3889 tum,

518 3912 1188 3970 abundanteridoneum
1221 3915 1389 3966 tuum
1427 3918 1635 3982 pectus
1667 3912 1941 3966 existimo
1973 3913 2067 3966 cui
2106 3928 2168 3967 se

516 4003 780 4059 Christus
810 4000 1146 4070 largissime
1173 4000 1469 4068 infundat,
1503 4006 1566 4055 ut
1595 4000 1821 4055 fructus
1866 4000 1916 4054 ei
1952 4001 2168 4056 afferas

516 4097 738 4146 aeterna
759 4095 814 4143 et
844 4089 1065 4143 caelesti
1094 4089 1281 4157 gloria
1302 4089 1816 4161 quamtemporali
1850 4094 1908 4144 et
1935 4094 2169 4146 terreno

518 4176 820 4250 praeconio
861 4176 1184 4246 digniores.

582 4272 633 4322 2.
669 4270 712 4320 Α
736 4265 935 4320 multis
957 4264 1134 4328 enim,
1165 4265 1286 4320 imo
1316 4281 1562 4335 prorsus
1598 4266 1674 4320 ab
1696 4265 1977 4321 omnibus
2014 4282 2169 4339 quos

513 4358 600 4411 vel
628 4354 981 4428 percontari,
1022 4354 1109 4407 vel
1137 4360 1263 4409 utro
1298 4354 1473 4409 etiam
1525 4355 1916 4425 prmdicantes
1961 4357 2168 4412 audire

509 4447 695 4519 potui,
725 4444 1053 4499 castitatem
1079 4444 1476 4514 virtutemque
1497 4442 2029 4499 administrationis
2057 4449 2168 4501 tum

512 4539 853 4591 constanter
884 4533 1130 4587 omnino
1173 4532 1567 4587 laudantibus
1599 4539 1777 4603 atque
1806 4534 2171 4603 praeferenti-

510 4625 644 4690 bus,
673 4630 725 4677 et
754 4621 1015 4676 sineullo
1046 4621 1332 4691 scrupulo
1348 4622 1605 4675 dissona;
1628 4621 1924 4676 varietatis
1942 4624 2166 4695 accepi,

512 4718 659 4768 eteo
687 4711 900 4766 certius
927 4724 1048 4781 quo
1088 4709 1447 4778 ignorabant
1500 4710 1999 4766 necessitudinem
2033 4728 2170 4769 nos-

509 4805 684 4864 tram,
727 4808 781 4853 et
845 4804 1041 4852 utrum
1100 4806 1149 4852 te
1202 4798 1287 4851 Vel
1334 4798 1587 4852 tenuiter
1626 4813 1870 4854 nossem
1929 4803 2167 4871 penitus

504 4889 852 4947 nesciebant
880 4886 1299 4958 praedicatores
1334 4887 1438 4953 tui,
1468 4902 1540 4941 ne
1570 4889 1762 4957 magis
1789 4905 1890 4945 eos
1914 4891 2164 4947 auribus

572 5109 585 5135 ί
613 5106 694 5155 Sic
736 5102 889 5168 Corb.
928 5100 1055 5168 C_od.
1087 5101 1312 5168 optimm
1336 5104 1500 5151 notae.
1555 5099 1685 5149 Edd.
1726 5116 1850 5152 vero
1874 5165 1881 5168 Α
1905 5106 1956 5152 et
1983 5105 2163 5168 plures

509 5169 632 5217 Mss.
665 5167 859 5215 habent
896 5180 906 5213 ε
940 5164 1040 5211 Aut
1076 5178 1119 5211 et
1149 5165 1424 5224 permittet,
1457 5179 1568 5212 cum
1587 5178 1760 5212 earum
1790 5164 1996 5215 animus
2014 5168 2164 5216 nulla

507 5230 853 5279 consensionis
904 5226 1226 5289 turpitudine
1261 5230 1574 5280 maculatur,
1610 5232 1761 5275 etiam
1793 5242 1996 5277 carnem
2018 5244 2163 5280 suam

510 5294 741 5341 defendet
780 5306 809 5339 ει
840 5291 1072 5339 crimine.

622 5354 775 5417 Apud
814 5354 936 5417 Bad.
969 5352 1085 5417 Am.
1117 5354 1168 5417 et
1200 5351 1305 5417 ΕΓ..
1332 5351 1566 5417 _Cibilim.

567 5419 582 5434 '
606 5413 883 5464 ttc'ccnsita
906 5418 985 5477 est
1007 5414 1071 5461 ad
1097 5430 1126 5462 a
1160 5414 1250 5477 bg.
1294 5413 1368 5466 bl.
1397 5428 1441 5462 c.
1476 5428 1551 5477 cc.
1592 5414 1644 5461 [1.
1673 5428 1721 5467 g.
1752 5426 1839 5474 gv.
1870 5429 1920 5464 n.
1965 5431 2007 5465 r.
2040 5432 2083 5467 s.
2123 5422 2159 5467 t.

506 5493 591 5527 vc.
637 5483 739 5525 tres
774 5478 851 5525 sb.
886 5476 1020 5525 duos
1054 5492 1098 5523 ν.
1138 5476 1202 5525 ad
1242 5477 1354 5524 Am.
1395 5476 1517 5524 Bad.
1558 5477 1644 5527 Er.
1683 5478 1807 5524 Lov.

569 5544 638 5603 tu)
672 5540 787 5603 Vid.
810 5538 897 5603 lib.
938 5541 957 5585 η1
1000 5538 1065 5587 de
1098 5540 1244 5587 tiivit.
1278 5539 1387 5593 Dei,
1426 5554 1541 5603 cap.
1568 5542 1620 5588 16
1654 5543 1705 5590 et
1744 5541 1815 5587 18.

568 5602 638 5663 (b)
672 5601 811 5669 Alias
834 5601 920 5669 12$
937 5614 1126 5669 Aquae
1145 5603 1452 5669 autem”?
1473 5601 1605 5669 erat,
1636 5617 1784 5655 nunc
1820 5606 1926 5654 147.
1952 5606 2163 5669 Scripta

505 5661 754 5714 exeunte
785 5673 871 5708 an.
902 5661 1135 5715 409,’aut
1162 5662 1378 5711 ineunte
1404 5664 1517 5714 HO.

1833 145 1894 204 S.
1926 140 2319 202 AUGUSTINI
2350 142 2671 201 FPISCOPI
3786 168 3872 222 428

2301 270 2451 325 meis
2492 286 2553 325 se
2584 271 2842 338 dedisse,
2876 289 3060 345 quam
3088 290 3227 331 vera
3254 275 3327 331 de
3352 281 3402 332 te
3421 293 3676 351 spargere
3709 290 3876 345 crede-

2303 375 2448 415 rem.
2480 360 2562 415 lbi
2594 362 2753 416 enim
2786 368 2872 418 est
2902 379 2937 418 a
2968 363 3225 420 vanitate
3263 372 3484 423 remota
3519 368 3771 440 laudatio,
3797 379 3877 435 ubi

2303 449 2479 503 etiam
2512 450 2870 521 vituperatio
2887 451 2964 506 ab
2982 451 3309 509 offensione
3332 470 3527 512 secura
3554 462 3650 513 est.
3680 461 3880 522 Verum-

2304 541 2526 601 tamen,
2560 554 2595 592 ο
2628 538 2808 594 frater
2857 541 3094 607 eximie,
3125 548 3178 597 et
3210 544 3591 602 sincerissima
3616 547 3881 611 dilectione

2302 626 2692 692 honorabilis,
2730 644 2849 683 non
2884 645 3043 684 nunc
3097 631 3400 686 docendus
3439 650 3519 698 es,
3552 638 3646 690 sed
3676 639 3885 700 fortasse

2304 714 2742 781 admonendus,
2765 733 3004 772 omnem
3029 719 3204 774 istam
3224 720 3464 788 gloriam
3486 722 3791 799 famamque
3807 748 3885 803 po~

2303 804 2571 875 pularem
2621 821 2739 860 non
2781 807 2837 860 in
2870 822 2971 862 ore
3018 808 3179 878 vulgi
3224 825 3351 865 esse
3376 810 3693 880 ltelabilem,
3728 820 3816 873 sed
3838 822 3883 877 in

2302 892 2479 946 rebus
2502 893 2643 964 ipsis
2668 911 2679 946 ε
2710 909 2845 966 quae
2867 896 3098 951 etiamsi
3120 897 3296 967 vulgo
3318 898 3669 970 displiceant,
3686 909 3884 978 preprio

2302 987 2504 1037 tamen
2533 983 2765 1051 fulgore
2791 1000 2859 1039 ac
2886 986 3173 1056 pondere,
3198 1002 3315 1041 non
3349 988 3733 1060 imperitorum
3752 1011 3885 1052 com-

2301 1072 2685 1126 mendatione
2724 1074 3000 1143 pretiosae
3027 1082 3162 1130 sunt
3194 1091 3207 1141 ;
3235 1077 3536 1149 magisque
3564 1082 3885 1140 miserandus

2300 1166 2388 1215 est
2446 1161 2549 1232 qui
2603 1161 2743 1216 talia
2797 1163 3118 1232 improbat,
3152 1180 3338 1236 quam
3372 1166 3463 1221 ille
3492 1169 3588 1238 qui
3615 1168 3682 1223 de
3710 1171 3885 1230 talibus

2299 1248 2676 1319 improbatur
2711 1251 3080 1320 judicandus
3114 1255 3308 1309 miser.
3346 1255 3488 1311 Cum
3518 1272 3648 1312 vero
3674 1259 3885 1330 placent,

2300 1344 2356 1392 et
2386 1337 2501 1392 sibi
2523 1338 2724 1394 debita
2749 1339 2926 1396 laude
2957 1342 3324 1412 populariter
3353 1360 3589 1417 quoque
3614 1349 3887 1418 praedican-

2298 1431 2413 1490 tur,
2468 1444 2575 1482 nec
2626 1428 2706 1482 sic
2759 1429 3004 1501 quidem
3058 1431 3207 1502 ipsa:
3267 1433 3521 1504 majores
3551 1437 3887 1511 melioresque

2297 1514 3226 1591 tiuntalienojudicio;quoniam
3252 1522 3885 1591 integranturintimare-

2298 1605 2486 1671 ritate,
2533 1613 2587 1659 et
2644 1606 2830 1661 solius
2889 1609 3267 1665 conscientiae
3324 1613 3534 1666 robore
3582 1614 3885 1673 solidantur.

2299 1695 2463 1749 Unde
2487 1694 2678 1762 magis
2700 1694 3217 1753 hominibusrecte
3239 1700 3716 1769 existimantibus,
3738 1722 3884 1775 quam

2297 1784 2349 1837 ei
2380 1782 2454 1836 de
2484 1798 2606 1854 quo
2640 1784 2853 1854 vulgus
2910 1786 3061 1841 bene
3119 1787 3434 1854 existimat,
3470 1790 3682 1863 aliquid
3734 1810 3795 1849 ex
3834 1810 3887 1851 eo

2295 1870 2589 1926 felicitatis
2621 1872 2853 1928 accidit.

2368 1964 2421 2016 3.
2454 1962 2595 2024 Qum
2625 1977 2763 2015 cum
2791 1962 3016 2033 Optime
3044 1966 3291 2028 noveris,
3315 1966 3398 2021 vir
3420 1967 3590 2036 bone,
3612 1968 3829 2038 intuere,
3844 1976 3887 2026 ut

2295 2048 2542 2118 coepisti,
2558 2048 2878 2106 fortissima
2892 2053 3087 2107 cordis
3101 2053 3225 2108 acie
3243 2056 3556 2111 Dominum
3575 2062 3887 2123 nostrumJe-

2296 2153 2431 2191 sum
2449 2138 2764 2203 Christum,
2788 2146 2844 2195 et
2866 2141 2942 2195 ab
2961 2142 3124 2196 omni
3150 2142 3314 2197 inani
3333 2143 3489 2199 fastu
3509 2146 3742 2202 omnino
3760 2150 3888 2203 detu-

2296 2241 2854 2298 mescens,assurge
2881 2230 2937 2283 in
2972 2229 3135 2285 illum
3168 2233 3269 2303 qui
3302 2248 3427 2288 non
3455 2240 3683 2291 ventose
3718 2236 3891 2291 allevat

2295 2331 2614 2372 conversos
2641 2318 2715 2371 ad
2744 2332 2827 2382 se,
2854 2318 2957 2372 sed
2981 2321 3153 2373 certis
3176 2321 3313 2376 ﬁdei
3333 2324 3889 2394 passibusinnitentes

2292 2410 2471 2475 atque
2504 2406 2890 2461 ascendentes
2922 2408 3170 2464 collocat
3200 2410 3259 2464 in
3302 2411 3661 2483 sempiterno
3697 2412 3889 2483 fastigio

2292 2494 2546 2549 cmlestis
2587 2498 2765 2566 atque
2796 2496 3082 2566 angelicas
3138 2498 3464 2569 dignitatis.
3515 2504 3617 2557 Per
3658 2519 3816 2575 quem
3848 2510 3888 2557 te

2293 2583 2543 2637 obsecro
2569 2589 2631 2637 ut
2652 2583 2942 2639 rescribas
2968 2585 3132 2650 mihi,
3175 2592 3433 2659 tuosque
3462 2605 3665 2645 omnes
3690 2607 3821 2663 quos
3844 2592 3887 2647 in

2284 2670 2569 2726 Sinitensi
2600 2671 2691 2726 vel
2720 2671 3081 2743 Hipponensi
3101 2674 3307 2740 habes,
3333 2677 3411 2731 ad
3427 2680 3720 2735 catholicae
3742 2681 3889 2735 Eccle-

2294 2760 2395 2813 siae
2426 2759 2915 2815 communionem
2943 2763 3191 2817 comiter
3219 2770 3276 2819 et
3303 2764 3561 2836 benigne
3588 2768 3887 2823 adhorteris.

2293 2848 2356 2901 In
2380 2848 2551 2917 cujus
2581 2849 2807 2918 gremio
2829 2850 3264 2921 etiamlpatrem
3298 2860 3465 2909 tuum
3485 2856 3825 2913 laudabilem
3850 2859 3888 2912 ei

2291 2938 2595 3006 egregium
2616 2939 2808 2992 virum
2827 2936 2937 2992 abs
2952 2944 3002 2994 te
3015 2941 3279 3008 genitum
3305 2958 3436 2998 esse
3455 2947 3724 3015 cognovi;
3742 2961 3886 3019 quem

2290 3032 2355 3080 ut
2383 3027 2585 3081 debito
2618 3027 2837 3081 meritis
2866 3028 2998 3097 ejus
3024 3044 3059 3083 a
3083 3044 3178 3084 me
3208 3030 3408 3087 ofﬁcio
3441 3034 3660 3090 salutes
3691 3042 3826 3106 peto,
3850 3043 3890 3090 et

2291 3132 2400 3171 nos
2438 3116 2631 3170 visere
2661 3130 2779 3169 non
2808 3118 3093 3185 graveris.
3127 3120 3296 3184 Quod
3330 3123 3514 3178 etiam
3536 3132 3763 3197 propter
3794 3140 3886 3180 rem

2289 3208 2669 3275 tuam,quam
2684 3204 2778 3259 hic
2793 3204 3001 3270 habes,
3024 3206 3327 3265 meliorem
3340 3214 3504 3282 apud
3527 3213 3701 3269 Deum
3716 3214 3889 3270 facien-

2287 3292 2449 3361 dam,
2483 3308 2604 3347 non
2628 3293 3008 3364 impudenter
3028 3311 3306 3366 exposco.
3330 3301 3427 3355 Dei
3451 3300 3831 3358 misericordia
3847 3308 3888 3356 te

2287 3381 2823 3453 circumplectatur,
2857 3388 2913 3437 et
2942 3383 3020 3439 ab
3058 3385 3220 3439 omni
3262 3387 3577 3461 iniquitate
3607 3400 3886 3447 conservet.

2748 3525 3085 3581 EPISTOLA
3128 3529 3284 3584 cxm
3320 3530 3333 3545 ·
3366 3532 3473 3601 (a).

2284 3650 2654 3707 Cresconium
2681 3658 2853 3721 rogat
2880 3651 3249 3721 Augustinus
3280 3661 3345 3710 ut
3375 3672 3499 3713 sua
3526 3674 3636 3727 pro
3659 3659 3888 3716 Fauentia

2741 3740 3038 3808 petitionis
3076 3743 3327 3812 adjutor
3364 3748 3463 3801 sit.

2285 3864 2536 3920 Domino
2558 3864 2969 3931 dilectissimo,
2998 3867 3323 3941 meritoque
3355 3870 3686 3929 honorabili
3716 3881 3764 3929 et
3788 3889 3888 3926 sus-

2354 3952 2629 4025 cipiendo
2660 3953 2823 4008 fratri
2863 3954 3170 4012 CltESCONIO
3202 3956 3303 4028 (b),
3331 3959 3697 4029 AUGUSTINUS,
3727 3964 3778 4018 iu
3806 3960 3889 4015 Do-

2356 4042 2517 4097 mino
2553 4041 2826 4097 salutem.
3238 4046 3243 4053 “

2354 4166 2823 4223 Siabistacausa
2835 4167 3317 4235 dissimulavero,
3343 4171 3419 4227 de
3437 4174 3891 4246 quatuaareligio-

2280 4254 2338 4309 ni
2355 4270 2489 4310 ecce
2502 4255 2714 4309 iterum
2729 4256 2924 4311 scribo
2946 4274 2961 4326 ;
2981 4272 3100 4312 non
3114 4258 3308 4313 solum
3325 4262 3641 4320 Eximietas
3658 4271 3767 4328 tua,
3789 4261 3888 4327 sed,

2278 4344 2452 4399 etiam
2469 4345 2614 4414 ipse,
2632 4345 3009 4415 quisquisille
3024 4353 3128 4410 est,
3147 4345 3206 4401 in
3228 4349 3401 4419 cujus
3422 4366 3610 4409 causa
3628 4354 3892 4409 Faventius

2281 4433 2363 4487 sic
2397 4441 2602 4502 raptus
2629 4439 2732 4494 est,
2774 4434 2980 4488 merito
3016 4451 3108 4489 me
3139 4435 3426 4507 culpabit,
3457 4446 3517 4495 et
3553 4450 3702 4496 recte
3730 4454 3892 4511 repre-

2279 4520 2499 4577 hendet
2530 4536 2543 4575 :
2570 4521 2850 4591 judicans
2870 4525 3091 4592 utique,
3112 4525 3159 4578 si
3181 4525 3358 4581 etiam
3382 4528 3510 4598 ipse
3540 4532 3618 4584 ad
3640 4530 3889 4585 auxilium

2282 4610 2553 4665 Ecclesim
2579 4611 3090 4680 confugisset,siei
3119 4614 3310 4668 simile
3335 4615 3570 4688 aliquid
3592 4620 3889 4681 accidisset,

2279 4696 2359 4752 ita
2373 4714 2467 4753 me
2483 4697 2660 4753 fuisse
2680 4701 2757 4754 ab
2777 4699 2905 4769 ejus
2922 4701 3271 4758 necessitate
3286 4710 3341 4758 et
3356 4707 3732 4763 tribulatione
3744 4704 3889 4761 dissi-

2279 4788 2665 4841 mulaturum.
2704 4788 2945 4853 Deinde,
2982 4791 3031 4844 si
3056 4790 3375 4847 hominum
3406 4796 3759 4851 existimatio
3777 4810 3888 4849 con-

2277 4877 2603 4932 temnenda
2624 4883 2729 4948 est,
2749 4878 2864 4948 ipsi
2888 4879 3139 4936 Domino
3164 4885 3279 4938 Deo
3298 4888 3503 4941 nostro
3534 4886 3677 4957 quid
3699 4886 3888 4945 dicam,

2304 5164 2313 5172 '
2358 5101 2374 5118 '
2401 5099 2799 5173 Epistt.,QXlll,
2838 5100 3153 5173 _CXlY.QXV
3180 5108 3232 5173 et
3255 5106 3407 5173 CXVI
3434 5110 3485 5158 in
3502 5111 3626 5160 Mss.
3651 5123 3749 5160 nou
3775 5118 3893 5169 repe-

2273 5164 2615 5275 Eiunbtunnist
2647 5165 2700 5210 in
2722 5163 2934 5213 duobus
2952 5166 3220 5217 Vaticanis
3257 5175 3309 5219 et
3331 5172 3386 5221 in
3416 5187 3524 5223 uno
3551 5163 3891 5237 antiquissimo

2314 5240 2375 5275 or
2415 5240 2597 5275 enensn.

2306 5292 2408 5361 .(a)
2437 5288 2589 5361 alias.
2611 5288 2703 5335 229
2732 5301 2742 5334 :
2776 5302 2892 5361 quae
2928 5294 3104 5340 autem
3146 5295 3232 5343 113
3263 5301 3394 5353 erat,
3438 5312 3581 5347 nunc
3612 5300 3685 5346 15.
3715 5295 3889 5361 Scripta

2273 5353 2411 5401 circa
2448 5350 2546 5400 hoc
2578 5350 2805 5422 tempus,
2840 5354 2949 5402 sive
2986 5368 3092 5402 non
3120 5362 3242 5407 ante
3277 5350 3496 5419 an.'409,
3530 5374 3628 5409 nec
3658 5365 3771 5424 post
3800 5350 3887 5405 4'13.

2334 5416 2404 5474 (b)
2431 5414 2793 5469 Cresconlum,
2816 5416 2901 5463 cui
2923 5418 3088 5466 semel
3109 5423 3159 5467 et
3182 5422 3376 5469 iterum
3404 5423 3466 5472 de
3490 5436 3656 5472 causa
3677 5418 3884 5471 Faventii

2334 5416 2404 5475 (b)
2431 5416 2793 5469 Cresconium,
2816 5416 2901 5463 cui
2923 5418 3088 5466 semel
3109 5423 3159 5467 et
3182 5422 3376 5469 iterum
3404 5423 3466 5472 de
3488 5416 3884 5472 eausa'Faventii

2272 5490 2329 5556 se
2359 5477 2642 5556 scripsisse
2665 5480 2897 5556 testatur?
2938 5478 3021 5528 hic
3054 5485 3886 5556 Angustinus,_suspicatuur‘rsse

2272 5538 2421 5614 illum
2464 5538 2651 5612 ipsum
2686 5538 2977 5614 tribunum.
3000 5538 3350 5614 custodiendo
3386 5538 3550 5597 littori
3571 5547 3884 5614 praefectum,

2272 5603 2340 5675 ad
2361 5616 2527 5673 quem
2553 5604 2598 5651 is
2632 5603 2888 5674 continuo
2909 5604 3128 5657 miserat
3176 5609 3360 5661 audito
3383 5614 3539 5675 raptu
3568 5603 3815 5664 Faventii,
3841 5606 3885 5654 ut

2273 5664 2400 5714 dicit
2431 5670 2618 5729 postea
2638 5678 2695 5715 m
2730 5666 2897 5728 Epist.
2934 5668 3044 5719 115.
