3996 6158
112 204 199 263 429

103 336 322 402 etquam
349 325 636 382 rationem
653 320 927 385 reddam,
944 318 994 373 si
1011 321 1308 389 quantum
1325 326 1576 385 possum
1604 323 1725 364 non

99 435 253 490 egero
284 431 386 487 pro
415 417 543 484 ejus
576 412 782 476 salute,
816 410 921 481 qui
953 424 1015 463 se
1057 405 1348 471 Ecclesiae,
1383 401 1478 458 cui
1507 397 1723 462 servio,

96 487 356 564 tuendum
388 501 925 573 adjuvandumque
942 494 1261 557 commisit,
1287 491 1530 547 domine
1552 487 1727 542 dilec-

95 596 297 652 tissime
319 598 375 649 et
391 590 736 648 venerabilis
760 588 882 643 ﬁli?
901 589 1067 656 Rogo
1081 585 1281 654 itaque
1297 579 1724 649 Benignitatem

93 692 253 747 tuam,
284 682 573 755 quoniam
589 678 828 735 difﬁcile
843 673 1255 733 etincredibile
1269 676 1375 739 est,
1393 676 1453 725 ut
1468 667 1726 737 nonjam

89 774 162 830 vel
190 772 422 829 noveris
445 772 533 827 vel
566 784 742 825 nosse
773 766 969 839 possis
1004 765 1063 819 in
1099 779 1221 836 qua
1249 775 1433 816 causa
1450 758 1723 813 detentus

90 865 169 929 sit,
200 863 309 918 hoc
333 862 572 917 interim
608 857 767 931 apud
803 854 1209 929 apparitorem
1248 849 1353 922 qui
1377 863 1515 903 eum
1548 849 1721 910 tenet,

84 953 417 1024 petitionem
448 963 646 1004 meam
676 946 963 1017 adjuvare
990 940 1275 1013 digneris,
1300 935 1723 1008 utfaciatquod

87 1040 449 1113 imperatoris
484 1039 610 1107 lege
643 1032 1079 1109 praecipiturta)
1111 1048 1124 1087 :
1157 1034 1365 1085 uteum
1395 1026 1559 1099 apud
1586 1030 1727 1080 Acta

87 1128 460 1201 municipalia
486 1123 838 1195 interrogari
866 1123 1060 1187 faciat,
1081 1125 1274 1176 utrum
1308 1117 1419 1171 sibi
1440 1114 1576 1170 velit
1601 1114 1725 1168 dies

88 1219 305 1288 triginta
337 1215 609 1283 concedi,
631 1213 852 1286 quibus
887 1216 1026 1282 agat
1049 1209 1160 1264 sub
1191 1207 1502 1263 moderata
1531 1207 1725 1258 custo-

87 1309 170 1363 dia
197 1308 253 1363 in
269 1324 343 1363 ea
376 1304 688 1362 civitatein
710 1318 832 1375 qua
847 1301 1242 1366 detentusest,
1274 1293 1721 1356 utsuaordinet,

87 1402 473 1469 sumptusque
499 1391 828 1467 provideat.
854 1392 1115 1456 Quorum
1135 1388 1365 1442 dierum
1392 1383 1605 1456 spatio,
1629 1388 1726 1437 tua

87 1486 239 1543 nobis
278 1489 585 1541 annuente
608 1480 1041 1544 benevolentia,
1058 1478 1107 1532 si
1129 1476 1258 1547 ejus
1272 1489 1514 1530 causam
1531 1472 1726 1527 amica

87 1576 502 1649 disceptatione
526 1571 695 1627 ﬁnire
722 1569 1117 1642 potuerimus,
1153 1563 1591 1636 gratulabimur
1628 1577 1639 1614 :
1677 1558 1727 1614 si

87 1648 263 1722 autem
292 1679 419 1720 non
437 1660 831 1735 potuerimus,
859 1658 1117 1713 inveniet
1154 1671 1352 1710 meum
1369 1648 1727 1721 exitusjudi-

86 1755 294 1809 ciorum
319 1748 727 1824 quiplacuerit
762 1747 904 1813 Deo,
941 1743 1277 1799 secundum
1316 1756 1515 1796 causa:
1539 1737 1725 1810 ipsius

85 1842 347 1899 meritum
378 1839 471 1895 vel
488 1836 718 1894 Domini
750 1830 1312 1906 omnipotentissimi
1335 1828 1723 1885 voluntatem.

570 1978 894 2035 EPtSTOLA
935 1976 1091 2032 cxw
1125 1975 1234 2045 (b).

140 2111 232 2167 Ad
266 2108 685 2165 Florentinum
716 2117 896 2172 super
925 2100 1126 2157 eadem
1145 2106 1326 2155 causa
1361 2094 1651 2153 Faventii.

86 2235 327 2292 Domino
360 2230 747 2289 dilectissimo
788 2226 910 2282 ﬁlio
944 2228 1312 2287 FLORENTINO,
1355 2228 1722 2287 AUGUSTINUS,

573 2320 634 2374 in
672 2316 923 2373 Domino
952 2312 1225 2370 salutem.

144 2449 326 2519 Cujus
340 2442 679 2519 potestatis'j
692 2441 929 2497 ussione
945 2436 1289 2494 Faventium
1302 2434 1726 2507 rapueris,ipse

84 2538 291 2594 videris
324 2536 478 2594 :hoc
504 2539 704 2588 autem
736 2530 877 2594 scio,
899 2526 1066 2600 quod
1083 2527 1281 2582 omnis
1313 2529 1581 2596 potestas
1613 2522 1724 2577 sub

85 2626 331 2700 imperio
371 2624 712 2683 constituta,
736 2617 1107 2688 imperatoris
1138 2614 1229 2669 sui
1260 2614 1493 2683 legibus
1525 2612 1729 2669 servit.

88 2712 370 2780 Quamvis
399 2725 543 2781 ergo
562 2709 688 2779 jam
718 2722 820 2779 per
837 2706 1077 2761 fratrem
1101 2702 1730 2775 etcompresbyterum

86 2819 280 2860 meum
315 2800 699 2859 Caelestinum
725 2796 986 2850 miserim
1017 2793 1231 2862 legem,
1264 2807 1450 2863 quam
1481 2790 1727 2862 quidem

86 2899 131 2948 et
144 2898 473 2964 antequam
487 2890 804 2951 mitterem,
818 2884 1089 2954 ignorare
1102 2881 1307 2953 utique
1323 2895 1444 2936 non
1457 2880 1729 2943 deberes,

87 2997 199 3053 qua
226 2994 587 3036 concessum
619 2980 709 3030 est
739 2975 823 3029 eis
851 2973 952 3045 qui
984 2971 1405 3043 praecipiuntur
1435 2969 1512 3024 ab
1530 2968 1734 3039 aliqua

86 3075 374 3144 potestate
403 3065 647 3139 judiciis
663 3061 948 3127 exhiberi,
980 3060 1129 3117 utad
1145 3062 1317 3115 Gesta
1344 3056 1735 3128 municipalia

89 3161 512 3232 perducantur,
536 3159 716 3225 atque
742 3152 1306 3219 illicinterrogentur
1331 3152 1529 3201 utrum
1554 3146 1736 3202 velint

87 3251 321 3319 triginta
353 3246 484 3302 dies
514 3246 572 3299 in
606 3259 677 3299 ea
705 3242 939 3298 civitate
963 3239 1064 3295 ubi
1085 3244 1380 3306 tenentur,
1412 3251 1586 3305 agere
1620 3234 1735 3289 sub

92 3339 399 3395 moderata
454 3332 746 3396 custodia,
781 3330 858 3386 ad
888 3329 1191 3402 parandos
1232 3327 1343 3383 sibi
1374 3326 1618 3391 fructus,
1647 3324 1737 3379 vel

93 3444 210 3484 rem
233 3440 431 3493 suam,
456 3423 608 3478 sicut
638 3434 878 3476 necesse
899 3417 1097 3481 fuerit,
1128 3416 1530 3472 ordinandam
1562 3432 1574 3481 ;
1606 3428 1737 3485 quae

93 3518 203 3583 lex,
234 3517 383 3571 sicut
414 3513 557 3569 mihi
589 3514 952 3566 memoratus
1000 3505 1313 3578 presbyter
1355 3503 1735 3566 renuntiavit,

96 3614 204 3663 tua;
232 3602 506 3676 religioni
543 3600 790 3655 recitata
807 3602 930 3652 est:
966 3602 1164 3652 tamen
1199 3595 1376 3650 etiam
1407 3609 1567 3650 nunc
1604 3607 1739 3649 eam

97 3712 225 3752 cum
249 3695 348 3750 his
384 3690 589 3748 litteris
618 3686 942 3744 identidem
974 3684 1107 3740 misi
1149 3702 1163 3751 ;
1196 3699 1319 3739 non
1345 3690 1590 3747 terrens,
1634 3681 1741 3737 sed

99 3801 333 3856 rogans,
359 3786 419 3837 et
447 3776 1112 3853 proliominehumane,
1141 3772 1536 3845 etepiscopali
1568 3771 1741 3825 mise-

99 3874 368 3937 ricordia,
429 3874 725 3943 quantum
781 3865 914 3937 ipsa
966 3864 1251 3936 permittit
1308 3860 1652 3917 humanitas
1684 3864 1746 3914 et

100 3966 297 4036 pietas,
333 3958 725 4019 intercedens,
754 3954 997 4010 domine
1024 3952 1208 4021 ﬁli,ut
1236 3950 1417 4007 ethoc
1440 3950 1747 4006 existima-

104 4055 228 4109 tioni
259 4058 379 4107 ture
428 4054 482 4104 et
521 4045 788 4118 petitioni
832 4058 980 4098 meae
1038 4046 1322 4112 praestare
1370 4039 1651 4109 digneris,
1691 4045 1746 4093 et

100 4141 250 4214 quod
279 4141 367 4195 lex
402 4132 784 4207 Imperatoris
810 4131 999 4203 jubet,
1029 4130 1200 4201 cujus
1222 4129 1564 4200 reipublicae
1597 4127 1751 4183 mili-

102 4237 203 4294 tas,
234 4244 372 4285 meo
404 4238 648 4298 quoque
678 4222 1015 4278 interventu
1035 4223 1092 4275 et
1120 4218 1542 4289 deprecatione
1581 4231 1753 4274 acce-

101 4320 263 4376 dente
294 4317 493 4373 facere
520 4327 642 4369 non
670 4309 964 4381 graveris.

602 4435 937 4492 EPISTOLA
976 4431 1103 4488 cxv
1130 4431 1228 4505 (ε).

102 4572 185 4627 Ad
208 4569 608 4626 Fortunatam
626 4561 952 4619 Cirtensem
980 4557 1338 4627 episcOpum,
1364 4558 1438 4614 de
1457 4558 1660 4615 eadem
1684 4573 1750 4615 re

104 4695 349 4753 Domino
380 4690 727 4749 beatissimo
754 4684 1243 4742 etvenerabiliter
1265 4684 1616 4741 charissimo
1638 4685 1752 4742 fra-

166 4786 234 4842 tri
264 4788 325 4840 et
354 4776 764 4838 consacerdoti
794 4778 1142 4839 Foarunuo,
1175 4780 1231 4829 et
1254 4775 1356 4845 qui
1384 4780 1579 4830 tecum
1614 4780 1755 4831 sunt

166 4872 477 4938 fratribus,
520 4873 897 4935 AUGUSTINUS,
926 4864 985 4919 in
1019 4864 1270 4919 Domino
1295 4863 1571 4919 salutem.

163 4997 515 5057 Paventium
542 4993 695 5049 bene
714 4991 876 5047 novit
903 4989 1201 5045 Sanctitas
1221 4992 1343 5056 tua,
1368 4988 1472 5062 qui
1501 4989 1757 5046 Paratia-

105 5089 302 5145 nensis
338 5084 531 5142 saltus
562 5079 892 5138 conductor
918 5076 1045 5133 fuit.
1081 5081 1154 5144 ls,
1183 5093 1323 5133 cum
1365 5079 1443 5134 ab
1483 5078 1752 5152 ejusdem

155 5278 227 5337 (α)
250 5274 436 5337 Exstat
454 5282 620 5337 super
639 5267 737 5317 hac
757 5280 820 5337 re
835 5265 918 5314 lex
933 5263 1271 5337 a'l‘beodosio
1285 5265 1411 5337 data
1429 5266 1497 5337 30_
1509 5266 1753 5337 decemb.

104 5328 187 5388 an.
210 5328 323 5387 380.
359 5328 561 5384 Verum
597 5330 932 5394 Augustinus
958 5328 1082 5394 hhi_c_
1130 5328 1291 5394 verba
1346 5328 1758 5394 fereipsissima

104 5401 261 5449 refert
288 5397 510 5448 alterius
532 5389 1018 5457 legis.'qu_am__tulit
1042 5390 1306 5457 Honorius
1331 5404 1418 5440 an.
1447 5389 1557 5449 £09,
1586 5392 1670 5440 die
1696 5393 1752 5440 21

100 5463 331 5525 januarii
368 5461 424 5508 in
442 5453 815 5525 cqafrheed.
855 5453 945 5525 lib.
977 5456 1033 5525 9,_
1056 5454 1141 5525 tit.
1170 5454 1222 5506 2,

166 5526 239 5587 (ὁ)
271 5524 417 5573 Alias
460 5522 552 5569 228
585 5534 596 5567 :
655 5531 774 5587 qua:
800 5519 979 5587 autem
1016 5516 1104 5564 114
1136 5518 1265 5571 erat.
1301 5529 1446 5565 nunc
1475 5517 1521 5564 5.
1552 5514 1757 5579 Scripta

102 5578 289 5639 eodem
324 5592 585 5647 tempore.
618 5578 737 5644 post
776 5578 1134 5647 superiorem.

161 5653 224 5712 (cl
272 5651 415 5698 Alias
440 5642 567 5712 :230
600 5642 767 5712 {quae
801 5644 983 5712 autem
1042 5642 1133 5689 115
1172 5644 1303 5697 erat,
1344 5654 1487 5691 nunc
1517 5643 1544 5689 9
1580 5645 1632 5692 et
1680 5642 1755 5690 11

101 5703 311 5777 Scripta
337 5710 501 5777 paulo
527 5708 650 5771 post
666 5703 1026 5768 superiorem.

1330 178 1836 243 EPISTOLARUM
1865 180 2153 239 CLASSIS
2180 184 2221 239 ll

3378 178 3480 250 430

1838 308 2239 378 possessionis
2260 312 2509 368 domino
2532 314 2735 369 nescio
2760 313 2907 386 quid
2938 316 3052 371 sibi
3077 314 3380 387 metueret,
3405 321 3483 376 ad

1838 397 2283 468 Hipponensem
2300 401 2890 473 confugitecclesiam
2910 420 2923 469 ;
2944 405 3096 461 etilli
3111 413 3252 477 erat,
3272 413 3483 465 utcon-

1834 485 2132 555 fugientes
2157 489 2371 553 solent,
2394 498 2749 561 exspectans
2763 493 3068 564 quomodo
3084 496 3485 566 perinterces-

1836 574 2064 631 sionem
2098 584 2365 635 nostram
2418 596 2527 635 sua
2574 582 2812 650 negotia
2845 584 3201 640 terminaret.
3253 587 3382 651 Qui,
3422 594 3486 643 ut

1836 675 1993 731 saepe
2013 663 2208 732 fit,per
2237 663 2363 718 dies
2391 664 2658 733 singulos
2686 666 2884 721 minus
2920 668 3239 740 minusque
3272 671 3484 726 sollici-

1835 752 1947 813 tus,
1981 752 2230 822 etquasi
2261 752 2605 808 adversario
2633 761 2905 809 cessante
2939 771 3200 828 securus,
3237 775 3370 814 cum
3404 760 3481 815 ab

1832 838 2027 892 amico
2050 855 2159 894 suo
2202 840 2275 894 de
2304 857 2475 896 caena
2505 842 2901 910 egrederetur,
2938 844 3135 899 subito
3165 852 3371 917 raptus
3395 853 3483 903 est

1834 941 1868 979 a
1896 924 2232 983 Florentino
2260 930 2546 1000 quodam,
2580 936 2641 985 ut
2672 931 2897 995 dicunt,
2936 934 3177 988 Comitis
3208 935 3476 1004 Ofﬁciali,

1833 1029 1937 1085 per
1962 1022 2330 1073 armatorum
2361 1034 2631 1089 manum,
2664 1026 2894 1091 quanta
2918 1020 3004 1076 eis
3029 1022 3107 1077 ad
3130 1025 3236 1079 hoc
3259 1025 3480 1083 factum

1833 1102 2104 1161 sufﬁcere
2163 1106 2292 1162 visa
2323 1113 2427 1163 est.
2472 1108 2642 1173 Quod
2673 1125 2811 1164 cum
2852 1110 2996 1165 mihi
3030 1114 3391 1179 nuntiatum,
3427 1122 3482 1171 et

1833 1192 2031 1249 adhuc
2054 1209 2089 1249 a
2107 1210 2228 1266 quo
2254 1196 2345 1250 vel
2368 1211 2402 1251 a
2420 1197 2640 1268 quibus
2656 1204 2863 1269 raptus
2892 1199 3063 1255 fuerit
3084 1201 3477 1271 ignoraretur,

1835 1282 2096 1352 suspicio
2126 1290 2328 1339 tamen
2351 1292 2507 1340 esset
2536 1285 2610 1339 de
2636 1285 2754 1351 illo,
2788 1302 2970 1358 quem
3006 1276 3274 1346 metuens
3293 1308 3356 1347 se
3375 1310 3482 1363 per

1831 1371 2146 1427 ecclesiam
2176 1374 2453 1429 tuebatur
2486 1391 2498 1439 ;
2531 1376 2816 1431 continuo
2848 1376 2985 1432 misi
3036 1380 3112 1433 ad
3156 1381 3479 1449 tribunum,

1831 1460 1934 1531 qui
1966 1462 2358 1517 custodiendo
2388 1462 2564 1518 littori
2586 1465 2938 1520 constitutus
2967 1473 3074 1521 est.
3103 1468 3245 1524 Misit
3276 1472 3483 1528 milita-

1831 1564 1926 1604 res
1954 1565 1966 1603 :
2010 1565 2186 1605 nemo
2218 1552 2407 1621 potuit
2436 1552 2699 1623 reperiri.
2735 1553 2852 1607 Sed
2880 1571 3056 1610 mane
3085 1560 3484 1627 cognovimus

1833 1644 1888 1693 et
1917 1638 1975 1692 in
2004 1654 2123 1710 qua
2153 1639 2337 1694 domo
2387 1640 2578 1706 fuerit,
2613 1647 2669 1697 et
2698 1643 2860 1713 quod
2900 1650 3035 1713 post
3062 1645 3201 1714 galli
3237 1655 3485 1705 cantum

1833 1743 1972 1782 cum
2003 1727 2103 1783 illo
2130 1728 2504 1797 abscesserit,
2532 1730 2634 1801 qui
2658 1745 2794 1785 eum
2821 1736 2913 1787 ten
2927 1737 3110 1789 Uerat.
3132 1734 3318 1792 Etiam
3348 1738 3486 1796 illuc

1832 1816 1969 1872 misi
2000 1833 2123 1889 quo
2153 1817 2464 1873 dicebatur
2489 1818 2816 1875 abductus:
2841 1820 2938 1875 ubi
2963 1830 3330 1881 memoratus
3351 1829 3488 1884 Ofﬁ-

1832 1904 1997 1960 cialis
2024 1905 2320 1972 inventus,
2353 1907 2680 1962 concedere
2711 1909 3063 1980 presbytero
3098 1928 3279 1983 quem
3311 1916 3485 1972 mise.

1830 2009 1984 2057 ram,
2008 1994 2196 2050 noluit
2222 2002 2432 2050 uteum
2448 1995 2657 2052 saltem
2685 1996 2925 2053 videret.
2944 1998 3069 2055 Alio
3082 2000 3177 2055 die
3190 2004 3486 2061 misilitte-

1830 2097 1950 2147 ras,
1984 2088 2189 2154 petens
2210 2087 2275 2137 ut
2298 2083 2349 2137 ei
2383 2084 2809 2140 concederetur
2823 2086 3181 2157 quodjussit
3205 2090 3264 2144 in
3288 2095 3485 2148 causis

1833 2170 2051 2264 talibus
2104 2171 2450 2243 Imperator,
2482 2172 2543 2227 id
2587 2179 2673 2228 est
2729 2178 2788 2228 ut
2816 2174 2974 2229 Actis
3023 2178 3485 2251 municipalibus

1830 2261 2336 2331 interrogarentur
2383 2261 2485 2333 qui
2542 2263 2822 2334 praecepti
2866 2262 3084 2321 fuerint
3139 2268 3485 2337 exhibendi,

1831 2353 2032 2405 utrum
2064 2348 2242 2405 velint
2269 2349 2329 2404 in
2362 2364 2429 2405 ea
2468 2350 2702 2407 civitate
2734 2351 2846 2406 sub
2871 2353 3145 2411 custodia
3175 2358 3490 2418 moderata

1835 2438 2073 2508 triginta
2103 2437 2229 2493 dies
2256 2453 2455 2508 agere,
2490 2444 2553 2494 ut
2579 2452 2701 2495 rem
2739 2457 2911 2497 suam
2933 2442 3312 2501 ordinentvel
3342 2464 3492 2520 prte-

1838 2533 2049 2599 parent
2080 2533 2362 2599 sumptus
2398 2544 2411 2585 :
2448 2528 2508 2583 id
2564 2529 2769 2601 utique
2822 2530 3169 2588 existimans
3198 2537 3361 2606 quod
3385 2554 3495 2609 per

1839 2616 1968 2672 dies
2009 2618 2173 2688 ipsos
2204 2631 2520 2688 possemus
2552 2617 2800 2674 fortasse
2848 2635 3090 2676 causam
3124 2623 3252 2692 ejus
3297 2627 3496 2683 amica

1840 2705 2271 2777 disceptatione
2284 2705 2621 2762 ﬁnire.Jam
2647 2724 2786 2763 vero
2813 2709 3062 2766 cumillo
3085 2711 3331 2770 Ofﬁciali
3357 2731 3498 2787 pro-

1840 2793 2027 2852 fectus
2058 2794 2276 2851 ductus
2306 2800 2395 2850 est
2420 2812 2434 2850 :
2469 2796 2575 2851 sed
2598 2802 2787 2852 metus
2808 2809 2981 2853 estne
3006 2798 3152 2856 forte
3177 2803 3254 2857 ad
3269 2804 3496 2860 Consu-

1840 2883 1981 2939 laris
2012 2883 2334 2955 perductus
2356 2884 2644 2953 ofﬁcium,
2680 2884 3054 2958 malialiquid
3079 2890 3355 2958 patiatur.
3389 2896 3495 2950 Ha-

1842 2973 1939 3027 bet
1993 2972 2150 3027 enim
2218 2988 2466 3028 causam
2511 2989 2649 3027 cum
2686 2972 2928 3029 homine
2968 2977 3488 3047 pecuniosissimo,

1841 3061 2119 3133 quamvis
2147 3060 2365 3132 judicis
2386 3061 2690 3131 integritas
2716 3062 2877 3117 fama
2917 3063 3250 3123 clarissima
3280 3070 3491 3140 praedi-

1842 3154 2023 3206 cetur.
2058 3152 2137 3205 Ne
2158 3149 2303 3221 quid
2334 3154 2538 3205 tamen
2564 3150 2729 3222 apud
2757 3151 3029 3208 Ofﬁcium
3061 3158 3315 3224 pecunia
3337 3175 3493 3229 prae-

1843 3242 2060 3302 valeat,
2093 3243 2227 3310 peto
2252 3240 2629 3295 Sanctitatem
2646 3246 2832 3305 tuam,
2850 3241 3093 3298 domine
3105 3244 3492 3304 dilectissime

1844 3333 1900 3384 et
1914 3327 2268 3384 venerabilis
2281 3328 2479 3395 frater,
2490 3335 2551 3384 ut
2562 3329 2898 3386 honorabili
2913 3332 3209 3406 nobisque
3223 3335 3495 3392 charissi-

1846 3434 1948 3474 mo
1968 3417 2275 3473 Consulari
2290 3417 2549 3487 digneris
2565 3418 2793 3474 tradere
2814 3419 3035 3477 litteras
3058 3432 3304 3488 meas,et
3319 3427 3428 3482 has
3443 3428 3497 3482 ei

1846 3507 2039 3577 legere
2068 3523 2081 3573 ;
2116 3508 2259 3578 quia
2280 3506 2371 3562 bis
2403 3507 2680 3562 eamdem
2708 3524 2953 3564 causam
2976 3511 3282 3569 insinuare
3299 3530 3499 3571 neces-

1848 3596 2071 3651 sarium
2088 3610 2207 3649 non
2226 3611 2356 3649 esse
2374 3595 2694 3650 arbitratus
2719 3614 2850 3651 sum
2873 3617 2887 3663 ;
2903 3604 2956 3652 et
2979 3599 3109 3668 ejus
3124 3617 3320 3657 causa;
3334 3603 3500 3659 diffe-

1850 3692 1940 3740 rat
1970 3683 2358 3747 audientiam,
2375 3684 2661 3755 quoniam
2684 3685 2881 3740 nescio
2899 3692 3093 3742 utrum
3114 3688 3173 3742 in
3189 3705 3259 3744 ea
3273 3707 3497 3747 nocens

1851 3789 1928 3831 an
1961 3773 2246 3828 innocens
2272 3772 2364 3827 sit.
2408 3774 2473 3826 Et
2500 3771 2666 3843 quod
2689 3773 2844 3827 circa
2875 3774 3153 3831 eumdem
3182 3777 3344 3846 leges
3376 3796 3499 3835 non

1850 3865 2099 3918 servatas
2129 3864 2287 3923 sunt,
2315 3865 2374 3915 ut
2421 3861 2503 3915 sic
2533 3866 2861 3931 raperetur,
2896 3879 3089 3935 neque
3121 3869 3183 3919 ut
3209 3866 3284 3922 ab
3315 3869 3504 3939 Impe-

1849 3956 2045 4007 ratore
2079 3954 2441 4021 praeceptum
2455 3954 2561 4013 est,
2577 3948 2653 4005 ad
2666 3950 2807 4005 Acta
2822 3952 3207 4024 municipalia
3221 3957 3503 4026 perduce-

1852 4047 2012 4096 retur
2058 4038 2539 4107 interrogandus,
2576 4046 2773 4094 utrum
2814 4039 3171 4098 beneficium
3205 4044 3505 4101 dilationis

1853 4128 2027 4185 vellet
2049 4128 2339 4200 accipere,
2371 4143 2495 4183 non
2521 4134 2868 4185 contemnat
2896 4152 2907 4195 ;
2953 4136 3014 4187 ut
3046 4147 3152 4204 per
3179 4133 3293 4189 hoc
3317 4136 3509 4206 possi-

1851 4234 1988 4292 mus
2014 4233 2152 4273 cum
2183 4217 2313 4288 ejus
2342 4217 2690 4273 adversario
2724 4234 2848 4274 rem
2891 4220 3087 4277 ﬁnire.

2346 4344 2675 4401 EPISTOLA
2716 4346 2871 4402 cxvr
2913 4346 3015 4417 (α).

1859 4469 2147 4526 Generosa
2158 4469 2458 4525 Numidiae
2475 4469 2798 4525 Consulari
2819 4474 2864 4525 Α
2877 4473 3119 4540 ugustin
3128 4490 3194 4529 us
3214 4489 3508 4532 commen-

2301 4557 2453 4612 dans
2484 4573 2727 4614 causam
2757 4559 3049 4617 Faventii.

1860 4681 2112 4737 Domino
2142 4680 2364 4736 eximio
2386 4685 2440 4736 et
2461 4681 2670 4737 merito
2697 4683 2935 4755 insigni,
2958 4684 3507 4762 honorabiliterque

1930 4770 2281 4826 charissimo
2313 4769 2434 4826 ﬁlio
2476 4772 2793 4837 Genanoso,
2824 4774 3189 4842 AUGUSTINUS,
3225 4777 3284 4832 in
3318 4779 3512 4835 Domi-

1932 4876 2011 4916 no
2042 4860 2318 4915 salutem.

1936 4988 2085 5040 Laus
2125 4991 2181 5040 et
2210 4984 2551 5056 praedicatio
2578 4986 3109 5044 administrationis
3135 4996 3247 5045 tuae
3272 4995 3328 5045 et
3353 4990 3515 5046 fama

1863 5073 2149 5146 praeclara
2188 5090 2324 5129 cum
2342 5090 2434 5130 me
2460 5075 2891 5145 prodilectione
2919 5093 3105 5149 quam
3140 5078 3254 5131 tuis
3289 5078 3517 5132 meritis

1864 5163 2289 5219 benevolentia:
2314 5180 2432 5234 que
2450 5164 2762 5229 debemus,
2804 5165 3132 5235 plurimum
3173 5165 3516 5232 delectaret,

1865 5267 2180 5323 nunquam
2194 5251 2391 5306 adhuc
2408 5251 2463 5305 in
2480 5252 2678 5323 aliquo
2690 5252 2982 5307 beneficio
3010 5252 3370 5323 postulando
3391 5257 3520 5310 Exi-

1868 5339 2089 5395 mietati
2115 5345 2225 5393 tuae
2257 5354 2391 5394 mea
2413 5340 2748 5393 intercessio
2772 5340 2955 5393 extitit
2977 5355 3252 5404 onerosa,
3278 5341 3521 5398 domine

1867 5427 2247 5483 dilectissime
2263 5432 2317 5482 et
2336 5426 2685 5482 venerabilis
2710 5427 2808 5482 ﬁli.
2829 5427 2939 5484 Sed
2958 5444 3118 5484 nunc
3135 5430 3278 5501 quid
3307 5431 3363 5486 in
3384 5434 3430 5487 ci
3446 5435 3523 5488 vi-

1932 5639 2002 5698 (a)
2027 5635 2172 5685 Alias
2199 5635 2287 5707 ﬁt
2317 5649 2327 5682 :
2362 5648 2480 5697 quae
2516 5635 2696 5683 autem
2753 5636 2842 5683 116
2870 5640 3001 5693 erat,
3034 5651 3180 5689 nunc
3211 5641 3288 5688 10.
3323 5639 3528 5704 Scripta

1873 5714 1998 5752 cum
2034 5710 2326 5764 superiore.
