4074 6158
487 153 593 211 435

492 280 592 336 diu
654 279 790 336 ﬁnis
847 279 1185 337 ofﬁciorum
1249 280 1592 334 nostrorum
1655 276 1712 332 in
1770 291 1833 331 re
1881 270 2142 330 instabili

490 368 815 426 collocatur
839 370 877 423 1.
898 369 957 423 In
990 367 1192 439 aliquo
1218 367 1393 438 igitur
1409 366 1585 422 ﬁrmo
1612 370 1789 439 atque
1809 366 2145 420 incommu-

487 460 829 516 tabilibono
852 462 905 513 te
934 457 1109 530 ﬁgere
1124 456 1399 513 volumus
1427 456 1921 512 constantissimae
1948 454 2142 509 inten-

482 547 663 604 tionis
677 546 1464 610 domum,etsecurissimam
1478 546 1741 618 requiem
1757 543 1952 599 omnis
1965 543 2139 597 bonae

486 642 664 708 atque
679 637 942 691 honesta:
957 634 1205 691 actionis
1219 637 1450 691 tuae.An
1464 634 1612 690 forte
1630 634 1804 689 istam
1820 633 2013 704 ipsam
2031 635 2138 685 ter-

485 740 695 781 renam
712 724 1049 781 felicitatem
1079 741 1263 797 quam
1291 723 1839 790 commemoravi,si
1872 720 2140 793 prosperi

483 814 746 871 rumoris
777 830 944 879 aura,
962 820 1065 869 aut
1098 815 1278 869 etiam
1300 812 1540 869 ﬂatibus
1556 813 1689 868 vela
1715 810 2042 884 pandendo
2061 809 2140 865 ad

484 920 622 961 eam
638 904 898 975 potueris
914 903 1405 974 pervenire,hanc
1421 904 1599 959 etiam
1610 902 1836 971 cogitas
1850 900 2062 956 referre
2077 899 2139 955 in

484 992 649 1049 aliud
668 998 916 1057 certum,
937 997 993 1048 et
1015 1008 1222 1047 verum
1258 998 1313 1047 et
1345 992 1588 1064 plenum
1617 989 1969 1047 bonum?At
1994 987 2135 1043 mihi

487 1097 609 1137 non
638 1082 890 1145 videtur,
920 1086 1102 1152 atque
1128 1081 1382 1136 omnino
1415 1081 1547 1152 ipsa
1571 1080 1785 1135 veritas
1818 1082 2012 1147 negat,
2048 1076 2139 1132 vel

487 1171 664 1226 tantis
692 1170 765 1225 ad
802 1186 862 1226 se
890 1170 1274 1236 anfractibus,
1312 1185 1449 1241 quae
1483 1174 1601 1225 tam
1625 1168 1897 1240 proxima
1916 1172 2025 1231 est,
2046 1166 2141 1221 vel

485 1261 663 1314 tantis
696 1260 1056 1329 sumptibus,
1093 1275 1229 1330 qua:
1261 1263 1372 1315 tam
1402 1258 1655 1329 gratuita
1681 1262 1787 1321 est,
1821 1254 2135 1326 perveniri.

554 1349 606 1400 7.
632 1353 719 1403 An
752 1349 883 1419 ipsa
912 1349 1182 1404 humana
1212 1347 1391 1404 laude
1416 1353 1707 1419 tanquam
1740 1346 2139 1401 instrumento

487 1437 775 1492 utendum
791 1438 1181 1501 existimas,ut
1195 1437 1421 1492 aditum
1442 1452 1549 1507 per
1568 1435 1725 1490 hanc
1744 1449 2044 1506 praepares
2062 1430 2140 1487 ad

483 1526 720 1582 animos
734 1526 1481 1597 hominum,persuadendi
1496 1540 1637 1579 vera
1653 1530 1829 1595 atque
1844 1521 2137 1592 salubria;

485 1619 725 1670 etcaves
738 1632 810 1671 ne
830 1620 904 1684 te,
922 1632 1057 1671 cum
1085 1616 1393 1670 indoctum
1410 1613 1876 1686 atquehebetem
1900 1616 2141 1684 putave-

484 1703 622 1769 rint,
637 1704 953 1773 indignum
970 1704 1332 1759 arbitrentur
1348 1705 1443 1759 cui
1466 1718 1673 1758 aurem
1698 1702 1789 1757 vel
1812 1700 2140 1757 intentissi-

487 1809 647 1848 mam
681 1792 767 1848 vel
799 1792 1303 1865 patientissimam
1349 1793 1679 1863 praebeant,
1731 1792 1849 1846 sive
1881 1790 1955 1845 ad
1988 1793 2141 1845 recte

482 1882 639 1936 facta
652 1898 1021 1954 quemquam
1037 1882 1525 1947 exhorteris,sive
1546 1881 2029 1951 malitiamiatque
2045 1894 2142 1934 ne-

482 1970 729 2042 quitiam
752 1975 1054 2041 peccantis
1076 1970 1360 2042 objurges
1384 1970 1411 2025 ?
1429 1974 1593 2026 Hunc
1620 1976 1679 2025 tu
1703 1969 1881 2025 ﬁnem
1904 1968 2142 2039 justitias

485 2076 553 2115 ac
578 2059 1011 2124 beneficentiae,
1042 2061 1090 2115 si
1117 2061 1174 2115 in
1202 2060 1314 2115 illis
1337 2060 1776 2129 interrogandis
1800 2057 2144 2130 quastioni-

486 2150 598 2205 bus
629 2148 922 2218 cogitasti,
956 2165 1066 2204 nos
1089 2150 1163 2204 de
1196 2156 1248 2205 te
1283 2150 1438 2205 male
1467 2149 1810 2213 meruimus,
1845 2146 2060 2219 quibus
2082 2147 2143 2201 in

484 2237 734 2309 epistola
762 2243 881 2303 tua,
915 2254 1033 2295 non
1061 2238 1122 2293 id
1139 2239 1341 2310 potius
1363 2254 1486 2310 quo
1517 2253 1913 2303 moveremur,
1947 2236 2145 2308 posui-

485 2329 576 2395 sti,
611 2332 803 2383 utaut
830 2328 1083 2383 libenter
1112 2328 1398 2384 daremus
1422 2328 1575 2399 quod
1609 2327 1991 2398 petebas,aut
2013 2324 2143 2381 ideo

483 2434 605 2473 non
632 2418 938 2481 daremus,
955 2418 1096 2489 quia
1112 2434 1296 2473 causa
1318 2416 1725 2489 quaelibetalia
1749 2416 1995 2472 fortasse
2012 2430 2144 2484 pro-

482 2508 733 2572 hiberet,
762 2523 882 2563 non
914 2511 1104 2563 tamen
1137 2507 1273 2579 quia
1316 2511 1431 2561 tua;
1464 2521 1635 2561 vanas
1666 2504 1994 2576 cupiditati,
2022 2518 2142 2559 non

486 2595 683 2669 solum
712 2596 947 2661 servire,
972 2611 1176 2650 verum
1205 2596 1390 2651 etiam
1428 2610 1548 2651 non
1564 2594 1836 2649 resistere
1861 2592 2133 2664 puderet.

485 2686 720 2750 Quanto
733 2681 892 2738 enim
909 2684 1120 2739 melius
1142 2687 1323 2756 atque
1341 2683 1881 2755 salubrius,quaeso
1896 2681 2144 2752 te,ipsas

480 2773 745 2828 veritatis
774 2772 1033 2843 regulas,
1073 2773 1259 2829 multo
1293 2774 1512 2829 certius
1547 2778 1602 2828 et
1628 2772 1867 2828 brevius
1912 2786 2016 2843 per
2050 2784 2145 2826 se-

480 2863 648 2934 ipsas
678 2862 922 2934 accipis,
955 2862 1176 2934 quibus
1203 2862 1353 2918 falsa
1374 2862 1582 2917 omnia
1606 2860 1803 2933 possis
1830 2861 1956 2933 ipse
1981 2858 2145 2914 refel-

479 2950 618 3016 lere,
650 2966 725 3007 ne
764 2951 928 3023 quod
960 2952 1182 3007 falsum
1236 2955 1291 3007 et
1331 2951 1685 3023 pudendum
1717 2955 1824 3016 est,
1850 2949 1898 3005 si
1930 2947 2147 3004 multo-

479 3055 603 3095 rum
619 3055 885 3096 annosas
901 3045 955 3095 et
967 3040 1295 3113 decrepitas
1308 3039 1587 3097 falsitates
1602 3040 1799 3095 studio
1808 3037 2142 3111 jactantiori

482 3145 669 3202 quam
684 3128 913 3200 pruden
926 3129 1052 3185 tiori
1066 3129 1613 3196 didiceris,doctum
1631 3134 1808 3199 atque
1823 3126 2146 3196 intelligen-

479 3222 601 3273 tem
622 3222 675 3273 te
705 3233 833 3273 esse
855 3217 1157 3273 arbitreris
1189 3235 1202 3285 ;
1228 3219 1394 3290 quod
1432 3221 1561 3289 jam
1587 3233 1708 3273 non
1734 3215 2007 3271 existimo
2038 3214 2144 3272 tibi

479 3306 691 3362 videri.
715 3308 839 3361 Non
855 3307 1023 3361 enim
1046 3305 1267 3362 frustra
1288 3306 1529 3362 tamdiu
1554 3312 1673 3362 tam
1694 3321 1831 3360 vera
1862 3303 2142 3359 Dioscoro

478 3395 771 3450 diximus:
797 3411 866 3449 ex
884 3410 1007 3465 quo
1024 3394 1083 3449 in
1112 3394 1225 3450 hac
1249 3395 1501 3466 epistola
1523 3394 1856 3467 gradimur.

555 3483 779 3539 CAPUT
816 3482 878 3537 ΙΙ.
914 3515 980 3523 ——
1008 3487 1057 3539 8.
1091 3484 1604 3555 Quapropterjam
1629 3483 1775 3538 illud
1798 3483 2131 3549 videamus,

480 3588 622 3629 cum
661 3576 712 3627 te
739 3572 989 3628 istarum
1020 3588 1216 3628 rerum
1254 3574 1590 3643 ignorantia
1640 3589 2024 3646 nequaquam
2051 3572 2134 3627 in-

485 3661 733 3717 doctum
749 3667 927 3733 atque
940 3662 1214 3719 hebetem
1226 3663 1480 3734 judices,
1496 3663 1601 3719 sed
1621 3663 1809 3735 ipsius
1835 3664 2031 3733 potius
2045 3678 2135 3718 ve-

482 3751 696 3817 ritatis,
726 3752 1078 3825 utquisquis
1098 3753 1172 3808 de
1196 3754 1288 3808 his
1308 3753 1487 3808 rebus
1511 3752 1745 3825 scripsit
1770 3753 1861 3809 vel
1886 3754 2135 3825 scripse-

480 3841 574 3906 rit,
617 3845 719 3897 aut
748 3858 819 3897 ea
846 3842 961 3898 sint
1000 3858 1134 3915 quae
1156 3842 1284 3914 jam
1318 3847 1511 3899 certus
1560 3850 1743 3909 tenes,
1773 3848 1875 3900 aut
1907 3843 1956 3898 si
1986 3842 2137 3899 falsa

482 3935 642 3996 sunt,
659 3947 900 3987 securus
919 3932 1176 4001 ignores,
1201 3948 1396 4005 neque
1423 3933 1496 3988 de
1519 3933 1860 3989 diversitate
1883 3949 2137 4005 cognos-

481 4020 673 4075 cenda
703 4020 1136 4075 sententiarum
1171 4021 1528 4087 alienarum,
1557 4038 1629 4077 ne
1660 4022 1832 4094 quasi
1858 4023 2136 4079 indoctus

481 4112 541 4162 et
581 4108 765 4163 hebes
802 4124 1138 4173 remaneas,
1174 4109 1337 4164 inani
1370 4110 1764 4166 sollicitudine
1796 4112 2133 4167 macereris.

479 4199 625 4252 Cum
658 4212 799 4267 ergo
814 4198 943 4252 haec
970 4196 1051 4253 ita
1078 4198 1212 4259 sint,
1243 4198 1422 4255 etiam
1447 4198 1612 4263 illud,
1640 4199 1686 4254 si
1709 4200 2138 4271 placet,videa-

476 4303 637 4354 mus,
667 4292 864 4343 utrum
897 4287 1150 4345 aliorum
1183 4288 1337 4345 falsa
1358 4289 1740 4362 existimatio,
1768 4291 1871 4362 qui
1889 4297 2045 4359 sunt,
2077 4296 2140 4347 ut

478 4376 708 4443 scribis,
735 4377 813 4432 ad
840 4377 1307 4449 vituperandum
1340 4378 1650 4450 proclives,
1680 4379 1761 4437 ita
1785 4385 1840 4435 ut
1871 4382 1921 4436 si
1948 4385 2002 4436 te
2025 4383 2141 4438 ista

481 4468 756 4539 ignorare
804 4469 1220 4538 persenserint,
1266 4469 1577 4526 indoctum
1624 4474 1804 4542 atque
1842 4470 2138 4539 hebetem,

484 4556 632 4613 falso
645 4556 1028 4629 quidem,sed
1043 4563 1260 4613 famem
1276 4559 1592 4629 putent,sic
1609 4564 1658 4615 te
1676 4576 1913 4615 movere
1927 4560 2141 4617 debeat

486 4649 551 4700 ut
578 4645 759 4702 etiam
791 4645 865 4701 ab
907 4646 1203 4718 episcopis
1237 4646 1339 4701 tibi
1368 4647 1500 4704 haec
1531 4650 1749 4720 exponi
1783 4665 1902 4704 non
1934 4650 2139 4706 incon-

486 4739 765 4805 gruenter
793 4739 957 4805 petas
982 4752 995 4800 ;
1027 4735 1526 4808 quandoquidem
1554 4754 1623 4793 eo
1652 4739 1769 4793 ﬁne
1790 4739 1911 4809 jam
1943 4745 1995 4795 te
2026 4741 2144 4797 ista

486 4839 696 4896 cupere
710 4823 1149 4896 credimus,quo
1166 4824 1278 4880 illis
1293 4826 1565 4881 consulas
1582 4827 1659 4882 ad
1674 4828 2139 4899 persuadendam

485 4914 814 4981 veritatem,
836 4912 1145 4985 vitamque
1159 4930 1365 4970 eorum
1400 4917 1839 4985 corrigendam,
1862 4918 1963 4989 qui
2002 4924 2071 4986 te,
2092 4926 2143 4982 si

483 5002 545 5059 in
576 5002 687 5059 illis
714 5002 1008 5060 Ciceronis
1030 5002 1198 5059 libris
1227 5004 1535 5061 indoctum
1556 5006 1950 5079 hebetemque
1975 5015 2142 5079 puta-

482 5092 1008 5164 verint,indignum
1024 5092 1383 5149 habebunta
1410 5110 1532 5164 quo
1560 5095 1785 5167 aliquid
1817 5097 1970 5152 utilis
1986 5098 2140 5155 salu-

479 5179 726 5253 brisque
750 5181 1005 5237 scientiae
1028 5182 1138 5237 sibi
1161 5182 1579 5253 accipiendum
1602 5201 1729 5240 esse
1752 5186 2135 5248 arbitrentur.

479 5269 650 5333 Quod
689 5286 806 5326 non
842 5272 920 5326 ita
944 5274 1061 5336 est,
1097 5270 1239 5326 mihi
1263 5273 1458 5327 crede.

550 5359 603 5410 9.
637 5357 893 5413 Primum
909 5360 1051 5429 quia
1075 5375 1205 5415 esse
1234 5360 1541 5433 aliquosin
1561 5362 1879 5426 illisterris,
1910 5366 2004 5419 ubi
2030 5367 2135 5421 im-

484 5446 708 5514 peritus
726 5446 1088 5519 minimeque
1103 5456 1315 5505 acutus
1342 5451 1520 5505 videri
1543 5451 1840 5523 times,qui
1860 5459 1910 5509 te
1924 5455 1995 5509 de
2009 5456 2132 5511 istis

462 5660 481 5669 -
547 5623 561 5652 ι
588 5620 691 5668 Mss
722 5621 980 5686 plerique.
1018 5625 1073 5672 In
1109 5642 1215 5675 rem
1244 5628 1476 5679 stabilem
1500 5644 1604 5679 non
1633 5631 1932 5687 collocatur.

1770 150 1827 213 S.
1864 142 2247 204 AUGUSTINI
2297 145 2619 207 EPISCOPI

3755 158 3846 218 436

2256 275 2999 350 quaetionibusquidquam
3015 276 3389 345 interrogent,
3407 277 3759 337 omninonon
3778 284 3847 339 vi.

2250 361 2363 418 deo
2384 367 2907 440 :quandoquidem
2921 366 3165 438 hic,quo
3179 365 3255 421 ad
3268 380 3337 419 ea
3349 364 3626 423 discenda
3639 371 3844 437 venisti,

2250 457 2306 509 et
2330 456 2522 511 Romae
2553 462 2830 529 expertus
2850 472 2912 512 es
2932 472 3115 529 quam
3143 454 3500 525 negligenter
3519 455 3845 528 habeantur;

2248 547 2304 599 et
2333 543 2410 599 ob
2442 545 2555 602 hoc
2569 563 2758 619 neque
2787 547 3113 603 doceantur
3143 560 3335 616 neque
3364 544 3654 601 discantur
3679 565 3690 614 ;
3717 552 3767 602 et
3798 549 3850 605 in

2250 633 2287 685 A
2301 632 2443 691 frica
2465 652 2654 707 usque
2675 637 2828 692 adeo
2851 636 2924 691 de
2940 636 3030 691 his
3058 637 3541 705 interrogatorem
3555 635 3757 705 pateris
3769 652 3853 693 ne-

2250 722 2491 789 minem,
2537 729 2600 780 ut
2631 741 2740 781 nec
2770 725 3028 796 teipsum
3059 723 3163 796 qui
3203 722 3458 795 patiatur
3481 722 3748 787 invenias,
3774 740 3853 782 ea-

2246 827 2364 883 que
2391 812 2594 885 inopia
2611 814 2908 887 episcopis
2927 811 3285 885 exponenda
3297 826 3367 866 ea
3389 811 3604 867 mittere
3621 814 3851 882 cogaris:

2247 902 2420 973 quasi
2438 919 2574 959 vero
2588 903 2852 976 episcopi
2872 901 3171 969 isti,etiam
3182 902 3232 956 si
3245 899 3852 965 adolescentes,eodem

2246 1005 2369 1062 quo
2390 995 2453 1046 tu
2466 994 2693 1065 raperis
2714 993 2899 1048 animi
2914 992 3146 1055 ardore,
3170 990 3262 1045 vel
3277 990 3469 1062 potius
3491 991 3856 1063 errore,quasi

2247 1078 2471 1151 aliquid
2499 1096 2790 1151 magnum
2823 1082 2950 1137 haec
2979 1081 3207 1136 discere
3239 1082 3538 1142 curarunt,
3580 1082 3761 1149 usque
3792 1078 3858 1133 ad

2247 1184 2430 1225 canos
2458 1169 2853 1244 episcopales,
2872 1175 2925 1225 et
2948 1185 3139 1236 usque
3161 1168 3235 1223 ad
3260 1167 3571 1223 cathedras
3585 1166 3858 1222 ecclesias—

2246 1259 2409 1324 ticas,
2452 1275 2519 1315 ca
2553 1259 2664 1315 sibi
2704 1261 2763 1315 in
2805 1259 3095 1315 memoria
3124 1258 3341 1313 durare
3372 1260 3735 1327 paterentur;
3774 1260 3859 1311 aut

2246 1348 2291 1402 si
2320 1348 2434 1420 ipsi
2467 1349 2698 1418 vellent,
2730 1365 2851 1405 non
2882 1349 3002 1416 illa,
3037 1348 3216 1404 etiam
3246 1346 3321 1402 de
3351 1346 3661 1401 invitorum
3692 1344 3857 1400 cordi-

2248 1437 2385 1501 bus,
2418 1454 2574 1494 curaa
2606 1440 2865 1509 majores
2894 1439 3318 1508 gravioresque
3360 1434 3746 1498 secluderent;
3776 1436 3862 1489 aut

2248 1526 2291 1582 si
2330 1526 2530 1598 aliqua
2563 1544 2632 1583 ex
2672 1529 2754 1583 eis
2786 1528 2846 1583 in
2880 1528 3096 1583 animis
3126 1541 3333 1582 eorum
3366 1523 3549 1579 nimia
3577 1531 3860 1578 consuetu-

2248 1614 2387 1669 dine
2403 1622 2800 1681 remanerent,
2817 1633 2938 1672 non
2961 1616 3138 1672 etiam
3167 1615 3297 1686 ipsa
3321 1611 3617 1669 oblivione
3654 1610 3859 1682 sepeliri

2248 1703 2492 1760 mallent
2504 1706 2835 1773 recordata,
2851 1722 3038 1779 quam
3054 1704 3129 1760 ad
3149 1704 3350 1775 inepta
3365 1700 3713 1772 respondere
3723 1715 3861 1772 quaa-

2249 1793 2524 1857 sita,cum
2554 1795 2613 1850 in
2639 1795 2774 1866 ipsa
2786 1796 2964 1851 etiam
2990 1792 3245 1850 scholari
3270 1791 3503 1847 levitate
3516 1794 3570 1845 et
3584 1788 3859 1844 rhetoricis

2250 1881 2565 1949 cathedris,
2590 1884 2669 1938 ita
2682 1884 3057 1938 obmutuisse
3069 1888 3247 1954 atque
3261 1878 3638 1951 obtorpuisse
3652 1876 3863 1932 videan-

2249 1977 2358 2039 tur,
2385 1976 2447 2026 ut
2473 1987 2505 2026 a
2523 1972 2877 2041 Carthagine
2896 1971 3248 2044 Hipponem,
3264 1986 3387 2041 quo
3401 1966 3618 2038 exponi
3636 1965 3859 2037 possint,

2252 2060 2538 2116 mittenda
2595 2061 3047 2127 existimentur;
3099 2060 3198 2115 ubi
3252 2065 3378 2114 tam
3426 2055 3657 2112 insolita
3706 2058 3859 2125 atque

2248 2150 2490 2204 omnino
2504 2150 2818 2220 peregrina
2830 2148 3114 2214 sunt,utsi
3132 2147 3341 2203 vellem
3357 2142 3730 2216 respondendi
3744 2157 3864 2196 cura

2248 2237 2540 2309 inspicere
2575 2239 2823 2311 aliquid,
2856 2238 3058 2295 volens
3086 2237 3284 2293 videre
3312 2233 3621 2309 quomodo
3649 2232 3719 2289 ad
3750 2247 3863 2286 sen-

2249 2328 2496 2383 tentiam
2525 2344 2661 2400 quae
2678 2328 2820 2383 mihi
2850 2324 3668 2399 exponendaesset,desuper
3692 2321 3859 2376 venia-

2248 2424 2363 2484 tur,
2398 2421 2500 2472 aut
2524 2418 2596 2473 ab
2627 2434 2697 2473 ea
2736 2418 3016 2489 deinceps
3048 2432 3181 2488 qua
3245 2417 3656 2471 contexeretur
3682 2410 3863 2473 oratio,

2249 2508 2515 2562 codicem
2547 2523 2791 2578 prorsus
2834 2506 3096 2561 invenire
3127 2520 3246 2561 non
3287 2519 3552 2577 possem.
3585 2500 3664 2555 Illi
3693 2504 3865 2554 autem

2252 2597 2747 2665 Carthaginenses
2772 2596 3056 2661 rhetores,
3084 2595 3131 2649 si
3161 2594 3298 2649 huic
3343 2600 3446 2649 tuo
3473 2590 3663 2647 studio
3688 2586 3865 2642 deine-

2250 2691 2409 2752 runt,
2462 2701 2582 2740 nou
2626 2685 2806 2740 modo
2834 2702 2867 2741 a
2902 2702 2995 2740 me
3043 2700 3162 2740 non
3219 2682 3747 2756 reprehenduntur,
3778 2675 3864 2730 sed

2251 2776 2429 2831 etiam
2445 2774 2869 2847 approbantur,
2887 2774 2934 2828 si
2951 2773 3096 2829 forte
3106 2774 3123 2843 j
3135 2789 3233 2828 am
3248 2772 3665 2833 recolunt,non
3682 2769 3865 2821 Roma-

2251 2880 2466 2922 norum
2498 2863 2899 2930 fororum,sed
2932 2865 3269 2919 Graecorum
3299 2858 3749 2934 gymnasiorum
3776 2854 3870 2909 ista

2252 2953 2435 3009 solere
2465 2968 2600 3008 esse
2622 2952 2964 3008 certamina.
2989 2952 3073 3007 Tu
3088 2968 3227 3008 vero
3257 2968 3402 3007 cum
3428 2956 3485 3004 et
3506 2949 3563 3002 in
3586 2940 3870 3018 gymnasia

2251 3042 2673 3112 cogitationem
2704 3042 2976 3113 injecisti,
3004 3054 3060 3098 et
3093 3059 3165 3097 ea
3192 3056 3443 3114 quoque
3473 3039 3602 3110 ipsa
3628 3027 3874 3091 invenisti

2253 3133 2473 3190 talibus
2492 3133 2672 3188 rebus
2687 3132 2844 3187 nuda
2859 3131 3285 3203 atquefrigida,
3309 3131 3418 3186 ubi
3447 3129 3556 3185 has
3581 3139 3743 3183 curas
3764 3126 3872 3176 tuas

2251 3222 3068 3294 deponeres,christianorum
3095 3220 3197 3277 tibi
3221 3219 3479 3276 basilica
3506 3210 3871 3288 Hipponensis

2251 3311 2529 3376 occurrit,
2561 3311 2703 3383 quia
2729 3310 2786 3365 in
2826 3325 2897 3366 ea
2921 3326 3083 3366 nunc
3113 3310 3274 3365 sedet
3298 3309 3622 3381 episcopus
3652 3301 3747 3376 qui
3781 3297 3872 3353 ali-

2255 3400 2503 3473 quando
2532 3400 2645 3455 ista
2683 3398 2883 3469 pueris
2920 3398 3318 3454 vendidit.Sed
3358 3412 3469 3453 nec
3500 3399 3553 3451 te
3596 3392 3725 3449 volo
3760 3400 3873 3443 esse

2242 3489 2441 3545 adhuc
2472 3504 2723 3559 puerum
2761 3504 2774 3553 ;
2807 3493 2860 3543 et
2894 3504 2989 3544 me
3008 3489 3133 3561 jam
3159 3503 3290 3543 esse
3320 3485 3649 3558 puerilium
3678 3491 3872 3537 rerum.

2241 3577 2393 3633 sicut
2408 3592 2526 3632 non
2543 3576 2937 3642 venditorem,
2964 3578 3046 3633 ita
3060 3593 3168 3632 nec
3180 3576 3531 3646 largitorem
3562 3573 3740 3628 decet.
3760 3567 3875 3632 Qum

2240 3666 2619 3729 cumitasint,
2637 3666 2696 3720 id
2722 3672 2825 3735 est,
2849 3682 2988 3722 cum
3007 3667 3142 3722 duas
3162 3671 3341 3722 tantae
3358 3665 3560 3729 urbes,
3584 3661 3870 3718 latinarum

2239 3752 2568 3811 litterarum
2584 3754 2858 3819 artiﬁces,
2883 3758 3070 3811 Roma
3082 3762 3259 3828 atque
3273 3756 3702 3824 Carthago,nec
3723 3743 3875 3804 tiedio

2242 3844 2345 3900 tibi
2364 3843 2498 3908 sint,
2516 3850 2627 3899 uta
2648 3848 2699 3898 te
2720 3843 2831 3899 ista
2853 3844 3344 3917 perquirant,nec
3369 3843 3549 3900 taedia
3567 3849 3663 3897 tua
3675 3835 3872 3894 curent.

2243 3937 2307 3988 ut
2331 3938 2383 3987 te
2410 3933 2522 3988 ista
2547 3934 2992 4005 perquirentem
3032 3934 3352 3990 exaudiant
3384 3949 3398 3998 ;
3446 3933 3629 3987 miror
3668 3929 3872 3982 tantum

2241 4026 2533 4092 quantum
2555 4021 2669 4076 dici
2698 4037 2816 4076 non
2832 4021 3253 4092 potest,vereri
3270 4028 3346 4086 te,
3370 4029 3491 4081 tam
3511 4018 3651 4077 boni
3681 4006 3873 4083 ingenii

2238 4110 2544 4180 juvenem,
2579 4125 2652 4164 ne
2679 4109 2738 4164 in
2769 4109 2989 4166 Graecis
3013 4117 3195 4183 atque
3220 4110 3629 4168 Orientalibus
3651 4100 3873 4161 urbibus

2243 4214 2616 4271 quamquam
2636 4200 2710 4254 de
2731 4198 2825 4254 his
2845 4200 3024 4255 rebus
3056 4200 3376 4257 molestum
3406 4200 3875 4265 interrogatorem

2246 4288 2419 4344 feras.
2444 4288 2692 4344 Facilius
2715 4289 2940 4361 quippe
2954 4290 3290 4346 corniculas
3313 4290 3375 4345 in
3400 4289 3597 4345 Africa
3612 4278 3867 4345 audieris.

2248 4393 2430 4449 quam
2459 4376 2517 4431 in
2552 4376 2661 4431 illis
2693 4377 2962 4447 partibus
2985 4378 3099 4433 hoc
3131 4395 3320 4449 genus
3356 4378 3545 4435 vocis.

2324 4466 2404 4521 tO.
2423 4465 2645 4521 Deinde
2660 4466 2705 4520 si
2725 4465 2911 4531 fallor,
2928 4472 2985 4523 et
3000 4469 3278 4541 quisqam
3296 4468 3379 4523 ibi
3395 4468 3543 4523 forte
3556 4450 3875 4535 hujusmodi

2247 4556 2641 4627 quaestionum
2664 4559 2826 4610 tanto
2843 4556 3043 4629 utique
3057 4558 3338 4622 odiosior,
3355 4561 3587 4630 quanto
3604 4554 3659 4608 in
3682 4549 3783 4606 illis
3802 4546 3875 4600 lo-

2250 4644 2333 4700 cis
2346 4644 2597 4715 ineptior
2613 4651 2993 4715 percontator
3006 4646 3283 4713 extiterit;
3303 4661 3507 4701 nonne
3524 4641 3710 4712 magis
3725 4647 3876 4691 caves

2250 4749 2326 4789 ne
2356 4732 2543 4787 multo
2571 4731 2800 4787 facilius
2814 4734 3088 4808 existant,
3114 4738 3219 4808 qui
3248 4740 3300 4789 te
3342 4734 3523 4805 graeci
3550 4721 3877 4788 hominesin

2252 4820 2475 4879 Graecia
2488 4803 2963 4897 constitutumét
2980 4803 3174 4893 graeca
3189 4803 3489 4879 imbutum
3509 4820 3775 4895 primitus
3789 4812 3878 4867 lin-

2252 4910 2467 4983 gua,de
2480 4909 2627 4981 ipsis
2641 4910 3109 4983 philosophorum
3126 4912 3285 4969 libris
3302 4913 3510 4985 aliqua
3524 4904 3877 4977 interrogent.

2250 5015 2386 5073 quas
2410 4999 2607 5054 Cicero
2630 5000 2688 5053 in
2717 5000 2838 5055 suis
2865 5000 3066 5055 litteris
3084 5017 3200 5057 non
3220 5003 3463 5073 posuit?
3491 5002 3662 5066 Quod
3677 4997 3718 5050 si
3739 4988 3873 5048 acci-

2250 5089 2421 5158 derit,
2445 5087 2589 5159 quid
2617 5103 3016 5159 responsurus
3034 5107 3096 5145 es
3120 5090 3148 5145 ?
3171 5092 3368 5163 potius
3398 5097 3454 5147 te
3480 5092 3594 5146 ista
3622 5080 3879 5143 inlatino-

2248 5194 2383 5234 rum
2408 5181 2719 5232 auctorum
2748 5176 2938 5254 libris,
2962 5195 3149 5252 quam
3168 5182 3222 5235 in
3239 5197 3571 5251 graecorum
3609 5188 3776 5233 nosse
3797 5182 3880 5222 vo-

2246 5267 2431 5322 luisse
2458 5266 2484 5320 ?
2512 5267 2637 5331 Qua
2656 5268 3046 5338 responsione
3066 5270 3259 5341 primo
3274 5268 3520 5325 Graeciae
3553 5258 3877 5329 t'aciesinju-

2247 5357 2416 5420 riam,
2447 5358 2503 5409 et
2532 5355 2687 5409 nosti
2717 5370 2901 5426 quam
2946 5357 3022 5411 illi
3056 5359 3330 5413 homines
3362 5359 3483 5413 hoc
3536 5372 3654 5411 non
3688 5351 3874 5407 ferant.

2247 5443 2613 5514 Deindejam
2639 5444 2958 5500 exulcerati
2992 5452 3049 5502 et
3077 5447 3228 5511 irati,
3263 5464 3447 5520 quam
3472 5448 3588 5502 cito
3612 5454 3683 5509 te,
3732 5432 3875 5511 quod

2242 5534 2425 5591 nimis
2456 5548 2573 5586 nou
2600 5532 2708 5597 vis,
2740 5540 2794 5587 et
2822 5533 3094 5591 hebetem
3122 5536 3506 5607 judicabunt,
3538 5536 3641 5608 qui
3682 5534 3878 5603 grmco‘

2243 5638 2377 5679 rum
2396 5621 2889 5695 philosophorum
2912 5624 3314 5696 dogmata,vel
3332 5626 3534 5699 potius
3545 5626 3875 5697 dogmatqu
