4074 6164
166 191 250 247 4³7
1350 182 1859 247 EPlSTOLARUM
1900 183 2193 244 CLASSIS
2235 191 2300 244 ll.

150 302 446 377 particulas
479 301 776 375 quasdam
807 302 1137 373 discerptas
1170 306 1348 375 atque
1380 301 1683 373 dispersas
1711 300 1771 356 in

143 393 316 450 latinis
347 392 616 462 dialogis,
653 409 835 464 quam
864 392 923 447 in
958 392 1226 465 ipsorum
1266 396 1577 448 auctorum
1609 390 1772 445 libris

144 483 326 553 graecis
349 487 466 537 tota
479 486 653 553 atque
666 487 940 536 contexta
955 482 1185 537 discere
1203 481 1483 547 maluisti;
1500 486 1551 535 et
1568 480 1579 534 i
1594 482 1773 537 ndoc-

142 579 269 637 tum,
297 570 395 642 qui
427 586 561 624 cum
588 576 708 625 tam
732 569 916 625 multa
950 569 1007 624 in
1036 575 1135 625 tua
1160 570 1361 639 lingua
1392 568 1642 635 nescias,
1676 586 1771 626 ea-

139 675 252 715 rum
280 674 473 713 rerum
504 657 719 713 frustra
749 659 805 712 in
840 657 1036 713 aliena
1075 658 1351 727 colligere
1385 658 1647 713 ambisti.
1680 659 1768 713 An

139 748 263 803 forte
284 746 423 802 illud
453 746 869 818 respondebis,
894 763 1010 802 non
1035 753 1085 801 te
1113 762 1339 816 graecos
1372 746 1445 801 de
1470 746 1560 801 his
1586 746 1766 802 rebus

136 836 871 908 libroscontempsisse,sed
888 837 1048 909 prius
1064 836 1274 892 latinos
1293 838 1767 906 curasse'cogno-

136 941 297 991 scere,
328 941 489 980 nunc
514 931 715 982 autem
749 926 894 981 velle
927 932 978 980 te
1013 925 1070 981 in
1103 926 1304 981 latinis
1350 927 1613 990 doctum,
1639 927 1766 995 jam

137 1030 303 1085 graeca
328 1030 592 1086 quaerere
614 1015 642 1071 Τ
673 1014 729 1069 Si
757 1014 871 1070 hoc
902 1030 1019 1070 non
1059 1015 1242 1086 pudet
1281 1014 1587 1070 hominem
1622 1029 1767 1083 grte-

137 1122 253 1160 cum
280 1103 463 1160 latina
507 1120 756 1174 puerum
789 1104 1095 1168 didicisse,
1148 1120 1309 1159 nunc
1342 1103 1488 1158 velle
1543 1103 1766 1158 discere

134 1209 302 1264 graeca
319 1192 658 1259 barbarum,
686 1192 1006 1263 pudebitne
1034 1193 1274 1249 tandem
1318 1194 1374 1248 in
1401 1192 1545 1263 ipsis
1570 1192 1767 1247 latinis

134 1283 380 1352 ignorare
401 1281 627 1352 aliqua,
650 1298 782 1354 quae
804 1298 990 1354 quam
1016 1282 1181 1337 multi
1202 1282 1364 1337 latini
1387 1281 1544 1336 docti
1571 1287 1765 1336 tecum

133 1372 392 1435 nesciant,
424 1371 513 1425 vel
537 1370 651 1425 hoc
673 1372 802 1442 ipso
831 1372 1036 1433 sentis,
1065 1371 1230 1442 quod
1261 1377 1314 1426 te
1351 1371 1526 1426 nobis
1551 1385 1766 1437 magna

135 1459 452 1514 necessitate
470 1459 626 1514 dicis
649 1475 991 1525 onerosum,
1018 1459 1077 1513 in
1096 1464 1258 1515 tanta
1283 1459 1596 1514 doctorum
1622 1457 1770 1513 mul-

137 1547 359 1603 titudine
388 1548 555 1619 apud
582 1548 999 1618 Carthaginem
1042 1548 1398 1605 constitutus
1430 1546 1458 1601 ?

199 1656 269 1709 tl.
287 1655 595 1710 Postremo
619 1655 710 1710 fac
737 1660 791 1709 te
812 1655 887 1709 de
908 1654 1191 1710 omnibus
1207 1671 1342 1727 qua:
1359 1674 1395 1711 a
1417 1654 1590 1709 nobis
1611 1669 1771 1725 qum-

136 1744 219 1807 ris,
251 1744 686 1811 interrogatum
720 1743 1081 1814 respondere
1128 1742 1419 1815 potuisse.
1464 1745 1606 1797 Ecce
1642 1743 1769 1812 jam

134 1833 489 1887 doctissimus
524 1839 704 1904 atque
742 1832 1125 1889 acutissimus
1152 1832 1386 1898 diceris,
1414 1831 1686 1901 eccejam
1716 1836 1771 1885 te

132 1922 378 1975 laudibus
407 1921 463 1976 in
495 1924 712 1977 caelum
745 1924 1040 1991 grmculus
1072 1922 1247 1977 ﬂatus
1279 1921 1485 1977 attollit
1520 1939 1532 1989 ;
1559 1927 1615 1976 tu
1641 1927 1769 1974 tan-

132 2018 236 2065 tum
262 2018 564 2066 memento
591 2010 900 2079 gravitatis
942 2014 1059 2066 tum
1088 2015 1144 2065 et
1195 2010 1357 2065 illam
1396 2008 1606 2066 mereri
1648 2009 1776 2064 lau-

131 2098 374 2170 demquo
406 2100 530 2155 tine
559 2100 903 2167 volueris,ut
933 2098 1771 2155 sciliceteosleviterleviaista

134 2188 366 2253 miratos,
390 2195 447 2244 et
484 2186 1043 2244 benevolentissime
1065 2196 1247 2260 atque
1280 2187 1767 2258 avidissimejam

131 2277 175 2330 in
215 2285 307 2332 tua.
344 2293 450 2333 ora
493 2293 837 2347 suspensos,
884 2278 1311 2345 gravissimum
1340 2276 1564 2348 aliquid
1599 2283 1653 2331 et
1680 2293 1768 2331 sa-

130 2365 497 2421 luberrimum
518 2367 737 2422 doceas
765 2383 777 2421 :
820 2367 1087 2437 idipsum
1104 2367 1401 2439 quidquid
1430 2372 1515 2420 est
1541 2366 1769 2433 gravis-

130 2454 323 2510 simum
353 2460 407 2511 et
466 2454 956 2519 saluberrimum,
1012 2463 1207 2510 utrum
1245 2461 1467 2519 teneas,
1500 2461 1556 2509 et
1610 2460 1765 2510 recte

130 2542 331 2598 tradere
363 2543 627 2609 noveris,
656 2544 866 2599 vellem
896 2559 1278 2613 cognoscere.
1315 2544 1648 2600 Ridiculum
1678 2549 1766 2600 est

130 2631 266 2687 enim
290 2649 423 2688 cum
467 2640 789 2705 propterea
815 2633 1125 2703 supertlua
1157 2633 1347 2688 multa
1370 2632 1666 2696 didiceris,
1704 2638 1765 2687 ut

130 2722 217 2775 tibi
262 2738 433 2777 aures
460 2723 779 2778 hominum
812 2722 888 2776 ad
933 2722 1280 2777 necessaria
1329 2727 1763 2792 praeparentur,

132 2809 241 2877 ipsa
270 2810 612 2867 necessaria
636 2826 757 2865 non
779 2817 995 2874 tenere,
1027 2811 1256 2881 quibus
1274 2810 1640 2881 excipiendis
1661 2825 1763 2864 eas

130 2914 213 2965 per
239 2901 573 2971 surperﬂua
592 2900 1060 2970 praeparaveris;
1086 2905 1139 2954 et
1182 2900 1327 2954 dum
1357 2900 1667 2970 occuparis
1702 2904 1765 2953 ut

129 2988 295 3043 discas
312 2990 470 3044 unde
493 2987 1122 3053 faciasintentos,nolle
1136 2988 1363 3043 discere
1377 2989 1538 3059 quod
1562 2988 1759 3042 infun-

128 3075 279 3132 datur
307 3078 574 3134 intentis.
606 3078 719 3133 Sed
752 3076 800 3131 si
834 3078 946 3132 hoc
976 3083 1026 3131 te
1055 3078 1199 3132 scire
1226 3077 1350 3148 jam
1379 3078 1547 3141 dicis,
1580 3077 1761 3148 idque

129 3164 293 3233 ipsum
307 3167 696 3221 christianam
712 3165 1048 3220 doctrinam
1064 3181 1191 3220 esse
1213 3166 1759 3237 respondes,quam

131 3260 172 3309 te
198 3257 472 3312 omnibus
507 3270 853 3328 praeponere
884 3255 1186 3321 novimus,
1225 3255 1357 3309 etin
1381 3271 1451 3310 ea
1471 3255 1596 3309 sola
1631 3269 1760 3309 esse

132 3360 468 3413 praesumere
496 3360 658 3416 spem
678 3344 885 3399 salutis
900 3350 1283 3409 aeterna-mon
1308 3359 1462 3413 opus
1489 3344 1642 3399 estei
1666 3360 1758 3400 co-

132 3435 361 3497 gnitione
388 3435 772 3504 dialogorum
796 3433 1174 3499 Ciceronis,et
1197 3434 1541 3489 collectione
1555 3449 1754 3489 emen-

131 3521 431 3578 dicatarum
476 3522 953 3578 discordantium
995 3522 1418 3578 sententiarum
1432 3521 1762 3578 alienarum

132 3612 398 3678 procurari
411 3612 1004 3668 auditores.Moribus
1020 3612 1130 3667 tuis
1144 3611 1350 3666 intenti
1365 3611 1638 3684 ﬁant,qui
1653 3612 1763 3667 abs

132 3701 391 3773 tealiquid
431 3700 551 3757 tale
600 3701 902 3772 accepturi
952 3706 1108 3755 sunt.
1151 3700 1297 3755 Nolo
1328 3701 1489 3770 prius
1534 3701 1762 3773 aliquid

131 3788 320 3847 doceas
339 3789 513 3864 quod
543 3789 977 3846 dediscendum
1012 3794 1119 3854 est,
1151 3794 1363 3845 utvera
1380 3790 1615 3845 doceas.

189 3907 264 3961 l2.
293 3910 437 3962 Nam
463 3907 509 3961 si
540 3905 867 3961 alienarum
894 3905 1317 3959 sententiarum
1342 3904 1758 3960 dissidentium

132 3999 175 4047 et
200 3996 661 4067 repugnantium
686 3994 946 4063 cognitio
963 3992 1188 4065 aliquid
1218 3993 1469 4065 adjuvat
1492 3994 1757 4049 insinua-

133 4086 287 4138 torem
337 4084 678 4140 christiana:
731 4083 1011 4145 veritatis,
1068 4089 1129 4136 ut
1169 4082 1395 4137 noverit
1446 4082 1757 4153 quomodo

130 4171 487 4229 adversantes
540 4172 808 4227 destruat
837 4171 1145 4235 falsitates,
1177 4170 1253 4225 ad
1287 4171 1399 4226 hoc
1444 4171 1753 4237 duntaxat,

132 4261 323 4331 nequis
351 4266 564 4317 contra
592 4261 911 4324 disserens,
942 4261 1183 4314 nonnisi
1206 4260 1264 4313 in
1288 4259 1624 4314 refellendis
1646 4261 1757 4314 tuis

131 4348 251 4415 figat
284 4352 549 4415 oculum,
605 4366 714 4404 sua
752 4364 893 4403 vero
926 4348 1133 4403 sedulo
1163 4348 1436 4404 occultet.
1486 4351 1630 4403 Nam
1663 4364 1758 4404 co-

133 4438 295 4496 Rnitio
332 4439 590 4495 veritatis
624 4438 828 4493 omnia
866 4436 1099 4502 falsa,si
1135 4436 1318 4491 modo
1356 4436 1753 4507 proferantur,

132 4525 287 4582 etiam
318 4544 453 4600 quae
487 4528 651 4597 prius
695 4526 965 4581 inaudita
994 4528 1182 4589 erant,
1233 4532 1285 4579 et
1332 4524 1662 4593 dijudicare
1701 4532 1757 4581 et

133 4614 447 4673 subvertere
485 4617 705 4672 idonea
746 4620 854 4671 est.
888 4615 1001 4670 Sed
1048 4620 1108 4669 ut
1156 4630 1274 4669 non
1316 4613 1511 4668 solum
1550 4620 1756 4684 aperta

134 4701 412 4772 feriantur,
435 4707 539 4762 sed
569 4706 745 4761 etiam
760 4704 1115 4760 abscondita
1129 4706 1434 4766 eruantur,
1465 4703 1754 4758 sialienos

132 4802 352 4862 Opusest
374 4810 737 4867 cognoscere
753 4808 1001 4852 errores.
1027 4792 1185 4861 erige
1207 4792 1414 4847 oculos
1434 4807 1753 4863 auresque,

133 4894 216 4934 oro
239 4887 306 4952 te,
338 4889 393 4939 et
416 4884 549 4939 vide
579 4889 758 4956 atque
789 4880 1059 4937 ausculta
1085 4887 1282 4935 utrum
1310 4879 1527 4952 aliquis
1553 4879 1756 4935 adver-

134 4983 217 5021 sus
254 4988 355 5027 nos
392 4974 468 5027 de
513 4973 879 5027 Anaximene
911 4975 966 5024 et
995 4970 1069 5025 de
1112 4972 1462 5039 Anaxagora
1494 4966 1754 5038 proferat

133 5056 330 5130 aliquid
360 5078 374 5127 ;
403 5061 651 5134 quando
686 5061 814 5131 jam
858 5075 931 5114 ne
969 5060 1238 5129 ipsorum
1292 5057 1537 5128 quidem
1569 5058 1753 5113 multo

133 5152 521 5218 recentiorum,
539 5150 913 5220 multumque
938 5148 1034 5217 loq
1047 5147 1282 5201 uacium
1300 5147 1631 5202 Stoicorum
1651 5154 1755 5203 aut

134 5237 527 5307 Epicureorum
560 5241 786 5294 cineres
841 5237 1096 5300 caleant,
1131 5236 1288 5290 unde
1317 5235 1518 5307 aliqua
1545 5244 1753 5293 contra

132 5323 291 5381 ﬁdem
308 5328 692 5383 christianam
717 5326 1257 5382 scintillaexcitetur
1282 5339 1293 5376 :
1316 5326 1420 5379 sed
1443 5324 1643 5380 circuli
1667 5331 1756 5383 at-

133 5428 231 5483 que
289 5416 692 5473 conventicula
733 5416 946 5486 partim
1008 5414 1262 5483 fugacia,
1321 5414 1537 5483 partim
1571 5416 1751 5472 etiam

133 5502 392 5561 audacter
424 5514 718 5578 prompta,
745 5504 833 5560 vel
853 5503 1313 5567 Donatistarum,
1339 5502 1430 5557 vel
1457 5504 1755 5561 Maximia-

138 5594 411 5659 nensium,
436 5595 525 5650 vel
556 5594 1028 5654 Manichaeorum,
1057 5590 1143 5645 vel
1174 5593 1351 5646 etiam
1381 5591 1457 5647 ad
1494 5608 1752 5663 quorum

136 5694 324 5754 greges
369 5686 723 5757 turbamque
750 5688 1032 5739 venturus
1063 5695 1125 5736 es
1155 5680 1531 5747 Arianorum,
1565 5683 1755 5739 Euno-

3426 188 3532 243 438

1885 302 2244 373 mianorum,
2264 304 2847 369 Macedonianornm,
2869 303 3403 376 Cataphrygarum,
3422 319 3530 358 c-aa

1880 396 2262 465 terarumque
2290 394 2541 467 pestium
2575 390 3091 447 innumerabiliter
3122 397 3529 464 perstrepant;

1880 497 2136 552 quorum
2156 484 2427 538 omnium
2452 498 2678 537 errores
2710 481 2756 535 si
2786 496 3146 549 cognoscere
3175 481 3355 552 piget,
3384 481 3531 552 quid

1880 571 2053 624 nobis
2083 577 2189 638 est,
2223 580 2466 645 propter
2492 571 2903 625 defensionem
2936 570 3271 625 christiana;
3301 570 3532 638 religio-

1879 657 1995 724 nis,
2030 676 2295 732 quasrere
2343 660 2489 733 quid
2532 660 2778 714 senserit
2827 659 3239 724 Anaximenes,
3274 665 3327 713 et
3386 658 3531 715 olim

1880 748 2104 819 sopitas
2134 749 2261 804 lites
2294 749 2457 805 inani
2488 748 2827 804 curiositate
2849 762 3189 817 recoquere,
3219 762 3355 801 cum
3384 762 3529 818 quo-

1878 838 2347 893 rumdametiam
2366 836 3173 907 haereticorum,quinomine
3205 834 3528 892 christiano

1878 925 2115 995 gloriari
2145 927 2476 992 voluerunt,
2509 932 2571 981 ut
2593 925 3070 980 Marcionitarum
3096 923 3527 979 etSebelliano-

1878 1032 2028 1077 rum,
2088 1016 2534 1087 multorumque
2590 1020 2892 1085 praeterea,
2937 1012 3068 1084 jam
3121 1012 3530 1067 dissensiones

1877 1104 2353 1177 quaestionesque
2408 1101 2991 1159 sileantur?Tamen
3046 1100 3092 1155 si
3125 1117 3280 1172 opus
3334 1105 3441 1167 est,
3471 1108 3533 1155 ut

1878 1191 2021 1258 dixi,
2055 1194 2283 1249 veritati
2315 1194 2702 1248 adversantes
2749 1206 3122 1262 praenoscere
3166 1189 3419 1261 aliquas,
3478 1193 3534 1245 et

1879 1288 2267 1354 pertractatas
2309 1282 2531 1338 habere.
2578 1281 2944 1344 sententias;
2978 1279 3052 1333 de
3094 1279 3381 1334 haereticis
3425 1294 3528 1350 po-

1879 1370 2012 1435 tius,
2046 1370 2147 1441 qui
2194 1387 2256 1424 se
2306 1370 2659 1425 christianos
2702 1372 2935 1437 vocant,
2968 1383 3154 1439 quam
3188 1369 3259 1421 de
3302 1372 3532 1423 Anaxa-

1879 1474 2024 1529 gora
2050 1464 2104 1513 et
2137 1459 2468 1513 Democrito
2491 1457 2668 1513 nobis
2697 1456 3078 1525 cogitandum
3118 1455 3242 1510 fuit.

1955 1548 2175 1603 CAPUT
2208 1549 2293 1602 lll.
2326 1579 2383 1587 -
2414 1553 2493 1603 l3.
2526 1547 2620 1601 llle
2648 1552 2844 1601 autem
2869 1544 3146 1616 quisquis
3171 1545 3278 1599 abs
3304 1550 3535 1616 tequea-

1882 1636 2081 1692 siverit
2112 1653 2245 1709 quae
2279 1642 2338 1691 tu
2370 1653 2399 1689 τι
2434 1635 2608 1691 nobis
2633 1635 2872 1706 Q‘ttBl‘lS,
2902 1633 3107 1688 audiat
3138 1634 3299 1704 quod
3315 1633 3535 1688 eadoc-

1886 1727 1996 1780 tius
2050 1730 2104 1779 et
2135 1725 2487 1798 prudentius
2547 1724 2795 1779 nescias.
2827 1722 2881 1778 Si
2916 1722 3073 1776 enim
3106 1721 3533 1777 Themistocles

1882 1829 2001 1869 non
2035 1815 2263 1870 curavit
2294 1814 2458 1886 quod
2494 1818 2581 1868 est
2626 1812 2864 1867 habitus
2923 1810 3235 1874 indoctior,
3270 1827 3407 1865 cum
3441 1827 3537 1865 ca-

1883 1918 2021 1957 nere
2054 1904 2249 1957 nervis
2283 1903 2343 1957 in
2378 1902 2567 1974 epulis
2599 1905 2954 1967 recusasset,
2984 1900 3081 1953 ubi
3132 1916 3269 1953 cum
3313 1915 3373 1953 se
3406 1916 3536 1954 nes-

1882 1992 1999 2046 cire
2032 1992 2131 2047 illa
2153 1991 2611 2062 dixisset,atque
2644 1990 2693 2044 ei
2722 1990 2944 2044 dictum
2967 1992 3143 2052 esset,
3183 1987 3328 2052 Quid
3358 1988 3535 2057 igitur

1883 2081 2035 2134 nosti
2059 2081 2087 2135 ?
2110 2079 2441 2150 respondit,
2472 2077 2919 2149 Rempublicam
2936 2092 3007 2131 ex
3038 2091 3221 2146 parva
3245 2090 3532 2143 magnam

1880 2167 2071 2222 facere
2115 2188 2126 2226 :
2153 2168 2558 2223 dubitandum
2590 2171 2681 2221 est
2711 2166 2810 2221 tibi
2839 2165 3033 2220 dicere
3058 2168 3108 2218 te
3137 2164 3245 2218 ista
3279 2164 3531 2227 nescire,

1881 2272 2017 2311 cum
2041 2257 2088 2311 ei
2122 2256 2225 2328 qui
2252 2255 2628 2327 rogaritquid
2646 2254 2901 2320 noveris,
2934 2251 3530 2323 responderepossis,

1880 2361 2055 2401 nosse
2082 2351 2134 2400 te
2165 2345 2475 2417 quomodo
2502 2345 2681 2400 etiam
2711 2344 2834 2398 sine
2863 2343 2987 2397 istis
3014 2342 3199 2397 homo
3230 2356 3357 2395 esse
3402 2357 3532 2411 pos-

1880 2435 1951 2489 sit
1980 2435 2191 2490 beatus
2216 2434 2243 2488 ?
2263 2434 2431 2500 Quod
2458 2435 2503 2488 si
2538 2433 2737 2489 adhuc
2752 2447 2871 2487 non
2896 2437 3077 2495 tenes,
3110 2435 3230 2485 tam
3255 2444 3531 2500 perverse

1878 2523 1994 2579 ista
2024 2523 2351 2595 conquiris,
2383 2539 2567 2596 quam
2618 2535 2895 2593 perverse
2927 2520 2973 2574 si
3022 2519 3225 2590 aliquo
3266 2518 3532 2588 corporis

1877 2612 2216 2684 periculoso
2266 2612 2479 2668 morbo
2514 2609 2870 2681 gravareris,
2908 2608 3151 2663 delicias
3183 2611 3239 2662 et
3294 2607 3533 2663 tenerri-

1879 2718 2009 2757 mas
2032 2707 2224 2756 vestes
2253 2703 2449 2775 potius
2470 2716 2655 2773 quam
2685 2699 3126 2755 medicamenta
3147 2697 3533 2768 medicosque

1877 2792 2279 2862 conquireres.
2323 2794 2447 2846 Non
2481 2791 2638 2845 enim
2692 2788 2810 2844 ullo
2846 2787 3025 2842 modo
3070 2786 3401 2841 differenda
3447 2790 3535 2841 est

1875 2880 1984 2934 ista
2013 2880 2292 2946 cognitio,
2328 2885 2428 2934 aut
2457 2879 2576 2933 ulla
2607 2879 2744 2933 huic
2773 2894 2808 2931 a
2841 2882 2915 2939 te,
2960 2876 3287 2947 praesertim
3312 2874 3438 2945 jam
3471 2875 3533 2929 in

1876 2969 1986 3023 hac
2007 2972 2195 3033 astate,
2229 2968 2319 3022 vel
2346 2968 2610 3022 discendi
2630 2965 2841 3020 ordine
2870 2964 3236 3034 praeferenda
3268 2963 3532 3018 est.Vide

1874 3062 2070 3111 autem
2102 3073 2286 3127 quam
2318 3056 2489 3111 facile
2522 3070 2729 3126 posses
2755 3054 2869 3108 hoc
2903 3053 3076 3117 scire,
3104 3051 3150 3106 si
3185 3050 3381 3106 velles.
3423 3051 3533 3116 Qui

1873 3144 2034 3199 enim
2049 3144 2609 3217 quaeritquomodo'
2629 3143 2700 3197 ad
2718 3142 2959 3197 beatam
2995 3141 3171 3194 vitam
3200 3139 3529 3210 perveniat,

1875 3233 2020 3288 nihil
2043 3234 2206 3289 aliud
2238 3232 2500 3305 profecto
2532 3232 2766 3304 quaerit,
2800 3230 2913 3285 nisi
2962 3228 3061 3283 ubi
3092 3230 3163 3282 sit
3195 3227 3329 3281 ﬁnis
3364 3227 3530 3295 boui,

1873 3323 1987 3378 hoc
2001 3324 2199 3378 estubi
2214 3324 2604 3379 constitutum
2621 3322 2837 3383 sit,non
2852 3334 3041 3391 prava
3055 3316 3336 3388 opinione
3350 3322 3533 3387 atque

1875 3413 2210 3478 temeraria,
2228 3412 2330 3468 sed
2344 3416 2500 3467 certa
2528 3410 3080 3483 atqueinconcussa
3107 3405 3532 3472 veritate,sum-

1871 3517 2037 3556 mum
2056 3503 2317 3556 hominis
2347 3499 2840 3571 bonumzquoda
2879 3496 3148 3570 quolibet
3169 3494 3270 3550 ubi
3311 3494 3532 3550 consti-

1873 3594 2069 3645 tuatur
2096 3607 2217 3646 non
2258 3592 2575 3655 invenitur,
2619 3589 2728 3643 nisi
2761 3593 2861 3643 aut
2902 3588 2960 3641 in
2995 3599 3265 3656 corpore,
3320 3587 3423 3639 aut
3464 3582 3527 3638 in

1869 3679 2094 3744 animo,
2122 3684 2225 3734 aut
2243 3680 2300 3734 in
2330 3680 2470 3743 Deo,
2496 3683 2597 3734 aut
2623 3678 2682 3733 in
2707 3675 2945 3731 duobus
2967 3672 3270 3745 aliquibus
3286 3671 3527 3737 horum,

1870 3774 1973 3823 aut
2010 3773 2165 3824 certe
2214 3769 2274 3822 in
2326 3767 2623 3823 omnibus.
2668 3764 2836 3830 Quod
2891 3762 2939 3817 si
2998 3760 3297 3823 didiceris,
3334 3775 3530 3831 neque

1870 3872 2173 3911 summum
2196 3856 2445 3924 bonum,
2476 3870 2584 3909 nec
2597 3854 2863 3926 aliquam
2880 3854 3113 3922 partem
3136 3848 3358 3902 summi
3384 3847 3531 3902 boni

1866 3946 2114 4001 omnino
2141 3961 2271 4000 esse
2302 3946 2360 3999 in
2380 3959 2649 4014 corpore,
2686 3943 2809 3997 duo
2840 3939 3174 4003 restabunt,
3207 3938 3445 3993 animus
3472 3939 3530 3990 et

1867 4034 2303 4105 Deus,quorum
2322 4032 2407 4088 vel
2425 4033 2482 4087 in
2514 4047 2636 4086 uno
2655 4030 2745 4086 vel
2768 4029 2827 4084 in
2842 4027 3142 4083 ambobus
3155 4025 3309 4080 sit.Si
3326 4028 3528 4080 autem

1868 4123 2157 4194 adjeceris
2172 4129 2226 4178 et
2238 4124 2272 4177 d
2284 4122 2518 4178 idiceris
2534 4123 2646 4178 hoc
2660 4122 2819 4176 idem
2832 4119 2905 4175 de
2921 4117 3126 4174 animo
3140 4115 3302 4187 quod
3316 4116 3390 4170 de
3404 4130 3531 4169 cor-

1867 4213 2183 4283 pore,quid
2208 4212 2371 4267 aliud
2396 4213 2523 4282 jam
2540 4211 2650 4266 nisi
2668 4211 2822 4265 Deus
2851 4208 3342 4276 occurret,inquo
3362 4218 3524 4257 sum-

1868 4318 2031 4356 mum
2050 4300 2314 4356 hominis
2332 4300 2561 4356 bonum
2585 4299 2975 4355 constitutum
2998 4297 3069 4350 sit
3098 4312 3110 4359 ;
3130 4308 3249 4348 non
3272 4307 3392 4363 quo
3407 4292 3526 4347 alia

1866 4390 2026 4445 bona
2040 4406 2158 4446 non
2180 4390 2310 4453 sint,
2323 4391 2423 4444 sed
2442 4405 2745 4444 summum
2762 4387 2819 4441 id
2834 4387 3112 4455 dicitur,q
3123 4398 3196 4437 uo
3210 4385 3426 4436 cuncta
3440 4395 3525 4434 re-

1865 4480 2242 4534 feruntur.Eo
2269 4480 2426 4533 enim
2450 4477 2705 4532 fruendo
2718 4476 2972 4546 quisque
2993 4474 3201 4527 beatus
3230 4474 3525 4539 est,prop-

1865 4574 1953 4623 ter
1981 4568 2146 4638 quod
2177 4572 2387 4622 caetera
2418 4567 2541 4621 vult
2580 4566 2822 4629 habere,
2857 4578 2991 4617 cum
3047 4559 3191 4615 illud
3219 4558 3346 4628 jam
3402 4571 3524 4611 non

1865 4662 2108 4728 pr0pter
2139 4656 2433 4720 aliud,sed
2449 4659 2689 4726 propter
2708 4653 2973 4722 seipsum
2999 4648 3372 4717 diligatur.Et
3390 4645 3525 4701 ideo

1863 4745 2020 4810 ﬁnis,
2053 4745 2132 4799 ibi
2173 4744 2406 4809 dicitur,
2448 4744 2589 4814 quia
2641 4743 2766 4813 jam
2801 4755 2922 4811 quo
2962 4741 3255 4805 excurrat,
3314 4739 3370 4789 et
3399 4749 3522 4805 quo

1865 4834 2171 4897 referatur,
2208 4849 2327 4888 non
2356 4833 2669 4887 invenitur.
2690 4831 2773 4885 lbi
2806 4828 3042 4900 requies
3066 4823 3407 4897 appetendi,
3442 4823 3526 4878 ibi

1865 4921 2098 4977 fruendi
2136 4922 2443 4984 securitas,
2502 4920 2579 4976 ibi
2634 4916 3199 4991 tranquillissimum
3233 4912 3522 4985 gaudium

1866 5010 2107 5082 optimae
2134 5011 2476 5066 voluntatis.

1944 5099 2421 5171 li.Daigiturqui
2448 5100 2561 5154 cito
2582 5098 2934 5161 videat,non
2953 5109 3169 5165 corpus
3184 5104 3310 5144 esse
3335 5086 3520 5142 animi

1864 5189 2090 5245 bonum
2103 5189 2227 5253 ,sed
2248 5189 2515 5243 animum
2532 5189 2729 5259 potius
2742 5201 2871 5241 esse
2884 5181 3147 5253 corporis
3163 5180 3385 5233 bonum
3406 5192 3418 5241 ;
3436 5190 3522 5228 re-

1864 5278 2241 5349 cedeturjam
2256 5278 2333 5333 ab
2347 5276 2705 5348 inquirendo
2720 5280 2916 5330 utrum
2934 5283 3238 5326 summum
3256 5264 3399 5321 illud
3417 5264 3521 5319 bo-

1866 5382 2032 5429 num,
2056 5366 2144 5420 vel
2176 5364 2374 5437 aliqua
2394 5366 2523 5437 ejus
2546 5380 2682 5437 pars
2710 5362 3132 5429 sitincorpore.
3163 5354 3332 5420 Quod
3355 5352 3518 5409 enim

1865 5454 2209 5510 stultissime
2225 5454 2711 5525 negatur,melior
2730 5454 2821 5504 est
2841 5449 3078 5504 animus
3093 5446 3517 5516 corpore.ltem

1930 5630 2106 5695 {,Mss.
2129 5630 2371 5695 plerique
2408 5646 2417 5678 :
2458 5628 2563 5693 Qui
2597 5628 2732 5678 enim
2758 5624 2942 5691 quaerit
2974 5638 3074 5688 qua
3100 5622 3182 5678 ad,
3234 5622 3334 5670 etc.
3368 5618 3519 5669 Unus

1870 5707 1897 5742 e
1932 5694 2122 5752 Vatic.,
2153 5708 2251 5759 qua
2284 5694 2384 5743 via.
