4074 6164
206 163 300 216 4M

196 284 432 343 facilius
452 283 713 358 palmam
729 281 1084 348 daturos,ita
1103 284 1172 335 ut
1186 293 1331 336 vera
1345 278 1724 351 salubrisque
1739 295 1868 335 sen-

193 377 405 439 tentia,
445 375 610 447 quod
649 372 1233 446 perniciosissimum
1253 369 1559 440 estgeneri
1595 368 1864 425 humano

202 465 620 536 imperitorum
653 462 1012 535 populorum
1062 459 1332 515 irrisione
1364 457 1730 514 sordesceret
1762 476 1774 512 :
1809 464 1864 512 et

192 553 306 609 hoc
350 555 411 608 in
444 552 784 608 moralibus.

264 646 352 697 £8.
383 644 441 697 ln
479 640 855 697 naturalibus
881 645 1082 696 autem
1103 637 1557 712 quaestionibus,
1583 636 1628 691 si
1659 637 1754 691 isti
1775 636 1864 691 di-

187 730 762 786 cerentefl‘ectricem
782 729 1054 785 omnium
1075 734 1425 784 naturarum
1441 742 1569 782 esse
1588 726 1861 797 incorpo-

191 835 360 876 ream
382 820 774 892 Sapientiam,
796 818 874 874 illi
895 825 1092 874 autem
1111 835 1147 874 a
1162 832 1409 888 corpore
1427 832 1726 888 nusquam
1748 815 1864 870 dis-

195 909 501 974 cederent,
531 926 667 964 cum
700 908 798 964 alii
839 907 1076 973 atomis,
1113 907 1210 962 alii
1241 911 1502 978 quatuor
1533 905 1858 970 elementis,

191 997 248 1051 in
267 997 501 1069 quibus
514 998 588 1052 ad
609 996 923 1052 efﬁcienda
941 995 1312 1068 omniaignis
1333 994 1862 1066 praevaleret,prin-

197 1086 355 1158 cipia
402 1101 604 1141 rerum
637 1086 849 1142 darent
888 1102 902 1152 ;
946 1085 1084 1158 quis
1115 1101 1230 1141 non
1273 1084 1499 1139 videret
1547 1083 1858 1138 stultorum

189 1174 638 1232 abundantiam
673 1175 908 1248 corpori
938 1175 1228 1243 deditam,
1258 1190 1395 1228 cum
1427 1174 1482 1228 in
1507 1188 1859 1244 corpoream

185 1264 526 1336 potentiam
570 1265 955 1320 conditricem
987 1280 1185 1319 rerum
1212 1278 1600 1335 nequaquam
1641 1262 1862 1317 valeret

192 1354 441 1421 intueri,
493 1355 550 1409 in
593 1369 847 1426 quorum
879 1355 1077 1425 potius
1109 1352 1462 1423 suffragium
1493 1357 1796 1424 raperetur
1833 1351 1861 1406 ?

254 1444 343 1500 19.
369 1443 663 1499 Restabat
683 1459 821 1515 pars
839 1443 1219 1498 rationalium
1248 1441 1858 1513 qumstionumﬁostii

194 1533 352 1588 enim
393 1532 698 1604 quidquid
726 1537 968 1604 propter
995 1530 1445 1603 adipiscendam
1478 1530 1860 1602 sapientiam-

187 1621 510 1694 queritur,
554 1627 652 1676 aut
682 1621 756 1676 de
798 1620 1087 1686 moribus,
1135 1625 1237 1675 aut
1279 1620 1352 1674 de
1384 1625 1620 1687 natura,
1652 1625 1747 1675 aut
1784 1620 1858 1674 de

189 1710 429 1765 ratione
481 1710 883 1782 questionem
935 1710 1184 1766 habere.
1235 1710 1378 1763 Cum
1434 1724 1576 1778 ergo
1616 1708 1862 1782 Epicure

183 1815 510 1873 nunquam
551 1815 761 1854 sensus
797 1800 1076 1872 corporis
1115 1798 1235 1855 falli
1270 1798 1549 1865 dicerent,
1580 1800 1752 1856 Stoici
1783 1815 1860 1854 au

184 1895 299 1944 tem
359 1889 488 1944 falli
546 1888 876 1961 aliquando
923 1889 1339 1954 concederent,
1373 1889 1605 1961 utrique
1655 1895 1855 1944 tamen

181 1977 462 2050 regulam
491 1978 1074 2051 comprehendendae
1097 1978 1354 2033 veritatis
1376 1979 1434 2033 in
1459 1978 1730 2032 sensibus
1754 1994 1858 2050 po-

182 2071 398 2123 nerent
433 2084 447 2133 ;
485 2068 621 2139 quis
672 2067 799 2123 istis
833 2067 1378 2123 contradicentibus
1409 2067 1639 2121 audiret
1670 2066 1856 2123 Plato-

183 2157 354 2212 nicos
384 2157 417 2212 ‘2
452 2158 596 2222 Quis
619 2172 736 2212 non
762 2157 944 2212 modo
975 2158 1034 2211 in
1067 2157 1444 2227 sapientium,
1469 2156 1569 2210 sed
1604 2157 1852 2212 omnino

179 2245 237 2301 in
280 2245 615 2302 hominum
666 2262 918 2301 numero
948 2246 1262 2302 habendos
1294 2250 1544 2317 putaret,
1577 2246 1622 2300 si
1657 2246 1734 2301 ab
1765 2247 1850 2302 eis

181 2339 472 2407 prompte
517 2335 831 2404 diceretur,
873 2352 990 2390 non
1026 2334 1220 2390 solum
1254 2351 1385 2390 esse
1434 2334 1655 2407 aliquid
1685 2336 1850 2408 quod

182 2439 384 2496 neque
439 2429 603 2479 tactu
646 2425 933 2495 corporis,
967 2440 1161 2495 neque
1205 2424 1423 2480 olfactu
1463 2424 1555 2479 vel
1586 2429 1846 2494 gustatu,

180 2529 378 2585 neque
417 2513 513 2568 his
541 2512 792 2568 auribus
823 2517 922 2568 aut
952 2513 1141 2569 oculis
1164 2514 1386 2586 percipi
1418 2513 1623 2585 possit,
1655 2529 1846 2585 neque

180 2603 439 2657 omnino
473 2602 678 2656 talium
712 2618 934 2666 rerum,
963 2619 1098 2674 quae
1128 2603 1210 2658 ita
1242 2602 1617 2667 sentirentur,
1651 2602 1852 2674 aliqua

172 2690 621 2762 imaginatione
650 2691 894 2761 cogitari
921 2708 934 2758 ;
965 2691 1070 2747 sed
1102 2691 1158 2746 id
1195 2691 1391 2746 solum
1425 2707 1556 2747 vere
1587 2708 1737 2762 esse,
1773 2696 1854 2747 at-

181 2797 293 2852 que
328 2780 392 2834 id
413 2781 610 2834 solum
637 2795 815 2852 posse
839 2781 1087 2852 percipi,
1115 2781 1256 2852 quia
1281 2781 1770 2837 incommutabile
1796 2789 1854 2838 et

183 2869 621 2941 sempiternum
653 2875 738 2924 est
764 2888 780 2940 ;
814 2869 1038 2941 percipi
1067 2875 1266 2925 autem
1297 2870 1848 2940 solaintelligentia,

183 2975 302 3031 qua
347 2975 474 3016 una
525 2961 764 3026 veritas,
816 2961 1124 3034 quomodo
1165 2961 1371 3032 attingi
1419 2965 1634 3033 potest,
1677 2959 1852 3019 attiné

182 3049 381 3120 gﬁur?

256 3141 349 3194 20.
374 3141 524 3194 Cum
543 3153 687 3209 ergo
709 3138 851 3194 talia
868 3139 1151 3195 sentirent
1169 3138 1468 3205 Platonici,
1494 3156 1628 3212 quae
1655 3155 1851 3214 neque

182 3227 472 3284 docerent
493 3228 662 3283 carni
685 3227 918 3284 deditos
941 3229 1234 3293 homines,
1254 3244 1447 3301 neque
1477 3234 1637 3286 tanta
1659 3238 1854 3286 essent

182 3317 537 3372 auctoritate
551 3316 714 3389 apud
731 3317 1001 3388 populos,
1013 3322 1076 3372 ut
1087 3318 1385 3373 credenda
1399 3318 1847 3389 persuaderent,

189 3405 382 3461 donec
425 3405 505 3460 ad
537 3421 672 3461 eum
703 3406 975 3461 habitum
1009 3407 1431 3478 perduceretur
1461 3407 1700 3463 animus
1728 3424 1850 3479 quo

181 3494 290 3550 ista
303 3494 1266 3568 capiuntur,elegeruntoccultare
1280 3497 1632 3553 sententiam
1650 3513 1846 3563 suam,

181 3588 232 3638 et
275 3588 494 3639 contra
533 3599 636 3638 eos
684 3583 994 3650 disserere,
1043 3585 1144 3655 qui
1196 3602 1402 3641 verum
1449 3603 1506 3642 se
1553 3586 1848 3642 invenisse

179 3671 499 3741 jactarent,
533 3689 672 3728 cum
706 3673 1111 3728 inventionem
1147 3675 1339 3745 ipsam
1393 3677 1511 3731 veri
1563 3677 1620 3731 in
1651 3676 1848 3732 carnis

185 3761 462 3817 sensibus
503 3767 818 3834 ponerent.
879 3765 943 3817 Et
989 3777 1198 3818 eorum
1248 3764 1489 3835 quidem
1531 3765 1846 3821 consilium

185 3851 356 3922 quale
388 3851 570 3906 fuerit
599 3851 747 3922 quid
795 3853 1001 3907 attinet
1030 3867 1296 3923 quaerere
1325 3852 1353 3907 ?
1393 3853 1659 3909 divinum
1692 3860 1846 3911 certe

186 3939 269 3995 vel
309 3940 523 3995 divina
578 3940 781 4013 aliqua
813 3942 1160 3997 auctoritate
1209 3943 1527 4014 praeditum
1565 3959 1684 3999 non
1720 3945 1843 4000 fuit-

184 4029 433 4084 Tantum
467 4027 611 4084 illud
652 4029 912 4094 attende,
961 4031 1246 4102 quoniam
1297 4030 1458 4086 Plato
1490 4048 1525 4087 a
1569 4033 1846 4089 Cicerone

186 4117 383 4172 multis
420 4117 616 4172 modis
656 4119 1032 4190 apertissime
1064 4119 1417 4188 ostenditur,
1448 4121 1506 4176 in
1556 4122 1847 4194 sapientia

188 4221 303 4262 non
325 4207 622 4272 humana,
643 4207 746 4262 sed
773 4207 948 4279 plane
974 4208 1198 4277 divina,
1221 4209 1378 4263 unde
1411 4209 1674 4267 humana
1699 4227 1844 4284 quo-

187 4295 518 4351 dammodo
571 4295 1017 4362 accenderetur,
1049 4297 1103 4351 in
1156 4296 1254 4352 illa
1303 4299 1505 4371 utique
1553 4302 1846 4371 sapientia

187 4385 829 4456 prorsusimmutabili,
855 4391 1034 4457 atque
1064 4385 1276 4442 eodem
1305 4388 1488 4444 modo
1521 4406 1760 4461 semper
1782 4408 1846 4449 se

188 4474 445 4531 habente
495 4476 786 4546 veritatei,
834 4476 1213 4532 constituisse
1267 4483 1320 4533 et
1372 4478 1552 4534 ﬁnem
1598 4480 1762 4550 boni,
1791 4487 1847 4537 et

187 4581 392 4621 causas
411 4581 631 4629 rerum,
657 4571 713 4620 et
742 4565 1138 4621 ratiocinandi
1170 4566 1450 4623 ﬁduciam
1480 4586 1492 4623 :
1527 4585 1844 4642 oppugna-

187 4657 274 4709 tos
303 4659 510 4710 autem
536 4670 668 4710 esse
694 4655 937 4710 nomine
970 4655 1394 4727 Epicureorum
1422 4663 1476 4713 et
1509 4659 1844 4715 Stoicorum

189 4759 222 4798 a
252 4743 571 4800 Platonicis
603 4759 729 4809 eos,
763 4744 867 4816 qui
914 4745 972 4798 in
1004 4745 1271 4817 corporis
1303 4746 1391 4801 vel
1421 4747 1480 4801 in
1525 4748 1711 4804 animi
1742 4765 1842 4807 na-

189 4833 312 4888 tura
358 4837 650 4904 ponerent
681 4839 733 4887 et
773 4832 951 4887 ﬁnem
1006 4832 1172 4898 boni,
1205 4839 1258 4890 et
1290 4850 1503 4890 causas
1535 4851 1754 4904 rerum,
1787 4843 1844 4894 et

188 4921 582 4978 ratiocinandi
612 4921 894 4977 ﬁduciam
922 4941 934 4989 ;
960 4938 1029 4977 eo
1061 4937 1183 4977 rem
1214 4924 1590 4980 successione
1619 4931 1842 4998 tempo-

187 5023 313 5065 rnm
334 5027 466 5067 esse
489 5010 852 5078 devolutam,
885 5016 945 5066 ut
973 5012 1310 5068 christiana:
1326 5014 1452 5083 jam
1475 5015 1843 5072 astatisexor-

189 5098 300 5166 dio,
321 5117 459 5155 cum
489 5115 687 5155 rerum
711 5100 1100 5156 invisibilium
1116 5107 1295 5174 atque
1317 5108 1672 5160 reternarum
1691 5105 1840 5162 ﬁdes

189 5202 288 5259 per
321 5187 584 5245 visibilia
619 5189 908 5245 miracula
940 5190 1256 5246 salubriter
1285 5193 1711 5263 praedicaretur
1737 5195 1841 5252 ho-

193 5278 463 5340 minibus,
502 5279 604 5350 qui
637 5294 744 5333 nec
778 5278 973 5334 videre
999 5295 1108 5334 nec
1136 5281 1398 5349 cogitare
1433 5281 1658 5353 aliquid
1693 5299 1840 5355 prte-

193 5370 271 5420 ter
319 5383 574 5436 corpora
624 5372 915 5439 poterant,
973 5367 1148 5424 beato
1198 5371 1468 5440 apostolo
1502 5372 1697 5438 Paulo,
1737 5375 1840 5446 qui

192 5456 459 5511 eamdem
493 5455 675 5511 finem
701 5455 983 5512 Gentibus
1009 5458 1494 5528 praeseminabat,
1518 5461 1694 5516 iidem
1729 5463 1840 5534 ipsi

251 5615 263 5641 ¹
302 5614 446 5676 Lov.,
490 5615 756 5665 veritatem
808 5616 1138 5665 constituisse.
1189 5619 1254 5666 At
1306 5617 1439 5668 Edd.
1495 5619 1583 5670 alii
1629 5621 1679 5670 et
1712 5621 1836 5671 Mss.

191 5688 351 5742 prope
384 5691 571 5728 omnes
604 5677 818 5739 habent,
855 5680 1085 5728 veritate.

1451 152 1956 212 EPISTOLARUM
1998 153 2286 212 CLASSIS
2332 157 2401 213 II.

3518 166 3626 221 442

1984 279 2251 351 Epicurei
2283 286 2341 338 et
2371 284 2566 353 Stoici,
2596 288 2657 343 in
2690 288 2927 345 Actibus
2953 290 3375 362 Apostolorum
3409 295 3640 348 contra-

1977 368 2200 424 dixisse
2231 371 2635 433 inveniantur.

2045 460 2133 513 2t.
2169 461 2297 525 Qua
2333 462 2392 516 in
2433 479 2493 517 re
2525 465 2666 520 satis
2700 466 2843 522 mihi
2879 468 3110 523 videtur
3158 469 3636 526 demonstratum

1975 561 2107 602 esse
2133 564 2361 604 errores
2379 552 2674 617 Gentium,
2705 557 2829 611 sive
2856 556 2930 611 de
2967 557 3256 617 moribus.
3279 558 3401 612 sive
3432 557 3505 612 de
3534 574 3636 614 na-

1974 641 2107 692 tura
2138 643 2498 708 rerum,sive
2525 645 2598 697 de
2631 646 2861 700 ratione
2893 647 3320 716 investigandae
3347 647 3630 718 veritatis,

1975 726 2078 798 qui
2106 728 2382 800 quamvis
2425 737 2622 788 essent
2657 734 2823 788 multi
2855 739 3033 806 atque
3060 736 3432 807 multiplices,
3455 736 3512 791 in
3543 736 3634 791 his

1975 821 2174 871 tamen
2234 819 2496 876 maxime
2546 822 2786 878 duabus
2832 825 3002 879 sectis
3048 826 3412 889 eminebant,
3441 841 3634 897 expu-

1973 906 2297 975 gnanlibus
2314 909 2502 965 doctis
2520 918 2573 966 et
2591 917 2755 967 tanta
2768 912 3098 968 disserendi
3115 914 3439 969 subtilitate
3451 920 3632 986 atque

1972 995 2147 1066 copia
2173 997 2678 1065 subvertentibus,
2707 1001 2954 1057 durasse
2974 1008 3174 1058 tamen
3197 1019 3385 1075 usque
3408 1005 3466 1057 in
3492 1009 3634 1058 tem-

1971 1099 2119 1155 pora
2142 1085 2484 1143 christiana.
2518 1090 2817 1161 Quosjam
2836 1096 2990 1146 certe
3021 1099 3221 1148 nostra
3243 1097 3413 1147 aetate
3431 1093 3511 1146 sic
3530 1092 3633 1147 ob-

1972 1173 2264 1229 mutuisse
2291 1177 2716 1248 conspicimus,
2746 1186 2805 1234 ut
2828 1180 2921 1234 vix
2945 1181 3071 1251 jam
3104 1182 3164 1236 in
3199 1181 3418 1236 scholis
3441 1183 3632 1236 rheto-

1969 1277 2102 1317 rum
2155 1272 2657 1322 commemoretur
2701 1272 2931 1323 tantum
2963 1286 3098 1340 qum
3139 1270 3353 1325 fuerint
3394 1270 3630 1325 illorum

1971 1353 2272 1408 sententiae
2309 1369 2319 1407 :
2353 1356 2684 1411 certamina
2716 1361 2912 1413 tamen
2947 1360 3124 1413 etiam
3165 1359 3238 1414 de
3271 1359 3631 1430 loquacissi-

1969 1442 2083 1496 mis
2116 1443 2453 1498 Graecorum
2500 1446 2832 1516 gymnasiis
2884 1448 3186 1503 eradicata
3235 1455 3413 1520 atque
3467 1464 3631 1504 com-

1970 1546 2180 1603 pressa
2211 1537 2366 1598 sunt,
2401 1534 2480 1589 ita
2507 1541 2569 1589 ut
2598 1536 2646 1589 si
2676 1551 2798 1606 qua
2819 1551 2979 1591 nunc
3002 1538 3216 1592 erroris
3240 1542 3402 1592 secta
3423 1543 3630 1594 contra

1967 1620 2299 1686 veritatem,
2324 1621 2436 1677 hoc
2457 1629 2565 1689 est,
2603 1629 2809 1680 contra
2837 1624 3154 1680 Ecclesiam
3191 1626 3397 1681 Christi
3437 1642 3629 1680 emer-

1971 1709 2128 1775 serit,
2158 1710 2268 1765 nisi
2301 1711 2543 1766 nomine
2570 1717 2851 1784 cooperta
2879 1714 3220 1780 christiano,
3246 1714 3321 1769 ad
3356 1730 3630 1785 pugnan-

1967 1798 2113 1854 dum
2147 1799 2416 1871 prosilire
2443 1816 2561 1856 non
2587 1802 2828 1857 audeat.
2853 1805 2930 1858 Ex
2961 1820 3082 1874 quo
3105 1804 3445 1873 intelligitur
3467 1805 3628 1875 ipsos

1967 1903 2210 1959 quoque
2242 1888 2556 1944 Platonicae
2608 1891 2795 1962 gentis
2825 1891 3238 1965 philosophos,
3266 1893 3470 1964 paucis
3499 1910 3623 1948 mu-

1968 1977 2102 2031 tatis
2124 1992 2260 2047 quaa
2292 1977 2615 2033 christiana
2657 1979 2962 2049 improbat
2987 1982 3321 2052 disciplina,
3364 1982 3628 2036 invictis-

1967 2065 2120 2120 simo
2161 2066 2258 2121 uni
2295 2067 2416 2137 regi
2459 2067 2685 2123 Christo
2712 2069 2843 2139 pias
2870 2071 3128 2125 cervices
3165 2076 3440 2141 oportere
3485 2071 3624 2125 sub-

1967 2155 2215 2221 mittere,
2237 2161 2293 2210 et
2316 2155 2640 2224 intelligere
2667 2157 2924 2212 Verbum
2947 2159 3043 2213 Dei
3065 2159 3306 2214 homine
3323 2160 3620 2224 indutum,

1962 2242 2065 2314 qui
2090 2243 2289 2316 jussit,
2324 2249 2381 2299 et
2412 2244 2710 2300 creditum
2760 2252 2852 2301 est
2903 2247 3065 2318 quod
3098 2247 3175 2302 illi
3223 2248 3314 2303 vel
3362 2247 3624 2320 proferre

1961 2333 2328 2389 metuebant.

2031 2425 2118 2476 22.
2147 2424 2287 2477 Huic
2315 2427 2388 2488 te,
2409 2423 2486 2477 mi
2513 2423 2811 2486 Dioscore,
2830 2429 2892 2479 ut
2912 2428 3031 2480 tota
3051 2426 3263 2497 pietate
3281 2425 3509 2481 subdas
3533 2441 3625 2480 ve-

1958 2510 2084 2577 lim,
2105 2527 2212 2565 nec
2239 2510 2422 2567 aliam
2452 2511 2549 2566 tibi
2578 2513 2650 2568 ad
2678 2514 3117 2585 capessendam
3146 2519 3204 2570 et
3231 2513 3621 2571 obtinendam

1959 2601 2262 2656 veritatem
2296 2600 2455 2656 viam
2490 2601 2751 2668 munies,
2781 2619 2970 2675 quam
3000 2620 3136 2676 quas
3169 2606 3400 2659 munita
3425 2608 3514 2659 est
3543 2603 3622 2659 ab

1957 2689 2058 2745 illo
2093 2690 2197 2760 qui
2239 2705 2552 2760 gressuum
2586 2699 2923 2748 nostrorum
2972 2697 3260 2765 tanquam
3298 2697 3449 2748 Deus
3479 2693 3626 2749 vidit

1958 2778 2384 2834 inﬁrmitatem.
2417 2781 2496 2834 Ea
2529 2785 2618 2835 est
2649 2786 2852 2837 autem
2884 2782 3096 2852 prima,
3131 2781 3431 2838 humilitas
3472 2801 3490 2853 ;
3524 2798 3623 2836 se-

1959 2869 2178 2933 cunda,
2237 2868 2544 2924 humilitas
2591 2885 2604 2933 ;
2665 2871 2854 2936 tertia,
2916 2871 3219 2926 humilitas
3282 2877 3336 2926 et
3387 2871 3620 2943 quoties

1957 2957 2356 3025 interrogares
2405 2957 2518 3013 hoc
2567 2958 2828 3013 dicerem
2893 2975 2904 3013 :
2973 2975 3091 3014 non
3161 2976 3281 3031 quo
3333 2959 3448 3014 alia
3498 2975 3619 3016 non

1958 3044 2075 3099 sint
2103 3050 2424 3117 praecepta,
2469 3062 2605 3118 quas
2645 3046 2942 3113 dicantur,
2995 3049 3097 3102 sed
3147 3048 3259 3103 nisi
3313 3047 3619 3103 humilitas

1959 3134 2163 3190 omnia
2210 3149 2609 3207 quaecumque
2654 3135 2807 3191 bene
2857 3136 3111 3192 facimus
3155 3142 3210 3192 et
3254 3136 3620 3209 praecesserit

1957 3230 2013 3280 et
2042 3224 2356 3280 comitetur
2378 3229 2435 3279 et
2458 3230 2782 3281 consecuta
2805 3226 2997 3295 fuerit,
3022 3230 3077 3282 et
3108 3228 3411 3298 proposita
3433 3241 3617 3297 quam

1957 3313 2318 3379 intueamur,
2353 3319 2408 3368 et
2438 3314 2710 3386 apposita
2740 3315 2832 3369 cui
2868 3315 3305 3382 adhaereamus,
3336 3319 3391 3370 et
3421 3314 3619 3385 impo-

1956 3403 2067 3458 sita
2098 3419 2219 3474 qua
2273 3403 2695 3474 reprimamur,
2738 3404 2862 3474 jam
2910 3403 3084 3460 nobis
3111 3404 3185 3460 de
3217 3403 3420 3475 aliquo
3454 3403 3615 3460 bono

1955 3491 2113 3547 facto
2138 3491 2540 3561 gaudentibus
2560 3496 2750 3548 totum
2773 3497 3084 3565 extorquet
3111 3493 3185 3547 de
3209 3509 3389 3548 manu
3413 3508 3617 3564 super-

1952 3580 2074 3635 bia.
2101 3580 2246 3635 Vitia
2273 3579 2498 3652 quippe
2516 3585 2765 3636 casterea
2783 3581 2840 3635 in
2867 3581 3144 3652 peccatis,
3169 3581 3450 3653 superbia
3475 3596 3616 3637 vero

1953 3669 2130 3724 etiam
2167 3670 2225 3724 in
2275 3676 2428 3724 recte
2460 3669 2629 3724 factis
2663 3670 2927 3725 timenda
2955 3674 3062 3736 est,
3092 3685 3165 3725 ne
3190 3670 3290 3725 illa
3322 3687 3457 3742 quas
3485 3670 3615 3726 lau-

1956 3757 2226 3813 dabiliter
2250 3757 2405 3814 facta
2421 3763 2579 3825 sunt,
2600 3760 2656 3813 in
2675 3759 2864 3830 ipsius
2883 3758 3078 3813 laudis
3095 3758 3418 3830 cupiditate
3445 3761 3618 3814 amit-

1954 3846 2396 3918 tantur.ltaque
2427 3846 2577 3902 sicut
2597 3846 2901 3902 rhetorille
2927 3846 3338 3902 nobilissimus
3366 3846 3445 3916 (a)
3474 3861 3613 3902 cum

1953 3936 2354 4005 interrogatus
2381 3941 2534 3992 esset
2564 3936 2708 4008 quid
2740 3935 2790 3990 ei
2816 3936 3076 4008 primum
3101 3935 3394 3990 videretur
3416 3936 3473 3990 in
3500 3934 3616 3990 elo-

1953 4025 2211 4098 quentiae
2241 4025 2553 4096 praeceptis
2598 4024 2901 4080 observari
2940 4032 3229 4096 oportere,
3264 4023 3616 4080 Pronuntia-

1953 4114 2174 4169 tionem
2207 4113 2422 4169 dicitur
2447 4114 2828 4186 respondisse
2863 4131 2875 4180 ;
2910 4129 3043 4169 cum
3071 4116 3437 4186 quaereretur
3466 4112 3614 4185 quid

1953 4203 2241 4271 secundo,
2275 4203 2549 4258 eamdem
2606 4203 3148 4274 pronuntiationem
3179 4221 3192 4270 ;
3225 4202 3372 4274 quid
3415 4203 3611 4268 tertio,

1951 4291 2098 4348 nihil
2141 4292 2300 4347 aliud
2341 4307 2526 4365 quam
2560 4292 3098 4364 pronuntiationem
3133 4292 3357 4347 dixisse
3408 4307 3420 4345 :
3454 4292 3535 4347 ita
3565 4293 3615 4348 si

1953 4383 2373 4453 interrogares,
2401 4386 2458 4437 et
2494 4382 2726 4454 quoties
2769 4382 3166 4451 interrogares
3195 4381 3269 4436 de
3301 4381 3611 4452 praeceptis

1951 4471 2292 4527 christianae
2343 4470 2667 4541 religionis,
2719 4469 2867 4525 nihil
2911 4486 3006 4525 me
3050 4470 3211 4524 aliud
3243 4470 3612 4540 respondere

1949 4562 2061 4616 nisi
2089 4560 2484 4616 humilitatem
2503 4558 2732 4629 liberet,
2753 4559 2854 4614 etsi
2884 4558 3028 4614 forte
3053 4559 3170 4614 alia
3193 4558 3387 4614 dicere
3411 4573 3613 4613 neces-

1952 4649 2096 4705 sitas
2123 4652 2376 4718 cogeret.

2022 4738 2249 4795 CAPUT
2279 4739 2367 4793 IV.
2411 4768 2477 4778 —
2515 4740 2603 4793 23.
2647 4737 2790 4792 Huic
2822 4736 3138 4792 humilitati
3174 4735 3609 4805 saluberrima,

1949 4845 2131 4901 quam
2190 4826 2476 4882 Dominus
2529 4832 2734 4882 noster
2781 4827 2950 4882 Jesus
2982 4826 3245 4884 Christus
3278 4830 3340 4882 ut
3371 4826 3610 4882 doceret

1949 4916 2299 4975 humiliatus
2330 4921 2415 4972 est
2447 4916 2643 4983 ;huic,
2678 4918 2950 4989 inquam,
2977 4917 3239 4972 maxime
3263 4917 3608 4972 adversatur

1948 5007 2246 5080 quaedam,
2272 5010 2334 5062 ut
2353 5006 2434 5062 ita
2454 5006 2673 5073 dicam,
2704 5006 3147 5076 imperitissima
3169 5003 3434 5068 scientia,
3459 5001 3605 5057 dum

1948 5113 2060 5152 nos
2092 5097 2239 5151 scire
2270 5095 2607 5167 gaudemus
2637 5095 2776 5167 quid
2808 5095 3222 5158 Anaximenes,
3265 5090 3408 5163 quid
3449 5093 3608 5146 Aua-

1946 5202 2224 5257 xagoras.
2271 5185 2417 5257 quid
2448 5184 2842 5256 Pythagoras,
2875 5182 3022 5255 quid
3073 5179 3439 5236 Democritus
3470 5194 3602 5235 sen-

1948 5277 2152 5343 serint,
2195 5280 2250 5330 et
2295 5281 2504 5330 caetera
2553 5272 2923 5344 hujusmodi,
2958 5275 3020 5326 ut
3070 5269 3228 5325 docti
3266 5269 3602 5342 eruditique

1947 5366 2281 5430 videamur,
2314 5381 2448 5419 cum
2507 5364 2618 5419 hoc
2653 5377 2791 5417 vera
2841 5360 3111 5416 doctrina
3172 5364 3228 5414 et
3272 5359 3605 5414 eruditione

1947 5454 2122 5524 longe
2149 5453 2323 5509 absit.
2349 5452 2457 5518 Qui
2486 5453 2644 5506 enim
2671 5449 2940 5505 didicerit
2972 5449 3157 5503 Deum
3189 5463 3310 5503 non
3337 5447 3602 5503 distendi

1947 5546 2049 5598 aut
2078 5541 2331 5596 diffundi
2366 5556 2470 5612 per
2499 5539 2678 5604 locos,
2712 5553 2906 5610 neque
2946 5537 3145 5594 ﬁnitos
3176 5552 3372 5612 neque
3402 5536 3596 5594 inﬁni-

2010 5693 2078 5744 (α)
2116 5682 2514 5734 Demosthenes.
