4074 6164
500 135 604 191 443

498 262 616 324 tos,
642 257 815 331 quasi
842 257 900 312 in
932 255 1133 326 aliqua
1161 254 1327 324 parte
1359 251 1552 322 major
1594 251 1688 321 sit,
1722 250 1780 306 in
1808 248 2013 321 aliqua
2039 245 2152 303 mi-

499 364 628 412 nor,
659 347 763 403 sed
807 350 987 401 totum
1024 341 1241 412 ubique
1269 357 1395 394 esse
1422 345 1801 411 praesentem,
1827 339 1976 393 sicut
2002 337 2147 390 veri-

500 442 680 493 tatem
708 435 879 503 cujus
911 446 1087 487 nemo
1120 429 1318 485 sobrie
1348 429 1488 484 dicit
1527 435 1755 499 partem
1788 444 1915 482 esse
1946 427 2002 480 in
2037 425 2149 479 isto

500 525 652 590 loco,
672 529 726 578 et
747 527 973 594 partem
1004 520 1059 574 in
1082 518 1201 584 illo,
1222 519 1509 591 quoniam
1530 518 1746 573 veritas
1768 516 1970 585 utique
1997 517 2149 568 Deus

500 618 588 669 est
618 630 630 678 ;
665 626 1052 683 nequaquam
1103 625 1239 664 eum
1293 608 1557 664 movebit
1607 606 1767 679 quod
1800 606 1875 661 de
1920 604 2152 660 inﬁnito

497 717 631 758 aere
648 700 849 765 sensit,
872 700 1239 771 quicumque
1256 697 1439 752 sensit
1458 697 1622 769 quod
1642 697 1768 766 ipse
1798 698 1949 750 Deus
1975 697 2149 750 esset.

498 790 649 857 Quid
675 790 750 846 ad
781 788 969 852 illum,
1001 789 1047 842 si
1077 788 1296 842 nesciat
1325 802 1510 857 quam
1536 785 1738 841 dicant
1764 784 1859 840 isti
1882 782 2151 856 corporis

495 881 755 936 formam
802 896 815 944 ;
858 894 991 935 eam
1024 878 1248 949 quippe
1280 876 1479 932 dicunt
1516 891 1651 948 qua:
1693 874 1956 945 undique
1985 872 2155 929 ﬁnita

500 971 575 1026 sit
610 986 622 1023 :
661 975 717 1025 et
756 973 951 1022 utrum
980 966 1280 1022 refellendi
1313 981 1498 1020 causa
1528 969 1816 1035 tanquam
1846 963 2157 1018 Academi-

498 1076 624 1125 cus,
643 1057 996 1113 Anaximeni
1023 1057 1220 1111 Cicero
1238 1055 1519 1125 objecerit
1546 1053 1802 1109 formam
1821 1057 1878 1107 et
1902 1052 2156 1125 pulchri-

500 1148 767 1206 tudinem
802 1148 988 1201 Deum
1019 1144 1239 1200 habere
1272 1148 1549 1215 oportere
1594 1145 1697 1213 (a),
1744 1142 1921 1214 quasi
1951 1156 2158 1211 corpo-

497 1255 661 1294 ream
700 1236 959 1308 speciem
994 1235 1288 1304 cogitans,
1311 1231 1563 1305 quiaille
1587 1247 1939 1303 corporeum
1971 1231 2157 1285 Deum

497 1344 625 1384 esse
647 1327 897 1388 dixerat,
926 1340 1028 1381 aer
1054 1324 1212 1380 enim
1235 1339 1455 1395 corpus
1484 1329 1600 1388 est;
1628 1338 1703 1377 an
1721 1322 1847 1393 ipse
1870 1319 2161 1376 sentiebat

498 1434 630 1474 esse
664 1416 943 1478 formam,
970 1420 1025 1469 et
1046 1412 1546 1485 pulchritudinem
1578 1413 1991 1482 incorpoream
2015 1409 2161 1464 veri-

500 1507 752 1577 tati,qua
773 1505 899 1577 ipse
923 1502 1619 1565 animusinformatur,et
1636 1516 1738 1573 per
1754 1516 1937 1572 quam
1952 1498 2161 1555 omnia

499 1593 783 1666 sapientis
810 1594 962 1648 facta
986 1591 1235 1663 pulchra
1261 1590 1773 1661 essejudicamus,
1805 1595 1866 1645 ut
1894 1604 2012 1644 non
2038 1592 2162 1643 tan-

500 1690 623 1741 tum
666 1681 972 1738 refellendi
1016 1681 1226 1749 gratia,
1262 1680 1365 1735 sed
1396 1680 1574 1735 etiam
1606 1678 1916 1734 verissime
1949 1675 2164 1734 dixerit

498 1772 663 1846 quod
698 1774 881 1827 Deum
916 1769 1314 1842 pulcherrima
1354 1768 1549 1840 specie
1588 1768 1789 1825 deceat
1833 1784 1983 1831 esse,
2017 1770 2162 1841 quia

499 1862 646 1919 nihil
674 1867 759 1916 est
808 1859 1112 1931 pulchrius
1144 1860 1274 1929 ipsa
1326 1858 1678 1929 intelligibili
1726 1863 1903 1930 atque
1935 1858 2162 1915 incom-

502 1950 771 2008 mutabili
792 1950 1077 2005 veritate?
1100 1947 1268 2012 Quod
1299 1952 1500 2002 autem
1523 1948 1603 2003 ait
1625 1946 1717 2003 ille
1745 1947 1905 2017 gigni
1937 1964 2157 2014 aerem,

499 2056 683 2114 quem
734 2043 931 2094 tamen
989 2040 1173 2092 Deum
1230 2052 1361 2091 esse
1409 2036 1712 2103 censebat,
1758 2036 1926 2094 nullo
1967 2042 2162 2093 movet

498 2130 660 2187 hunc
696 2128 890 2183 virum
938 2125 1041 2199 qui
1072 2126 1363 2195 intelligit,
1397 2140 1517 2181 non
1550 2125 1700 2180 sicut
1738 2142 1840 2181 aer
1878 2126 2158 2198 gignitur,

498 2219 554 2275 id
575 2223 662 2274 est
691 2216 894 2290 aliqua
920 2232 1099 2271 causa
1118 2220 1180 2271 ut
1202 2214 1276 2270 sit
1294 2214 1567 2278 efﬁcitur,
1584 2231 1717 2269 cum
1739 2216 1986 2271 omnino
2006 2215 2162 2270 Deus

499 2324 621 2363 non
653 2307 747 2375 sit,
782 2307 861 2360 ita
885 2305 1150 2375 genitum
1182 2319 1309 2358 esse
1341 2303 1597 2358 Verbum
1630 2304 1747 2368 Dei,
1782 2304 1964 2360 Deum
1997 2303 2162 2376 apud

500 2398 711 2458 Deum,
745 2394 850 2449 sed
881 2394 1058 2463 longe
1091 2392 1206 2447 alio
1238 2392 1442 2457 modo,
1475 2409 1655 2464 quem
1690 2408 1890 2457 nemo,
1924 2394 2036 2449 nisi
2068 2395 2162 2449 cui

500 2486 625 2557 ipse
657 2486 812 2539 Deus
841 2485 857 2519 ¹
893 2482 1212 2553 inspirarit,
1237 2480 1519 2552 intelligit.
1556 2480 1724 2536 Illum
1744 2488 1939 2536 autem
1975 2484 2155 2538 etiam

500 2575 561 2630 in
604 2574 748 2645 ipsis
796 2571 1212 2642 corporalibus
1264 2570 1535 2641 desipere
1578 2571 1714 2642 quis
1759 2587 1878 2626 non
1939 2572 2153 2638 videat,

500 2679 638 2718 cum
672 2677 872 2717 aerem
903 2660 1065 2731 gigni
1087 2660 1267 2723 dicat,
1292 2664 1347 2715 et
1380 2663 1560 2715 Deum
1583 2659 1721 2715 velit
1749 2676 1761 2725 ;
1791 2676 1927 2715 eum
1957 2666 2157 2717 autem

501 2768 536 2807 a
565 2767 687 2823 quo
714 2766 816 2806 aer
838 2750 1118 2821 gignitur,
1154 2764 1274 2804 non
1305 2749 1462 2804 enim
1496 2765 1529 2803 a
1560 2749 1725 2805 nullo
1757 2750 1918 2820 gigni
1946 2756 2155 2822 potest,

500 2854 621 2894 non
640 2838 801 2893 dicat
830 2840 1012 2893 Deum
1034 2840 1061 2894 ?
1088 2839 1231 2892 Cum
1263 2842 1461 2893 autem
1494 2837 1709 2893 dicitur
1736 2855 1836 2894 aer
1858 2855 1985 2894 esse
2008 2855 2161 2895 sem-

502 2943 607 2999 per
636 2928 695 2982 in
728 2932 916 2993 motu,
970 2942 1353 2999 nequaquam
1404 2927 1786 2983 conturbabit
1827 2928 2156 2993 hominem,

503 3022 563 3072 ut
594 3022 910 3089 propterea
970 3016 1133 3071 illum
1168 3017 1352 3071 Deum
1407 3020 1591 3087 putet,
1636 3016 1739 3088 qui
1774 3019 1936 3073 novit
1965 3020 2161 3074 omnis

499 3107 764 3178 corporis
806 3112 1032 3161 motum
1065 3105 1403 3160 inferiorem
1441 3120 1569 3161 esse
1599 3122 1782 3169 quam
1822 3113 1912 3162 est
1959 3114 2161 3163 motus

493 3196 711 3261 animi;
739 3200 969 3251 motum
988 3199 1190 3249 autem
1213 3194 1398 3249 animi
1426 3194 1600 3263 longe
1616 3195 1960 3265 pigriorem,
1976 3213 2161 3268 quam

495 3290 587 3340 est
617 3290 814 3340 motus
837 3299 1091 3338 summas
1109 3287 1288 3354 atque
1312 3282 1805 3339 incommutabilis
1823 3286 2161 3356 Sapientiae.

566 3378 655 3430 24.
700 3375 844 3428 Item
877 3374 1285 3441 Anaxagoras,
1322 3372 1447 3427 sive
1482 3371 1761 3443 quilibet,
1817 3373 1867 3427 si
1900 3380 2162 3432 mentem

496 3465 640 3521 dicit
668 3463 859 3534 ipsam
892 3461 1194 3516 veritatem
1223 3465 1401 3532 atque
1429 3462 1813 3530 sapientiam,
1844 3464 1986 3534 quid
2022 3465 2163 3522 mihi

498 3558 587 3609 est
626 3553 700 3606 de
745 3550 925 3606 verbo
961 3566 1096 3605 cum
1146 3549 1390 3605 homine
1425 3550 1791 3606 contendere
1840 3552 1868 3606 ?
1898 3554 2165 3609 Manifes.

496 3647 623 3699 tum
650 3646 740 3698 est
760 3641 919 3697 enim
946 3640 1216 3695 omnium
1243 3655 1443 3695 rerum
1478 3640 1939 3712 descriptionem
1958 3648 2013 3699 et
2041 3660 2167 3700 mo-

495 3732 639 3787 dum
674 3732 751 3789 ab
782 3731 883 3787 illa
912 3730 1056 3795 ﬁeri,
1090 3744 1348 3801 eamque
1378 3745 1499 3785 non
1544 3730 1872 3801 incongrue
1900 3732 2016 3788 dici
2044 3734 2165 3788 inﬁ-

493 3821 701 3888 nitam,
727 3837 848 3877 non
876 3836 981 3893 per
1005 3819 1200 3890 spatia
1225 3818 1516 3885 locorum,
1539 3820 1644 3875 sed
1677 3836 1783 3892 per
1809 3822 2163 3893 potentiam,

493 3927 629 3984 quae
652 3910 1007 3981 cogitatione
1035 3909 1302 3963 humana
1325 3909 1765 3981 comprehendi
1795 3926 1913 3966 non
1938 3914 2162 3983 potest;

494 4016 689 4071 neque
721 3998 886 4071 quod
908 3997 1162 4052 informe
1199 3996 1431 4068 aliquid
1461 3997 1537 4053 sit
1564 3998 1691 4070 ipsa
1723 4000 2167 4070 sapientia,hoc

496 4089 657 4145 enim
684 4102 1007 4158 corporum
1030 4090 1137 4151 est,
1159 4090 1218 4140 ut
1238 4102 1641 4159 quascumque
1674 4088 1901 4145 inﬁnita
1929 4089 2161 4156 fuerint,

497 4180 619 4234 sint
670 4182 723 4232 et
754 4177 1054 4232 informia.
1097 4176 1298 4231 Cicero
1350 4181 1551 4232 autem
1598 4177 1794 4233 studio
1838 4178 2158 4248 refellendi,

493 4270 792 4341 quantum
823 4265 1073 4331 videtur,
1105 4270 1349 4337 propter
1375 4265 1751 4322 adversarios
1778 4269 2162 4340 corporaliter

494 4355 818 4413 sentientes
848 4359 1028 4425 negat
1061 4354 1295 4410 inﬁnito
1326 4355 1557 4428 aliquid
1585 4356 1754 4427 jungi
1790 4373 1985 4429 posse,
2019 4358 2160 4431 quia

492 4463 564 4503 ex
596 4462 665 4501 ea
720 4450 885 4518 parte
939 4461 1063 4518 qua
1100 4444 1435 4516 quidquam
1499 4445 1865 4516 adjuugitur,
1916 4462 2159 4504 necesse

491 4552 623 4592 esse
662 4535 719 4590 in
774 4534 1127 4607 corporibus
1171 4533 1439 4606 aliquem
1493 4534 1703 4591 ﬁnem.
1758 4534 1898 4591 Ideo
1929 4538 2011 4592 ait
2042 4554 2158 4594 non

492 4642 625 4683 eum
655 4624 883 4690 vidisse,
916 4638 1104 4695 neque
1132 4630 1353 4678 motum
1385 4625 1890 4694 sensuijunctum
1933 4634 1985 4683 et
2017 4644 2160 4684 con-

494 4716 799 4778 tinentem,
820 4714 877 4768 id
905 4718 994 4767 est
1022 4713 1311 4768 continua
1330 4713 1710 4784 copulatione
1730 4715 2153 4789 adhaerentem,

493 4804 754 4874 inﬁnito,
790 4802 849 4857 id
867 4807 953 4857 est
981 4801 1230 4858 inﬁnita:
1265 4802 1366 4866 rei,
1403 4804 1597 4859 ullum
1626 4819 1745 4861 esse
1772 4821 1953 4875 posse,
1982 4810 2159 4879 quasi

495 4894 568 4951 de
608 4891 961 4963 corporibus
992 4895 1215 4961 ageret,
1247 4891 1469 4963 quibus
1502 4892 1648 4949 nihil
1691 4894 1862 4965 jungi
1895 4897 2009 4951 nisi
2055 4915 2159 4970 per

489 4985 640 5041 ﬁnes
670 4982 939 5039 locorum
990 4985 1204 5053 potest.
1258 4981 1353 5035 Sic
1387 4985 1592 5037 autem
1632 4984 1901 5041 addidit:
1955 4987 2160 5058 Neque

490 5090 724 5131 sensum
755 5070 1015 5137 omnino,
1050 5086 1164 5143 quo
1204 5086 1322 5126 non
1355 5077 1479 5126 tota
1509 5078 1729 5128 natura
1759 5075 1942 5142 pulsa
1980 5078 2157 5132 senti-

556 5182 571 5212 ¹
604 5180 771 5228 Vatic.
805 5178 913 5227 duo
944 5193 954 5226 :
982 5176 1099 5228 Nisi
1123 5177 1250 5226 Deus
1285 5182 1329 5241 et
1359 5177 1441 5241 cui
1470 5177 1575 5238 ipse
1610 5178 1906 5241 inspirarit.

557 5243 627 5303 (a)
662 5242 835 5291 Verba
865 5241 1132 5291 Ciceronis
1164 5239 1401 5304 qumghic
1430 5239 1728 5296 versantur,
1780 5243 1961 5292 isthmc
1986 5250 2113 5295 sunt
2140 5262 2151 5296 :

501 5322 526 5352 ‹
562 5306 708 5361 Post,
746 5306 1102 5370 Anaximenes
1136 5302 1260 5370 aera.
1296 5302 1461 5370 Deum
1488 5305 1690 5359 statuit,
1719 5320 1949 5370 eumque
1989 5309 2156 5370 gigni,

502 5386 525 5411 α
558 5380 779 5439 esseque
804 5368 1148 5439 immensum,
1172 5370 1223 5439 et
1245 5366 1537 5439 infinitum;
1557 5370 1609 5414 et
1642 5366 1932 5429 semper‘in
1952 5366 2154 5439 metu}

502 5446 529 5477 ι
560 5428 712 5490 quasi
754 5433 848 5478 aut
883 5444 973 5478 aer
1008 5432 1122 5478 sine
1155 5430 1263 5477 ulla
1293 5429 1467 5477 forma
1502 5428 1640 5476 Deus
1672 5428 1789 5478 esse
1820 5432 2006 5491 possit,
2034 5447 2157 5483 cum

502 5512 529 5543 ι
564 5492 857 5561 praesertim
895 5491 1063 5561 Deum
1104 5506 1216 5561 non
1253 5492 1412 5561 modo
1445 5492 1642 5555 aliqua,
1676 5491 1767 5540 sed
1803 5494 2161 5561 pulcherrima

501 5576 526 5605 ι
560 5553 883 5618 specieesse
936 5553 1121 5602 deceat
1157 5569 1168 5607 ;
1214 5558 1467 5618 autpon
1500 5553 1659 5618 omne
1689 5555 1831 5617 quod
1864 5561 2037 5607 ortum
2073 5560 2157 5618 sit,

503 5644 530 5675 ε
566 5612 863 5662 mortalitas
884 5619 1246 5677 consequatur
1270 5633 1294 5660 ι
1324 5616 1431 5664 Lib.
1453 5619 1476 5664 1
1510 5617 1575 5666 de
1605 5612 1721 5666 Nat:
1755 5619 2000 5672 Deorum.

1732 180 1736 185 _
1783 124 1845 179 S.
1890 118 2269 180 AUGUSTINI
2310 120 2673 179 EPISCOPI‘

3782 135 3882 195 444

2256 252 2346 302 ret
2369 269 2389 316 ,-
2418 248 2592 319 quasi
2618 248 2711 305 ille
2736 250 2978 308 dixisset
3008 256 3269 310 mentem
3301 254 3461 312 illam
3485 255 3879 317 ordinatricem

2255 340 2314 390 et
2342 338 2792 394 moderatricem
2827 356 3025 396 rerum
3066 343 3340 399 omnium
3368 344 3590 400 habere
3638 362 3882 415 sensum,

2256 426 2496 497 qualem
2523 427 2704 484 habet
2729 430 2931 486 anima
2960 448 3063 502 per
3088 448 3326 505 corpus.
3352 437 3499 489 Nam
3528 434 3885 494 manifestum

2255 519 2343 569 est
2365 520 2545 570 totam
2583 518 2800 573 sentire
2832 520 3120 590 animam,
3144 539 3280 577 cum
3311 539 3417 595 per
3443 539 3657 594 corpus
3682 524 3887 595 aliquid

2257 604 2432 659 sentit
2458 623 2468 661 :
2506 622 2645 661 nam
2681 612 2865 663 totam
2888 610 3089 681 utique
3119 626 3239 666 non
3264 610 3421 677 latet,
3440 611 3730 683 quidquid
3760 612 3890 670 illud

2258 696 2348 747 est
2372 695 2530 765 quod
2561 696 2827 751 sentitur.
2862 698 2947 753 Ad
2982 698 3095 754 hoc
3124 704 3322 755 autem
3348 699 3493 755 dixit
3523 706 3699 755 totam
3742 707 3892 757 natu-

2258 797 2387 836 ram
2415 784 2652 847 sentire,
2688 794 2749 840 ut
2778 786 2856 840 illi
2886 789 3058 859 quasi
3090 788 3531 861 auferretquod
3555 790 3637 844 ait
3654 796 3891 847 mentem

2260 870 2575 927 inﬁnitam.
2633 876 2949 939 Quomodo
2995 878 3154 933 enim
3187 882 3305 934 tota
3335 879 3533 943 sentit,
3595 879 3641 933 si
3684 879 3894 935 inﬁnita

2262 966 2346 1014 est
2370 959 2397 1015 ‘?
2426 961 2645 1017 Sensus
2676 966 2835 1020 enim
2883 969 3153 1038 corporis
3192 967 3270 1022 ab
3300 967 3505 1039 aliquo
3531 968 3658 1022 loco
3686 967 3891 1040 incipit,

2262 1064 2370 1105 nec
2415 1052 2700 1122 percurrit
2733 1058 2942 1119 totum,
2977 1056 3086 1111 nisi
3117 1056 3193 1112 ad
3220 1057 3392 1127 cujus
3424 1056 3606 1112 ﬁnem
3638 1072 3894 1128 pervene-

2262 1140 2365 1203 rit;
2391 1139 2629 1211 quodin
2660 1142 2892 1198 inﬁnito
2922 1144 3039 1200 dici
3070 1160 3188 1200 non
3212 1150 3431 1217 potest.
3464 1144 3577 1200 Sed
3608 1160 3793 1216 neque
3812 1144 3893 1200 ille

2264 1227 2339 1283 de
2370 1245 2544 1283 sensu
2579 1232 2843 1302 corporis
2872 1232 3097 1303 aliquid
3128 1234 3376 1290 dixerat.
3414 1236 3479 1290 Et
3509 1233 3675 1289 aliter
3702 1232 3894 1288 dicitur

2266 1321 2454 1372 totum
2473 1319 2635 1389 quod
2664 1318 3079 1391 incorporeum
3099 1328 3207 1387 est,
3225 1323 3368 1394 quia
3380 1324 3509 1378 sine
3526 1322 3742 1403 ﬁnibus
3759 1321 3898 1377 loco-

2264 1422 2395 1461 rum
2427 1408 2788 1478 intelligitur,
2824 1417 2883 1465 ut
2913 1418 2969 1467 et
3002 1417 3187 1468 totum
3219 1419 3272 1469 et
3305 1413 3606 1468 inﬁnitum
3635 1412 3744 1467 dici
3774 1428 3897 1483 pos-

2266 1495 2386 1551 sif:
2439 1501 2625 1552 totum
2660 1504 2900 1571 propter
2929 1501 3323 1571 integritatem
3360 1519 3375 1569 ;
3423 1501 3740 1567 inﬁnitum,
3771 1503 3896 1573 quia

2266 1584 2533 1640 locorum
2564 1586 2782 1643 ﬁnibus
2812 1604 2930 1644 non
2958 1590 3236 1646 ambitur.

2335 1678 2424 1730 25.
2454 1676 2696 1740 Deinde,
2725 1677 2931 1749 inquit,
2952 1678 3266 1736 simentem
3288 1682 3477 1749 ipsam
3492 1682 3666 1751 quasi
3693 1681 3901 1736 animal

2266 1764 2509 1836 aliquod
2545 1780 2665 1821 esse
2715 1768 2926 1835 voluit,
2976 1769 3089 1825 erit
3136 1768 3370 1841 aliquid
3423 1770 3676 1825 interius
3707 1784 3776 1826 ex
3801 1785 3900 1841 quo

2266 1855 2425 1910 illud
2454 1856 2684 1910 animal
2714 1857 3050 1913 nominetur
3082 1876 3099 1923 ;
3132 1864 3195 1914 ut
3244 1875 3415 1913 mens
3444 1858 3560 1915 ista
3606 1859 3768 1930 quasi
3794 1874 3901 1913 cor-

2266 1961 2380 2018 pus
2412 1946 2503 2009 sit,
2536 1949 2595 1999 et
2624 1945 2844 2002 habeat
2878 1947 3035 2002 intus
3069 1948 3335 2003 animam
3370 1949 3533 2002 unde
3566 1947 3782 2003 animal
3811 1948 3902 2002 im-

2267 2038 2533 2107 pelletur.
2571 2040 2709 2095 Vide
2735 2036 3254 2111 quemadmodum
3277 2036 3577 2108 corporali
3610 2040 3901 2092 consuetu-

2269 2126 2406 2183 dine
2460 2128 2739 2200 loquitur,
2776 2126 3087 2200 quomodo
3141 2127 3334 2182 solent
3381 2125 3570 2182 videri
3622 2124 3900 2187 animalia,

2269 2224 2511 2289 propter
2542 2233 2786 2273 sensum
2809 2233 3102 2275 crassum.
3134 2222 3196 2271 ut
3224 2216 3463 2287 opinor,
3490 2231 3695 2271 eorum
3722 2219 3903 2269 contra

2268 2323 2423 2380 quos
2454 2307 2691 2362 disserit
2712 2326 2723 2365 :
2745 2311 2801 2361 et
2834 2312 3031 2361 tamen
3062 2304 3209 2361 dixit
3239 2321 3362 2360 rem
3390 2321 3531 2377 quae
3559 2304 3703 2372 illos,
3734 2304 3779 2357 si
3805 2303 3904 2357 evi-

2272 2397 2454 2467 gilare
2488 2401 2755 2466 possent,
2791 2396 2934 2450 satis
2965 2395 3334 2460 admoneret,
3367 2409 3553 2448 omne
3581 2393 3739 2465 quod
3771 2392 3902 2447 sicut

2265 2502 2483 2557 corpus
2518 2486 2718 2540 vivum
2752 2485 2954 2541 animo
2994 2484 3266 2550 occurrit,
3299 2484 3495 2553 magis
3527 2484 3787 2538 animam
3818 2481 3904 2535 ha-

2263 2575 2402 2632 bere
2434 2581 2489 2632 et
2520 2591 2651 2631 esse
2696 2574 2940 2639 animal,
2974 2589 3158 2645 quam
3201 2572 3473 2628 animam
3523 2586 3650 2627 esse
3684 2569 3903 2641 cogitari

2264 2670 2573 2735 oporteres
2594 2667 2709 2720 Hoc
2742 2670 2832 2720 est
2857 2663 3015 2719 enim
3044 2663 3206 2734 quod
3231 2662 3313 2718 ait
3340 2661 3508 2716 :Eril
3536 2660 3763 2732 aliquid
3782 2661 3909 2713 inle-

2264 2756 2411 2821 rius,
2445 2770 2520 2811 e1:
2548 2769 2663 2825 quo
2712 2753 2868 2808 illud
2897 2753 3128 2807 animal
3158 2751 3519 2807 nominetur.
3557 2749 3669 2806 Sed
3714 2747 3901 2818 adjun-

2266 2847 2348 2916 git
2378 2861 2389 2899 :
2428 2844 2582 2912 Quid
2606 2851 2803 2899 autem
2833 2843 3086 2898 interius
3117 2847 3307 2895 mente
3337 2838 3364 2893 εἰ
3397 2842 3527 2895 Non
3560 2853 3701 2909 ergo
3726 2841 3898 2909 potest

2268 2950 2436 2991 mens
2476 2932 2695 2988 habere
2748 2931 3083 2986 interiorem
3142 2929 3411 2985 animam
3454 2934 3518 2982 ut
3553 2929 3623 2982 sit
3674 2921 3897 2987 animal,

2267 3024 2410 3095 quia
2449 3023 2580 3095 ipsa
2611 3025 2699 3076 est
2728 3020 2989 3076 interior.
3024 3022 3174 3088 Ergo
3205 3034 3425 3088 corpus
3462 3016 3682 3071 habeat
3711 3011 3901 3069 extrin-

2268 3130 2463 3179 secus,
2497 3113 2592 3167 cui
2620 3111 2694 3166 sit
2718 3109 2979 3174 interior,
3015 3113 3078 3164 ut
3108 3108 3179 3163 sit
3209 3106 3459 3163 animal.
3497 3108 3615 3162 Hoc
3644 3107 3731 3159 est
3757 3102 3897 3158 enim

2268 3203 2431 3276 quod
2463 3202 2563 3267 ait,
2598 3200 2876 3270 Cingitur
2922 3200 3109 3269 igitur
3137 3211 3383 3266 corpore
3427 3203 3673 3252 externo
3702 3216 3720 3263 ,-
3749 3191 3900 3263 quasi

2272 3296 2660 3363 Anaxagoras
2690 3289 2924 3353 dixerit,
2957 3286 3070 3342 nisi
3113 3284 3389 3341 animalis
3442 3283 3697 3354 alicujus
3743 3284 3897 3342 esset,

2273 3388 2533 3438 mentem
2564 3395 2691 3436 esse
2739 3394 2859 3435 non
2913 3391 3110 3448 posse.
3142 3373 3201 3430 Si
3234 3378 3500 3430 mentem
3545 3373 3735 3443 ipsam
3763 3384 3898 3425 sum-

2271 3488 2436 3529 mam
2458 3470 2814 3542 sapientiam
2843 3482 2971 3522 esse
2999 3463 3311 3528 sentiebat,
3337 3478 3476 3534 quae
3502 3460 3722 3517 nullius
3747 3456 3899 3531 quasi

2272 3560 2593 3617 animantis
2618 3556 2859 3630 propria
2881 3558 2990 3619 est,
3015 3553 3158 3627 quia
3177 3551 3461 3609 omnibus
3494 3550 3709 3607 animis
3729 3563 3785 3601 se
3803 3544 3901 3601 frui

2273 3650 2609 3706 valentibus
2639 3648 2852 3702 veritas
2884 3642 3285 3700 communiter
3310 3645 3529 3713 praesto
3559 3644 3667 3695 est.
3703 3640 3763 3693 Et
3784 3636 3897 3691 ideo

2275 3739 2408 3796 vide
2434 3754 2619 3811 quam
2655 3737 2879 3793 urbane
2910 3732 3265 3789 concludat:
3298 3730 3468 3797 Quod
3497 3728 3772 3801 quoniam
3794 3739 3895 3781 non

2268 3830 2489 3899 placet,
2522 3826 2732 3900 inquit,
2765 3826 2879 3882 hoc
2918 3828 3003 3879 est
3042 3836 3163 3877 non
3194 3820 3386 3892 placet
3431 3821 3815 3889 Anaxagorae,
3844 3817 3898 3866 ut

2272 3919 2375 3975 illa
2407 3934 2595 3985 mens,
2626 3931 2812 3988 quam
2840 3912 2981 3969 dicit
3009 3912 3216 3976 Deum,
3248 3909 3524 3978 cingatur
3554 3919 3790 3977 corpore
3817 3916 3895 3956 ex-

2273 4015 2456 4073 terno,
2490 4022 2612 4079 quo
2644 4002 2867 4061 animal
2913 4017 3043 4057 esse
3076 3998 3281 4071 possit,
3313 4002 3530 4067 aperta
3558 3994 3897 4063 simplexque

2269 4113 2431 4155 mens
2474 4097 2651 4153 nulla
2682 4110 2747 4152 re
2775 4093 3060 4163 adjuncta
3099 4103 3220 4161 qua
3260 4086 3479 4143 sentire
3508 4084 3709 4155 possit,
3742 4081 3796 4136 id
3822 4080 3896 4133 est

2270 4188 2433 4244 nullo
2481 4199 2729 4256 corpore
2769 4182 3048 4251 adjuncto
3079 4194 3183 4249 per
3235 4176 3400 4249 quod
3453 4174 3669 4229 sentire
3707 4167 3892 4244 possit,

2266 4279 2476 4348 fugere
2504 4271 2915 4343 intelligentia
2943 4276 3159 4325 nostrae
3199 4268 3313 4324 vim
3346 4272 3397 4322 et
3430 4266 3721 4320 notionem
3761 4256 3894 4315 vide-

2270 4373 2372 4423 tur
2394 4366 2644 4436 (Cicero,
2676 4364 2715 4419 l.
2758 4368 2773 4416 t
2812 4362 2885 4418 de
2912 4360 3051 4417 Nat.
3086 4356 3383 4427 Deorum).

2339 4435 2425 4511 267.
2462 4454 2604 4511 Nihil
2648 4451 2842 4507 verius
2873 4464 3059 4521 quam
3091 4446 3292 4516 fugere
3322 4446 3432 4500 hoc
3465 4444 3583 4498 vim
3635 4445 3689 4496 et
3734 4435 3893 4521 notiof

2268 4561 2407 4600 nem
2448 4538 2852 4609 intelligentiae
2890 4520 3223 4594 Stoicorum
3256 4537 3311 4588 et
3343 4532 3776 4602 Epicureorum,
3802 4520 3891 4593 qui

2268 4634 2385 4690 nisi
2414 4629 2748 4701 corporalia
2777 4628 3037 4695 cogitare
3066 4639 3184 4679 non
3211 4627 3485 4693 possunt.
3519 4617 3686 4685 Quod
3713 4618 3887 4669 autem

2268 4723 2366 4790 ait,
2398 4728 2634 4784 nostrae,
2662 4718 2944 4773 humanae
2973 4712 3213 4781 intelligi
3255 4710 3437 4766 voluit
3468 4726 3483 4775 ;
3514 4715 3567 4763 et
3599 4707 3743 4761 bene
3786 4712 3888 4790 non

2268 4788 2370 4879 ait,
2406 4811 2570 4879 Fugit
2599 4826 2613 4875 ;
2645 4806 2772 4871 sed,
2809 4804 3036 4875 Fugere
3066 4801 3318 4857 videtur.
3356 4801 3472 4854 Hoc
3504 4796 3656 4853 enim
3690 4788 3886 4879 illisvif

2267 4873 2458 4967 detur,
2488 4873 2787 4953 neminem
2814 4873 2929 4949 hoc
2951 4906 3126 4963 posse
3158 4888 3496 4957 intelligere,
3525 4892 3579 4941 et
3602 4884 3729 4939 ideo
3762 4873 3885 4932 nihil

2268 4990 2380 5047 tale
2408 5004 2537 5044 esse
2567 4984 2932 5042 arbitrantur
2964 4997 2976 5034 ;
3011 4980 3112 5034 sed
3145 4976 3552 5049 quorumdam
3583 4968 3887 5036 intelligen-

2267 5081 2434 5147 tiam,
2479 5080 2772 5149 quantum
2805 5071 3030 5126 homini
3065 5068 3271 5123 datum
3304 5071 3410 5129 est,
3454 5079 3572 5119 non
3608 5060 3744 5127 fugit
3774 5065 3887 5109 esse

2266 5174 2535 5242 apertam
2558 5164 3011 5235 simplicemque
3029 5157 3385 5229 sapientiam
3404 5161 3581 5226 atque
3594 5150 3886 5205 veritatem,

2266 5276 2395 5331 quae
2425 5256 2641 5311 nullius
2670 5250 2992 5307 animantis
3018 5248 3090 5302 sit
3110 5246 3369 5318 propria,
3394 5244 3497 5299 sed
3515 5257 3632 5313 qua
3647 5251 3823 5294 comm
3838 5246 3886 5281 u-

2266 5350 2413 5405 niter
2443 5345 2652 5408 omnis,
2683 5358 2817 5413 quae
2841 5340 2897 5395 id
2933 5342 3123 5410 potest
3147 5336 3369 5399 anima,
3399 5333 3634 5404 sapiens
3650 5333 3703 5382 et
3732 5332 3882 5377 verax

2266 5437 2538 5491 efﬁcitur.
2573 5434 2765 5497 Quam
2815 5433 2864 5483 si
2900 5428 3084 5483 sensit
3115 5441 3244 5481 esse
3281 5431 3603 5483 Anaxoras,
3656 5420 3883 5479 eamque

2273 5531 2455 5583 Deum
2494 5530 2647 5579 esset
2680 5519 2846 5589 vidit,
2894 5523 3275 5586 mentemque
3306 5508 3644 5585 appellavit,
3674 5516 3781 5557 non
3807 5509 3883 5548 so-

2270 5620 2398 5675 lum
2453 5627 2671 5671 nomen
2711 5613 3100 5677 Anaxagorae,
3141 5603 3307 5677 quod
3338 5603 3575 5674 propter
3602 5592 3880 5651 litteratam
