4074 6158
273 104 387 161 445

272 233 654 295 vetustatem,
691 246 924 297 omnes,
957 237 1020 286 ut
1059 230 1389 287 militariter
1415 232 1648 306 loquar,
1678 231 1941 288 littterio-

268 335 380 375 nes
409 322 425 355 ¹
456 319 707 376 libenter
734 319 998 387 sufﬂant,
1026 336 1138 377 nos
1168 320 1377 378 doctos
1407 328 1463 378 et
1488 323 1788 393 sapientes
1810 337 1931 377 non

268 409 433 475 facit,
468 410 571 465 sed
621 425 694 464 ne
739 410 874 482 ipsa
904 410 1149 480 quidem
1184 411 1312 482 ejus
1357 412 1639 481 cognitio,
1694 427 1817 482 qua
1869 410 1929 465 id

268 512 479 555 verum
513 515 641 554 esse
668 500 963 568 cognovit.
993 502 1118 556 Non
1138 501 1299 556 enim
1328 501 1472 557 mihi
1498 506 1811 572 prOpterea
1836 515 1927 556 ve-

262 587 410 644 ritas
440 589 627 645 chara
656 605 785 645 esse
833 588 1030 656 debet,
1077 591 1216 662 quia
1246 606 1367 646 non
1401 591 1573 646 latuit
1614 595 1927 660 Anaxago-

260 692 419 743 ram,
449 679 554 733 sed
584 678 727 751 quia
764 678 975 735 veritas
1016 685 1125 746 est,
1151 680 1379 736 etiamsi
1422 680 1621 737 nullus
1651 695 1786 736 eam
1830 696 1927 735 co-

258 768 574 837 gnovisset
598 768 855 824 illorum.

332 859 424 912 27.
455 858 509 913 Si
550 857 728 927 igitur
765 873 875 913 nec
926 858 1055 929 ejus
1086 859 1350 914 hominis
1399 858 1503 931 qui
1534 875 1729 915 verum
1756 858 1923 915 forsi-

262 948 370 1001 tan
396 945 561 1012 vidit,
595 947 853 1018 cognitio
895 963 1006 1003 nos
1049 947 1258 1003 inﬂare
1301 948 1496 1013 debet,
1545 953 1605 1004 ut
1649 964 1719 1005 ea
1745 950 1919 1021 quasi

253 1032 422 1089 docti
462 1050 589 1089 esse
622 1035 935 1092 videamur
986 1036 1089 1091 sed
1142 1040 1294 1092 nec”
1336 1038 1524 1109 ipsius
1574 1037 1690 1092 veri
1725 1038 1917 1094 solida

248 1136 372 1191 res,
407 1139 527 1196 qua
553 1140 688 1179 vere
710 1124 869 1181 docti
895 1141 1021 1181 esse
1052 1142 1376 1197 possumus
1411 1144 1424 1192 ;
1456 1130 1686 1199 quanto
1719 1127 1916 1183 minus

250 1224 468 1267 eorum
507 1212 822 1270 hominum
867 1216 969 1287 qui
996 1214 1147 1271 falsa
1196 1220 1531 1281 senserunt,
1574 1218 1820 1271 nomina
1858 1222 1915 1273 et

249 1298 549 1370 dogmata
567 1308 836 1359 nostram
854 1309 1109 1375 possunt
1138 1304 1439 1377 adjuvare
1469 1305 1825 1371 doctrinam,
1859 1311 1914 1362 et

248 1388 499 1446 latentia
528 1393 765 1462 cognita
791 1393 985 1449 facere
1000 1393 1029 1447 ?
1049 1410 1187 1449 cum
1205 1394 1250 1448 si
1265 1394 1538 1450 homines
1558 1395 1768 1463 simus,
1787 1411 1911 1452 ma-

250 1478 345 1549 gis
378 1495 487 1534 nos
513 1481 845 1538 contristari
872 1482 1079 1539 deceat
1104 1487 1187 1539 tot
1226 1490 1282 1539 et
1307 1487 1432 1539 tam
1460 1484 1909 1541 nobilitatorum

245 1566 571 1625 hominum
600 1572 922 1637 erroribus,
957 1573 1121 1628 sieos
1143 1573 1351 1629 audire
1375 1572 1906 1646 contigerit,quam

242 1656 367 1712 haec
392 1663 709 1729 propterea
745 1660 1011 1717 studiose
1068 1677 1355 1734 quaerere,
1398 1667 1458 1717 ut
1481 1663 1631 1717 inter
1669 1678 1772 1718 eos
1804 1664 1904 1735 qui

240 1744 344 1801 illa
390 1748 686 1817 nesciunt,
738 1750 1062 1820 jactatione
1117 1751 1469 1807 inanissima
1529 1752 1902 1809 ventilemur.

239 1834 480 1899 Quanto
511 1837 669 1891 enim
714 1838 922 1893 melius
964 1854 1037 1895 ne
1071 1839 1372 1896 audissem
1405 1840 1639 1913 quidem
1682 1857 1904 1898 nomen

239 1924 579 1991 Democriti,
622 1942 808 1999 quam
857 1944 993 1983 cum
1049 1928 1254 1985 dolore
1298 1930 1645 1999 cogitarem,
1703 1930 1903 1986 nescio

237 2026 425 2083 quem
457 2014 583 2070 suis
613 2017 979 2087 temporibus
1006 2032 1297 2087 magnum
1326 2024 1619 2090 putatum,
1639 2019 1902 2091 quideos

237 2115 378 2156 esse
409 2102 795 2161 arbitraretur
824 2106 1134 2176 imagines,
1162 2124 1299 2180 quae
1343 2107 1416 2163 de
1439 2108 1647 2163 solidis
1687 2124 1903 2181 corpo-

236 2190 407 2245 ribus
448 2191 719 2261 ﬂuerent,
757 2195 1076 2269 solidaeque
1102 2196 1249 2268 ipsa:
1276 2212 1396 2252 non
1428 2202 1642 2263 essent,
1677 2214 1898 2270 easque

234 2278 352 2334 hac
385 2285 557 2353 atque
597 2282 711 2339 hac
750 2291 917 2340 motu
958 2287 1201 2357 proprio
1232 2287 1662 2343 circumeundo
1721 2293 1898 2361 atque

236 2366 545 2426 illabendo
577 2372 635 2426 in
659 2370 893 2430 animos
920 2375 1235 2431 hominum
1272 2376 1462 2432 facere
1497 2380 1559 2431 ut
1588 2377 1676 2432 vis
1692 2376 1897 2434 divina

234 2458 557 2526 cogitetur;
591 2477 728 2516 cum
757 2462 1021 2533 profecto
1053 2463 1198 2519 illud
1229 2480 1470 2537 corpus,
1502 2466 1659 2521 unde
1693 2466 1895 2536 imago

232 2545 444 2602 ﬂueret
470 2554 697 2620 quanto
719 2550 968 2606 solidius
998 2556 1108 2618 est,
1141 2557 1307 2609 tanto
1334 2555 1718 2626 praestantius
1748 2571 1896 2626 quo-

230 2650 352 2706 que
395 2651 522 2691 esse
556 2637 908 2709 judicetur?
937 2641 1187 2714 Ideoque
1222 2642 1531 2699 ﬂuctuavit
1561 2644 1708 2714 ejus,
1741 2645 1894 2700 sicut

227 2721 330 2778 isti
362 2724 589 2792 dicunt,
623 2730 970 2802 nutavitque
1003 2733 1312 2798 sententia,
1339 2737 1400 2787 ut
1431 2732 1752 2804 aliquando
1790 2750 1890 2789 na-

229 2815 430 2869 turam
457 2816 788 2886 quamdam
820 2819 894 2874 de
933 2835 1055 2892 qua
1098 2821 1348 2877 ﬂuerent
1382 2823 1671 2893 imagines
1704 2825 1888 2879 Deum

226 2915 359 2956 esse
386 2903 623 2969 diceret,
657 2907 759 2979 qui
800 2912 999 2965 tamen
1031 2911 1278 2979 cogitari
1329 2926 1448 2966 non
1494 2916 1715 2983 posset,
1772 2911 1884 2967 nisi

224 3005 336 3061 per
366 3007 469 3048 eas
501 2993 793 3064 imagines
807 3013 958 3069 quas
990 2998 1180 3056 fundit
1202 3015 1272 3056 ac
1293 3000 1522 3066 emittit,
1546 3001 1607 3056 id
1633 3006 1723 3057 est
1752 3017 1885 3074 quae

222 3078 301 3134 de
330 3078 433 3136 illa
464 3087 697 3149 natura,
740 3101 925 3157 quam
975 3089 1177 3145 nescio
1206 3105 1394 3161 quam
1434 3106 1784 3161 corpoream
1829 3094 1885 3147 et

220 3170 677 3241 sempiternam,
734 3190 802 3231 ac
843 3177 1021 3232 etiam
1059 3194 1164 3249 per
1210 3179 1323 3235 hoc
1376 3179 1641 3236 divinam
1691 3185 1879 3252 putat,

220 3259 402 3330 quasi
434 3263 675 3333 vaporis
704 3264 1088 3323 similitudine
1116 3271 1135 3303 ³
1155 3268 1439 3325 continua
1459 3270 1614 3326 velut
1640 3285 1882 3326 emana-

220 3347 382 3403 tione
411 3348 724 3423 ferrentur,
749 3358 803 3410 et
828 3356 1095 3412 venirent
1128 3362 1305 3430 atque
1337 3358 1624 3415 intrarent
1667 3358 1723 3414 in
1756 3359 1877 3417 ani-

220 3453 331 3493 nos
366 3445 626 3508 nostros,
656 3450 717 3499 ut
746 3445 931 3501 Deum
961 3446 1047 3502 vel
1078 3447 1223 3503 deos
1251 3450 1511 3518 cogitare
1536 3466 1877 3522 possemus.

222 3526 463 3584 Nullam
479 3531 639 3586 enim
662 3532 843 3589 aliam
865 3551 1111 3592 causam
1141 3538 1465 3608 cujuslibet
1503 3539 1879 3609 cogitationis

216 3621 445 3673 nostrae
487 3620 811 3691 opinantur
840 3624 953 3691 isti,
984 3626 1095 3680 nisi
1128 3642 1266 3683 cum
1299 3631 1377 3683 ab
1416 3628 1504 3683 his
1527 3629 1877 3701 corporibus

216 3721 357 3777 quia
386 3708 748 3779 cogitamus,
804 3715 1045 3770 veniunt
1099 3722 1277 3789 atque
1317 3719 1538 3775 intrant
1583 3718 1875 3788 imagines

217 3794 276 3849 in
299 3797 541 3853 animos
559 3806 795 3857 nostros
823 3821 837 3856 :
860 3804 1028 3875 quasi
1052 3820 1170 3861 non
1196 3806 1383 3863 multa
1404 3823 1473 3862 ac
1492 3823 1677 3880 prope
1704 3809 1875 3864 innu-

215 3885 535 3943 merabilia
566 3892 900 3961 cogitentur
922 3894 1375 3966 incorporaliter
1397 3901 1576 3970 atque
1605 3898 1874 3967 intelligi-

218 3973 408 4031 biliter
430 3976 509 4033 ab
531 3979 616 4033 eis
640 3981 745 4052 qui
770 3981 906 4038 talia
937 3984 1198 4053 cogitare
1220 3990 1535 4052 noverunt,
1566 3986 1715 4043 sicut
1738 3986 1872 4059 ipsa

213 4065 500 4135 sapientia
528 4072 583 4123 et
614 4069 845 4127 veritas.
889 4072 1079 4141 Quam
1108 4074 1154 4128 si
1176 4073 1269 4129 isti
1303 4090 1420 4130 non
1453 4076 1739 4145 cogitant,
1764 4077 1871 4133 mi-

212 4167 309 4207 ror
333 4156 647 4226 quomodo
661 4159 733 4214 de
756 4160 854 4216 illa
870 4166 1202 4235 utcumque
1228 4163 1568 4235 disputent:
1604 4166 1868 4221 siautem

212 4242 495 4312 cogitant,
528 4246 740 4303 vellem
757 4250 900 4306 mihi
926 4250 1209 4319 dicerent,
1236 4252 1323 4309 vel
1349 4252 1423 4308 de
1446 4269 1567 4326 quo
1594 4270 1863 4327 corpore,

208 4331 298 4385 vel
322 4333 522 4405 qualis
551 4335 610 4391 in
638 4353 846 4394 eorum
872 4340 1105 4396 animos
1138 4344 1338 4398 veniat
1358 4342 1559 4415 imago
1575 4344 1861 4401 veritatis.

277 4423 365 4476 28.
402 4424 764 4497 Quanquam
800 4428 1167 4487 Democritus
1198 4432 1375 4488 etiam
1405 4432 1517 4487 hoc
1547 4433 1771 4490 distare
1802 4435 1862 4491 in

206 4511 584 4569 naturalibus
608 4518 1043 4587 quaestionibus
1071 4519 1148 4576 ab
1174 4520 1425 4592 Epicuro
1439 4520 1672 4587 dicitur,
1696 4524 1863 4594 quod

208 4597 315 4656 iste
339 4603 519 4658 sentit
542 4604 742 4662 inesse
760 4609 1127 4664 concursioni
1148 4615 1489 4666 atomorum
1520 4612 1637 4667 vim
1660 4628 1860 4684 quam-

208 4686 350 4743 dam
372 4692 697 4749 animalem
724 4700 779 4751 et
804 4696 1149 4767 spirabilem
1181 4700 1202 4733 ‘
1231 4717 1244 4758 :
1281 4715 1402 4769 qua
1434 4700 1493 4755 vi
1520 4716 1657 4755 eum
1686 4700 1858 4757 credo

208 4782 264 4831 et
290 4778 585 4849 imagines
627 4782 789 4855 ipsas
820 4784 1128 4843 divinitate
1158 4788 1439 4860 praeditas
1470 4790 1684 4857 dicere,
1740 4806 1859 4847 non

206 4879 416 4923 omnes
444 4871 717 4928 omnium
748 4889 968 4941 rerum,
1012 4876 1115 4931 sed
1155 4876 1419 4941 deorum,
1465 4883 1519 4933 et
1566 4879 1860 4951 principia

207 4958 421 5011 mentis
449 4974 580 5015 esse
599 4960 658 5016 in
688 4963 1000 5030 universis,
1026 4965 1247 5037 quibus
1266 4966 1631 5023 divinitatem
1657 4968 1857 5024 tribuit

206 5046 261 5096 et
286 5047 624 5103 animantes
657 5049 969 5122 imagines,
998 5069 1132 5126 quae
1149 5054 1238 5110 vel
1261 5057 1544 5127 prodesse
1566 5057 1741 5114 nobis
1762 5076 1855 5117 so-

268 5175 455 5253 tEdd.,
487 5178 1214 5253 lilleriores;hi_ss._quat_uor,
1245 5188 1583 5253 litterationes
1606 5189 1709 5238 Alii
1741 5192 1853 5253 plu-

206 5241 819 5325 gonotnmelio‘resinotm
849 5241 1227 5325 Cdd.'babent,
1275 5251 1577 5325 litterionem
1617 5241 1852 5325 Aquo'no-

208 5302 350 5379 oriae.
374 5302 762 5379 Grammaticos
794 5312 1139 5379 contemptim
1172 5302 1405 5379 appellat
1426 5302 1851 5379 Augustinusi'n

208 5360 293 5436 lib.
332 5366 528 5436 tcont.
555 5369 934 5436 Adversarium
970 5360 1141 5436 Legis,
1169 5360 1221 5423 c.‘
1241 5360 1319 5423 ΞΑ

264 5427 483 5492 {Abest
517 5432 778 5492 particula
808 5448 897 5482 nec
948 5447 979 5483 ει
1008 5427 1292 5486 duodecim
1346 5439 1472 5488 Mss.
1514 5443 1565 5490 et
1617 5441 1682 5490 ab
1714 5442 1844 5491 Edd.

209 5484 327 5535 Bad.
355 5492 467 5539 Am.
496 5484 549 5540 c't
578 5493 664 5542 Er.

266 5550 283 5620 ξ
308 5551 430 5620 ges.
453 5554 757 5620 duodecim,
776 5560 983 5620 vaporis
998 5560 1412 5612 similitudinem.

266 5615 283 5644 ⁴
310 5614 460 5672 Edd.,
496 5619 802 5682 spiritalem.
835 5614 902 5672 Ᾰι
922 5624 1047 5674 Mss.
1076 5624 1333 5691 plerique,
1366 5627 1687 5691 spirabilem.

1544 102 2047 163 EPISTOLARUM
2089 101 2381 159 CLASSIS
2419 102 2485 157 ll.

3588 104 3695 162 446

2042 228 2207 285 leant
2237 228 2327 284 vel
2360 244 2594 284 nocere.
2653 228 2940 299 Epicurus
2966 245 3104 287 vero
3143 246 3339 304 neque
3378 231 3605 305 aliquid
3634 231 3694 287 in

2039 317 2353 389 principiis
2386 334 2583 373 rerum
2624 317 2793 390 ponit
2824 325 3035 391 praeter
3073 328 3329 385 atomos,
3362 322 3418 377 id
3453 326 3540 378 est
3570 337 3694 377 cor-

2039 407 2292 478 puscula
2314 408 2594 479 quaedam
2618 413 2737 466 tam
2758 409 3009 475 minuta,
3034 415 3096 465 ut
3115 412 3243 480 jam
3271 411 3452 466 dividi
3472 427 3691 484 neque-

2034 501 2160 561 ant,
2196 512 2389 568 neque
2421 498 2649 562 sentiri,
2710 505 2813 553 aut
2863 501 3014 567 visu,
3056 504 3157 554 aut
3204 506 3360 555 tactu
3411 502 3686 573 possint;

2032 602 2294 659 quorum
2321 587 2820 658 corpusculorum
2846 604 3138 644 concursu
3158 588 3415 654 fortuito,
3447 596 3499 646 et
3519 606 3689 645 mun-

2030 676 2143 731 dos
2179 676 2670 742 innumerabiles,
2702 683 2757 733 et
2778 677 3132 744 animantia,
3158 684 3215 733 et
3252 678 3414 750 ipsas
3446 680 3685 735 animas

2028 764 2157 821 ﬁeri
2186 765 2348 831 dicit,
2378 770 2434 821 et
2465 766 2611 821 deos
2640 783 2793 840 quos
2822 768 3094 823 humana
3121 768 3304 823 forma
3342 785 3463 823 non
3494 769 3554 823 in
3586 770 3687 824 ali-

2028 854 2419 925 quomundo,
2434 855 2538 911 sed
2562 859 2729 911 extra
2755 857 3036 920 mundos,
3055 861 3233 928 atque
3262 857 3409 911 inter
3424 859 3683 913 mundos

2026 946 2335 1000 constituit
2371 962 2383 999 :
2412 949 2467 999 et
2497 961 2619 1000 non
2657 946 3054 1003 vultomnino
3075 946 3297 1017 aliquid
3322 952 3531 1017 praeter
3556 962 3683 1001 cor-

2025 1048 2174 1104 pora
2204 1034 2467 1104 cogitare
2514 1049 2527 1101 ;
2572 1050 2707 1106 quae
2752 1042 2951 1089 tamen
2994 1040 3057 1090 ut
3093 1036 3328 1105 cogitet,
3390 1035 3682 1105 imagines

2022 1121 2163 1177 dicit
2202 1123 2464 1195 ab‘ipsis
2506 1124 2685 1179 rebus
2736 1140 2890 1196 quas
2940 1124 3157 1179 atomis
3208 1124 3453 1180 formari
3488 1129 3678 1196 putat,

2020 1210 2484 1284 deﬂuere,atque
2506 1213 2563 1268 in
2584 1214 2851 1269 animum
2882 1214 3121 1269 introire
3144 1214 3478 1269 subtiliores
3493 1231 3679 1285 quam

2023 1302 2296 1358 suntillae
2327 1302 2613 1373 imagines
2635 1319 2774 1375 qua:
2806 1302 2881 1359 ad
2910 1304 3115 1358 oculos
3139 1305 3402 1358 veniunt.
3443 1306 3589 1359 Nam
3622 1309 3679 1360 et

2020 1390 2255 1445 videndi
2274 1408 2526 1448 causam
2542 1392 2698 1448 hanc
2721 1408 2853 1447 esse
2882 1393 3042 1457 dicit,
3068 1392 3341 1463 ingentes
3376 1394 3675 1464 quasdam

2017 1478 2332 1552 imagines,
2362 1483 2444 1537 ita
2477 1487 2538 1537 ut
2565 1483 2911 1537 universum
2943 1482 3236 1537 mundum
3268 1483 3675 1554 complectan-

2016 1573 2111 1625 tur
2143 1570 2523 1626 extrinsecus.
2563 1570 2844 1642 lntelligis
2886 1576 3087 1626 autem
3114 1572 3264 1641 jam,
3297 1577 3359 1627 ut
3399 1572 3671 1636 arbitror,

2015 1673 2169 1730 quas
2212 1658 2304 1713 isti
2338 1660 2650 1731 opinentur
2680 1660 2990 1731 imagines.

2084 1748 2172 1802 29.
2207 1747 2382 1805 Miror
2422 1764 2542 1805 non
2575 1750 2963 1805 admonuisse
2999 1749 3397 1805 Democritum
3431 1750 3516 1805 vel
3556 1750 3671 1805 hoc

2012 1836 2143 1908 ipso
2184 1838 2335 1893 falsa
2360 1854 2489 1893 esse
2520 1855 2656 1911 quas
2686 1838 2849 1909 dicit,
2882 1839 3024 1910 quia
3049 1839 3351 1894 venientes
3387 1845 3507 1895 tam
3541 1855 3669 1895 ma-

2012 1941 2143 1996 gna!
2176 1927 2471 1997 imagines
2520 1928 2581 1983 in
2635 1932 2753 1983 tam
2796 1927 3039 1983 brevem
3069 1928 3329 1983 animum
3371 1935 3663 1993 nostrum,

2010 2016 2057 2070 si
2097 2032 2442 2087 corporeus,
2475 2023 2536 2073 ut
2568 2016 2645 2071 illi
2679 2017 2905 2081 volunt,
2942 2022 3061 2073 tam
3091 2033 3271 2087 parvo
3303 2033 3550 2088 corpore
3579 2019 3667 2073 in-

2008 2104 2292 2172 cluditur,
2317 2110 2450 2160 totaa
2476 2105 2649 2160 illum
2673 2110 2911 2176 tangere
2935 2121 3054 2161 non
3078 2111 3347 2177 possunt.
3376 2112 3418 2161 A
3442 2121 3665 2175 magno

2007 2194 2164 2249 enim
2185 2210 2435 2265 corpore
2461 2210 2598 2250 cum
2624 2210 2883 2266 parvum
2904 2211 3122 2267 corpus
3147 2196 3470 2264 attingitur,
3495 2202 3664 2251 atoto

2005 2282 2184 2338 simul
2198 2282 2361 2339 nullo
2375 2289 2550 2352 pacto
2564 2289 2755 2355 potest
2785 2302 2797 2338 :
2824 2284 3323 2357 quomodoigitur
3337 2290 3472 2340 tota;
3485 2285 3662 2340 simul

2006 2371 2213 2441 attingi
2240 2373 2594 2441 cogitantur,
2624 2372 2673 2428 si
2694 2374 2753 2427 in
2776 2378 3004 2429 tantum
3032 2373 3445 2441 cogitantur,in
3469 2390 3658 2446 quan-

2002 2464 2132 2515 tum
2178 2461 2484 2517 venientes
2508 2467 2687 2533 atque
2715 2462 3002 2518 intrantes
3035 2464 3308 2517 animum
3339 2464 3656 2534 attingunt,

2000 2565 2138 2621 quae
2167 2565 2274 2605 nec
2305 2555 2436 2606 totae
2470 2551 2688 2607 intrare
2705 2556 3081 2623 possuntper
3105 2558 3221 2607 tam
3238 2568 3492 2623 parvum
3526 2568 3658 2608 cor-

2001 2654 2135 2711 pus,
2164 2655 2272 2695 nec
2295 2644 2428 2696 totas
2462 2645 2581 2696 tam
2613 2657 2865 2712 parvum
2894 2641 3163 2701 animum
3186 2642 3471 2709 attingere
3503 2641 3652 2698 ?Meo

1999 2733 2203 2783 mento
2237 2744 2330 2784 me
2370 2730 2701 2785 secundum
2735 2730 2865 2785 illos
2902 2730 3030 2785 haec
3062 2731 3251 2786 dicere
3286 2747 3299 2796 ;
3342 2746 3461 2787 non
3487 2732 3653 2787 enim

1998 2832 2109 2886 ego
2142 2818 2317 2873 talem
2344 2820 2616 2874 animum
2642 2820 2831 2875 sentio
2868 2826 3004 2875 :aut
3026 2819 3073 2873 si
3101 2820 3520 2891 incorporeum
3551 2823 3653 2875 De-

1998 2906 2282 2962 mocritus
2294 2907 2564 2982 animum
2578 2907 2899 2974 existimat,
2924 2909 3204 2980 Epicurus
3225 2909 3469 2980 quidem
3484 2909 3648 2966 solus

1993 2994 2107 3049 ista
2132 2995 2363 3051 ratione
2384 2996 2576 3068 urgeri
2608 3001 2804 3068 potest
2835 3015 2847 3064 ;
2872 2996 2971 3052 sed
3002 2998 3182 3052 etiam
3204 2996 3298 3052 ille
3316 3013 3501 3069 quare
3524 3013 3646 3053 non

1994 3082 2159 3148 vidit,
2191 3100 2312 3140 non
2352 3101 2506 3157 opus
2537 3102 2666 3142 esse
2689 3102 2797 3142 nec
2820 3087 2947 3142 ﬁeri
2974 3102 3152 3157 posse
3172 3091 3235 3141 ut
3253 3087 3644 3157 incorporeus

1992 3174 2231 3228 animus
2245 3174 2501 3231 adventu
2516 3180 2697 3249 atque
2717 3181 3026 3233 contractu
3053 3192 3475 3248 corporearum
3499 3176 3646 3233 ima-

1990 3261 2199 3331 ginum
2240 3263 2455 3335 cogitet
2501 3266 2517 3301 ¹
2562 3266 2589 3321 ?
2636 3268 2711 3320 De
2745 3266 2873 3320 visu
2905 3269 3062 3322 certe
3115 3265 3426 3322 oculorum
3459 3266 3643 3322 ambo

1989 3351 2212 3421 puriter
2235 3353 2695 3424 redarguuntur;
2721 3359 2841 3410 tam
2869 3355 3028 3411 enim
3052 3355 3262 3411 breves
3282 3354 3641 3419 oculos,tam

1987 3439 2240 3508 grandia
2292 3441 2626 3511 imaginum
2676 3459 2924 3515 corpora
2966 3449 3083 3500 tota
3139 3444 3427 3513 attingere
3475 3443 3640 3499 nullo

1986 3528 2170 3584 modo
2199 3536 2475 3601 possunt.

2058 3622 2144 3675 30.
2170 3621 2314 3675 Cum
2339 3625 2536 3677 autem
2559 3622 2848 3693 quaeritur
2871 3623 2949 3678 ab
2967 3624 3050 3677 eis
3075 3638 3261 3693 quare
3289 3640 3409 3679 una
3432 3625 3636 3694 imago

1982 3706 2255 3762 videatur
2282 3711 2549 3780 corporis
2581 3709 2854 3781 alicujus,
2889 3727 2923 3767 a
2961 3727 3083 3783 quo
3124 3713 3637 3769 innumerabiliter

1976 3795 2275 3865 imagines
2299 3797 2493 3853 ﬂuunt
2522 3816 2535 3865 ;
2560 3800 2941 3871 respondent,
2972 3816 3043 3856 eo
3061 3800 3191 3872 ipso
3218 3817 3339 3873 quo
3362 3801 3635 3872 frequen-

1980 3888 2067 3940 ter
2089 3884 2282 3940 ﬂuunt
2299 3892 2353 3942 et
2378 3892 2691 3943 transeunt
2713 3888 3032 3960 imagines,
3048 3891 3223 3963 quasi
3246 3890 3512 3963 quadam
3536 3905 3633 3946 ea-

1978 3989 2110 4029 rum
2143 3975 2579 4044 constipatione
2627 3983 2679 4033 et
2715 3978 3007 4036 densitate
3056 3980 3183 4036 ﬁeri
3233 3984 3296 4035 ut
3326 3996 3399 4036 ex
3429 3979 3631 4036 multis

1979 4077 2100 4118 una
2138 4063 2428 4119 videatur.
2472 4066 2661 4130 Quam
2696 4068 3021 4125 vanitatem
3060 4070 3263 4127 Cicero
3288 4070 3368 4126 ita
3396 4069 3625 4135 refellit,

1975 4156 2040 4206 ut
2068 4167 2139 4207 eo
2169 4152 2301 4223 ipso
2332 4158 2507 4226 neget
2535 4160 2825 4211 internum
2860 4157 3040 4213 deum
3076 4173 3284 4214 eorum
3319 4175 3497 4231 posse
3528 4175 3629 4216 co-

1976 4238 2167 4307 gitari,
2192 4256 2311 4313 quo
2330 4242 2846 4301 innumerabiliter
2865 4246 3191 4303 ﬂuentibus
3211 4254 3266 4304 et
3287 4248 3626 4304 labentibus

1970 4327 2337 4397 imaginibus
2360 4333 2673 4401 cogitatur.
2698 4337 3622 4407 thuoniaminnumerabilitate

1971 4421 2311 4474 atomorum
2340 4421 2784 4493 suppeditante,
2816 4424 3022 4480 dicunt
3061 4426 3186 4481 fieri
3214 4426 3441 4481 formas
3473 4427 3621 4481 deo-

1968 4520 2102 4561 rum
2128 4509 2540 4580 sempiternas,
2574 4527 2711 4566 cum
2731 4512 2812 4569 ita
2839 4514 3153 4570 discedant
3178 4515 3460 4587 quaedam
3489 4531 3620 4571 cor-

1969 4597 2221 4667 puscula
2241 4599 2314 4653 de
2344 4598 2549 4654 divino
2575 4616 2823 4672 corpore
2851 4604 3051 4661 utalia
3072 4606 3413 4673 succedant,
3448 4611 3504 4662 et
3532 4606 3619 4662 di-

1967 4685 2116 4740 solvi
2135 4685 2297 4741 illam
2317 4691 2597 4744 naturam
2616 4690 2826 4746 eadem
2853 4693 3365 4750 successioneuon
3381 4693 3613 4753 sinant:

1967 4773 2181 4831 Omnia
2206 4790 2366 4846 ergo,
2398 4777 2607 4849 inquit,
2633 4787 2854 4838 (eterna
2884 4788 3094 4851 essent,
3121 4784 3265 4856 quia
3285 4784 3430 4840 nulli
3447 4785 3621 4840 deest

1965 4863 2077 4919 ista
2122 4865 2640 4925 innumerabilitas
2691 4875 3055 4938 atomorum,
3096 4890 3232 4947 quae
3294 4880 3613 4946 perpetuas

1964 4953 2167 5010 ruinas
2184 4954 2440 5011 subinde
2464 4958 2760 5031 suppleat.
2794 4961 3015 5019 Deinde
3040 4963 3349 5036 quomodo
3370 4978 3491 5019 non
3520 4976 3615 5017 ve-

1961 5048 2163 5099 reatur
2206 5043 2314 5099 iste
2344 5045 2495 5101 deus
2526 5063 2600 5103 ne
2629 5048 2897 5118 intereat,
2929 5068 3059 5110 cum
3100 5054 3226 5109 sine
3251 5054 3379 5111 ulla
3427 5054 3611 5110 inter-

1961 5133 2230 5190 missione
2273 5136 2567 5203 pulsetur,
2613 5139 2983 5214 agiteturque
3034 5147 3367 5200 atomorum
3409 5143 3610 5200 incur-

1958 5224 2121 5279 sione
2148 5226 2503 5292 sempiterna
2533 5226 2561 5281 ?
2589 5228 2811 5299 pulsari
2843 5231 3003 5287 enim
3041 5231 3182 5290 dicit
3208 5233 3354 5289 illud
3386 5249 3606 5308 corpus

1958 5313 2122 5384 quod
2152 5314 2513 5372 irruentibus
2542 5318 2759 5373 atomis
2806 5318 3068 5386 feriatur,
3102 5326 3156 5377 et
3191 5324 3401 5391 agitari
3440 5325 3605 5397 quod

1959 5407 2297 5472 penetretur
2332 5420 2342 5458 :
2387 5404 2603 5461 deinde
2631 5423 2762 5464 cum
2789 5423 2865 5465 ex
2888 5409 3015 5479 ipso
3044 5410 3356 5481 imagines,
3386 5414 3460 5470 de
3477 5416 3606 5488 qui-

1953 5490 2069 5546 bus
2094 5490 2222 5561 jam
2255 5494 2395 5547 satis
2412 5494 2636 5551 dictum
2672 5502 2779 5564 est,
2812 5514 3041 5569 semper
3073 5500 3334 5572 afﬂuant
3368 5503 3519 5576 (Lib.
3548 5506 3601 5572 1,

2016 5633 2030 5663 ¹
2057 5631 2204 5689 Lov.,
2222 5635 2495 5698 cogitetur.
2527 5637 2631 5689 Sed
2654 5638 2847 5691 melius
2865 5639 2989 5709 editi
3021 5640 3109 5691 alii
3137 5646 3189 5693 et
3206 5644 3312 5695 Mss
3348 5682 3361 5705 ,
3394 5649 3596 5710 cogitet.
