4074 6164
502 166 606 221 447

493 291 566 348 de
594 291 735 347 Nat.
778 291 1073 359 Deorum),
1107 289 1417 361 quomodo
1457 291 1649 360 potest
1678 287 1752 344 de
1789 286 2140 344 immortali-

492 383 607 437 tate
638 381 938 436 conﬁdere
973 381 1001 436 ἳ
1527 375 1534 383 ’

561 471 647 525 31.
675 471 736 524 In
759 469 973 539 quibus
1004 466 1288 522 omnibus
1309 467 1717 523 deliramentis
1738 467 1866 522 haec
1893 467 2142 538 opinan-

490 559 659 623 tium,
693 558 834 612 illud
863 555 1162 628 praecipue
1195 556 1526 611 dolendum
1555 562 1663 621 est,
1693 556 1858 627 quod
1893 572 2012 610 non
2046 571 2143 610 su-

492 646 633 701 fﬁcit
663 661 732 701 ea
763 646 1012 712 narrari,
1050 651 1110 700 ut
1141 644 1304 700 nulla
1335 645 1698 717 cujusquam
1739 645 2142 716 disputatione

489 735 840 790 adversante
859 740 1250 807 respuantur;
1291 734 1393 789 sed
1427 733 1916 790 acutissimorum
1953 733 2143 789 homi-

492 840 636 879 num
681 825 914 895 ingenia
950 824 1009 879 id
1042 825 1216 878 etiam
1258 824 1564 892 negotium
1623 827 2032 894 susceperunt,
2081 827 2144 876 ut

490 914 730 985 copiose
763 914 874 968 ista
916 912 1268 978 refellerent,
1319 928 1454 984 quae
1483 912 1680 967 statim
1715 912 1870 966 dicta
1903 913 2081 966 etiam
2108 926 2142 966 a

493 1002 854 1059 tardissimis
885 1002 1140 1056 derideri
1173 1002 1469 1073 abjicique
1497 1001 1852 1056 debuerunt.
1887 1001 1942 1057 Si
1984 999 2144 1056 enim

494 1092 854 1147 concesseris
881 1107 1009 1146 esse
1031 1096 1284 1159 atomos,
1321 1091 1366 1144 si
1399 1088 1768 1146 concesseris
1789 1090 1966 1144 etiam
1999 1103 2144 1144 con-

493 1197 665 1235 cursu
698 1180 939 1235 fortuito
979 1179 1208 1250 seipsas
1251 1179 1465 1250 pellere
1506 1184 1562 1234 et
1594 1177 1819 1248 agitare
1851 1194 1864 1243 ;
1899 1194 2044 1232 num
2089 1181 2146 1233 et

493 1269 638 1324 illud
665 1269 748 1323 eis
773 1268 859 1322 fas
884 1272 970 1322 est
995 1268 1421 1333 concedere,ut
1443 1269 1587 1322 inter
1613 1283 1674 1321 se
1703 1266 1886 1323 atomi
1909 1266 2144 1322 fortuito

495 1362 931 1422 concurrentes,
969 1373 1090 1412 rem
1134 1357 1396 1429 aliquam
1431 1358 1512 1412 ita
1546 1357 1883 1422 conﬁciant,
1921 1360 1980 1410 ut
2009 1371 2141 1411 eam

495 1447 688 1502 forma
719 1445 1118 1510 modiﬁcent‘,
1139 1446 1330 1514 figura
1358 1446 1769 1509 determinent,
1804 1444 2144 1516 aequalitate

497 1535 948 1608 poliant,colore
977 1535 1288 1600 illustrent,
1310 1534 1515 1589 anima
1536 1540 1803 1606 vegetent
1820 1535 1846 1588 ?
1863 1549 1997 1604 quas
2019 1549 2145 1588 om-

496 1627 596 1680 nia
626 1624 788 1679 nullo
836 1625 1016 1679 modo
1041 1625 1149 1678 nisi
1195 1628 1317 1678 arte
1350 1625 1565 1679 divinae
1603 1623 1987 1694 providentiae
2020 1623 2145 1678 ﬁeri

499 1715 670 1779 videt,
718 1713 991 1785 quisquis
1046 1714 1236 1783 magis
1292 1719 1486 1768 mente
1532 1729 1713 1784 quam
1767 1712 1949 1767 oculis
1985 1719 2148 1769 amat

499 1804 718 1865 videre,
751 1802 932 1874 idque
960 1802 1038 1856 ab
1069 1817 1138 1856 eo
1173 1803 1390 1872 expetit
1417 1819 1452 1858 a
1481 1818 1601 1873 quo
1637 1801 1828 1856 factus
1863 1808 1967 1858 est.
2001 1806 2145 1858 Nam

497 1907 606 1946 nec
638 1892 803 1962 ipsas
854 1897 1085 1945 atomos
1117 1907 1244 1945 esse
1278 1891 1397 1948 ullo
1453 1891 1634 1946 modo
1689 1891 2145 1947 concedendum

497 1986 587 2036 est
637 1997 650 2046 ;
692 1979 875 2052 quod,
915 1980 1142 2034 omissa
1179 1979 1498 2036 subtilitate
1535 1996 1668 2052 quae
1727 1979 1800 2034 de
1859 1980 2146 2035 divisione

499 2085 814 2140 corporum
835 2084 868 2122 a
890 2068 1078 2123 doctis
1102 2069 1369 2133 traditur,
1395 2068 1528 2124 vide
1545 2084 1729 2140 quam
1750 2068 1919 2124 facile
1942 2084 2149 2125 secun-

497 2160 641 2214 dum
668 2158 930 2230 ipsorum
950 2158 1298 2228 opinionem
1320 2158 1501 2229 possit
1523 2158 1780 2213 ostendi.
1807 2159 1968 2214 Certe
1986 2158 2148 2214 enim

500 2246 613 2320 ipsi
635 2247 839 2302 dicunt
862 2246 1066 2301 omnia
1087 2262 1225 2318 qum
1243 2246 1359 2301 sint
1387 2251 1638 2312 naturae,
1664 2247 1808 2302 nihil
1833 2263 1963 2302 esse
1986 2247 2147 2302 aliud

497 2353 681 2408 quam
698 2352 949 2407 corpora
963 2335 1229 2403 etinane,
1254 2351 1510 2408 quaeque
1526 2335 1616 2391 his
1645 2336 1921 2391 accidant
1948 2353 1962 2402 ;
1991 2336 2147 2408 quod

498 2425 678 2481 credo
702 2429 928 2480 motum
958 2429 1010 2479 et
1033 2424 1273 2495 pulsum
1289 2424 1483 2479 dicere
1499 2430 1552 2480 et
1582 2430 2013 2498 consequentes
2037 2425 2149 2480 for-

499 2531 644 2570 mas.
684 2514 888 2568 Dicant
926 2529 1067 2582 ergo
1097 2514 1153 2567 in
1185 2529 1307 2585 quo
1335 2529 1550 2584 genere
1582 2519 1807 2586 ponant
1835 2513 2146 2585 imagines,

505 2620 656 2676 quas
686 2603 759 2657 de
804 2601 1154 2673 corporibus
1196 2602 1576 2657 solidioribus
1621 2603 1864 2658 afﬂuere
1916 2607 2147 2674 putant,

507 2693 666 2764 ipsas
703 2691 946 2746 minime
987 2690 1231 2753 solidas,
1275 2691 1357 2746 ita
1399 2696 1457 2745 ut
1492 2695 1648 2746 tactu
1695 2692 1804 2746 nisi
1835 2692 2151 2747 oculorum

507 2797 642 2836 cum
673 2779 1232 2848 videmus,etanimi
1258 2796 1394 2834 cum
1419 2781 1776 2851 cOgitamus,
1806 2780 2008 2836 sentiri
2029 2796 2152 2835 non

508 2869 756 2942 possint,
799 2869 845 2923 si
885 2874 938 2924 et
966 2868 1101 2940 ipsa
1131 2884 1388 2940 corpora
1413 2874 1568 2923 sunt.
1603 2873 1749 2925 Nam
1780 2870 1858 2926 ita
1887 2875 2146 2935 censent,

506 2963 571 3015 ut
608 2959 765 3014 exire
795 2975 829 3013 a
859 2973 1107 3030 corpore
1135 2963 1190 3012 et
1221 2959 1413 3013 venire
1440 2959 1516 3013 ad
1545 2958 1766 3025 oculos,
1805 2959 1894 3014 vel
1925 2959 2000 3015 ad
2030 2959 2153 3014 ani-

507 3065 671 3103 mum
706 3049 956 3119 possint,
991 3063 1166 3120 quem
1203 3047 1589 3104 nihilominus
1619 3048 1825 3104 dicunt
1850 3065 1976 3103 esse
2029 3065 2155 3104 cor-

503 3153 776 3212 porcum.
804 3139 1015 3203 Quaero
1040 3142 1236 3192 utrum
1263 3137 1440 3192 etiam
1465 3137 1542 3193 ab
1579 3137 1728 3208 ipsis
1751 3138 1966 3193 atomis
1985 3137 2155 3192 afﬂu-

507 3232 609 3284 ant
637 3227 931 3298 imagines
954 3228 982 3283 ?
1011 3227 1064 3284 Si
1091 3226 1363 3288 afﬂuunt,
1387 3227 1695 3298 quomodo
1718 3227 1843 3297 jam
1877 3232 2013 3282 sunt
2035 3232 2156 3282 ato-

506 3318 610 3385 mi,
652 3333 687 3372 a
715 3315 937 3388 quibus
983 3314 1186 3385 aliqua
1217 3330 1466 3384 corpora
1501 3320 1857 3384 separantur
1887 3315 1916 3369 ?
1948 3316 1992 3368 si
2033 3331 2153 3370 non

507 3404 888 3468 afﬂuunt,aut
908 3408 1101 3474 potest
1118 3402 1342 3474 aliquid
1362 3403 1484 3457 sine
1502 3402 1868 3472 imaginibus
1883 3403 2151 3472 cogitari,

506 3494 669 3565 quod
711 3492 1090 3546 vehementer
1131 3489 1336 3545 nolunt
1381 3507 1394 3555 ;
1439 3497 1539 3546 aut
1573 3491 1730 3546 unde
1777 3499 1992 3546 norunt
2033 3496 2155 3548 ato-

510 3597 662 3645 mos,
684 3596 837 3653 quas
870 3595 976 3635 nec
1004 3579 1263 3649 cogitare
1286 3584 1601 3650 potuerunt
1629 3581 1657 3637 7
1686 3581 1796 3636 Sed
1825 3581 1953 3651 jam
1975 3582 2157 3652 pudet

509 3685 605 3727 me
634 3670 751 3724 ista
799 3668 1080 3735 refellere,
1136 3685 1272 3724 cum
1306 3685 1409 3724 eos
1454 3685 1573 3724 non
1609 3670 1845 3741 puderit
1885 3672 1996 3725 ista
2028 3686 2154 3725 sen-

509 3760 631 3816 tire.
688 3758 832 3813 Cum
888 3773 1028 3814 vero
1087 3758 1216 3813 ausi
1258 3758 1373 3813 sint
1415 3757 1596 3813 etiam
1636 3757 1976 3824 defendere,
2034 3775 2155 3814 non

502 3849 629 3920 jam
657 3863 886 3915 eorum,
921 3846 1023 3902 sed
1069 3846 1255 3918 ipsius
1282 3848 1514 3916 generis
1545 3847 1794 3904 humani
1826 3863 1918 3902 me
1947 3847 2154 3920 pudet,

507 3933 680 4004 cujus
712 3948 889 3989 aures
912 3932 1038 3987 haec
1069 3930 1219 3986 ferre
1243 3937 1581 4003 potuerunt.

578 4023 799 4078 CAPUT
820 4022 885 4075 V.
911 4021 1076 4076 —32.
1102 4023 1246 4076 Cum
1262 4021 1440 4090 igitur
1458 4025 1623 4076 tanta
1643 4022 1716 4076 sit
1736 4022 1969 4077 caecitas
1995 4036 2156 4077 men-

507 4111 652 4167 tium
687 4109 1072 4180 perilluviem
1101 4115 1487 4180 peccatorum
1520 4125 1913 4181 amoremque
1935 4110 2152 4175 carnis,

508 4199 763 4255 utetiam
793 4198 903 4254 ista
933 4198 1361 4254 sententiarum
1383 4204 1673 4270 portenta,
1709 4199 2155 4255 otiadoctorum

507 4293 808 4345 conterere
840 4287 1211 4360 disputando
1232 4288 1864 4359 potuerint,dubitabis
1889 4293 1968 4353 tu,
1993 4289 2156 4343 Dios-

509 4393 662 4442 core,
724 4377 813 4432 vel
864 4377 1190 4450 quisquam
1246 4377 1511 4446 vigilanti
1557 4377 1797 4446 ingenio
1843 4377 2151 4447 praeditus,

505 4467 627 4523 ullo
656 4466 839 4522 modo
881 4466 954 4522 ad
1008 4465 1381 4537 sequendam
1424 4465 1728 4520 veritatem
1766 4466 1976 4521 melius
2019 4482 2156 4521 con-

509 4556 614 4612 suli
649 4556 916 4628 potuisse
949 4554 1148 4625 generi
1192 4555 1482 4619 humano,
1532 4571 1717 4626 quam
1763 4560 1824 4610 ut
1866 4555 2048 4611 homo
2078 4555 2155 4612 ab

507 4647 640 4718 ipsa
670 4646 922 4701 Veritate
953 4649 1263 4715 susceptus
1285 4643 1681 4706 ineffabiliter,
1715 4649 1892 4716 atque
1915 4645 2158 4700 mirabi-

507 4734 655 4797 liter,
689 4737 746 4787 et
767 4733 952 4804 ipsius
982 4734 1037 4788 in
1060 4733 1226 4788 terris
1249 4748 1572 4803 personam
1596 4737 1995 4803 gerens,recta
2012 4750 2157 4804 prse-

508 4821 804 4894 cipiendo,
830 4827 886 4877 et
915 4822 1119 4877 divina
1153 4822 1448 4882 faciendo.
1489 4822 1802 4878 salubriter
1828 4823 1987 4878 credi
2031 4839 2157 4894 per-

509 4910 971 4982 suaderetquod
1003 4911 1274 4966 nondum
1309 4911 1632 4983 prudenter
1655 4911 2107 4983 possetintelligi
2130 4913 2157 4968 ?

508 5001 692 5073 Hujus
719 5015 828 5056 nos
851 4999 1052 5069 gloria:
1073 4999 1384 5067 servimus,
1418 4999 1555 5055 huic
1583 5005 1636 5054 te
1663 4999 2044 5056 immobiliter
2071 5007 2159 5056 at-

505 5108 624 5164 que
636 5093 979 5147 constanter
996 5089 1232 5144 credere
1251 5089 1581 5153 hortamur,
1613 5106 1907 5161 perquem
1934 5090 2157 5145 factum

509 5185 614 5246 est,
655 5186 717 5235 ut
747 5195 867 5235 non
896 5178 1095 5250 pauci,
1131 5177 1233 5233 sed
1268 5177 1470 5250 populi
1499 5180 1700 5243 etiam,
1742 5179 1844 5249 qui
1876 5194 1991 5233 non
2025 5195 2159 5250 pos-

511 5274 648 5325 sunt
681 5271 792 5325 ista
818 5267 1151 5338 dijudicare
1184 5268 1436 5335 ratione,
1469 5267 1586 5321 ﬁde
1619 5267 1863 5322 credant
1892 5271 1933 5329 ²,
1967 5268 2158 5324 donec

572 5378 584 5408 ¹
612 5377 712 5424 Sic.
743 5374 871 5424 Bad.
900 5376 1015 5422 Am.
1042 5375 1124 5423 Er.
1153 5378 1204 5424 et
1224 5375 1345 5423 Mss.
1379 5376 1444 5423 At
1475 5374 1600 5423 Lov.
1620 5374 1794 5429 habet,
1828 5373 2092 5433 aediﬁcent.

572 5441 589 5469 ³
621 5437 1207 5501 Μεεηνῇιὶοάιυαιυοιν,
1239 5438 1437 5500 aliique
1466 5451 1492 5486 e
1527 5438 1723 5486 nostris
1747 5437 2034 5501 duodecim
2061 5437 2156 5486 ha-

511 5499 655 5563 bent,
693 5499 1081 5563 ﬁdem-idean!
1115 5514 1132 5560 ;
1160 5514 1266 5550 non
1305 5499 1499 5563 inepte,
1532 5502 1574 5548 si
1605 5501 1801 5563 referas
1832 5499 1898 5548 ad
1933 5500 2160 5563 philoso-

511 5515 655 5554 nent,
693 5515 790 5560 [tae
824 5515 1081 5548 arrideant
1115 5515 1266 5560 ;non
1305 5515 1389 5548 lue

509 5562 738 5672 phorum
772 5561 964 5624 placita
1000 5565 1246 5625 superius
1285 5515 1425 5626 ειη)Ῐῖ

531 5625 666 5672 ectio
705 5623 834 5672 Lov.
864 5628 911 5671 et
940 5624 1169 5672 aliarum
1203 5625 1422 5672 editioni

531 5625 676 5686 ectio
705 5623 834 5672 Lov.
864 5628 911 5671 et
940 5623 1169 5686 aliarum
1203 5623 1517 5681 editionum,
1550 5626 1647 5686 ﬁde
1683 5627 1912 5678 credant.
1958 5623 2159 5676 scilicet

511 5686 567 5736 id
596 5685 876 5734 referendo
907 5685 974 5734 ad
1006 5699 1067 5736 ea
1101 5700 1219 5750 quce
1250 5687 1487 5738 Christus
1516 5685 1764 5752 praecepit
1791 5693 1842 5739 et
1861 5688 2000 5738 fecit.

1431 5567 1576 5627 cata.
1608 5562 1710 5627 Sed
1729 5565 1895 5612 etiam
1924 5562 2051 5627 apta
2081 5569 2158 5613 est

1772 163 1835 218 S.
1881 161 2268 219 AUGUSTINI
2307 161 2631 219 EPISCOPI
3762 172 3856 228 448

2251 287 2617 344 salutaribus
2645 287 2954 360 praeceptis
2975 287 3404 359 adminiculati,
3420 291 3666 348 evadant
3689 293 3759 349 ab
3777 294 3857 351 his

2249 376 2738 448 perplexitatibus
2760 378 2820 432 in
2843 393 3024 433 auras
3052 377 3386 450 purissimae
3415 386 3588 451 atque
3617 381 3859 438 sinceris-

2250 465 2416 522 simaa
2449 466 2728 523 veritatis.
2751 468 2932 539 Cujus
2951 467 3288 522 auctoritati
3305 472 3468 523 tanto
3490 469 3746 525 devotius
3773 473 3861 526 ob-

2249 557 2564 628 temperari
2615 561 2868 628 oportet,
2920 562 3147 629 quanto
3193 557 3469 614 videmus
3500 559 3718 615 nullum
3755 561 3864 631 jam

2248 660 2506 701 errorem
2540 661 2603 700 se
2629 645 2850 701 audere
2876 646 3178 710 extollere,
3212 645 3288 701 ad
3341 648 3772 718 congregandas
3797 650 3864 704 si-

2249 734 2308 790 bi
2363 735 2570 790 turbas
2615 735 3048 806 imperitorum,
3083 734 3183 807 qui
3222 751 3340 790 non
3374 736 3669 791 christiani
3701 740 3847 793 nomi

2249 823 2343 879 nis
2371 823 2707 879 velamenta
2738 824 3084 896 conquirat:
3118 841 3219 879 eos
3234 832 3430 880 autem
3449 825 3602 882 solos
3641 843 3706 882 ex
3732 833 3869 883 vete-

2250 911 2650 984 ribus,prmter
2667 913 3058 969 christianum
3075 929 3299 969 nomen
3315 915 3375 969 in
3389 917 3868 974 conventiunculis

2252 1002 2376 1055 suis
2398 1001 2706 1073 aliquanto
2738 1004 2755 1039 ¹
2791 1001 3158 1074 frequentius
3199 1002 3546 1073 perdurare,
3579 1005 3676 1076 qui
3704 1006 3872 1076 Scrip-

2251 1093 2412 1144 turas
2434 1105 2536 1146 eas
2555 1094 2773 1159 tenent,
2805 1106 3075 1162 perquas
3099 1092 3524 1147 annuntiatum
3556 1106 3678 1146 esse
3702 1093 3870 1164 ipsum

2254 1176 2574 1234 Dominum
2593 1181 2797 1234 Jesum
2830 1179 3148 1244 Christum,
3183 1196 3244 1235 se
3276 1180 3593 1250 intelligere
3619 1187 3670 1236 et
3698 1181 3872 1237 videre

2249 1266 2656 1324 dissimulant.
2693 1269 2871 1324 Porro
2913 1268 2991 1323 illi
3045 1270 3317 1340 quicum
3367 1269 3428 1324 in
3480 1269 3692 1326 unitate
3720 1275 3873 1342 atque

2251 1357 2676 1412 communione
2708 1357 3002 1413 catholica
3030 1374 3147 1412 non
3180 1359 3314 1421 sint,
3350 1357 3668 1414 christiano
3701 1365 3873 1414 tamen

2251 1447 2494 1500 nomine
2539 1445 2887 1515 gloriantur,
2931 1453 3228 1517 coguntur
3265 1446 3576 1502 adversari
3620 1447 3874 1503 credenti-

2251 1533 2388 1597 bus,
2422 1540 2477 1588 et
2501 1534 2725 1590 audent
2755 1535 3060 1606 imperitos
3099 1536 3278 1607 quasi
3311 1536 3539 1591 ratione
3571 1536 3871 1607 traducere;

2251 1623 2498 1694 quando
2543 1623 2804 1679 maxime
2837 1640 2974 1680 cum
3025 1625 3136 1679 ista
3172 1624 3469 1680 medicina
3502 1625 3774 1680 Dominus
3800 1643 3876 1681 ve-

2253 1713 2421 1777 nerit,
2453 1717 2516 1767 ut
2547 1713 2725 1768 ﬁdem
2757 1714 2996 1785 populis
3050 1715 3390 1784 imperaret.
3425 1714 3539 1769 Sed
3562 1714 3672 1769 hoc
3710 1715 3874 1772 facere

2251 1807 2567 1871 coguntur,
2603 1809 2663 1856 ut
2686 1803 2828 1870 dixi,
2855 1803 2997 1875 quia
3024 1803 3223 1874 jacere
3247 1820 3306 1858 se
3339 1803 3732 1873 abjectissime
3761 1819 3871 1859 sen'

2255 1889 2423 1954 tiunt,
2460 1891 2507 1944 si
2541 1906 2746 1946 eorum
2782 1891 3103 1946 auctoritas
3141 1908 3278 1947 cum
3312 1892 3424 1946 ista
3463 1892 3748 1946 medicina
3777 1894 3871 1947 Do-

2254 1977 2453 2033 minus
2481 1979 2723 2044 venerit,
2755 1979 3009 2034 utﬁdem
3035 1979 3629 2052 populisimperaret.
3647 1979 3752 2033 Sed
3777 1979 3872 2034 hoc

2254 2067 2445 2122 facere
2477 2073 2794 2136 coguntur,
2819 2076 2878 2122 ut
2909 2068 3049 2133 dixi,
3083 2068 3446 2141 quiajacere
3480 2084 3540 2124 se
3578 2067 3874 2138 abiectissi-

2258 2172 2351 2211 me
2383 2157 2663 2222 sentiunt,
2710 2157 2756 2211 si
2784 2173 2992 2212 eorum
3026 2159 3350 2213 auctoritas
3387 2173 3525 2212 cum
3558 2159 3872 2212 auctoritate

2255 2243 2546 2299 catholica
2583 2245 2941 2300 conferatur.
2989 2248 3291 2302 Conantur
3320 2261 3462 2318 ergo
3500 2245 3874 2300 auctoritatem

2256 2334 2702 2390 stabilissimam
2735 2334 3170 2391 fundatissimae
3217 2335 3490 2391 Ecclesia:
3531 2335 3701 2406 quasi
3729 2334 3875 2389 ratio-

2255 2423 2346 2479 nis
2400 2424 2641 2479 nomine
2690 2430 2742 2479 et
2804 2424 3228 2495 pollicitatione
3282 2439 3586 2496 superare.
3632 2423 3872 2478 Omnium

2255 2513 2409 2567 enim
2429 2512 2840 2568 haereticorum
2856 2513 3027 2584 quasi
3046 2512 3336 2583 regularis
3358 2512 3574 2567 estista
3589 2511 3874 2567 temeritas.

2256 2600 2370 2655 Sed
2391 2601 2483 2655 ille
2508 2601 2642 2656 ﬁdei
2672 2603 2995 2672 imperator
3017 2602 3551 2665 clementissimus,
3579 2607 3740 2671 etper
3764 2614 3878 2654 con-

2255 2695 2468 2746 ventus
2495 2690 2915 2746 celeberrimos
2944 2691 3305 2762 p0pulorum
3329 2697 3511 2763 atque
3538 2690 3878 2760 gentium,se-

2257 2778 2482 2851 desque
2514 2780 2674 2850 ipsas
2706 2779 3124 2851 Apostolorum
3157 2796 3290 2835 arce
3318 2779 3686 2835 auctoritatis
3717 2775 3879 2832 muni-

2259 2868 2339 2922 vit
2367 2868 2710 2936 Ecclesiam,
2745 2875 2799 2922 et
2832 2885 2934 2940 per
2975 2870 3286 2940 pauciores
3317 2869 3416 2940 pie
3438 2868 3644 2924 doctos
3687 2872 3738 2923 et
3765 2879 3878 2920 vere

2259 2957 2596 3029 spirituales
2630 2959 2810 3024 viros,
2843 2958 3275 3028 copiosissimis
3314 2957 3702 3030 apparatibus
3727 2955 3876 3008 etiam

2259 3045 2660 3101 invictissimm
2692 3044 2940 3100 rationis
2970 3045 3245 3100 armavit.
3278 3045 3498 3099 Verum
3532 3044 3629 3099 illa
3658 3041 3880 3097 rectissi-

2264 3151 2362 3190 ma
2401 3133 2716 3204 disciplina
2748 3139 2853 3200 est,
2893 3135 2951 3188 in
2983 3149 3182 3188 arcem
3227 3133 3366 3189 ﬁdei
3420 3150 3603 3205 quam
3653 3131 3878 3186 maxime

2261 3223 2444 3294 recipi
2477 3223 2765 3292 inﬁrmos,
2809 3227 2872 3276 ut
2916 3238 3020 3294 pro
3063 3221 3149 3277 eis
3187 3223 3314 3294 jam
3349 3222 3639 3278 tutissime
3679 3218 3875 3292 positis,

2263 3313 2582 3368 fortissima
2609 3311 2836 3367 ratione
2869 3317 3187 3383 pugnetur.

2333 3406 2418 3458 33.
2448 3402 2723 3457 Platonici
2758 3417 2920 3466 vero,
2949 3402 3050 3473 qui
3088 3400 3375 3456 falsorum
3410 3399 3875 3472 philosophorum

2265 3491 2565 3546 erroribus
2597 3489 2696 3545 illo
2729 3494 2994 3560 tempore
3018 3489 3626 3554 circumlatrantibus,
3663 3502 3767 3542 non
3796 3485 3880 3540 ha-

2264 3580 2471 3635 bcntes
2501 3579 2760 3633 divinam
2802 3593 3126 3650 personam
3168 3594 3289 3650 qua
3321 3579 3682 3649 imperarent
3707 3573 3878 3634 ﬁdem,

2265 3669 2619 3724 sententiam
2653 3684 2826 3724 suam
2865 3673 3059 3737 tegere
3091 3667 3509 3739 quaerendam,
3557 3681 3732 3738 quam
3763 3661 3875 3734 pol-

2262 3758 2550 3814 luendam
2578 3758 2809 3829 profero
2858 3758 3218 3823 maluerunt,
3252 3773 3388 3812 cum
3411 3758 3544 3828 jam
3575 3753 3770 3811 Christi
3796 3765 3879 3806 no-

2264 3863 2404 3904 men
2445 3847 2695 3903 terrenis
2727 3848 2926 3919 regnis
2957 3846 3398 3902 admirantibus
3439 3842 3879 3918 perturbatisque

2265 3938 2678 3998 crebresceret,
2704 3951 3002 4005 emergere
3027 3939 3351 4007 casperant,
3385 3936 3463 3990 ad
3495 3929 3878 4006 proferendum

2264 4032 2444 4099 atque
2476 4025 2865 4096 aperiendum
2899 4025 3045 4096 quid
3077 4025 3237 4080 Plato
3270 4025 3571 4079 sensisset.
3604 4025 3753 4078 Tunc
3780 4015 3879 4071 Plo-

2267 4117 2366 4171 tini
2388 4114 2593 4170 schola
2623 4117 2825 4170 Romae
2853 4113 3069 4179 ﬂoruit,
3091 4114 3422 4186 habuitque
3446 4107 3876 4179 condiscipulos.

2266 4204 2484 4260 multos
2518 4203 2899 4259 acutissimos
2923 4208 2977 4259 et
3004 4203 3427 4258 solertissimos
3459 4202 3631 4257 viros.
3664 4195 3766 4256 Sed
3793 4192 3876 4248 ali-

2262 4293 2366 4367 qui
2420 4308 2628 4348 eorum
2665 4292 3034 4362 magicarum
3068 4292 3283 4346 artium
3315 4290 3653 4347 curiositate
3697 4286 3877 4355 depra-

2263 4384 2383 4438 vati
2417 4387 2574 4450 sunt,
2607 4381 2790 4453 aliqui
2825 4382 3144 4436 Dominum
3173 4381 3375 4436 Jesum
3409 4381 3693 4435 Christum
3720 4372 3877 4446 ipsius

2264 4472 2522 4527 veritatis
2580 4476 2758 4541 atque
2810 4470 3112 4540 sapientiae
3156 4467 3680 4532 incommutabilis,
3721 4473 3876 4535 quam

2263 4560 2638 4617 conabantur
2662 4558 2970 4628 attingere,
3001 4563 3431 4628 cognoscentes
3458 4562 3680 4627 gestare
3711 4562 3876 4624 perso-

2265 4666 2430 4711 nam,
2466 4650 2523 4703 in
2583 4648 2713 4719 ejus
2743 4648 3016 4703 militiam
3067 4648 3444 4702 transierunt.
3481 4651 3678 4717 itaque
3717 4645 3874 4694 totum

2264 4738 2499 4793 culmen
2543 4737 2909 4791 auctoritatis
2942 4735 3266 4806 lumenque
3296 4735 3542 4790 rationis
3576 4735 3629 4788 in
3665 4731 3753 4786 illo
3781 4738 3877 4780 uno

2265 4827 2506 4882 salutari
2561 4826 2802 4882 nomine
2851 4829 3028 4896 atque
3071 4825 3128 4880 in
3173 4841 3294 4880 una
3335 4825 3461 4896 ejus
3499 4821 3763 4883 Ecclesia,
3810 4829 3878 4869 re-

2265 4916 2526 4972 creando
2560 4922 2736 4987 atque
2769 4913 3150 4970 reformando
3178 4914 3447 4969 humano
3471 4912 3664 4983 generi
3695 4902 3878 4963 consti-

2267 5011 2459 5061 tutum
2493 5009 2598 5060 est.

2336 5095 2427 5151 34.
2462 5096 2590 5148 Haec
2623 5108 2716 5147 me
2753 5091 2849 5146 tibi
2881 5091 3213 5146 diutissime
3237 5091 3295 5145 in
3320 5091 3433 5146 hac
3463 5087 3705 5161 epistola
3741 5084 3879 5137 locu-

2266 5189 2409 5247 tum,
2434 5183 2538 5238 etsi
2563 5182 2680 5236 alia
2701 5181 2846 5235 forte
2875 5186 2933 5234 tu
2969 5180 3196 5246 malles,
3231 5179 3478 5234 omnino
3506 5192 3619 5232 non
3643 5171 3875 5246 poenitet-

2266 5271 2552 5327 Probabis
2578 5270 2737 5324 enim
2762 5270 2887 5323 haec
2905 5269 3360 5341 magisquanto
3391 5268 3576 5336 magis
3597 5266 3650 5319 in
3671 5260 3876 5316 veritate

2267 5360 2542 5433 proﬁcies
2576 5364 2660 5419 ;et
2692 5362 2832 5412 tunc
2851 5357 3137 5429 probabis
3155 5357 3467 5414 consilium
3501 5369 3714 5415 meum,
3738 5343 3875 5418 quod

2266 5465 2424 5504 nunc
2458 5448 2686 5503 utilitati
2711 5447 3047 5502 studiorum
3079 5453 3318 5502 tuorum
3341 5446 3534 5500 minus
3557 5442 3872 5499 obsecutum

2332 5629 2343 5654 ¹
2387 5626 2536 5688 Lov..
2573 5625 2842 5688 aliquanto
2889 5624 3082 5688 diutius
3120 5624 3195 5672 vel
3238 5623 3569 5686 frequentius.
3619 5617 3727 5666 Alii.
3761 5608 3864 5662 Cdd.

2273 5701 2382 5737 non
2419 5687 2634 5744 habent,
2659 5687 2858 5737 diutius
2893 5687 2988 5738 vel.
