  <div class='ocr_page' id='page_1' title='image "/cluster/home/n/w/nwhite01/storage/ocr_20150623/33/hvd.32044096580568/222.png"; bbox 0 0 4074 6158; ppageno 0'>
   <div class='ocr_carea' id='block_1_1' title="bbox 202 148 293 205">
    <p class='ocr_par' dir='ltr' id='par_1_1' title="bbox 202 148 293 205">
     <span class='ocr_line' id='line_1_1' title="bbox 202 148 293 205; baseline -0.011 0"><span class='ocrx_word' id='word_1_1' title='bbox 202 148 293 205; x_wconf 63' lang='grc'><strong>449</strong></span> 
     </span>
    </p>
   </div>
   <div class='ocr_carea' id='block_1_2' title="bbox 198 269 1823 347">
    <p class='ocr_par' dir='ltr' id='par_1_2' title="bbox 198 269 1823 347">
     <span class='ocr_line' id='line_1_2' title="bbox 198 269 1823 347; baseline -0.002 -19"><span class='ocrx_word' id='word_1_2' title='bbox 198 276 379 347; x_wconf 88' lang='lat' dir='ltr'><strong>putas.</strong></span> <span class='ocrx_word' id='word_1_3' title='bbox 420 271 779 342; x_wconf 77' lang='lat' dir='ltr'><strong>Quanquam</strong></span> <span class='ocrx_word' id='word_1_4' title='bbox 823 269 1000 326; x_wconf 89' lang='lat' dir='ltr'><strong>etiam</strong></span> <span class='ocrx_word' id='word_1_5' title='bbox 1043 269 1156 326; x_wconf 87' lang='lat' dir='ltr'><strong>illis</strong></span> <span class='ocrx_word' id='word_1_6' title='bbox 1203 269 1349 341; x_wconf 86' lang='lat' dir='ltr'><strong>ipsis</strong></span> <span class='ocrx_word' id='word_1_7' title='bbox 1387 269 1823 343; x_wconf 63' lang='lat' dir='ltr'><strong>quaestionibus</strong></span> 
     </span>
    </p>
   </div>
   <div class='ocr_carea' id='block_1_3' title="bbox 197 357 1821 431">
    <p class='ocr_par' dir='ltr' id='par_1_3' title="bbox 197 357 1821 431">
     <span class='ocr_line' id='line_1_3' title="bbox 197 357 1821 431; baseline -0.001 -15"><span class='ocrx_word' id='word_1_8' title='bbox 197 361 322 425; x_wconf 85' lang='lat' dir='ltr'><strong>tuis,</strong></span> <span class='ocrx_word' id='word_1_9' title='bbox 352 374 473 416; x_wconf 93' lang='lat' dir='ltr'><strong>non</strong></span> <span class='ocrx_word' id='word_1_10' title='bbox 530 357 721 414; x_wconf 90' lang='lat' dir='ltr'><strong>solum</strong></span> <span class='ocrx_word' id='word_1_11' title='bbox 751 358 1121 431; x_wconf 81' lang='lat' dir='ltr'><strong>quibusdam</strong></span> <span class='ocrx_word' id='word_1_12' title='bbox 1156 359 1218 414; x_wconf 88' lang='lat' dir='ltr'><strong>in</strong></span> <span class='ocrx_word' id='word_1_13' title='bbox 1250 359 1363 415; x_wconf 87' lang='lat' dir='ltr'><strong>hac</strong></span> <span class='ocrx_word' id='word_1_14' title='bbox 1408 358 1678 431; x_wconf 89' lang='lat' dir='ltr'><strong>epistola,</strong></span> <span class='ocrx_word' id='word_1_15' title='bbox 1718 358 1821 414; x_wconf 89' lang='lat' dir='ltr'><strong>sed</strong></span> 
     </span>
    </p>
   </div>
   <div class='ocr_carea' id='block_1_4' title="bbox 196 447 1822 519">
    <p class='ocr_par' dir='ltr' id='par_1_4' title="bbox 196 447 1822 519">
     <span class='ocr_line' id='line_1_4' title="bbox 196 447 1822 519; baseline -0.003 -13"><span class='ocrx_word' id='word_1_16' title='bbox 196 450 357 507; x_wconf 88' lang='lat' dir='ltr'><strong>etiam</strong></span> <span class='ocrx_word' id='word_1_17' title='bbox 387 448 615 503; x_wconf 64' lang='lat' dir='ltr'><strong>caeteris</strong></span> <span class='ocrx_word' id='word_1_18' title='bbox 662 462 813 519; x_wconf 91' lang='lat' dir='ltr'><strong>pene</strong></span> <span class='ocrx_word' id='word_1_19' title='bbox 848 448 1132 503; x_wconf 88' lang='lat' dir='ltr'><strong>omnibus</strong></span> <span class='ocrx_word' id='word_1_20' title='bbox 1163 448 1222 502; x_wconf 91' lang='lat' dir='ltr'><strong>in</strong></span> <span class='ocrx_word' id='word_1_21' title='bbox 1249 447 1391 519; x_wconf 83' lang='lat' dir='ltr'><strong>ipsis</strong></span> <span class='ocrx_word' id='word_1_22' title='bbox 1432 447 1822 513; x_wconf 79' lang='lat' dir='ltr'><strong>membranis,</strong></span> 
     </span>
    </p>
   </div>
   <div class='ocr_carea' id='block_1_5' title="bbox 195 536 1825 609">
    <p class='ocr_par' dir='ltr' id='par_1_5' title="bbox 195 536 1825 609">
     <span class='ocr_line' id='line_1_5' title="bbox 195 536 1825 609; baseline -0.002 -14"><span class='ocrx_word' id='word_1_23' title='bbox 195 542 246 595; x_wconf 90' lang='lat' dir='ltr'><strong>in</strong></span> <span class='ocrx_word' id='word_1_24' title='bbox 277 538 494 609; x_wconf 86' lang='lat' dir='ltr'><strong>quibus</strong></span> <span class='ocrx_word' id='word_1_25' title='bbox 525 553 623 592; x_wconf 86' lang='lat' dir='ltr'><strong>eas</strong></span> <span class='ocrx_word' id='word_1_26' title='bbox 656 537 867 591; x_wconf 84' lang='lat' dir='ltr'><strong>misisti</strong></span> <span class='ocrx_word' id='word_1_27' title='bbox 910 541 972 591; x_wconf 88' lang='lat' dir='ltr'><strong>ut.</strong></span> <span class='ocrx_word' id='word_1_28' title='bbox 998 536 1162 608; x_wconf 81' lang='lat' dir='ltr'><strong>potui</strong></span> <span class='ocrx_word' id='word_1_29' title='bbox 1192 536 1449 592; x_wconf 80' lang='lat' dir='ltr'><strong>breviter</strong></span> <span class='ocrx_word' id='word_1_30' title='bbox 1473 536 1825 592; x_wconf 88' lang='lat' dir='ltr'><strong>annotando</strong></span> 
     </span>
    </p>
   </div>
   <div class='ocr_carea' id='block_1_6' title="bbox 194 624 1823 699">
    <p class='ocr_par' dir='ltr' id='par_1_6' title="bbox 194 624 1823 699">
     <span class='ocr_line' id='line_1_6' title="bbox 194 624 1823 699; baseline -0.002 -15"><span class='ocrx_word' id='word_1_31' title='bbox 194 625 615 699; x_wconf 85' lang='lat' dir='ltr'><strong>responderim.</strong></span> <span class='ocrx_word' id='word_1_32' title='bbox 664 625 727 680; x_wconf 87' lang='lat' dir='ltr'><strong>In</strong></span> <span class='ocrx_word' id='word_1_33' title='bbox 758 626 978 697; x_wconf 85' lang='lat' dir='ltr'><strong>quibus</strong></span> <span class='ocrx_word' id='word_1_34' title='bbox 1019 628 1067 681; x_wconf 88' lang='lat' dir='ltr'><strong>si</strong></span> <span class='ocrx_word' id='word_1_35' title='bbox 1109 641 1203 681; x_wconf 91' lang='lat' dir='ltr'><strong>me</strong></span> <span class='ocrx_word' id='word_1_36' title='bbox 1243 642 1478 698; x_wconf 88' lang='lat' dir='ltr'><strong>parum,</strong></span> <span class='ocrx_word' id='word_1_37' title='bbox 1529 632 1633 682; x_wconf 91' lang='lat' dir='ltr'><strong>aut</strong></span> <span class='ocrx_word' id='word_1_38' title='bbox 1663 624 1823 680; x_wconf 80' lang='lat' dir='ltr'><strong>aliud</strong></span> 
     </span>
    </p>
   </div>
   <div class='ocr_carea' id='block_1_7' title="bbox 193 714 1823 790">
    <p class='ocr_par' dir='ltr' id='par_1_7' title="bbox 193 714 1823 790">
     <span class='ocr_line' id='line_1_7' title="bbox 193 714 1823 790; baseline -0.001 -19"><span class='ocrx_word' id='word_1_39' title='bbox 193 732 363 790; x_wconf 87' lang='lat' dir='ltr'><strong>quam</strong></span> <span class='ocrx_word' id='word_1_40' title='bbox 387 715 634 771; x_wconf 85' lang='lat' dir='ltr'><strong>volebas</strong></span> <span class='ocrx_word' id='word_1_41' title='bbox 660 716 851 783; x_wconf 80' lang='lat' dir='ltr'><strong>egisse</strong></span> <span class='ocrx_word' id='word_1_42' title='bbox 884 714 1213 779; x_wconf 89' lang='lat' dir='ltr'><strong>arbitraris,</strong></span> <span class='ocrx_word' id='word_1_43' title='bbox 1251 730 1372 770; x_wconf 92' lang='lat' dir='ltr'><strong>non</strong></span> <span class='ocrx_word' id='word_1_44' title='bbox 1395 720 1547 771; x_wconf 89' lang='lat' dir='ltr'><strong>recte</strong></span> <span class='ocrx_word' id='word_1_45' title='bbox 1574 715 1823 785; x_wconf 79' lang='lat' dir='ltr'><strong>cogitas,</strong></span> 
     </span>
    </p>
   </div>
   <div class='ocr_carea' id='block_1_8' title="bbox 196 804 1828 876">
    <p class='ocr_par' dir='ltr' id='par_1_8' title="bbox 196 804 1828 876">
     <span class='ocr_line' id='line_1_8' title="bbox 196 804 1828 876; baseline -0.002 -14"><span class='ocrx_word' id='word_1_46' title='bbox 196 806 263 862; x_wconf 89' lang='lat' dir='ltr'><strong>mi</strong></span> <span class='ocrx_word' id='word_1_47' title='bbox 292 804 583 868; x_wconf 91' lang='lat' dir='ltr'><strong>Dioscore,</strong></span> <span class='ocrx_word' id='word_1_48' title='bbox 629 821 665 860; x_wconf 94' lang='lat' dir='ltr'><strong>a</strong></span> <span class='ocrx_word' id='word_1_49' title='bbox 705 819 826 875; x_wconf 91' lang='lat' dir='ltr'><strong>quo</strong></span> <span class='ocrx_word' id='word_1_50' title='bbox 854 819 1014 859; x_wconf 90' lang='lat' dir='ltr'><strong>nunc</strong></span> <span class='ocrx_word' id='word_1_51' title='bbox 1056 806 1171 859; x_wconf 90' lang='lat' dir='ltr'><strong>ista</strong></span> <span class='ocrx_word' id='word_1_52' title='bbox 1207 805 1538 876; x_wconf 74' lang='lat' dir='ltr'><strong>quaesieris.</strong></span> <span class='ocrx_word' id='word_1_53' title='bbox 1568 805 1828 860; x_wconf 86' lang='lat' dir='ltr'><strong>Oratoris</strong></span> 
     </span>
    </p>
   </div>
   <div class='ocr_carea' id='block_1_9' title="bbox 192 892 1828 966">
    <p class='ocr_par' dir='ltr' id='par_1_9' title="bbox 192 892 1828 966">
     <span class='ocr_line' id='line_1_9' title="bbox 192 892 1828 966; baseline -0.001 -15"><span class='ocrx_word' id='word_1_54' title='bbox 192 900 366 951; x_wconf 85' lang='lat' dir='ltr'><strong>autem</strong></span> <span class='ocrx_word' id='word_1_55' title='bbox 396 893 808 966; x_wconf 89' lang='lat' dir='ltr'><strong>librorumque</strong></span> <span class='ocrx_word' id='word_1_56' title='bbox 837 892 911 948; x_wconf 90' lang='lat' dir='ltr'><strong>de</strong></span> <span class='ocrx_word' id='word_1_57' title='bbox 940 894 1182 949; x_wconf 80' lang='lat' dir='ltr'><strong>Oratore</strong></span> <span class='ocrx_word' id='word_1_58' title='bbox 1224 909 1434 949; x_wconf 89' lang='lat' dir='ltr'><strong>omnes</strong></span> <span class='ocrx_word' id='word_1_59' title='bbox 1467 894 1828 966; x_wconf 65' lang='lat' dir='ltr'><strong>quaestiones</strong></span> 
     </span>
    </p>
   </div>
   <div class='ocr_carea' id='block_1_10' title="bbox 193 980 1829 1055">
    <p class='ocr_par' dir='ltr' id='par_1_10' title="bbox 193 980 1829 1055">
     <span class='ocr_line' id='line_1_10' title="bbox 193 980 1829 1055; baseline -0.001 -17"><span class='ocrx_word' id='word_1_60' title='bbox 193 982 550 1055; x_wconf 65' lang='lat' dir='ltr'><strong>praetermisi.</strong></span> <span class='ocrx_word' id='word_1_61' title='bbox 585 981 789 1038; x_wconf 82' lang='lat' dir='ltr'><strong>Nescio</strong></span> <span class='ocrx_word' id='word_1_62' title='bbox 815 981 951 1053; x_wconf 82' lang='lat' dir='ltr'><strong>quis</strong></span> <span class='ocrx_word' id='word_1_63' title='bbox 982 983 1143 1038; x_wconf 90' lang='lat' dir='ltr'><strong>enim</strong></span> <span class='ocrx_word' id='word_1_64' title='bbox 1184 987 1441 1051; x_wconf 89' lang='lat' dir='ltr'><strong>nugator</strong></span> <span class='ocrx_word' id='word_1_65' title='bbox 1500 980 1644 1037; x_wconf 85' lang='lat' dir='ltr'><strong>mihi</strong></span> <span class='ocrx_word' id='word_1_66' title='bbox 1700 997 1829 1037; x_wconf 87' lang='lat' dir='ltr'><strong>esse</strong></span> 
     </span>
    </p>
   </div>
   <div class='ocr_carea' id='block_1_11' title="bbox 190 1070 1824 1143">
    <p class='ocr_par' dir='ltr' id='par_1_11' title="bbox 190 1070 1824 1143">
     <span class='ocr_line' id='line_1_11' title="bbox 190 1070 1824 1143; baseline -0.001 -16"><span class='ocrx_word' id='word_1_67' title='bbox 190 1072 334 1127; x_wconf 77' lang='lat' dir='ltr'><strong>visus</strong></span> <span class='ocrx_word' id='word_1_68' title='bbox 381 1086 539 1136; x_wconf 89' lang='lat' dir='ltr'><strong>sum,</strong></span> <span class='ocrx_word' id='word_1_69' title='bbox 577 1070 627 1125; x_wconf 88' lang='lat' dir='ltr'><strong>si</strong></span> <span class='ocrx_word' id='word_1_70' title='bbox 675 1086 777 1126; x_wconf 89' lang='lat' dir='ltr'><strong>eas</strong></span> <span class='ocrx_word' id='word_1_71' title='bbox 808 1071 1197 1141; x_wconf 80' lang='lat' dir='ltr'><strong>exponendas</strong></span> <span class='ocrx_word' id='word_1_72' title='bbox 1230 1085 1641 1143; x_wconf 85' lang='lat' dir='ltr'><strong>persequerer.</strong></span> <span class='ocrx_word' id='word_1_73' title='bbox 1674 1071 1824 1126; x_wconf 89' lang='lat' dir='ltr'><strong>Nam</strong></span> 
     </span>
    </p>
   </div>
   <div class='ocr_carea' id='block_1_12' title="bbox 191 1159 1829 1231">
    <p class='ocr_par' dir='ltr' id='par_1_12' title="bbox 191 1159 1829 1231">
     <span class='ocr_line' id='line_1_12' title="bbox 191 1159 1829 1231; baseline -0.002 -14"><span class='ocrx_word' id='word_1_74' title='bbox 191 1160 257 1217; x_wconf 88' lang='lat' dir='ltr'><strong>de</strong></span> <span class='ocrx_word' id='word_1_75' title='bbox 293 1160 508 1216; x_wconf 64' lang='lat' dir='ltr'><strong>ceteris</strong></span> <span class='ocrx_word' id='word_1_76' title='bbox 553 1175 797 1231; x_wconf 90' lang='lat' dir='ltr'><strong>possem</strong></span> <span class='ocrx_word' id='word_1_77' title='bbox 829 1160 1009 1215; x_wconf 88' lang='lat' dir='ltr'><strong>etiam</strong></span> <span class='ocrx_word' id='word_1_78' title='bbox 1053 1160 1329 1216; x_wconf 86' lang='lat' dir='ltr'><strong>decenter</strong></span> <span class='ocrx_word' id='word_1_79' title='bbox 1376 1160 1749 1230; x_wconf 86' lang='lat' dir='ltr'><strong>interrogari,</strong></span> <span class='ocrx_word' id='word_1_80' title='bbox 1782 1159 1829 1214; x_wconf 88' lang='lat' dir='ltr'><strong>si</strong></span> 
     </span>
    </p>
   </div>
   <div class='ocr_carea' id='block_1_13' title="bbox 195 1248 1827 1321">
    <p class='ocr_par' dir='ltr' id='par_1_13' title="bbox 195 1248 1827 1321">
     <span class='ocr_line' id='line_1_13' title="bbox 195 1248 1827 1321; baseline -0.001 -16"><span class='ocrx_word' id='word_1_81' title='bbox 195 1249 326 1305; x_wconf 88' lang='lat' dir='ltr'><strong>mihi</strong></span> <span class='ocrx_word' id='word_1_82' title='bbox 359 1248 682 1319; x_wconf 87' lang='lat' dir='ltr'><strong>quisquam</strong></span> <span class='ocrx_word' id='word_1_83' title='bbox 710 1264 803 1304; x_wconf 90' lang='lat' dir='ltr'><strong>res</strong></span> <span class='ocrx_word' id='word_1_84' title='bbox 846 1249 1034 1321; x_wconf 87' lang='lat' dir='ltr'><strong>ipsas,</strong></span> <span class='ocrx_word' id='word_1_85' title='bbox 1061 1265 1181 1305; x_wconf 92' lang='lat' dir='ltr'><strong>non</strong></span> <span class='ocrx_word' id='word_1_86' title='bbox 1214 1250 1289 1304; x_wconf 88' lang='lat' dir='ltr'><strong>de</strong></span> <span class='ocrx_word' id='word_1_87' title='bbox 1320 1249 1482 1305; x_wconf 88' lang='lat' dir='ltr'><strong>libris</strong></span> <span class='ocrx_word' id='word_1_88' title='bbox 1508 1248 1827 1314; x_wconf 88' lang='lat' dir='ltr'><strong>Ciceronis,</strong></span> 
     </span>
    </p>
   </div>
   <div class='ocr_carea' id='block_1_14' title="bbox 193 1338 1827 1411">
    <p class='ocr_par' dir='ltr' id='par_1_14' title="bbox 193 1338 1827 1411">
     <span class='ocr_line' id='line_1_14' title="bbox 193 1338 1827 1411; baseline -0.001 -17"><span class='ocrx_word' id='word_1_89' title='bbox 193 1340 283 1394; x_wconf 86' lang='lat' dir='ltr'><strong>sed</strong></span> <span class='ocrx_word' id='word_1_90' title='bbox 313 1353 416 1409; x_wconf 89' lang='lat' dir='ltr'><strong>per</strong></span> <span class='ocrx_word' id='word_1_91' title='bbox 459 1339 691 1408; x_wconf 87' lang='lat' dir='ltr'><strong>seipsas</strong></span> <span class='ocrx_word' id='word_1_92' title='bbox 730 1338 1076 1394; x_wconf 87' lang='lat' dir='ltr'><strong>tractandas</strong></span> <span class='ocrx_word' id='word_1_93' title='bbox 1107 1338 1645 1411; x_wconf 85' lang='lat' dir='ltr'><strong>dissolvendasque</strong></span> <span class='ocrx_word' id='word_1_94' title='bbox 1696 1353 1827 1410; x_wconf 91' lang='lat' dir='ltr'><strong>pro-</strong></span> 
     </span>
    </p>
   </div>
   <div class='ocr_carea' id='block_1_15' title="bbox 193 1425 1833 1499">
    <p class='ocr_par' dir='ltr' id='par_1_15' title="bbox 193 1425 1833 1499">
     <span class='ocr_line' id='line_1_15' title="bbox 193 1425 1833 1499; baseline 0 -16"><span class='ocrx_word' id='word_1_95' title='bbox 193 1428 367 1483; x_wconf 81' lang='lat' dir='ltr'><strong>terret.</strong></span> <span class='ocrx_word' id='word_1_96' title='bbox 396 1429 457 1483; x_wconf 92' lang='lat' dir='ltr'><strong>In</strong></span> <span class='ocrx_word' id='word_1_97' title='bbox 491 1425 605 1482; x_wconf 86' lang='lat' dir='ltr'><strong>illis</strong></span> <span class='ocrx_word' id='word_1_98' title='bbox 637 1432 841 1483; x_wconf 89' lang='lat' dir='ltr'><strong>autem</strong></span> <span class='ocrx_word' id='word_1_99' title='bbox 864 1443 958 1483; x_wconf 88' lang='lat' dir='ltr'><strong>res</strong></span> <span class='ocrx_word' id='word_1_100' title='bbox 990 1428 1135 1498; x_wconf 62' lang='lat' dir='ltr'><strong>ipsa:</strong></span> <span class='ocrx_word' id='word_1_101' title='bbox 1162 1444 1321 1483; x_wconf 90' lang='lat' dir='ltr'><strong>nunc</strong></span> <span class='ocrx_word' id='word_1_102' title='bbox 1350 1433 1567 1484; x_wconf 65' lang='lat' dir='ltr'><strong>nostras</strong></span> <span class='ocrx_word' id='word_1_103' title='bbox 1606 1426 1833 1499; x_wconf 80' lang='lat' dir='ltr'><strong>profes-</strong></span> 
     </span>
    </p>
   </div>
   <div class='ocr_carea' id='block_1_16' title="bbox 195 1516 1832 1588">
    <p class='ocr_par' dir='ltr' id='par_1_16' title="bbox 195 1516 1832 1588">
     <span class='ocr_line' id='line_1_16' title="bbox 195 1516 1832 1588; baseline 0.001 -16"><span class='ocrx_word' id='word_1_104' title='bbox 195 1516 329 1572; x_wconf 87' lang='lat' dir='ltr'><strong>sioni</strong></span> <span class='ocrx_word' id='word_1_105' title='bbox 353 1516 554 1572; x_wconf 89' lang='lat' dir='ltr'><strong>minus</strong></span> <span class='ocrx_word' id='word_1_106' title='bbox 587 1524 945 1588; x_wconf 87' lang='lat' dir='ltr'><strong>congruunt.</strong></span> <span class='ocrx_word' id='word_1_107' title='bbox 978 1519 1108 1573; x_wconf 64' lang='lat' dir='ltr'><strong>Haec</strong></span> <span class='ocrx_word' id='word_1_108' title='bbox 1135 1525 1335 1573; x_wconf 82' lang='lat' dir='ltr'><strong>autem</strong></span> <span class='ocrx_word' id='word_1_109' title='bbox 1357 1519 1563 1574; x_wconf 91' lang='lat' dir='ltr'><strong>omnia</strong></span> <span class='ocrx_word' id='word_1_110' title='bbox 1593 1533 1711 1573; x_wconf 93' lang='lat' dir='ltr'><strong>non</strong></span> <span class='ocrx_word' id='word_1_111' title='bbox 1740 1517 1832 1573; x_wconf 76' lang='lat' dir='ltr'><strong>ta-</strong></span> 
     </span>
    </p>
   </div>
   <div class='ocr_carea' id='block_1_17' title="bbox 196 1606 1831 1679">
    <p class='ocr_par' dir='ltr' id='par_1_17' title="bbox 196 1606 1831 1679">
     <span class='ocr_line' id='line_1_17' title="bbox 196 1606 1831 1679; baseline 0.001 -18"><span class='ocrx_word' id='word_1_112' title='bbox 196 1621 394 1673; x_wconf 87' lang='lat' dir='ltr'><strong>cerem,</strong></span> <span class='ocrx_word' id='word_1_113' title='bbox 441 1606 553 1661; x_wconf 88' lang='lat' dir='ltr'><strong>nisi</strong></span> <span class='ocrx_word' id='word_1_114' title='bbox 604 1622 697 1661; x_wconf 91' lang='lat' dir='ltr'><strong>me</strong></span> <span class='ocrx_word' id='word_1_115' title='bbox 746 1612 881 1677; x_wconf 90' lang='lat' dir='ltr'><strong>post</strong></span> <span class='ocrx_word' id='word_1_116' title='bbox 924 1607 1358 1677; x_wconf 62' lang='lat' dir='ltr'><strong>aegritudinem,</strong></span> <span class='ocrx_word' id='word_1_117' title='bbox 1402 1608 1458 1661; x_wconf 85' lang='lat' dir='ltr'><strong>in</strong></span> <span class='ocrx_word' id='word_1_118' title='bbox 1500 1623 1625 1679; x_wconf 92' lang='lat' dir='ltr'><strong>qua</strong></span> <span class='ocrx_word' id='word_1_119' title='bbox 1663 1622 1831 1663; x_wconf 91' lang='lat' dir='ltr'><strong>eram</strong></span> 
     </span>
    </p>
   </div>
   <div class='ocr_carea' id='block_1_18' title="bbox 194 1695 1832 1767">
    <p class='ocr_par' dir='ltr' id='par_1_18' title="bbox 194 1695 1832 1767">
     <span class='ocr_line' id='line_1_18' title="bbox 194 1695 1832 1767; baseline 0.001 -18"><span class='ocrx_word' id='word_1_120' title='bbox 194 1709 316 1750; x_wconf 89' lang='lat' dir='ltr'><strong>cum</strong></span> <span class='ocrx_word' id='word_1_121' title='bbox 350 1695 539 1749; x_wconf 86' lang='lat' dir='ltr'><strong>homo</strong></span> <span class='ocrx_word' id='word_1_122' title='bbox 578 1700 709 1749; x_wconf 91' lang='lat' dir='ltr'><strong>tuos</strong></span> <span class='ocrx_word' id='word_1_123' title='bbox 739 1695 1012 1762; x_wconf 87' lang='lat' dir='ltr'><strong>venisset,</strong></span> <span class='ocrx_word' id='word_1_124' title='bbox 1046 1696 1421 1767; x_wconf 88' lang='lat' dir='ltr'><strong>aliquantum</strong></span> <span class='ocrx_word' id='word_1_125' title='bbox 1450 1695 1528 1751; x_wconf 89' lang='lat' dir='ltr'><strong>ab</strong></span> <span class='ocrx_word' id='word_1_126' title='bbox 1566 1696 1832 1767; x_wconf 81' lang='lat' dir='ltr'><strong>Hippone</strong></span> 
     </span>
    </p>
   </div>
   <div class='ocr_carea' id='block_1_19' title="bbox 193 1781 1834 1856">
    <p class='ocr_par' dir='ltr' id='par_1_19' title="bbox 193 1781 1834 1856">
     <span class='ocr_line' id='line_1_19' title="bbox 193 1781 1834 1856; baseline 0.002 -18"><span class='ocrx_word' id='word_1_127' title='bbox 193 1782 589 1838; x_wconf 79' lang='lat' dir='ltr'><strong>removissem.</strong></span> <span class='ocrx_word' id='word_1_128' title='bbox 613 1781 839 1850; x_wconf 89' lang='lat' dir='ltr'><strong>Quibus</strong></span> <span class='ocrx_word' id='word_1_129' title='bbox 861 1783 997 1838; x_wconf 90' lang='lat' dir='ltr'><strong>item</strong></span> <span class='ocrx_word' id='word_1_130' title='bbox 1022 1784 1229 1839; x_wconf 88' lang='lat' dir='ltr'><strong>diebus</strong></span> <span class='ocrx_word' id='word_1_131' title='bbox 1261 1784 1706 1856; x_wconf 86' lang='lat' dir='ltr'><strong>perturbatione</strong></span> <span class='ocrx_word' id='word_1_132' title='bbox 1736 1800 1834 1841; x_wconf 85' lang='lat' dir='ltr'><strong>va-</strong></span> 
     </span>
    </p>
   </div>
   <div class='ocr_carea' id='block_1_20' title="bbox 195 1870 1832 1945">
    <p class='ocr_par' dir='ltr' id='par_1_20' title="bbox 195 1870 1832 1945">
     <span class='ocr_line' id='line_1_20' title="bbox 195 1870 1832 1945; baseline 0.001 -18"><span class='ocrx_word' id='word_1_133' title='bbox 195 1870 455 1927; x_wconf 88' lang='lat' dir='ltr'><strong>letudinis</strong></span> <span class='ocrx_word' id='word_1_134' title='bbox 487 1872 881 1945; x_wconf 82' lang='lat' dir='ltr'><strong>febribusque</strong></span> <span class='ocrx_word' id='word_1_135' title='bbox 911 1874 1195 1945; x_wconf 83' lang='lat' dir='ltr'><strong>repetitus</strong></span> <span class='ocrx_word' id='word_1_136' title='bbox 1222 1890 1377 1929; x_wconf 90' lang='lat' dir='ltr'><strong>sum.</strong></span> <span class='ocrx_word' id='word_1_137' title='bbox 1424 1872 1566 1929; x_wconf 93' lang='lat' dir='ltr'><strong>Inde</strong></span> <span class='ocrx_word' id='word_1_138' title='bbox 1606 1874 1832 1931; x_wconf 83' lang='lat' dir='ltr'><strong>factum</strong></span> 
     </span>
    </p>
   </div>
   <div class='ocr_carea' id='block_1_21' title="bbox 196 1960 1830 2033">
    <p class='ocr_par' dir='ltr' id='par_1_21' title="bbox 196 1960 1830 2033">
     <span class='ocr_line' id='line_1_21' title="bbox 196 1960 1830 2033; baseline -0.001 -17"><span class='ocrx_word' id='word_1_139' title='bbox 196 1965 270 2016; x_wconf 84' lang='lat' dir='ltr'><strong>est</strong></span> <span class='ocrx_word' id='word_1_140' title='bbox 300 1966 357 2016; x_wconf 86' lang='lat' dir='ltr'><strong>ut</strong></span> <span class='ocrx_word' id='word_1_141' title='bbox 387 1960 622 2016; x_wconf 82' lang='lat' dir='ltr'><strong>tardius</strong></span> <span class='ocrx_word' id='word_1_142' title='bbox 648 1978 830 2033; x_wconf 90' lang='lat' dir='ltr'><strong>quam</strong></span> <span class='ocrx_word' id='word_1_143' title='bbox 871 1967 1113 2033; x_wconf 88' lang='lat' dir='ltr'><strong>possent</strong></span> <span class='ocrx_word' id='word_1_144' title='bbox 1147 1962 1246 2017; x_wconf 90' lang='lat' dir='ltr'><strong>tibi</strong></span> <span class='ocrx_word' id='word_1_145' title='bbox 1287 1963 1411 2019; x_wconf 66' lang='lat' dir='ltr'><strong>haec</strong></span> <span class='ocrx_word' id='word_1_146' title='bbox 1440 1964 1830 2020; x_wconf 86' lang='lat' dir='ltr'><strong>mitterentur.</strong></span> 
     </span>
    </p>
   </div>
   <div class='ocr_carea' id='block_1_22' title="bbox 198 2048 1588 2124">
    <p class='ocr_par' dir='ltr' id='par_1_22' title="bbox 198 2048 1588 2124">
     <span class='ocr_line' id='line_1_22' title="bbox 198 2048 1588 2124; baseline 0.002 -20"><span class='ocrx_word' id='word_1_147' title='bbox 198 2048 320 2113; x_wconf 67' lang='lat' dir='ltr'><strong>Quae</strong></span> <span class='ocrx_word' id='word_1_148' title='bbox 348 2049 662 2122; x_wconf 86' lang='lat' dir='ltr'><strong>quomodo</strong></span> <span class='ocrx_word' id='word_1_149' title='bbox 688 2051 1012 2122; x_wconf 86' lang='lat' dir='ltr'><strong>acceperis,</strong></span> <span class='ocrx_word' id='word_1_150' title='bbox 1048 2054 1335 2124; x_wconf 84' lang='lat' dir='ltr'><strong>rescripta</strong></span> <span class='ocrx_word' id='word_1_151' title='bbox 1361 2052 1588 2123; x_wconf 78' lang='lat' dir='ltr'><strong>flagito.</strong></span> 
     </span>
    </p>
   </div>
   <div class='ocr_carea' id='block_1_23' title="bbox 659 2139 1362 2213">
    <p class='ocr_par' dir='ltr' id='par_1_23' title="bbox 659 2139 1362 2213">
     <span class='ocr_line' id='line_1_23' title="bbox 659 2139 1362 2213; baseline 0.006 -20"><span class='ocrx_word' id='word_1_152' title='bbox 659 2139 989 2196; x_wconf 82' lang='lat' dir='ltr'><strong>EPISTOLA</strong></span> <span class='ocrx_word' id='word_1_153' title='bbox 1030 2142 1177 2197; x_wconf 71' lang='lat' dir='ltr'><strong>cxux</strong></span> <span class='ocrx_word' id='word_1_154' title='bbox 1204 2140 1225 2165; x_wconf 61' lang='grc' dir='ltr'>ί</span> <span class='ocrx_word' id='word_1_155' title='bbox 1258 2143 1362 2213; x_wconf 87' lang='grc' dir='ltr'><strong>(α).</strong></span> 
     </span>
    </p>
   </div>
   <div class='ocr_carea' id='block_1_24' title="bbox 200 2226 1832 2301">
    <p class='ocr_par' dir='ltr' id='par_1_24' title="bbox 200 2226 1832 2301">
     <span class='ocr_line' id='line_1_24' title="bbox 200 2226 1832 2301; baseline 0.002 -18"><span class='ocrx_word' id='word_1_156' title='bbox 200 2226 822 2299; x_wconf 79' lang='lat' dir='ltr'><strong>ConsentiusAugustino</strong></span> <span class='ocrx_word' id='word_1_157' title='bbox 833 2229 1089 2301; x_wconf 90' lang='lat' dir='ltr'><strong>proponit</strong></span> <span class='ocrx_word' id='word_1_158' title='bbox 1107 2232 1425 2301; x_wconf 67' lang='lat' dir='ltr'><strong>quaestiones</strong></span> <span class='ocrx_word' id='word_1_159' title='bbox 1449 2230 1511 2286; x_wconf 92' lang='lat' dir='ltr'><strong>de</strong></span> <span class='ocrx_word' id='word_1_160' title='bbox 1542 2231 1832 2287; x_wconf 87' lang='lat' dir='ltr'><strong>Trinitate.</strong></span> 
     </span>
    </p>
   </div>
   <div class='ocr_carea' id='block_1_25' title="bbox 256 2316 1756 2392">
    <p class='ocr_par' dir='ltr' id='par_1_25' title="bbox 256 2316 1756 2392">
     <span class='ocr_line' id='line_1_25' title="bbox 256 2316 1756 2392; baseline 0.004 -21"><span class='ocrx_word' id='word_1_161' title='bbox 256 2316 497 2373; x_wconf 91' lang='lat' dir='ltr'><strong>Domino</strong></span> <span class='ocrx_word' id='word_1_162' title='bbox 533 2324 739 2374; x_wconf 85' lang='lat' dir='ltr'><strong>sancto</strong></span> <span class='ocrx_word' id='word_1_163' title='bbox 766 2334 835 2375; x_wconf 89' lang='lat' dir='ltr'><strong>ac</strong></span> <span class='ocrx_word' id='word_1_164' title='bbox 859 2318 1211 2375; x_wconf 89' lang='lat' dir='ltr'><strong>beatissimo</strong></span> <span class='ocrx_word' id='word_1_165' title='bbox 1224 2336 1398 2392; x_wconf 75' lang='lat' dir='ltr'><strong>papae</strong></span> <span class='ocrx_word' id='word_1_166' title='bbox 1417 2327 1756 2388; x_wconf 79' lang='lat' dir='ltr'><strong>Aucasrmo,</strong></span> 
     </span>
    </p>
   </div>
   <div class='ocr_carea' id='block_1_26' title="bbox 834 2408 1194 2463">
    <p class='ocr_par' dir='ltr' id='par_1_26' title="bbox 834 2408 1194 2463">
     <span class='ocr_line' id='line_1_26' title="bbox 834 2408 1194 2463; baseline -0.003 -2"><span class='ocrx_word' id='word_1_167' title='bbox 834 2408 1168 2463; x_wconf 73' lang='lat' dir='ltr'><strong>CONSENTIUS</strong></span> <span class='ocrx_word' id='word_1_168' title='bbox 1181 2446 1194 2460; x_wconf 93' lang='lat'><strong>.</strong></span> 
     </span>
    </p>
   </div>
   <div class='ocr_carea' id='block_1_27' title="bbox 264 2494 1841 2567">
    <p class='ocr_par' dir='ltr' id='par_1_27' title="bbox 264 2494 1841 2567">
     <span class='ocr_line' id='line_1_27' title="bbox 264 2494 1841 2567; baseline 0.004 -18"><span class='ocrx_word' id='word_1_169' title='bbox 264 2499 305 2550; x_wconf 86' lang='lat' dir='ltr'><strong>l.</strong></span> <span class='ocrx_word' id='word_1_170' title='bbox 334 2494 454 2549; x_wconf 80' lang='lat' dir='ltr'><strong>Iam</strong></span> <span class='ocrx_word' id='word_1_171' title='bbox 472 2494 689 2566; x_wconf 78' lang='lat' dir='ltr'><strong>quidem</strong></span> <span class='ocrx_word' id='word_1_172' title='bbox 711 2496 1171 2567; x_wconf 88' lang='lat' dir='ltr'><strong>sancto,mihique</strong></span> <span class='ocrx_word' id='word_1_173' title='bbox 1182 2498 1390 2552; x_wconf 86' lang='lat' dir='ltr'><strong>cunctis</strong></span> <span class='ocrx_word' id='word_1_174' title='bbox 1411 2499 1589 2554; x_wconf 85' lang='lat' dir='ltr'><strong>animi</strong></span> <span class='ocrx_word' id='word_1_175' title='bbox 1613 2500 1841 2555; x_wconf 85' lang='lat' dir='ltr'><strong>virtuti-</strong></span> 
     </span>
    </p>
   </div>
   <div class='ocr_carea' id='block_1_28' title="bbox 201 2581 1839 2659">
    <p class='ocr_par' dir='ltr' id='par_1_28' title="bbox 201 2581 1839 2659">
     <span class='ocr_line' id='line_1_28' title="bbox 201 2581 1839 2659; baseline 0.002 -20"><span class='ocrx_word' id='word_1_176' title='bbox 201 2581 635 2649; x_wconf 81' lang='lat' dir='ltr'><strong>busadmirando,</strong></span> <span class='ocrx_word' id='word_1_177' title='bbox 649 2585 835 2654; x_wconf 84' lang='lat' dir='ltr'><strong>fratri</strong></span> <span class='ocrx_word' id='word_1_178' title='bbox 858 2591 947 2639; x_wconf 90' lang='lat' dir='ltr'><strong>tuo</strong></span> <span class='ocrx_word' id='word_1_179' title='bbox 962 2584 1164 2656; x_wconf 78' lang='lat' dir='ltr'><strong>Alypio</strong></span> <span class='ocrx_word' id='word_1_180' title='bbox 1183 2588 1423 2658; x_wconf 86' lang='lat' dir='ltr'><strong>episcopo</strong></span> <span class='ocrx_word' id='word_1_181' title='bbox 1441 2604 1605 2659; x_wconf 84' lang='lat' dir='ltr'><strong>genus</strong></span> <span class='ocrx_word' id='word_1_182' title='bbox 1624 2589 1839 2659; x_wconf 86' lang='lat' dir='ltr'><strong>petitio-</strong></span> 
     </span>
    </p>
   </div>
   <div class='ocr_carea' id='block_1_29' title="bbox 201 2673 1837 2749">
    <p class='ocr_par' dir='ltr' id='par_1_29' title="bbox 201 2673 1837 2749">
     <span class='ocr_line' id='line_1_29' title="bbox 201 2673 1837 2749; baseline 0.005 -24"><span class='ocrx_word' id='word_1_183' title='bbox 201 2674 274 2726; x_wconf 82' lang='lat' dir='ltr'><strong>nis</strong></span> <span class='ocrx_word' id='word_1_184' title='bbox 305 2690 424 2728; x_wconf 55' lang='lat' dir='ltr'><strong>mea</strong></span> <span class='ocrx_word' id='word_1_185' title='bbox 456 2673 617 2728; x_wconf 82' lang='lat' dir='ltr'><strong>brevi</strong></span> <span class='ocrx_word' id='word_1_186' title='bbox 652 2690 889 2729; x_wconf 90' lang='lat' dir='ltr'><strong>sermone</strong></span> <span class='ocrx_word' id='word_1_187' title='bbox 940 2691 1321 2746; x_wconf 88' lang='lat' dir='ltr'><strong>suggesseram,</strong></span> <span class='ocrx_word' id='word_1_188' title='bbox 1374 2694 1596 2748; x_wconf 88' lang='lat' dir='ltr'><strong>sperans</strong></span> <span class='ocrx_word' id='word_1_189' title='bbox 1624 2694 1837 2749; x_wconf 85' lang='lat' dir='ltr'><strong>precum</strong></span> 
     </span>
    </p>
   </div>
   <div class='ocr_carea' id='block_1_30' title="bbox 202 2763 1841 2838">
    <p class='ocr_par' dir='ltr' id='par_1_30' title="bbox 202 2763 1841 2838">
     <span class='ocr_line' id='line_1_30' title="bbox 202 2763 1841 2838; baseline 0.004 -23"><span class='ocrx_word' id='word_1_190' title='bbox 202 2778 416 2817; x_wconf 88' lang='lat' dir='ltr'><strong>mearum</strong></span> <span class='ocrx_word' id='word_1_191' title='bbox 447 2770 507 2817; x_wconf 87' lang='lat' dir='ltr'><strong>ut</strong></span> <span class='ocrx_word' id='word_1_192' title='bbox 536 2763 681 2835; x_wconf 88' lang='lat' dir='ltr'><strong>apud</strong></span> <span class='ocrx_word' id='word_1_193' title='bbox 721 2770 769 2818; x_wconf 93' lang='lat' dir='ltr'><strong>te</strong></span> <span class='ocrx_word' id='word_1_194' title='bbox 797 2781 902 2820; x_wconf 89' lang='lat' dir='ltr'><strong>esse</strong></span> <span class='ocrx_word' id='word_1_195' title='bbox 928 2764 1151 2836; x_wconf 90' lang='lat' dir='ltr'><strong>adjutor</strong></span> <span class='ocrx_word' id='word_1_196' title='bbox 1187 2765 1531 2836; x_wconf 81' lang='lat' dir='ltr'><strong>dignaretur.</strong></span> <span class='ocrx_word' id='word_1_197' title='bbox 1574 2766 1675 2821; x_wconf 82' lang='lat' dir='ltr'><strong>Sed</strong></span> <span class='ocrx_word' id='word_1_198' title='bbox 1712 2770 1841 2838; x_wconf 86' lang='lat' dir='ltr'><strong>quia</strong></span> 
     </span>
    </p>
   </div>
   <div class='ocr_carea' id='block_1_31' title="bbox 198 2853 1838 2927">
    <p class='ocr_par' dir='ltr' id='par_1_31' title="bbox 198 2853 1838 2927">
     <span class='ocr_line' id='line_1_31' title="bbox 198 2853 1838 2927; baseline 0.004 -22"><span class='ocrx_word' id='word_1_199' title='bbox 198 2854 532 2921; x_wconf 64' lang='lat' dir='ltr'><strong>prasentiam</strong></span> <span class='ocrx_word' id='word_1_200' title='bbox 565 2853 703 2908; x_wconf 88' lang='lat' dir='ltr'><strong>mihi</strong></span> <span class='ocrx_word' id='word_1_201' title='bbox 725 2861 875 2909; x_wconf 88' lang='lat' dir='ltr'><strong>tuam</strong></span> <span class='ocrx_word' id='word_1_202' title='bbox 898 2872 980 2920; x_wconf 88' lang='lat' dir='ltr'><strong>ea,</strong></span> <span class='ocrx_word' id='word_1_203' title='bbox 1003 2872 1120 2926; x_wconf 76' lang='lat' dir='ltr'><strong>quae</strong></span> <span class='ocrx_word' id='word_1_204' title='bbox 1146 2856 1217 2910; x_wconf 89' lang='lat' dir='ltr'><strong>ad</strong></span> <span class='ocrx_word' id='word_1_205' title='bbox 1244 2857 1429 2911; x_wconf 89' lang='lat' dir='ltr'><strong>vittam</strong></span> <span class='ocrx_word' id='word_1_206' title='bbox 1455 2858 1538 2911; x_wconf 87' lang='lat' dir='ltr'><strong>ire</strong></span> <span class='ocrx_word' id='word_1_207' title='bbox 1558 2858 1838 2927; x_wconf 83' lang='lat' dir='ltr'><strong>compulit,</strong></span> 
     </span>
    </p>
   </div>
   <div class='ocr_carea' id='block_1_32' title="bbox 204 2941 1837 3017">
    <p class='ocr_par' dir='ltr' id='par_1_32' title="bbox 204 2941 1837 3017">
     <span class='ocr_line' id='line_1_32' title="bbox 204 2941 1837 3017; baseline 0.004 -22"><span class='ocrx_word' id='word_1_208' title='bbox 204 2956 348 2996; x_wconf 82' lang='lat' dir='ltr'><strong>causa</strong></span> <span class='ocrx_word' id='word_1_209' title='bbox 372 2941 685 3012; x_wconf 73' lang='lat' dir='ltr'><strong>fraudavit,</strong></span> <span class='ocrx_word' id='word_1_210' title='bbox 718 2944 895 2998; x_wconf 84' lang='lat' dir='ltr'><strong>malui</strong></span> <span class='ocrx_word' id='word_1_211' title='bbox 924 2942 1129 2999; x_wconf 74' lang='lat' dir='ltr'><strong>litteris</strong></span> <span class='ocrx_word' id='word_1_212' title='bbox 1158 2962 1370 3016; x_wconf 85' lang='lat' dir='ltr'><strong>precem</strong></span> <span class='ocrx_word' id='word_1_213' title='bbox 1397 2947 1653 3011; x_wconf 90' lang='lat' dir='ltr'><strong>inserere,</strong></span> <span class='ocrx_word' id='word_1_214' title='bbox 1681 2963 1837 3017; x_wconf 89' lang='lat' dir='ltr'><strong>quam</strong></span> 
     </span>
    </p>
   </div>
   <div class='ocr_carea' id='block_1_33' title="bbox 202 3032 1842 3107">
    <p class='ocr_par' dir='ltr' id='par_1_33' title="bbox 202 3032 1842 3107">
     <span class='ocr_line' id='line_1_33' title="bbox 202 3032 1842 3107; baseline 0.004 -23"><span class='ocrx_word' id='word_1_215' title='bbox 202 3036 634 3101; x_wconf 69' lang='lat' dir='ltr'><strong>exspectationem</strong></span> <span class='ocrx_word' id='word_1_216' title='bbox 661 3032 840 3086; x_wconf 86' lang='lat' dir='ltr'><strong>animi</strong></span> <span class='ocrx_word' id='word_1_217' title='bbox 867 3034 1169 3101; x_wconf 84' lang='lat' dir='ltr'><strong>ﬂuctuare;</strong></span> <span class='ocrx_word' id='word_1_218' title='bbox 1212 3036 1445 3091; x_wconf 85' lang='lat' dir='ltr'><strong>maxime</strong></span> <span class='ocrx_word' id='word_1_219' title='bbox 1472 3052 1589 3091; x_wconf 88' lang='lat' dir='ltr'><strong>cum</strong></span> <span class='ocrx_word' id='word_1_220' title='bbox 1619 3035 1678 3089; x_wconf 88' lang='lat' dir='ltr'><strong>id</strong></span> <span class='ocrx_word' id='word_1_221' title='bbox 1705 3035 1842 3107; x_wconf 89' lang='lat' dir='ltr'><strong>quod</strong></span> 
     </span>
    </p>
   </div>
   <div class='ocr_carea' id='block_1_34' title="bbox 201 3120 1842 3198">
    <p class='ocr_par' dir='ltr' id='par_1_34' title="bbox 201 3120 1842 3198">
     <span class='ocr_line' id='line_1_34' title="bbox 201 3120 1842 3198; baseline 0.004 -25"><span class='ocrx_word' id='word_1_222' title='bbox 201 3120 403 3190; x_wconf 86' lang='lat' dir='ltr'><strong>postulo,</strong></span> <span class='ocrx_word' id='word_1_223' title='bbox 431 3122 482 3175; x_wconf 92' lang='lat' dir='ltr'><strong>si</strong></span> <span class='ocrx_word' id='word_1_224' title='bbox 530 3121 670 3175; x_wconf 86' lang='lat' dir='ltr'><strong>mihi</strong></span> <span class='ocrx_word' id='word_1_225' title='bbox 688 3123 904 3177; x_wconf 88' lang='lat' dir='ltr'><strong>concedi</strong></span> <span class='ocrx_word' id='word_1_226' title='bbox 919 3130 1163 3194; x_wconf 90' lang='lat' dir='ltr'><strong>oportere</strong></span> <span class='ocrx_word' id='word_1_227' title='bbox 1184 3128 1546 3196; x_wconf 73' lang='lat' dir='ltr'><strong>perspexeris,</strong></span> <span class='ocrx_word' id='word_1_228' title='bbox 1579 3126 1842 3198; x_wconf 88' lang='lat' dir='ltr'><strong>adjuvare</strong></span> 
     </span>
    </p>
   </div>
   <div class='ocr_carea' id='block_1_35' title="bbox 204 3210 1843 3285">
    <p class='ocr_par' dir='ltr' id='par_1_35' title="bbox 204 3210 1843 3285">
     <span class='ocr_line' id='line_1_35' title="bbox 204 3210 1843 3285; baseline 0.002 -20"><span class='ocrx_word' id='word_1_229' title='bbox 204 3225 390 3265; x_wconf 81' lang='lat' dir='ltr'><strong>sensum</strong></span> <span class='ocrx_word' id='word_1_230' title='bbox 418 3217 578 3265; x_wconf 85' lang='lat' dir='ltr'><strong>tuum</strong></span> <span class='ocrx_word' id='word_1_231' title='bbox 602 3210 871 3266; x_wconf 87' lang='lat' dir='ltr'><strong>altissima</strong></span> <span class='ocrx_word' id='word_1_232' title='bbox 929 3214 1184 3284; x_wconf 86' lang='lat' dir='ltr'><strong>mysteria</strong></span> <span class='ocrx_word' id='word_1_233' title='bbox 1232 3222 1682 3285; x_wconf 87' lang='lat' dir='ltr'><strong>perscrutantem,</strong></span> <span class='ocrx_word' id='word_1_234' title='bbox 1741 3215 1843 3269; x_wconf 93' lang='lat' dir='ltr'><strong>loci</strong></span> 
     </span>
    </p>
   </div>
   <div class='ocr_carea' id='block_1_36' title="bbox 206 3298 1843 3373">
    <p class='ocr_par' dir='ltr' id='par_1_36' title="bbox 206 3298 1843 3373">
     <span class='ocr_line' id='line_1_36' title="bbox 206 3298 1843 3373; baseline 0.005 -24"><span class='ocrx_word' id='word_1_235' title='bbox 206 3298 372 3368; x_wconf 85' lang='lat' dir='ltr'><strong>ipsius,</strong></span> <span class='ocrx_word' id='word_1_236' title='bbox 400 3305 459 3354; x_wconf 90' lang='lat' dir='ltr'><strong>ut</strong></span> <span class='ocrx_word' id='word_1_237' title='bbox 486 3298 765 3365; x_wconf 83' lang='lat' dir='ltr'><strong>arbitror,</strong></span> <span class='ocrx_word' id='word_1_238' title='bbox 802 3302 860 3355; x_wconf 91' lang='lat' dir='ltr'><strong>in</strong></span> <span class='ocrx_word' id='word_1_239' title='bbox 898 3319 998 3373; x_wconf 91' lang='lat' dir='ltr'><strong>quo</strong></span> <span class='ocrx_word' id='word_1_240' title='bbox 1029 3319 1168 3357; x_wconf 89' lang='lat' dir='ltr'><strong>nunc</strong></span> <span class='ocrx_word' id='word_1_241' title='bbox 1198 3304 1462 3369; x_wconf 88' lang='lat' dir='ltr'><strong>consistis,</strong></span> <span class='ocrx_word' id='word_1_242' title='bbox 1504 3304 1680 3359; x_wconf 89' lang='lat' dir='ltr'><strong>valeat</strong></span> <span class='ocrx_word' id='word_1_243' title='bbox 1712 3304 1843 3359; x_wconf 90' lang='lat' dir='ltr'><strong>soli-</strong></span> 
     </span>
    </p>
   </div>
   <div class='ocr_carea' id='block_1_37' title="bbox 208 3387 1845 3465">
    <p class='ocr_par' dir='ltr' id='par_1_37' title="bbox 208 3387 1845 3465">
     <span class='ocr_line' id='line_1_37' title="bbox 208 3387 1845 3465; baseline 0.007 -27"><span class='ocrx_word' id='word_1_244' title='bbox 208 3387 331 3441; x_wconf 85' lang='lat' dir='ltr'><strong>tudo.</strong></span> <span class='ocrx_word' id='word_1_245' title='bbox 360 3389 469 3459; x_wconf 85' lang='lat' dir='ltr'><strong>Ego</strong></span> <span class='ocrx_word' id='word_1_246' title='bbox 490 3388 679 3458; x_wconf 78' lang='lat' dir='ltr'><strong>igitur</strong></span> <span class='ocrx_word' id='word_1_247' title='bbox 700 3404 819 3444; x_wconf 90' lang='lat' dir='ltr'><strong>cum</strong></span> <span class='ocrx_word' id='word_1_248' title='bbox 834 3391 981 3461; x_wconf 90' lang='lat' dir='ltr'><strong>apud</strong></span> <span class='ocrx_word' id='word_1_249' title='bbox 1001 3393 1365 3464; x_wconf 88' lang='lat' dir='ltr'><strong>memetipsum</strong></span> <span class='ocrx_word' id='word_1_250' title='bbox 1387 3411 1611 3465; x_wconf 86' lang='lat' dir='ltr'><strong>prorsus</strong></span> <span class='ocrx_word' id='word_1_251' title='bbox 1629 3394 1845 3463; x_wconf 82' lang='lat' dir='ltr'><strong>deﬁnie-</strong></span> 
     </span>
    </p>
   </div>
   <div class='ocr_carea' id='block_1_38' title="bbox 207 3475 1845 3553">
    <p class='ocr_par' dir='ltr' id='par_1_38' title="bbox 207 3475 1845 3553">
     <span class='ocr_line' id='line_1_38' title="bbox 207 3475 1845 3553; baseline 0.006 -25"><span class='ocrx_word' id='word_1_252' title='bbox 207 3475 317 3543; x_wconf 84' lang='lat' dir='ltr'><strong>rim,</strong></span> <span class='ocrx_word' id='word_1_253' title='bbox 346 3477 629 3531; x_wconf 87' lang='lat' dir='ltr'><strong>veritatem</strong></span> <span class='ocrx_word' id='word_1_254' title='bbox 657 3479 745 3532; x_wconf 87' lang='lat' dir='ltr'><strong>rei</strong></span> <span class='ocrx_word' id='word_1_255' title='bbox 762 3477 962 3535; x_wconf 72' lang='lat' dir='ltr'><strong>divinae</strong></span> <span class='ocrx_word' id='word_1_256' title='bbox 979 3498 1046 3535; x_wconf 87' lang='lat' dir='ltr'><strong>ex</strong></span> <span class='ocrx_word' id='word_1_257' title='bbox 1064 3481 1167 3551; x_wconf 87' lang='lat' dir='ltr'><strong>ﬁde</strong></span> <span class='ocrx_word' id='word_1_258' title='bbox 1179 3482 1351 3553; x_wconf 90' lang='lat' dir='ltr'><strong>magis</strong></span> <span class='ocrx_word' id='word_1_259' title='bbox 1370 3498 1525 3553; x_wconf 91' lang='lat' dir='ltr'><strong>quam</strong></span> <span class='ocrx_word' id='word_1_260' title='bbox 1549 3500 1614 3537; x_wconf 80' lang='lat' dir='ltr'><strong>ex</strong></span> <span class='ocrx_word' id='word_1_261' title='bbox 1632 3485 1845 3538; x_wconf 84' lang='lat' dir='ltr'><strong>ratione</strong></span> 
     </span>
    </p>
   </div>
   <div class='ocr_carea' id='block_1_39' title="bbox 205 3566 1846 3643">
    <p class='ocr_par' dir='ltr' id='par_1_39' title="bbox 205 3566 1846 3643">
     <span class='ocr_line' id='line_1_39' title="bbox 205 3566 1846 3643; baseline 0.005 -25"><span class='ocrx_word' id='word_1_262' title='bbox 205 3566 393 3636; x_wconf 83' lang='lat' dir='ltr'><strong>percipi</strong></span> <span class='ocrx_word' id='word_1_263' title='bbox 413 3573 668 3638; x_wconf 84' lang='lat' dir='ltr'><strong>oportere</strong></span> <span class='ocrx_word' id='word_1_264' title='bbox 690 3568 767 3631; x_wconf 88' lang='lat' dir='ltr'><strong>;si</strong></span> <span class='ocrx_word' id='word_1_265' title='bbox 792 3569 929 3623; x_wconf 87' lang='lat' dir='ltr'><strong>enim</strong></span> <span class='ocrx_word' id='word_1_266' title='bbox 952 3570 1081 3641; x_wconf 89' lang='lat' dir='ltr'><strong>ﬁdes</strong></span> <span class='ocrx_word' id='word_1_267' title='bbox 1090 3578 1287 3625; x_wconf 68' lang='lat' dir='ltr'><strong>sanctae</strong></span> <span class='ocrx_word' id='word_1_268' title='bbox 1304 3571 1555 3626; x_wconf 55' lang='lat' dir='ltr'><strong>Ecclesia</strong></span> <span class='ocrx_word' id='word_1_269' title='bbox 1577 3588 1642 3625; x_wconf 85' lang='lat' dir='ltr'><strong>ex</strong></span> <span class='ocrx_word' id='word_1_270' title='bbox 1659 3572 1846 3643; x_wconf 88' lang='lat' dir='ltr'><strong>dispu-</strong></span> 
     </span>
    </p>
   </div>
   <div class='ocr_carea' id='block_1_40' title="bbox 211 3656 1847 3732">
    <p class='ocr_par' dir='ltr' id='par_1_40' title="bbox 211 3656 1847 3732">
     <span class='ocr_line' id='line_1_40' title="bbox 211 3656 1847 3732; baseline 0.006 -25"><span class='ocrx_word' id='word_1_271' title='bbox 211 3656 412 3709; x_wconf 88' lang='lat' dir='ltr'><strong>tationis</strong></span> <span class='ocrx_word' id='word_1_272' title='bbox 427 3656 671 3726; x_wconf 80' lang='lat' dir='ltr'><strong>ratione,</strong></span> <span class='ocrx_word' id='word_1_273' title='bbox 696 3674 799 3712; x_wconf 88' lang='lat' dir='ltr'><strong>non</strong></span> <span class='ocrx_word' id='word_1_274' title='bbox 811 3676 877 3713; x_wconf 83' lang='lat' dir='ltr'><strong>ex</strong></span> <span class='ocrx_word' id='word_1_275' title='bbox 888 3660 1249 3715; x_wconf 85' lang='lat' dir='ltr'><strong>credulitatis</strong></span> <span class='ocrx_word' id='word_1_276' title='bbox 1265 3662 1465 3731; x_wconf 84' lang='lat' dir='ltr'><strong>pietate</strong></span> <span class='ocrx_word' id='word_1_277' title='bbox 1484 3661 1847 3732; x_wconf 87' lang='lat' dir='ltr'><strong>apprehende-</strong></span> 
     </span>
    </p>
   </div>
   <div class='ocr_carea' id='block_1_41' title="bbox 210 3748 1841 3820">
    <p class='ocr_par' dir='ltr' id='par_1_41' title="bbox 210 3748 1841 3820">
     <span class='ocr_line' id='line_1_41' title="bbox 210 3748 1841 3820; baseline 0.006 -24"><span class='ocrx_word' id='word_1_278' title='bbox 210 3749 363 3809; x_wconf 87' lang='lat' dir='ltr'><strong>retur,</strong></span> <span class='ocrx_word' id='word_1_279' title='bbox 390 3762 551 3800; x_wconf 88' lang='lat' dir='ltr'><strong>nemo</strong></span> <span class='ocrx_word' id='word_1_280' title='bbox 574 3754 784 3818; x_wconf 73' lang='lat' dir='ltr'><strong>praeter</strong></span> <span class='ocrx_word' id='word_1_281' title='bbox 810 3748 1143 3819; x_wconf 78' lang='lat' dir='ltr'><strong>philosophos</strong></span> <span class='ocrx_word' id='word_1_282' title='bbox 1166 3756 1323 3820; x_wconf 87' lang='lat' dir='ltr'><strong>atque</strong></span> <span class='ocrx_word' id='word_1_283' title='bbox 1351 3755 1594 3804; x_wconf 88' lang='lat' dir='ltr'><strong>oratores</strong></span> <span class='ocrx_word' id='word_1_284' title='bbox 1621 3750 1841 3807; x_wconf 89' lang='lat' dir='ltr'><strong>beatitu-</strong></span> 
     </span>
    </p>
   </div>
   <div class='ocr_carea' id='block_1_42' title="bbox 211 3830 1848 3910">
    <p class='ocr_par' dir='ltr' id='par_1_42' title="bbox 211 3830 1848 3910">
     <span class='ocr_line' id='line_1_42' title="bbox 211 3830 1848 3910; baseline 0.007 -26"><span class='ocrx_word' id='word_1_285' title='bbox 211 3830 368 3887; x_wconf 87' lang='lat' dir='ltr'><strong>dinem</strong></span> <span class='ocrx_word' id='word_1_286' title='bbox 413 3836 731 3906; x_wconf 80' lang='lat' dir='ltr'><strong>possideret.</strong></span> <span class='ocrx_word' id='word_1_287' title='bbox 770 3836 878 3892; x_wconf 89' lang='lat' dir='ltr'><strong>Sed</strong></span> <span class='ocrx_word' id='word_1_288' title='bbox 915 3838 1044 3908; x_wconf 84' lang='lat' dir='ltr'><strong>quia</strong></span> <span class='ocrx_word' id='word_1_289' title='bbox 1089 3838 1299 3909; x_wconf 83' lang='lat' dir='ltr'><strong>placuit</strong></span> <span class='ocrx_word' id='word_1_290' title='bbox 1342 3839 1472 3903; x_wconf 90' lang='lat' dir='ltr'><strong>Deo,</strong></span> <span class='ocrx_word' id='word_1_291' title='bbox 1504 3840 1599 3910; x_wconf 89' lang='lat' dir='ltr'><strong>qui</strong></span> <span class='ocrx_word' id='word_1_292' title='bbox 1628 3840 1848 3910; x_wconf 78' lang='lat' dir='ltr'><strong>inﬁrma</strong></span> 
     </span>
    </p>
   </div>
   <div class='ocr_carea' id='block_1_43' title="bbox 212 3922 1849 3999">
    <p class='ocr_par' dir='ltr' id='par_1_43' title="bbox 212 3922 1849 3999">
     <span class='ocr_line' id='line_1_43' title="bbox 212 3922 1849 3999; baseline 0.005 -24"><span class='ocrx_word' id='word_1_293' title='bbox 212 3922 380 3977; x_wconf 78' lang='lat' dir='ltr'><strong>mundi</strong></span> <span class='ocrx_word' id='word_1_294' title='bbox 404 3924 572 3995; x_wconf 83' lang='lat' dir='ltr'><strong>hujus</strong></span> <span class='ocrx_word' id='word_1_295' title='bbox 595 3926 755 3996; x_wconf 86' lang='lat' dir='ltr'><strong>elegit</strong></span> <span class='ocrx_word' id='word_1_296' title='bbox 780 3933 839 3980; x_wconf 90' lang='lat' dir='ltr'><strong>ut</strong></span> <span class='ocrx_word' id='word_1_297' title='bbox 868 3928 1163 3998; x_wconf 84' lang='lat' dir='ltr'><strong>confundat</strong></span> <span class='ocrx_word' id='word_1_298' title='bbox 1194 3928 1389 3999; x_wconf 79' lang='lat' dir='ltr'><strong>fortia.</strong></span> <span class='ocrx_word' id='word_1_299' title='bbox 1425 3945 1523 3999; x_wconf 89' lang='lat' dir='ltr'><strong>per</strong></span> <span class='ocrx_word' id='word_1_300' title='bbox 1551 3927 1849 3984; x_wconf 84' lang='lat' dir='ltr'><strong>stultitiam</strong></span> 
     </span>
    </p>
   </div>
   <div class='ocr_carea' id='block_1_44' title="bbox 210 4012 1850 4089">
    <p class='ocr_par' dir='ltr' id='par_1_44' title="bbox 210 4012 1850 4089">
     <span class='ocr_line' id='line_1_44' title="bbox 210 4012 1850 4089; baseline 0.007 -28"><span class='ocrx_word' id='word_1_301' title='bbox 210 4012 606 4077; x_wconf 60' lang='lat' dir='ltr'><strong>pradicationis</strong></span> <span class='ocrx_word' id='word_1_302' title='bbox 624 4013 840 4069; x_wconf 86' lang='lat' dir='ltr'><strong>salvare</strong></span> <span class='ocrx_word' id='word_1_303' title='bbox 872 4016 1161 4084; x_wconf 86' lang='lat' dir='ltr'><strong>credentes,</strong></span> <span class='ocrx_word' id='word_1_304' title='bbox 1194 4034 1297 4071; x_wconf 89' lang='lat' dir='ltr'><strong>non</strong></span> <span class='ocrx_word' id='word_1_305' title='bbox 1328 4024 1438 4072; x_wconf 89' lang='lat' dir='ltr'><strong>tam</strong></span> <span class='ocrx_word' id='word_1_306' title='bbox 1467 4017 1612 4071; x_wconf 90' lang='lat' dir='ltr'><strong>ratio</strong></span> <span class='ocrx_word' id='word_1_307' title='bbox 1663 4018 1850 4089; x_wconf 88' lang='lat' dir='ltr'><strong>requi-</strong></span> 
     </span>
    </p>
   </div>
   <div class='ocr_carea' id='block_1_45' title="bbox 218 4100 1847 4177">
    <p class='ocr_par' dir='ltr' id='par_1_45' title="bbox 218 4100 1847 4177">
     <span class='ocr_line' id='line_1_45' title="bbox 218 4100 1847 4177; baseline 0.009 -28"><span class='ocrx_word' id='word_1_308' title='bbox 218 4100 368 4155; x_wconf 80' lang='lat' dir='ltr'><strong>renda</strong></span> <span class='ocrx_word' id='word_1_309' title='bbox 394 4101 456 4156; x_wconf 86' lang='lat' dir='ltr'><strong>de</strong></span> <span class='ocrx_word' id='word_1_310' title='bbox 477 4102 611 4168; x_wconf 88' lang='lat' dir='ltr'><strong>Deo,</strong></span> <span class='ocrx_word' id='word_1_311' title='bbox 636 4120 790 4173; x_wconf 89' lang='lat' dir='ltr'><strong>quam</strong></span> <span class='ocrx_word' id='word_1_312' title='bbox 821 4106 1117 4159; x_wconf 87' lang='lat' dir='ltr'><strong>auctoritas</strong></span> <span class='ocrx_word' id='word_1_313' title='bbox 1137 4112 1213 4160; x_wconf 88' lang='lat' dir='ltr'><strong>est</strong></span> <span class='ocrx_word' id='word_1_314' title='bbox 1236 4106 1501 4177; x_wconf 87' lang='lat' dir='ltr'><strong>sequenda</strong></span> <span class='ocrx_word' id='word_1_315' title='bbox 1512 4113 1847 4164; x_wconf 88' lang='lat' dir='ltr'><strong>sanctorum.</strong></span> 
     </span>
    </p>
   </div>
   <div class='ocr_carea' id='block_1_46' title="bbox 218 4186 1850 4268">
    <p class='ocr_par' dir='ltr' id='par_1_46' title="bbox 218 4186 1850 4268">
     <span class='ocr_line' id='line_1_46' title="bbox 218 4186 1850 4268; baseline 0.006 -27"><span class='ocrx_word' id='word_1_316' title='bbox 218 4186 341 4243; x_wconf 80' lang='lat' dir='ltr'><strong>Nam</strong></span> <span class='ocrx_word' id='word_1_317' title='bbox 368 4195 606 4261; x_wconf 83' lang='lat' dir='ltr'><strong>profecto</strong></span> <span class='ocrx_word' id='word_1_318' title='bbox 626 4208 788 4263; x_wconf 89' lang='lat' dir='ltr'><strong>neque</strong></span> <span class='ocrx_word' id='word_1_319' title='bbox 817 4192 1042 4261; x_wconf 82' lang='lat' dir='ltr'><strong>Ariani,</strong></span> <span class='ocrx_word' id='word_1_320' title='bbox 1073 4196 1169 4265; x_wconf 86' lang='lat' dir='ltr'><strong>qui</strong></span> <span class='ocrx_word' id='word_1_321' title='bbox 1188 4195 1417 4262; x_wconf 89' lang='lat' dir='ltr'><strong>Filium,</strong></span> <span class='ocrx_word' id='word_1_322' title='bbox 1442 4212 1593 4268; x_wconf 87' lang='lat' dir='ltr'><strong>quem</strong></span> <span class='ocrx_word' id='word_1_323' title='bbox 1613 4196 1850 4267; x_wconf 87' lang='lat' dir='ltr'><strong>genitum</strong></span> 
     </span>
    </p>
   </div>
   <div class='ocr_carea' id='block_1_47' title="bbox 218 4278 1851 4355">
    <p class='ocr_par' dir='ltr' id='par_1_47' title="bbox 218 4278 1851 4355">
     <span class='ocr_line' id='line_1_47' title="bbox 218 4278 1851 4355; baseline 0.007 -27"><span class='ocrx_word' id='word_1_324' title='bbox 218 4278 535 4347; x_wconf 89' lang='lat' dir='ltr'><strong>conﬁtemur,</strong></span> <span class='ocrx_word' id='word_1_325' title='bbox 574 4281 835 4337; x_wconf 86' lang='lat' dir='ltr'><strong>minorem</strong></span> <span class='ocrx_word' id='word_1_326' title='bbox 854 4289 1073 4353; x_wconf 88' lang='lat' dir='ltr'><strong>putant,</strong></span> <span class='ocrx_word' id='word_1_327' title='bbox 1099 4288 1158 4337; x_wconf 88' lang='lat' dir='ltr'><strong>in</strong></span> <span class='ocrx_word' id='word_1_328' title='bbox 1178 4284 1273 4338; x_wconf 91' lang='lat' dir='ltr'><strong>hac</strong></span> <span class='ocrx_word' id='word_1_329' title='bbox 1300 4286 1576 4355; x_wconf 87' lang='lat' dir='ltr'><strong>impietate</strong></span> <span class='ocrx_word' id='word_1_330' title='bbox 1594 4287 1851 4355; x_wconf 89' lang='lat' dir='ltr'><strong>persiste-</strong></span> 
     </span>
    </p>
   </div>
   <div class='ocr_carea' id='block_1_48' title="bbox 218 4370 1852 4446">
    <p class='ocr_par' dir='ltr' id='par_1_48' title="bbox 218 4370 1852 4446">
     <span class='ocr_line' id='line_1_48' title="bbox 218 4370 1852 4446; baseline 0.009 -30"><span class='ocrx_word' id='word_1_331' title='bbox 218 4373 341 4432; x_wconf 84' lang='lat' dir='ltr'><strong>rent,</strong></span> <span class='ocrx_word' id='word_1_332' title='bbox 370 4385 539 4440; x_wconf 89' lang='lat' dir='ltr'><strong>neque</strong></span> <span class='ocrx_word' id='word_1_333' title='bbox 559 4370 1665 4445; x_wconf 82' lang='lat' dir='ltr'><strong>MacedonianiSpiritumsanctum,quem</strong></span> <span class='ocrx_word' id='word_1_334' title='bbox 1684 4391 1852 4446; x_wconf 89' lang='lat' dir='ltr'><strong>neque</strong></span> 
     </span>
    </p>
   </div>
   <div class='ocr_carea' id='block_1_49' title="bbox 216 4458 1851 4535">
    <p class='ocr_par' dir='ltr' id='par_1_49' title="bbox 216 4458 1851 4535">
     <span class='ocr_line' id='line_1_49' title="bbox 216 4458 1851 4535; baseline 0.006 -26"><span class='ocrx_word' id='word_1_335' title='bbox 216 4458 431 4523; x_wconf 84' lang='lat' dir='ltr'><strong>genitum</strong></span> <span class='ocrx_word' id='word_1_336' title='bbox 454 4476 627 4530; x_wconf 86' lang='lat' dir='ltr'><strong>neque</strong></span> <span class='ocrx_word' id='word_1_337' title='bbox 648 4460 951 4531; x_wconf 88' lang='lat' dir='ltr'><strong>ingenitum</strong></span> <span class='ocrx_word' id='word_1_338' title='bbox 976 4463 1261 4533; x_wconf 89' lang='lat' dir='ltr'><strong>credimus,</strong></span> <span class='ocrx_word' id='word_1_339' title='bbox 1275 4470 1539 4535; x_wconf 90' lang='lat' dir='ltr'><strong>quantum</strong></span> <span class='ocrx_word' id='word_1_340' title='bbox 1556 4464 1613 4518; x_wconf 90' lang='lat' dir='ltr'><strong>in</strong></span> <span class='ocrx_word' id='word_1_341' title='bbox 1632 4464 1764 4535; x_wconf 89' lang='lat' dir='ltr'><strong>ipsis</strong></span> <span class='ocrx_word' id='word_1_342' title='bbox 1776 4471 1851 4519; x_wconf 90' lang='lat' dir='ltr'><strong>est</strong></span> 
     </span>
    </p>
   </div>
   <div class='ocr_carea' id='block_1_50' title="bbox 217 4546 1851 4624">
    <p class='ocr_par' dir='ltr' id='par_1_50' title="bbox 217 4546 1851 4624">
     <span class='ocr_line' id='line_1_50' title="bbox 217 4546 1851 4624; baseline 0.008 -28"><span class='ocrx_word' id='word_1_343' title='bbox 217 4558 246 4596; x_wconf 92' lang='lat' dir='ltr'><strong>a</strong></span> <span class='ocrx_word' id='word_1_344' title='bbox 266 4546 569 4603; x_wconf 85' lang='lat' dir='ltr'><strong>divinitatis</strong></span> <span class='ocrx_word' id='word_1_345' title='bbox 596 4565 719 4605; x_wconf 86' lang='lat' dir='ltr'><strong>arce</strong></span> <span class='ocrx_word' id='word_1_346' title='bbox 744 4550 1107 4614; x_wconf 81' lang='lat' dir='ltr'><strong>detruderent.</strong></span> <span class='ocrx_word' id='word_1_347' title='bbox 1126 4554 1173 4607; x_wconf 84' lang='lat' dir='ltr'><strong>si</strong></span> <span class='ocrx_word' id='word_1_348' title='bbox 1198 4553 1499 4624; x_wconf 86' lang='lat' dir='ltr'><strong>Scripturis</strong></span> <span class='ocrx_word' id='word_1_349' title='bbox 1525 4554 1729 4609; x_wconf 89' lang='lat' dir='ltr'><strong>sanctis</strong></span> <span class='ocrx_word' id='word_1_350' title='bbox 1741 4570 1851 4608; x_wconf 85' lang='lat' dir='ltr'><strong>ma-</strong></span> 
     </span>
    </p>
   </div>
   <div class='ocr_carea' id='block_1_51' title="bbox 218 4633 1851 4715">
    <p class='ocr_par' dir='ltr' id='par_1_51' title="bbox 218 4633 1851 4715">
     <span class='ocr_line' id='line_1_51' title="bbox 218 4633 1851 4715; baseline 0.003 -23"><span class='ocrx_word' id='word_1_351' title='bbox 218 4633 287 4701; x_wconf 74' lang='grc' dir='ltr'><strong>ρίε</strong></span> <span class='ocrx_word' id='word_1_352' title='bbox 325 4653 477 4707; x_wconf 88' lang='lat' dir='ltr'><strong>quam</strong></span> <span class='ocrx_word' id='word_1_353' title='bbox 517 4641 630 4693; x_wconf 88' lang='lat' dir='ltr'><strong>suis</strong></span> <span class='ocrx_word' id='word_1_354' title='bbox 687 4640 1208 4698; x_wconf 80' lang='lat' dir='ltr'><strong>ratiocinationibus</strong></span> <span class='ocrx_word' id='word_1_355' title='bbox 1259 4642 1653 4698; x_wconf 87' lang='lat' dir='ltr'><strong>accommodare</strong></span> <span class='ocrx_word' id='word_1_356' title='bbox 1694 4643 1851 4715; x_wconf 91' lang='lat' dir='ltr'><strong>ﬁdem</strong></span> 
     </span>
    </p>
   </div>
   <div class='ocr_carea' id='block_1_52' title="bbox 218 4724 439 4781">
    <p class='ocr_par' dir='ltr' id='par_1_52' title="bbox 218 4724 439 4781">
     <span class='ocr_line' id='line_1_52' title="bbox 218 4724 439 4781; baseline 0.014 -5"><span class='ocrx_word' id='word_1_357' title='bbox 218 4724 439 4781; x_wconf 88' lang='lat' dir='ltr'><strong>mallent.</strong></span> 
     </span>
    </p>
   </div>
   <div class='ocr_carea' id='block_1_53' title="bbox 276 4817 1847 4890">
    <p class='ocr_par' dir='ltr' id='par_1_53' title="bbox 276 4817 1847 4890">
     <span class='ocr_line' id='line_1_53' title="bbox 276 4817 1847 4890; baseline 0.006 -23"><span class='ocrx_word' id='word_1_358' title='bbox 276 4817 325 4867; x_wconf 85' lang='grc'><strong>2.</strong></span> <span class='ocrx_word' id='word_1_359' title='bbox 357 4817 553 4871; x_wconf 82' lang='lat' dir='ltr'><strong>Tamen</strong></span> <span class='ocrx_word' id='word_1_360' title='bbox 578 4824 657 4885; x_wconf 91' lang='lat' dir='ltr'><strong>tu,</strong></span> <span class='ocrx_word' id='word_1_361' title='bbox 678 4822 764 4873; x_wconf 90' lang='lat' dir='ltr'><strong>vir</strong></span> <span class='ocrx_word' id='word_1_362' title='bbox 777 4819 1144 4889; x_wconf 87' lang='lat' dir='ltr'><strong>admirabilis,</strong></span> <span class='ocrx_word' id='word_1_363' title='bbox 1165 4822 1216 4875; x_wconf 90' lang='lat' dir='ltr'><strong>si</strong></span> <span class='ocrx_word' id='word_1_364' title='bbox 1235 4821 1335 4877; x_wconf 88' lang='lat' dir='ltr'><strong>tibi</strong></span> <span class='ocrx_word' id='word_1_365' title='bbox 1352 4821 1443 4876; x_wconf 90' lang='lat' dir='ltr'><strong>ille</strong></span> <span class='ocrx_word' id='word_1_366' title='bbox 1456 4820 1626 4876; x_wconf 89' lang='lat' dir='ltr'><strong>Pater</strong></span> <span class='ocrx_word' id='word_1_367' title='bbox 1647 4826 1847 4890; x_wconf 88' lang='lat' dir='ltr'><strong>noster,</strong></span> 
     </span>
    </p>
   </div>
   <div class='ocr_carea' id='block_1_54' title="bbox 218 4900 1852 4980">
    <p class='ocr_par' dir='ltr' id='par_1_54' title="bbox 218 4900 1852 4980">
     <span class='ocr_line' id='line_1_54' title="bbox 218 4900 1852 4980; baseline 0.007 -26"><span class='ocrx_word' id='word_1_368' title='bbox 218 4900 340 4957; x_wconf 85' lang='lat' dir='ltr'><strong>solus</strong></span> <span class='ocrx_word' id='word_1_369' title='bbox 390 4909 627 4962; x_wconf 89' lang='lat' dir='ltr'><strong>conscius</strong></span> <span class='ocrx_word' id='word_1_370' title='bbox 662 4917 1011 4976; x_wconf 88' lang='lat' dir='ltr'><strong>secretorum,</strong></span> <span class='ocrx_word' id='word_1_371' title='bbox 1061 4911 1157 4980; x_wconf 86' lang='lat' dir='ltr'><strong>qui</strong></span> <span class='ocrx_word' id='word_1_372' title='bbox 1212 4909 1361 4965; x_wconf 83' lang='lat' dir='ltr'><strong>habet</strong></span> <span class='ocrx_word' id='word_1_373' title='bbox 1401 4910 1601 4966; x_wconf 89' lang='lat' dir='ltr'><strong>clavem</strong></span> <span class='ocrx_word' id='word_1_374' title='bbox 1672 4911 1852 4966; x_wconf 88' lang='lat' dir='ltr'><strong>David</strong></span> 
     </span>
    </p>
   </div>
   <div class='ocr_carea' id='block_1_55' title="bbox 218 4987 1852 5062">
    <p class='ocr_par' dir='ltr' id='par_1_55' title="bbox 218 4987 1852 5062">
     <span class='ocr_line' id='line_1_55' title="bbox 218 4987 1852 5062; baseline 0.004 -14"><span class='ocrx_word' id='word_1_375' title='bbox 218 4987 387 5061; x_wconf 73' lang='lat' dir='ltr'><strong>(Apoc.</strong></span> <span class='ocrx_word' id='word_1_376' title='bbox 417 5012 500 5061; x_wconf 81' lang='grc' dir='ltr'>ιιι,</span> <span class='ocrx_word' id='word_1_377' title='bbox 532 5002 563 5051; x_wconf 87' lang='lat'><strong>7</strong></span> <span class='ocrx_word' id='word_1_378' title='bbox 574 5013 611 5062; x_wconf 66' lang='lat' dir='ltr'><strong>i,</strong></span> <span class='ocrx_word' id='word_1_379' title='bbox 642 4998 975 5053; x_wconf 86' lang='lat' dir='ltr'><strong>serenissimi</strong></span> <span class='ocrx_word' id='word_1_380' title='bbox 1014 5000 1194 5054; x_wconf 89' lang='lat' dir='ltr'><strong>cordis</strong></span> <span class='ocrx_word' id='word_1_381' title='bbox 1231 4999 1420 5055; x_wconf 87' lang='lat' dir='ltr'><strong>obtutu</strong></span> <span class='ocrx_word' id='word_1_382' title='bbox 1452 5001 1707 5055; x_wconf 55' lang='lat' dir='ltr'><strong>calorum</strong></span> <span class='ocrx_word' id='word_1_383' title='bbox 1733 5018 1852 5056; x_wconf 88' lang='lat' dir='ltr'><strong>ma-</strong></span> 
     </span>
    </p>
   </div>
   <div class='ocr_carea' id='block_1_56' title="bbox 217 5076 1859 5177">
    <p class='ocr_par' dir='ltr' id='par_1_56' title="bbox 217 5076 1859 5177">
     <span class='ocr_line' id='line_1_56' title="bbox 217 5076 1859 5177; baseline 0.006 -41"><span class='ocrx_word' id='word_1_384' title='bbox 217 5076 407 5177; x_wconf 50' lang='lat' dir='ltr'><strong>chinam</strong></span> <span class='ocrx_word' id='word_1_385' title='bbox 437 5094 723 5156; x_wconf 87' lang='lat' dir='ltr'><strong>penetrare</strong></span> <span class='ocrx_word' id='word_1_386' title='bbox 741 5089 1015 5153; x_wconf 88' lang='lat' dir='ltr'><strong>concessit,</strong></span> <span class='ocrx_word' id='word_1_387' title='bbox 1036 5096 1085 5144; x_wconf 88' lang='lat' dir='ltr'><strong>et</strong></span> <span class='ocrx_word' id='word_1_388' title='bbox 1116 5090 1375 5155; x_wconf 87' lang='lat' dir='ltr'><strong>revelata,</strong></span> <span class='ocrx_word' id='word_1_389' title='bbox 1394 5090 1727 5161; x_wconf 90' lang='lat' dir='ltr'><strong>utscriptum</strong></span> <span class='ocrx_word' id='word_1_390' title='bbox 1749 5098 1823 5147; x_wconf 85' lang='lat' dir='ltr'><strong>est</strong></span> <span class='ocrx_word' id='word_1_391' title='bbox 1832 5141 1859 5177; x_wconf 61' lang='lat'><strong><em>,</em></strong></span> 
     </span>
    </p>
   </div>
   <div class='ocr_carea' id='block_1_57' title="bbox 217 5165 1851 5254">
    <p class='ocr_par' dir='ltr' id='par_1_57' title="bbox 217 5165 1851 5254">
     <span class='ocr_line' id='line_1_57' title="bbox 217 5165 1851 5254; baseline 0.007 -30"><span class='ocrx_word' id='word_1_392' title='bbox 217 5165 337 5235; x_wconf 76' lang='lat' dir='ltr'><strong>[acie</strong></span> <span class='ocrx_word' id='word_1_393' title='bbox 386 5174 616 5243; x_wconf 80' lang='lat' dir='ltr'><strong>gloriam</strong></span> <span class='ocrx_word' id='word_1_394' title='bbox 665 5178 876 5232; x_wconf 87' lang='lat' dir='ltr'><strong>Domini</strong></span> <span class='ocrx_word' id='word_1_395' title='bbox 912 5178 1191 5248; x_wconf 87' lang='lat' dir='ltr'><strong>speculari</strong></span> <span class='ocrx_word' id='word_1_396' title='bbox 1220 5180 1288 5248; x_wconf 88' lang='lat' dir='ltr'><strong>(Il</strong></span> <span class='ocrx_word' id='word_1_397' title='bbox 1344 5180 1468 5235; x_wconf 88' lang='lat' dir='ltr'><strong>Cor.</strong></span> <span class='ocrx_word' id='word_1_398' title='bbox 1523 5196 1604 5235; x_wconf 81' lang='grc' dir='ltr'><strong>ιιι.</strong></span> <span class='ocrx_word' id='word_1_399' title='bbox 1646 5182 1753 5254; x_wconf 89' lang='grc'><strong>18),</strong></span> <span class='ocrx_word' id='word_1_400' title='bbox 1791 5165 1851 5236; x_wconf 70' lang='lat' dir='ltr'><strong>in</strong></span> 
     </span>
    </p>
   </div>
   <div class='ocr_carea' id='block_1_58' title="bbox 219 5265 1849 5343">
    <p class='ocr_par' dir='ltr' id='par_1_58' title="bbox 219 5265 1849 5343">
     <span class='ocr_line' id='line_1_58' title="bbox 219 5265 1849 5343; baseline 0.006 -27"><span class='ocrx_word' id='word_1_401' title='bbox 219 5269 462 5325; x_wconf 66' lang='lat' dir='ltr'><strong>Quantum</strong></span> <span class='ocrx_word' id='word_1_402' title='bbox 487 5265 591 5320; x_wconf 88' lang='lat' dir='ltr'><strong>tibi</strong></span> <span class='ocrx_word' id='word_1_403' title='bbox 616 5266 708 5322; x_wconf 87' lang='lat' dir='ltr'><strong>ille</strong></span> <span class='ocrx_word' id='word_1_404' title='bbox 730 5267 823 5338; x_wconf 90' lang='lat' dir='ltr'><strong>qui</strong></span> <span class='ocrx_word' id='word_1_405' title='bbox 843 5266 1151 5339; x_wconf 90' lang='lat' dir='ltr'><strong>hujusmodi</strong></span> <span class='ocrx_word' id='word_1_406' title='bbox 1164 5269 1537 5340; x_wconf 87' lang='lat' dir='ltr'><strong>cogitationem</strong></span> <span class='ocrx_word' id='word_1_407' title='bbox 1548 5269 1849 5343; x_wconf 88' lang='lat' dir='ltr'><strong>dedit,pro-</strong></span> 
     </span>
    </p>
   </div>
   <div class='ocr_carea' id='block_1_59' title="bbox 272 5400 1848 5478">
    <p class='ocr_par' dir='ltr' id='par_1_59' title="bbox 272 5400 1848 5478">
     <span class='ocr_line' id='line_1_59' title="bbox 272 5400 1848 5478; baseline 0.007 -25"><span class='ocrx_word' id='word_1_408' title='bbox 272 5400 306 5478; x_wconf 51' lang='grc' dir='ltr'>ξ</span> <span class='ocrx_word' id='word_1_409' title='bbox 325 5401 706 5478; x_wconf 65' lang='grc' dir='ltr'><strong>(ξλδϋεδνὶωυε</strong></span> <span class='ocrx_word' id='word_1_410' title='bbox 731 5408 869 5478; x_wconf 76' lang='lat' dir='ltr'><strong>lianc</strong></span> <span class='ocrx_word' id='word_1_411' title='bbox 892 5410 959 5459; x_wconf 88' lang='lat' dir='ltr'><strong>ad</strong></span> <span class='ocrx_word' id='word_1_412' title='bbox 1008 5425 1065 5478; x_wconf 61' lang='grc' dir='ltr'><strong>ι’.Δ</strong></span> <span class='ocrx_word' id='word_1_413' title='bbox 1082 5411 1327 5478; x_wconf 85' lang='lat' dir='ltr'><strong>sb._duo_s</strong></span> <span class='ocrx_word' id='word_1_414' title='bbox 1356 5416 1393 5461; x_wconf 91' lang='lat' dir='ltr'><strong>t.</strong></span> <span class='ocrx_word' id='word_1_415' title='bbox 1414 5416 1464 5478; x_wconf 81' lang='lat' dir='ltr'><strong>et</strong></span> <span class='ocrx_word' id='word_1_416' title='bbox 1491 5413 1628 5478; x_wconf 86' lang='lat' dir='ltr'><strong>duos</strong></span> <span class='ocrx_word' id='word_1_417' title='bbox 1661 5429 1707 5462; x_wconf 80' lang='grc' dir='ltr'><strong>ν.</strong></span> <span class='ocrx_word' id='word_1_418' title='bbox 1734 5416 1848 5478; x_wconf 88' lang='lat' dir='ltr'><strong>qui-</strong></span> 
     </span>
    </p>
   </div>
   <div class='ocr_carea' id='block_1_60' title="bbox 223 5458 1850 5581">
    <p class='ocr_par' dir='ltr' id='par_1_60' title="bbox 223 5458 1850 5581">
     <span class='ocr_line' id='line_1_60' title="bbox 223 5458 1850 5581; baseline 0.008 -66"><span class='ocrx_word' id='word_1_419' title='bbox 223 5458 538 5581; x_wconf 48' lang='grc' dir='ltr'><strong>ῗὲιέϋξξξιέᾔιιξ</strong></span> <span class='ocrx_word' id='word_1_420' title='bbox 556 5458 944 5522; x_wconf 74' lang='lat' dir='ltr'><strong>accessitvatus</strong></span> <span class='ocrx_word' id='word_1_421' title='bbox 969 5458 1138 5523; x_wconf 59' lang='lat' dir='ltr'><strong>cades</strong></span> <span class='ocrx_word' id='word_1_422' title='bbox 1152 5458 1485 5525; x_wconf 15' lang='lat' dir='ltr'><strong>’Bert&#39;ine&#39;nsis</strong></span> <span class='ocrx_word' id='word_1_423' title='bbox 1497 5458 1850 5541; x_wconf 36' lang='lat' dir='ltr'><strong>Exigebam-</strong></span> 
     </span>
    </p>
   </div>
   <div class='ocr_carea' id='block_1_61' title="bbox 274 5588 1844 5669">
    <p class='ocr_par' dir='ltr' id='par_1_61' title="bbox 274 5588 1844 5669">
     <span class='ocr_line' id='line_1_61' title="bbox 274 5588 1844 5669; baseline 0.008 -26"><span class='ocrx_word' id='word_1_424' title='bbox 274 5588 337 5669; x_wconf 49' lang='grc' dir='ltr'><strong>[ξιξ</strong></span> <span class='ocrx_word' id='word_1_425' title='bbox 528 5597 617 5645; x_wconf 77' lang='grc'><strong>221</strong></span> <span class='ocrx_word' id='word_1_426' title='bbox 643 5611 809 5669; x_wconf 40' lang='lat' dir='ltr'><strong>illum</strong></span> <span class='ocrx_word' id='word_1_427' title='bbox 833 5602 1015 5650; x_wconf 85' lang='lat' dir='ltr'><strong>autem</strong></span> <span class='ocrx_word' id='word_1_428' title='bbox 1040 5600 1130 5649; x_wconf 77' lang='lat' dir='ltr'><strong>H9</strong></span> <span class='ocrx_word' id='word_1_429' title='bbox 1165 5604 1296 5659; x_wconf 88' lang='lat' dir='ltr'><strong>erat,</strong></span> <span class='ocrx_word' id='word_1_430' title='bbox 1332 5615 1477 5653; x_wconf 87' lang='lat' dir='ltr'><strong>nunc</strong></span> <span class='ocrx_word' id='word_1_431' title='bbox 1525 5605 1604 5654; x_wconf 85' lang='lat'><strong>55.</strong></span> <span class='ocrx_word' id='word_1_432' title='bbox 1634 5603 1844 5669; x_wconf 88' lang='lat' dir='ltr'><strong>Scripta</strong></span> 
     </span>
    </p>
   </div>
   <div class='ocr_carea' id='block_1_62' title="bbox 220 5643 764 5712">
    <p class='ocr_par' dir='ltr' id='par_1_62' title="bbox 220 5643 764 5712">
     <span class='ocr_line' id='line_1_62' title="bbox 220 5643 764 5712; baseline 0.017 -9"><span class='ocrx_word' id='word_1_433' title='bbox 220 5643 342 5702; x_wconf 74' lang='lat' dir='ltr'><strong>forte</strong></span> <span class='ocrx_word' id='word_1_434' title='bbox 364 5655 499 5708; x_wconf 80' lang='lat' dir='ltr'><strong>circa</strong></span> <span class='ocrx_word' id='word_1_435' title='bbox 527 5643 616 5711; x_wconf 56' lang='lat' dir='ltr'><strong>in:</strong></span> <span class='ocrx_word' id='word_1_436' title='bbox 645 5643 764 5712; x_wconf 70' lang='grc' dir='ltr'><strong>ἰἶοῖ</strong></span> 
     </span>
    </p>
   </div>
   <div class='ocr_carea' id='block_1_63' title="bbox 1423 141 2379 201">
    <p class='ocr_par' dir='ltr' id='par_1_63' title="bbox 1423 141 2379 201">
     <span class='ocr_line' id='line_1_63' title="bbox 1423 141 2379 201; baseline -0.001 0"><span class='ocrx_word' id='word_1_437' title='bbox 1423 141 1927 201; x_wconf 78' lang='lat' dir='ltr'><strong>EPISTOLARUM</strong></span> <span class='ocrx_word' id='word_1_438' title='bbox 1969 141 2261 200; x_wconf 78' lang='lat' dir='ltr'><strong>CLASSIS</strong></span> <span class='ocrx_word' id='word_1_439' title='bbox 2303 143 2379 200; x_wconf 84' lang='lat' dir='ltr'><strong>ll.</strong></span> 
     </span>
    </p>
   </div>
   <div class='ocr_carea' id='block_1_64' title="bbox 3488 150 3593 205">
    <p class='ocr_par' dir='ltr' id='par_1_64' title="bbox 3488 150 3593 205">
     <span class='ocr_line' id='line_1_64' title="bbox 3488 150 3593 205; baseline 0 0"><span class='ocrx_word' id='word_1_440' title='bbox 3488 150 3593 205; x_wconf 76' lang='grc'><strong>450</strong></span> 
     </span>
    </p>
   </div>
   <div class='ocr_carea' id='block_1_65' title="bbox 1933 267 3591 345">
    <p class='ocr_par' dir='ltr' id='par_1_65' title="bbox 1933 267 3591 345">
     <span class='ocr_line' id='line_1_65' title="bbox 1933 267 3591 345; baseline 0.005 -23"><span class='ocrx_word' id='word_1_441' title='bbox 1933 269 2112 324; x_wconf 86' lang='lat' dir='ltr'><strong>mendi</strong></span> <span class='ocrx_word' id='word_1_442' title='bbox 2139 267 2352 324; x_wconf 86' lang='lat' dir='ltr'><strong>dederit</strong></span> <span class='ocrx_word' id='word_1_443' title='bbox 2363 270 2705 339; x_wconf 78' lang='lat' dir='ltr'><strong>lacullatem,</strong></span> <span class='ocrx_word' id='word_1_444' title='bbox 2721 274 2946 328; x_wconf 86' lang='lat' dir='ltr'><strong>enuntia</strong></span> <span class='ocrx_word' id='word_1_445' title='bbox 2971 273 3119 329; x_wconf 89' lang='lat' dir='ltr'><strong>nobis</strong></span> <span class='ocrx_word' id='word_1_446' title='bbox 3131 272 3370 345; x_wconf 88' lang='lat' dir='ltr'><strong>aliquam</strong></span> <span class='ocrx_word' id='word_1_447' title='bbox 3400 274 3591 345; x_wconf 74' lang='lat' dir='ltr'><strong>ine/fa-</strong></span> 
     </span>
    </p>
   </div>
   <div class='ocr_carea' id='block_1_66' title="bbox 1936 357 3593 433">
    <p class='ocr_par' dir='ltr' id='par_1_66' title="bbox 1936 357 3593 433">
     <span class='ocr_line' id='line_1_66' title="bbox 1936 357 3593 433; baseline 0.004 -20"><span class='ocrx_word' id='word_1_448' title='bbox 1936 358 2066 413; x_wconf 86' lang='lat' dir='ltr'><strong>bilis</strong></span> <span class='ocrx_word' id='word_1_449' title='bbox 2087 357 2401 413; x_wconf 56' lang='lat' dir='ltr'><strong>substantia</strong></span> <span class='ocrx_word' id='word_1_450' title='bbox 2432 362 2752 429; x_wconf 87' lang='lat' dir='ltr'><strong>portionem,</strong></span> <span class='ocrx_word' id='word_1_451' title='bbox 2795 367 2844 415; x_wconf 89' lang='lat' dir='ltr'><strong>et</strong></span> <span class='ocrx_word' id='word_1_452' title='bbox 2872 364 3161 433; x_wconf 85' lang='lat' dir='ltr'><strong>imaginem</strong></span> <span class='ocrx_word' id='word_1_453' title='bbox 3202 363 3593 419; x_wconf 88' lang='lat' dir='ltr'><strong>similitudinis</strong></span> 
     </span>
    </p>
   </div>
   <div class='ocr_carea' id='block_1_67' title="bbox 1936 446 3592 523">
    <p class='ocr_par' dir='ltr' id='par_1_67' title="bbox 1936 446 3592 523">
     <span class='ocr_line' id='line_1_67' title="bbox 1936 446 3592 523; baseline 0.005 -23"><span class='ocrx_word' id='word_1_454' title='bbox 1936 446 2050 518; x_wconf 88' lang='lat' dir='ltr'><strong>ejus</strong></span> <span class='ocrx_word' id='word_1_455' title='bbox 2066 449 2180 517; x_wconf 86' lang='lat' dir='ltr'><strong>ipso</strong></span> <span class='ocrx_word' id='word_1_456' title='bbox 2196 447 2487 517; x_wconf 87' lang='lat' dir='ltr'><strong>adjuvante</strong></span> <span class='ocrx_word' id='word_1_457' title='bbox 2507 450 2838 519; x_wconf 73' lang='lat' dir='ltr'><strong>exprimere,</strong></span> <span class='ocrx_word' id='word_1_458' title='bbox 2864 450 2921 505; x_wconf 89' lang='lat' dir='ltr'><strong>in</strong></span> <span class='ocrx_word' id='word_1_459' title='bbox 2945 460 3211 523; x_wconf 89' lang='lat' dir='ltr'><strong>quantum</strong></span> <span class='ocrx_word' id='word_1_460' title='bbox 3234 460 3397 523; x_wconf 89' lang='lat' dir='ltr'><strong>potes,</strong></span> <span class='ocrx_word' id='word_1_461' title='bbox 3415 454 3592 508; x_wconf 85' lang='lat' dir='ltr'><strong>verbis</strong></span> 
     </span>
    </p>
   </div>
   <div class='ocr_carea' id='block_1_68' title="bbox 1936 536 3591 612">
    <p class='ocr_par' dir='ltr' id='par_1_68' title="bbox 1936 536 3591 612">
     <span class='ocr_line' id='line_1_68' title="bbox 1936 536 3591 612; baseline 0.003 -21"><span class='ocrx_word' id='word_1_462' title='bbox 1936 536 2138 591; x_wconf 86' lang='lat' dir='ltr'><strong>enitere</strong></span> <span class='ocrx_word' id='word_1_463' title='bbox 2165 557 2185 605; x_wconf 86' lang='lat'><strong>,-</strong></span> <span class='ocrx_word' id='word_1_464' title='bbox 2213 538 2468 607; x_wconf 88' lang='lat' dir='ltr'><strong>quoniam</strong></span> <span class='ocrx_word' id='word_1_465' title='bbox 2496 538 2612 591; x_wconf 89' lang='lat' dir='ltr'><strong>nisi</strong></span> <span class='ocrx_word' id='word_1_466' title='bbox 2659 546 2716 593; x_wconf 90' lang='lat' dir='ltr'><strong>tu</strong></span> <span class='ocrx_word' id='word_1_467' title='bbox 2750 545 2913 594; x_wconf 79' lang='lat' dir='ltr'><strong>tantae</strong></span> <span class='ocrx_word' id='word_1_468' title='bbox 2946 543 3027 595; x_wconf 87' lang='lat' dir='ltr'><strong>rei</strong></span> <span class='ocrx_word' id='word_1_469' title='bbox 3078 541 3191 595; x_wconf 79' lang='lat' dir='ltr'><strong>dux</strong></span> <span class='ocrx_word' id='word_1_470' title='bbox 3219 557 3281 596; x_wconf 90' lang='lat' dir='ltr'><strong>ac</strong></span> <span class='ocrx_word' id='word_1_471' title='bbox 3336 545 3591 612; x_wconf 86' lang='lat' dir='ltr'><strong>magister</strong></span> 
     </span>
    </p>
   </div>
   <div class='ocr_carea' id='block_1_69' title="bbox 1937 625 3592 701">
    <p class='ocr_par' dir='ltr' id='par_1_69' title="bbox 1937 625 3592 701">
     <span class='ocr_line' id='line_1_69' title="bbox 1937 625 3592 701; baseline 0.004 -23"><span class='ocrx_word' id='word_1_472' title='bbox 1937 625 2204 695; x_wconf 81' lang='lat' dir='ltr'><strong>adfueris,</strong></span> <span class='ocrx_word' id='word_1_473' title='bbox 2236 625 2377 680; x_wconf 90' lang='lat' dir='ltr'><strong>velut</strong></span> <span class='ocrx_word' id='word_1_474' title='bbox 2436 625 2782 696; x_wconf 82' lang='lat' dir='ltr'><strong>lippientibus</strong></span> <span class='ocrx_word' id='word_1_475' title='bbox 2823 629 2989 683; x_wconf 89' lang='lat' dir='ltr'><strong>oculis</strong></span> <span class='ocrx_word' id='word_1_476' title='bbox 3024 631 3329 701; x_wconf 84' lang='lat' dir='ltr'><strong>prospicere</strong></span> <span class='ocrx_word' id='word_1_477' title='bbox 3376 631 3433 685; x_wconf 91' lang='lat' dir='ltr'><strong>in</strong></span> <span class='ocrx_word' id='word_1_478' title='bbox 3472 646 3592 687; x_wconf 89' lang='lat' dir='ltr'><strong>eam</strong></span> 
     </span>
    </p>
   </div>
   <div class='ocr_carea' id='block_1_70' title="bbox 1937 714 3595 790">
    <p class='ocr_par' dir='ltr' id='par_1_70' title="bbox 1937 714 3595 790">
     <span class='ocr_line' id='line_1_70' title="bbox 1937 714 3595 790; baseline 0.002 -19"><span class='ocrx_word' id='word_1_479' title='bbox 1937 715 2083 771; x_wconf 79' lang='lat' dir='ltr'><strong>tanti</strong></span> <span class='ocrx_word' id='word_1_480' title='bbox 2108 714 2331 769; x_wconf 90' lang='lat' dir='ltr'><strong>luminis</strong></span> <span class='ocrx_word' id='word_1_481' title='bbox 2359 732 2667 787; x_wconf 88' lang='lat' dir='ltr'><strong>repercussa</strong></span> <span class='ocrx_word' id='word_1_482' title='bbox 2687 716 2907 787; x_wconf 79' lang='lat' dir='ltr'><strong>fulgore</strong></span> <span class='ocrx_word' id='word_1_483' title='bbox 2918 719 3171 788; x_wconf 89' lang='lat' dir='ltr'><strong>cogitatio</strong></span> <span class='ocrx_word' id='word_1_484' title='bbox 3191 727 3375 774; x_wconf 88' lang='lat' dir='ltr'><strong>nostra</strong></span> <span class='ocrx_word' id='word_1_485' title='bbox 3396 720 3595 790; x_wconf 81' lang='lat' dir='ltr'><strong>[armi-</strong></span> 
     </span>
    </p>
   </div>
   <div class='ocr_carea' id='block_1_71' title="bbox 1937 803 3590 879">
    <p class='ocr_par' dir='ltr' id='par_1_71' title="bbox 1937 803 3590 879">
     <span class='ocr_line' id='line_1_71' title="bbox 1937 803 3590 879; baseline 0.003 -20"><span class='ocrx_word' id='word_1_486' title='bbox 1937 803 2049 859; x_wconf 88' lang='lat' dir='ltr'><strong>dat.</strong></span> <span class='ocrx_word' id='word_1_487' title='bbox 2084 803 2248 858; x_wconf 87' lang='lat' dir='ltr'><strong>Intra</strong></span> <span class='ocrx_word' id='word_1_488' title='bbox 2277 820 2401 875; x_wconf 91' lang='lat' dir='ltr'><strong>ergo</strong></span> <span class='ocrx_word' id='word_1_489' title='bbox 2432 806 2491 858; x_wconf 88' lang='lat' dir='ltr'><strong>in</strong></span> <span class='ocrx_word' id='word_1_490' title='bbox 2545 805 2719 869; x_wconf 85' lang='lat' dir='ltr'><strong>illam,</strong></span> <span class='ocrx_word' id='word_1_491' title='bbox 2750 822 2867 876; x_wconf 70' lang='lat' dir='ltr'><strong>quae</strong></span> <span class='ocrx_word' id='word_1_492' title='bbox 2897 814 3106 862; x_wconf 88' lang='lat' dir='ltr'><strong>nostros</strong></span> <span class='ocrx_word' id='word_1_493' title='bbox 3131 816 3277 863; x_wconf 88' lang='lat' dir='ltr'><strong>arcet</strong></span> <span class='ocrx_word' id='word_1_494' title='bbox 3330 810 3590 879; x_wconf 86' lang='lat' dir='ltr'><strong>intuitus,</strong></span> 
     </span>
    </p>
   </div>
   <div class='ocr_carea' id='block_1_72' title="bbox 1938 894 3594 967">
    <p class='ocr_par' dir='ltr' id='par_1_72' title="bbox 1938 894 3594 967">
     <span class='ocr_line' id='line_1_72' title="bbox 1938 894 3594 967; baseline 0.004 -20"><span class='ocrx_word' id='word_1_495' title='bbox 1938 894 2319 965; x_wconf 83' lang='lat' dir='ltr'><strong>mysteriorum</strong></span> <span class='ocrx_word' id='word_1_496' title='bbox 2347 895 2449 948; x_wconf 90' lang='lat' dir='ltr'><strong>Dei</strong></span> <span class='ocrx_word' id='word_1_497' title='bbox 2473 894 2907 950; x_wconf 88' lang='lat' dir='ltr'><strong>obscurissimam</strong></span> <span class='ocrx_word' id='word_1_498' title='bbox 2930 896 3155 961; x_wconf 85' lang='lat' dir='ltr'><strong>nubem;</strong></span> <span class='ocrx_word' id='word_1_499' title='bbox 3175 898 3594 967; x_wconf 65' lang='lat' dir='ltr'><strong>quwstiunculas</strong></span> 
     </span>
    </p>
   </div>
   <div class='ocr_carea' id='block_1_73' title="bbox 1940 982 3597 1057">
    <p class='ocr_par' dir='ltr' id='par_1_73' title="bbox 1940 982 3597 1057">
     <span class='ocr_line' id='line_1_73' title="bbox 1940 982 3597 1057; baseline 0.003 -20"><span class='ocrx_word' id='word_1_500' title='bbox 1940 982 2000 1037; x_wconf 88' lang='lat' dir='ltr'><strong>in</strong></span> <span class='ocrx_word' id='word_1_501' title='bbox 2028 982 2221 1052; x_wconf 86' lang='lat' dir='ltr'><strong>quibus</strong></span> <span class='ocrx_word' id='word_1_502' title='bbox 2236 982 2565 1038; x_wconf 88' lang='lat' dir='ltr'><strong>absolvendis</strong></span> <span class='ocrx_word' id='word_1_503' title='bbox 2590 1000 2669 1037; x_wconf 89' lang='lat' dir='ltr'><strong>me</strong></span> <span class='ocrx_word' id='word_1_504' title='bbox 2688 1000 2879 1039; x_wconf 88' lang='lat' dir='ltr'><strong>errare</strong></span> <span class='ocrx_word' id='word_1_505' title='bbox 2889 1002 3160 1055; x_wconf 87' lang='lat' dir='ltr'><strong>cognosco,</strong></span> <span class='ocrx_word' id='word_1_506' title='bbox 3180 987 3276 1057; x_wconf 83' lang='lat' dir='ltr'><strong>qui</strong></span> <span class='ocrx_word' id='word_1_507' title='bbox 3294 989 3597 1042; x_wconf 81' lang='lat' dir='ltr'><strong>auctarita-</strong></span> 
     </span>
    </p>
   </div>
   <div class='ocr_carea' id='block_1_74' title="bbox 1941 1070 3593 1147">
    <p class='ocr_par' dir='ltr' id='par_1_74' title="bbox 1941 1070 3593 1147">
     <span class='ocr_line' id='line_1_74' title="bbox 1941 1070 3593 1147; baseline 0.004 -22"><span class='ocrx_word' id='word_1_508' title='bbox 1941 1075 2044 1125; x_wconf 86' lang='lat' dir='ltr'><strong>tem</strong></span> <span class='ocrx_word' id='word_1_509' title='bbox 2071 1070 2622 1143; x_wconf 71' lang='lat' dir='ltr'><strong>Sanctitatistueeﬁde</strong></span> <span class='ocrx_word' id='word_1_510' title='bbox 2652 1074 2828 1143; x_wconf 89' lang='lat' dir='ltr'><strong>magis</strong></span> <span class='ocrx_word' id='word_1_511' title='bbox 2852 1076 3002 1145; x_wconf 87' lang='lat' dir='ltr'><strong>sequi</strong></span> <span class='ocrx_word' id='word_1_512' title='bbox 3025 1075 3157 1141; x_wconf 89' lang='lat' dir='ltr'><strong>volo,</strong></span> <span class='ocrx_word' id='word_1_513' title='bbox 3173 1092 3331 1147; x_wconf 91' lang='lat' dir='ltr'><strong>quam</strong></span> <span class='ocrx_word' id='word_1_514' title='bbox 3352 1078 3593 1132; x_wconf 86' lang='lat' dir='ltr'><strong>rationis</strong></span> 
     </span>
    </p>
   </div>
   <div class='ocr_carea' id='block_1_75' title="bbox 1938 1160 3591 1237">
    <p class='ocr_par' dir='ltr' id='par_1_75' title="bbox 1938 1160 3591 1237">
     <span class='ocr_line' id='line_1_75' title="bbox 1938 1160 3591 1237; baseline 0.004 -24"><span class='ocrx_word' id='word_1_515' title='bbox 1938 1160 2095 1214; x_wconf 89' lang='lat' dir='ltr'><strong>corde</strong></span> <span class='ocrx_word' id='word_1_516' title='bbox 2126 1167 2385 1231; x_wconf 55' lang='lat' dir='ltr'><strong>concepte</strong></span> <span class='ocrx_word' id='word_1_517' title='bbox 2414 1160 2555 1231; x_wconf 80' lang='lat' dir='ltr'><strong>falsa</strong></span> <span class='ocrx_word' id='word_1_518' title='bbox 2608 1161 2844 1231; x_wconf 87' lang='lat' dir='ltr'><strong>imagine</strong></span> <span class='ocrx_word' id='word_1_519' title='bbox 2896 1163 3209 1234; x_wconf 89' lang='lat' dir='ltr'><strong>depravari,</strong></span> <span class='ocrx_word' id='word_1_520' title='bbox 3256 1166 3502 1237; x_wconf 90' lang='lat' dir='ltr'><strong>primum</strong></span> <span class='ocrx_word' id='word_1_521' title='bbox 3534 1166 3591 1220; x_wconf 89' lang='lat' dir='ltr'><strong>in</strong></span> 
     </span>
    </p>
   </div>
   <div class='ocr_carea' id='block_1_76' title="bbox 1940 1249 3039 1323">
    <p class='ocr_par' dir='ltr' id='par_1_76' title="bbox 1940 1249 3039 1323">
     <span class='ocr_line' id='line_1_76' title="bbox 1940 1249 3039 1323; baseline 0.005 -21"><span class='ocrx_word' id='word_1_522' title='bbox 1940 1249 2264 1319; x_wconf 88' lang='lat' dir='ltr'><strong>memetipso,</strong></span> <span class='ocrx_word' id='word_1_523' title='bbox 2305 1249 2496 1303; x_wconf 79' lang='lat' dir='ltr'><strong>dehinc</strong></span> <span class='ocrx_word' id='word_1_524' title='bbox 2524 1251 2582 1304; x_wconf 92' lang='lat' dir='ltr'><strong>in</strong></span> <span class='ocrx_word' id='word_1_525' title='bbox 2610 1250 2767 1305; x_wconf 88' lang='lat' dir='ltr'><strong>libris</strong></span> <span class='ocrx_word' id='word_1_526' title='bbox 2803 1253 3039 1323; x_wconf 87' lang='lat' dir='ltr'><strong>corrige.</strong></span> 
     </span>
    </p>
   </div>
   <div class='ocr_carea' id='block_1_77' title="bbox 2012 1338 3597 1415">
    <p class='ocr_par' dir='ltr' id='par_1_77' title="bbox 2012 1338 3597 1415">
     <span class='ocr_line' id='line_1_77' title="bbox 2012 1338 3597 1415; baseline 0.003 -23"><span class='ocrx_word' id='word_1_527' title='bbox 2012 1338 2065 1392; x_wconf 91' lang='lat'><strong>3.</strong></span> <span class='ocrx_word' id='word_1_528' title='bbox 2099 1339 2215 1409; x_wconf 85' lang='lat' dir='ltr'><strong>Ego</strong></span> <span class='ocrx_word' id='word_1_529' title='bbox 2243 1338 2503 1410; x_wconf 89' lang='lat' dir='ltr'><strong>siquidem</strong></span> <span class='ocrx_word' id='word_1_530' title='bbox 2537 1340 2597 1393; x_wconf 86' lang='lat' dir='ltr'><strong>in</strong></span> <span class='ocrx_word' id='word_1_531' title='bbox 2625 1340 3006 1411; x_wconf 87' lang='lat' dir='ltr'><strong>circumspecta</strong></span> <span class='ocrx_word' id='word_1_532' title='bbox 3026 1341 3307 1397; x_wconf 90' lang='lat' dir='ltr'><strong>admodum</strong></span> <span class='ocrx_word' id='word_1_533' title='bbox 3326 1342 3597 1415; x_wconf 88' lang='lat' dir='ltr'><strong>simplici-</strong></span> 
     </span>
    </p>
   </div>
   <div class='ocr_carea' id='block_1_78' title="bbox 1942 1427 3595 1499">
    <p class='ocr_par' dir='ltr' id='par_1_78' title="bbox 1942 1427 3595 1499">
     <span class='ocr_line' id='line_1_78' title="bbox 1942 1427 3595 1499; baseline 0.002 -17"><span class='ocrx_word' id='word_1_534' title='bbox 1942 1434 2050 1482; x_wconf 91' lang='lat' dir='ltr'><strong>tate</strong></span> <span class='ocrx_word' id='word_1_535' title='bbox 2078 1428 2304 1482; x_wconf 88' lang='lat' dir='ltr'><strong>audiens</strong></span> <span class='ocrx_word' id='word_1_536' title='bbox 2332 1428 2656 1499; x_wconf 85' lang='lat' dir='ltr'><strong>credensque</strong></span> <span class='ocrx_word' id='word_1_537' title='bbox 2680 1427 2970 1485; x_wconf 89' lang='lat' dir='ltr'><strong>Dominum</strong></span> <span class='ocrx_word' id='word_1_538' title='bbox 2990 1430 3169 1485; x_wconf 77' lang='lat' dir='ltr'><strong>Iesum</strong></span> <span class='ocrx_word' id='word_1_539' title='bbox 3203 1431 3475 1486; x_wconf 83' lang='lat' dir='ltr'><strong>Christum</strong></span> <span class='ocrx_word' id='word_1_540' title='bbox 3508 1432 3595 1487; x_wconf 88' lang='lat' dir='ltr'><strong>lu-</strong></span> 
     </span>
    </p>
   </div>
   <div class='ocr_carea' id='block_1_79' title="bbox 1941 1516 3595 1588">
    <p class='ocr_par' dir='ltr' id='par_1_79' title="bbox 1941 1516 3595 1588">
     <span class='ocr_line' id='line_1_79' title="bbox 1941 1516 3595 1588; baseline 0.003 -18"><span class='ocrx_word' id='word_1_541' title='bbox 1941 1532 2060 1571; x_wconf 89' lang='lat' dir='ltr'><strong>men</strong></span> <span class='ocrx_word' id='word_1_542' title='bbox 2088 1532 2193 1571; x_wconf 89' lang='lat' dir='ltr'><strong>esse</strong></span> <span class='ocrx_word' id='word_1_543' title='bbox 2221 1516 2283 1571; x_wconf 92' lang='lat' dir='ltr'><strong>de</strong></span> <span class='ocrx_word' id='word_1_544' title='bbox 2302 1517 2664 1585; x_wconf 88' lang='lat' dir='ltr'><strong>lumine,sicut</strong></span> <span class='ocrx_word' id='word_1_545' title='bbox 2690 1518 2963 1588; x_wconf 87' lang='lat' dir='ltr'><strong>scriptum</strong></span> <span class='ocrx_word' id='word_1_546' title='bbox 2984 1526 3081 1585; x_wconf 88' lang='lat' dir='ltr'><strong>est,</strong></span> <span class='ocrx_word' id='word_1_547' title='bbox 3111 1540 3138 1571; x_wconf 86' lang='lat'><strong>«</strong></span> <span class='ocrx_word' id='word_1_548' title='bbox 3162 1520 3305 1575; x_wconf 84' lang='lat' dir='ltr'><strong>Bene</strong></span> <span class='ocrx_word' id='word_1_549' title='bbox 3334 1522 3595 1575; x_wconf 87' lang='lat' dir='ltr'><strong>nuntiate</strong></span> 
     </span>
    </p>
   </div>
   <div class='ocr_carea' id='block_1_80' title="bbox 1941 1604 3595 1680">
    <p class='ocr_par' dir='ltr' id='par_1_80' title="bbox 1941 1604 3595 1680">
     <span class='ocr_line' id='line_1_80' title="bbox 1941 1604 3595 1680; baseline 0.003 -21"><span class='ocrx_word' id='word_1_550' title='bbox 1941 1604 2077 1660; x_wconf 91' lang='lat' dir='ltr'><strong>diem</strong></span> <span class='ocrx_word' id='word_1_551' title='bbox 2098 1605 2159 1659; x_wconf 91' lang='lat' dir='ltr'><strong>de</strong></span> <span class='ocrx_word' id='word_1_552' title='bbox 2174 1605 2281 1671; x_wconf 90' lang='lat' dir='ltr'><strong>die,</strong></span> <span class='ocrx_word' id='word_1_553' title='bbox 2296 1605 2537 1661; x_wconf 88' lang='lat' dir='ltr'><strong>salutare</strong></span> <span class='ocrx_word' id='word_1_554' title='bbox 2549 1607 2663 1676; x_wconf 86' lang='lat' dir='ltr'><strong>ejus</strong></span> <span class='ocrx_word' id='word_1_555' title='bbox 2681 1628 2703 1657; x_wconf 74' lang='grc' dir='ltr'><strong>ι</strong></span> <span class='ocrx_word' id='word_1_556' title='bbox 2721 1606 3028 1676; x_wconf 81' lang='lat' dir='ltr'><strong>(Psal.xcv,</strong></span> <span class='ocrx_word' id='word_1_557' title='bbox 3061 1608 3115 1679; x_wconf 76' lang='lat'><strong>2)</strong></span> <span class='ocrx_word' id='word_1_558' title='bbox 3130 1632 3149 1677; x_wconf 90' lang='lat'><strong>,-</strong></span> <span class='ocrx_word' id='word_1_559' title='bbox 3162 1617 3209 1663; x_wconf 90' lang='lat' dir='ltr'><strong>et</strong></span> <span class='ocrx_word' id='word_1_560' title='bbox 3224 1609 3281 1663; x_wconf 90' lang='lat' dir='ltr'><strong>in</strong></span> <span class='ocrx_word' id='word_1_561' title='bbox 3303 1609 3595 1680; x_wconf 87' lang='lat' dir='ltr'><strong>Sapientia</strong></span> 
     </span>
    </p>
   </div>
   <div class='ocr_carea' id='block_1_81' title="bbox 1942 1693 3599 1770">
    <p class='ocr_par' dir='ltr' id='par_1_81' title="bbox 1942 1693 3599 1770">
     <span class='ocr_line' id='line_1_81' title="bbox 1942 1693 3599 1770; baseline 0.004 -22"><span class='ocrx_word' id='word_1_562' title='bbox 1942 1693 2261 1750; x_wconf 86' lang='lat' dir='ltr'><strong>Solomonis.</strong></span> <span class='ocrx_word' id='word_1_563' title='bbox 2273 1715 2297 1745; x_wconf 75' lang='grc' dir='ltr'><strong><em>α</em></strong></span> <span class='ocrx_word' id='word_1_564' title='bbox 2315 1694 2533 1750; x_wconf 88' lang='lat' dir='ltr'><strong>Candor</strong></span> <span class='ocrx_word' id='word_1_565' title='bbox 2544 1702 2618 1750; x_wconf 86' lang='lat' dir='ltr'><strong>est</strong></span> <span class='ocrx_word' id='word_1_566' title='bbox 2630 1697 2771 1751; x_wconf 88' lang='lat' dir='ltr'><strong>enim</strong></span> <span class='ocrx_word' id='word_1_567' title='bbox 2786 1696 2921 1751; x_wconf 87' lang='lat' dir='ltr'><strong>lucis</strong></span> <span class='ocrx_word' id='word_1_568' title='bbox 2931 1704 3151 1752; x_wconf 72' lang='lat' dir='ltr'><strong>aeternae</strong></span> <span class='ocrx_word' id='word_1_569' title='bbox 3166 1718 3193 1749; x_wconf 80' lang='grc'><strong>››</strong></span> <span class='ocrx_word' id='word_1_570' title='bbox 3211 1699 3599 1770; x_wconf 73' lang='lat' dir='ltr'><strong>(Sap.vu,26);</strong></span> 
     </span>
    </p>
   </div>
   <div class='ocr_carea' id='block_1_82' title="bbox 1941 1782 3599 1858">
    <p class='ocr_par' dir='ltr' id='par_1_82' title="bbox 1941 1782 3599 1858">
     <span class='ocr_line' id='line_1_82' title="bbox 1941 1782 3599 1858; baseline 0.001 -19"><span class='ocrx_word' id='word_1_571' title='bbox 1941 1782 2218 1839; x_wconf 84' lang='lat' dir='ltr'><strong>credebam</strong></span> <span class='ocrx_word' id='word_1_572' title='bbox 2240 1785 2426 1845; x_wconf 88' lang='lat' dir='ltr'><strong>Deum.</strong></span> <span class='ocrx_word' id='word_1_573' title='bbox 2451 1784 2595 1855; x_wconf 89' lang='lat' dir='ltr'><strong>quod</strong></span> <span class='ocrx_word' id='word_1_574' title='bbox 2612 1784 2735 1839; x_wconf 89' lang='lat' dir='ltr'><strong>licet</strong></span> <span class='ocrx_word' id='word_1_575' title='bbox 2759 1786 2972 1840; x_wconf 87' lang='lat' dir='ltr'><strong>credere</strong></span> <span class='ocrx_word' id='word_1_576' title='bbox 3000 1786 3291 1858; x_wconf 85' lang='lat' dir='ltr'><strong>utdignum</strong></span> <span class='ocrx_word' id='word_1_577' title='bbox 3304 1794 3377 1842; x_wconf 90' lang='lat' dir='ltr'><strong>est</strong></span> <span class='ocrx_word' id='word_1_578' title='bbox 3391 1803 3493 1841; x_wconf 91' lang='lat' dir='ltr'><strong>non</strong></span> <span class='ocrx_word' id='word_1_579' title='bbox 3513 1803 3599 1840; x_wconf 85' lang='lat' dir='ltr'><strong>va-</strong></span> 
     </span>
    </p>
   </div>
   <div class='ocr_carea' id='block_1_83' title="bbox 1944 1872 3595 1947">
    <p class='ocr_par' dir='ltr' id='par_1_83' title="bbox 1944 1872 3595 1947">
     <span class='ocr_line' id='line_1_83' title="bbox 1944 1872 3595 1947; baseline 0.001 -19"><span class='ocrx_word' id='word_1_580' title='bbox 1944 1872 2133 1937; x_wconf 86' lang='lat' dir='ltr'><strong>lebam,</strong></span> <span class='ocrx_word' id='word_1_581' title='bbox 2144 1880 2317 1933; x_wconf 89' lang='lat' dir='ltr'><strong>tamen</strong></span> <span class='ocrx_word' id='word_1_582' title='bbox 2329 1890 2434 1927; x_wconf 89' lang='lat' dir='ltr'><strong>esse</strong></span> <span class='ocrx_word' id='word_1_583' title='bbox 2450 1873 2853 1929; x_wconf 74' lang='lat' dir='ltr'><strong>inaestimabilis</strong></span> <span class='ocrx_word' id='word_1_584' title='bbox 2865 1875 3153 1945; x_wconf 84' lang='lat' dir='ltr'><strong>cujusdam</strong></span> <span class='ocrx_word' id='word_1_585' title='bbox 3175 1875 3310 1931; x_wconf 90' lang='lat' dir='ltr'><strong>lucis</strong></span> <span class='ocrx_word' id='word_1_586' title='bbox 3329 1876 3595 1947; x_wconf 82' lang='lat' dir='ltr'><strong>inﬁnitam</strong></span> 
     </span>
    </p>
   </div>
   <div class='ocr_carea' id='block_1_84' title="bbox 1942 1962 3600 2035">
    <p class='ocr_par' dir='ltr' id='par_1_84' title="bbox 1942 1962 3600 2035">
     <span class='ocr_line' id='line_1_84' title="bbox 1942 1962 3600 2035; baseline 0.002 -20"><span class='ocrx_word' id='word_1_587' title='bbox 1942 1962 2390 2031; x_wconf 86' lang='lat' dir='ltr'><strong>magnitudinem,</strong></span> <span class='ocrx_word' id='word_1_588' title='bbox 2411 1962 2566 2033; x_wconf 88' lang='lat' dir='ltr'><strong>cujus</strong></span> <span class='ocrx_word' id='word_1_589' title='bbox 2600 1980 2692 2018; x_wconf 92' lang='lat' dir='ltr'><strong>nec</strong></span> <span class='ocrx_word' id='word_1_590' title='bbox 2706 1963 2971 2034; x_wconf 87' lang='lat' dir='ltr'><strong>qualitem</strong></span> <span class='ocrx_word' id='word_1_591' title='bbox 2988 1965 3279 2033; x_wconf 75' lang='lat' dir='ltr'><strong>aestimare,</strong></span> <span class='ocrx_word' id='word_1_592' title='bbox 3317 1981 3407 2019; x_wconf 91' lang='lat' dir='ltr'><strong>nec</strong></span> <span class='ocrx_word' id='word_1_593' title='bbox 3430 1981 3600 2035; x_wconf 89' lang='lat' dir='ltr'><strong>quan-</strong></span> 
     </span>
    </p>
   </div>
   <div class='ocr_carea' id='block_1_85' title="bbox 1944 2051 3597 2124">
    <p class='ocr_par' dir='ltr' id='par_1_85' title="bbox 1944 2051 3597 2124">
     <span class='ocr_line' id='line_1_85' title="bbox 1944 2051 3597 2124; baseline 0.001 -18"><span class='ocrx_word' id='word_1_594' title='bbox 1944 2051 2155 2106; x_wconf 87' lang='lat' dir='ltr'><strong>titatem</strong></span> <span class='ocrx_word' id='word_1_595' title='bbox 2187 2052 2373 2106; x_wconf 88' lang='lat' dir='ltr'><strong>metiri</strong></span> <span class='ocrx_word' id='word_1_596' title='bbox 2384 2100 2387 2103; x_wconf 41' lang='grc' dir='ltr'><strong>ς</strong></span> <span class='ocrx_word' id='word_1_597' title='bbox 2423 2068 2514 2105; x_wconf 90' lang='lat' dir='ltr'><strong>nec</strong></span> <span class='ocrx_word' id='word_1_598' title='bbox 2530 2053 2755 2121; x_wconf 87' lang='lat' dir='ltr'><strong>speciem</strong></span> <span class='ocrx_word' id='word_1_599' title='bbox 2783 2052 3005 2123; x_wconf 85' lang='lat' dir='ltr'><strong>ﬁngere,</strong></span> <span class='ocrx_word' id='word_1_600' title='bbox 3045 2070 3350 2124; x_wconf 89' lang='lat' dir='ltr'><strong>quanquam</strong></span> <span class='ocrx_word' id='word_1_601' title='bbox 3372 2052 3597 2108; x_wconf 87' lang='lat' dir='ltr'><strong>sublime</strong></span> 
     </span>
    </p>
   </div>
   <div class='ocr_carea' id='block_1_86' title="bbox 1943 2140 3601 2213">
    <p class='ocr_par' dir='ltr' id='par_1_86' title="bbox 1943 2140 3601 2213">
     <span class='ocr_line' id='line_1_86' title="bbox 1943 2140 3601 2213; baseline 0.002 -21"><span class='ocrx_word' id='word_1_602' title='bbox 1943 2141 2182 2211; x_wconf 88' lang='lat' dir='ltr'><strong>cogitans</strong></span> <span class='ocrx_word' id='word_1_603' title='bbox 2204 2157 2350 2195; x_wconf 89' lang='lat' dir='ltr'><strong>mens</strong></span> <span class='ocrx_word' id='word_1_604' title='bbox 2376 2140 2612 2195; x_wconf 82' lang='lat' dir='ltr'><strong>humana</strong></span> <span class='ocrx_word' id='word_1_605' title='bbox 2638 2141 2905 2211; x_wconf 82' lang='lat' dir='ltr'><strong>sufﬁceret</strong></span> <span class='ocrx_word' id='word_1_606' title='bbox 2921 2159 2941 2206; x_wconf 89' lang='lat'><em>;</em></span> <span class='ocrx_word' id='word_1_607' title='bbox 2955 2149 3133 2196; x_wconf 88' lang='lat' dir='ltr'><strong>tamen</strong></span> <span class='ocrx_word' id='word_1_608' title='bbox 3154 2142 3423 2197; x_wconf 87' lang='lat' dir='ltr'><strong>esseillud</strong></span> <span class='ocrx_word' id='word_1_609' title='bbox 3441 2142 3601 2213; x_wconf 86' lang='lat' dir='ltr'><strong>quid-</strong></span> 
     </span>
    </p>
   </div>
   <div class='ocr_carea' id='block_1_87' title="bbox 1945 2228 3598 2302">
    <p class='ocr_par' dir='ltr' id='par_1_87' title="bbox 1945 2228 3598 2302">
     <span class='ocr_line' id='line_1_87' title="bbox 1945 2228 3598 2302; baseline 0.002 -19"><span class='ocrx_word' id='word_1_610' title='bbox 1945 2228 2354 2300; x_wconf 89' lang='lat' dir='ltr'><strong>dam,quidquid</strong></span> <span class='ocrx_word' id='word_1_611' title='bbox 2378 2236 2473 2297; x_wconf 90' lang='lat' dir='ltr'><strong>est,</strong></span> <span class='ocrx_word' id='word_1_612' title='bbox 2504 2230 2595 2284; x_wconf 88' lang='lat' dir='ltr'><strong>cui</strong></span> <span class='ocrx_word' id='word_1_613' title='bbox 2611 2230 2756 2285; x_wconf 82' lang='lat' dir='ltr'><strong>adsit</strong></span> <span class='ocrx_word' id='word_1_614' title='bbox 2771 2230 3429 2302; x_wconf 79' lang='lat' dir='ltr'><strong>ineomparabilis/orma,</strong></span> <span class='ocrx_word' id='word_1_615' title='bbox 3459 2232 3598 2286; x_wconf 54' lang='lat' dir='ltr'><strong>ina?-</strong></span> 
     </span>
    </p>
   </div>
   <div class='ocr_carea' id='block_1_88' title="bbox 1944 2316 3600 2389">
    <p class='ocr_par' dir='ltr' id='par_1_88' title="bbox 1944 2316 3600 2389">
     <span class='ocr_line' id='line_1_88' title="bbox 1944 2316 3600 2389; baseline 0.001 -17"><span class='ocrx_word' id='word_1_616' title='bbox 1944 2316 2235 2372; x_wconf 90' lang='lat' dir='ltr'><strong>stimabilis</strong></span> <span class='ocrx_word' id='word_1_617' title='bbox 2261 2317 2637 2386; x_wconf 85' lang='lat' dir='ltr'><strong>pulchritudo,</strong></span> <span class='ocrx_word' id='word_1_618' title='bbox 2668 2335 2826 2389; x_wconf 88' lang='lat' dir='ltr'><strong>quam</strong></span> <span class='ocrx_word' id='word_1_619' title='bbox 2885 2319 3047 2373; x_wconf 87' lang='lat' dir='ltr'><strong>etiam</strong></span> <span class='ocrx_word' id='word_1_620' title='bbox 3075 2318 3387 2374; x_wconf 84' lang='lat' dir='ltr'><strong>carnalibus</strong></span> <span class='ocrx_word' id='word_1_621' title='bbox 3431 2318 3600 2374; x_wconf 88' lang='lat' dir='ltr'><strong>oculis</strong></span> 
     </span>
    </p>
   </div>
   <div class='ocr_carea' id='block_1_89' title="bbox 1945 2406 3601 2480">
    <p class='ocr_par' dir='ltr' id='par_1_89' title="bbox 1945 2406 3601 2480">
     <span class='ocr_line' id='line_1_89' title="bbox 1945 2406 3601 2480; baseline 0.001 -19"><span class='ocrx_word' id='word_1_622' title='bbox 1945 2407 2138 2461; x_wconf 87' lang='lat' dir='ltr'><strong>saltem</strong></span> <span class='ocrx_word' id='word_1_623' title='bbox 2178 2406 2432 2462; x_wconf 85' lang='lat' dir='ltr'><strong>Christus</strong></span> <span class='ocrx_word' id='word_1_624' title='bbox 2460 2407 2709 2478; x_wconf 86' lang='lat' dir='ltr'><strong>aspiciat.</strong></span> <span class='ocrx_word' id='word_1_625' title='bbox 2752 2408 2887 2465; x_wconf 85' lang='lat' dir='ltr'><strong>Cum</strong></span> <span class='ocrx_word' id='word_1_626' title='bbox 2913 2425 3037 2479; x_wconf 92' lang='lat' dir='ltr'><strong>ergo</strong></span> <span class='ocrx_word' id='word_1_627' title='bbox 3065 2409 3219 2463; x_wconf 87' lang='lat' dir='ltr'><strong>circa</strong></span> <span class='ocrx_word' id='word_1_628' title='bbox 3243 2408 3399 2470; x_wconf 76' lang='lat' dir='ltr'><strong>ﬁnem</strong></span> <span class='ocrx_word' id='word_1_629' title='bbox 3422 2408 3601 2480; x_wconf 87' lang='lat' dir='ltr'><strong>primi</strong></span> 
     </span>
    </p>
   </div>
   <div class='ocr_carea' id='block_1_90' title="bbox 1949 2495 3599 2569">
    <p class='ocr_par' dir='ltr' id='par_1_90' title="bbox 1949 2495 3599 2569">
     <span class='ocr_line' id='line_1_90' title="bbox 1949 2495 3599 2569; baseline 0.002 -20"><span class='ocrx_word' id='word_1_630' title='bbox 1949 2495 2100 2559; x_wconf 87' lang='lat' dir='ltr'><strong>libri,</strong></span> <span class='ocrx_word' id='word_1_631' title='bbox 2127 2495 2265 2550; x_wconf 86' lang='lat' dir='ltr'><strong>sicut</strong></span> <span class='ocrx_word' id='word_1_632' title='bbox 2294 2496 2483 2567; x_wconf 88' lang='lat' dir='ltr'><strong>procul</strong></span> <span class='ocrx_word' id='word_1_633' title='bbox 2521 2495 2689 2551; x_wconf 86' lang='lat' dir='ltr'><strong>dubio</strong></span> <span class='ocrx_word' id='word_1_634' title='bbox 2720 2496 3019 2552; x_wconf 84' lang='lat' dir='ltr'><strong>meminisse</strong></span> <span class='ocrx_word' id='word_1_635' title='bbox 3076 2496 3345 2569; x_wconf 89' lang='lat' dir='ltr'><strong>dignaris,</strong></span> <span class='ocrx_word' id='word_1_636' title='bbox 3380 2498 3599 2569; x_wconf 87' lang='lat' dir='ltr'><strong>cupiens</strong></span> 
     </span>
    </p>
   </div>
   <div class='ocr_carea' id='block_1_91' title="bbox 1943 2584 3603 2655">
    <p class='ocr_par' dir='ltr' id='par_1_91' title="bbox 1943 2584 3603 2655">
     <span class='ocr_line' id='line_1_91' title="bbox 1943 2584 3603 2655; baseline 0.001 -16"><span class='ocrx_word' id='word_1_637' title='bbox 1943 2584 2286 2655; x_wconf 86' lang='lat' dir='ltr'><strong>comprobare</strong></span> <span class='ocrx_word' id='word_1_638' title='bbox 2317 2584 2604 2640; x_wconf 90' lang='lat' dir='ltr'><strong>Dominum</strong></span> <span class='ocrx_word' id='word_1_639' title='bbox 2626 2585 2803 2641; x_wconf 87' lang='lat' dir='ltr'><strong>Jesum</strong></span> <span class='ocrx_word' id='word_1_640' title='bbox 2828 2585 3127 2653; x_wconf 80' lang='lat' dir='ltr'><strong>Christum,</strong></span> <span class='ocrx_word' id='word_1_641' title='bbox 3156 2587 3211 2641; x_wconf 91' lang='lat' dir='ltr'><strong>id</strong></span> <span class='ocrx_word' id='word_1_642' title='bbox 3231 2594 3307 2641; x_wconf 89' lang='lat' dir='ltr'><strong>est</strong></span> <span class='ocrx_word' id='word_1_643' title='bbox 3338 2587 3603 2641; x_wconf 89' lang='lat' dir='ltr'><strong>hominem</strong></span> 
     </span>
    </p>
   </div>
   <div class='ocr_carea' id='block_1_92' title="bbox 1944 2674 3601 2747">
    <p class='ocr_par' dir='ltr' id='par_1_92' title="bbox 1944 2674 3601 2747">
     <span class='ocr_line' id='line_1_92' title="bbox 1944 2674 3601 2747; baseline 0.002 -19"><span class='ocrx_word' id='word_1_644' title='bbox 1944 2680 2296 2744; x_wconf 89' lang='lat' dir='ltr'><strong>assumptum,</strong></span> <span class='ocrx_word' id='word_1_645' title='bbox 2332 2675 2409 2729; x_wconf 90' lang='lat' dir='ltr'><strong>ita</strong></span> <span class='ocrx_word' id='word_1_646' title='bbox 2434 2674 2677 2729; x_wconf 86' lang='lat' dir='ltr'><strong>divinam</strong></span> <span class='ocrx_word' id='word_1_647' title='bbox 2709 2676 2994 2744; x_wconf 84' lang='lat' dir='ltr'><strong>possidere</strong></span> <span class='ocrx_word' id='word_1_648' title='bbox 3021 2676 3336 2747; x_wconf 90' lang='lat' dir='ltr'><strong>potentiam,</strong></span> <span class='ocrx_word' id='word_1_649' title='bbox 3359 2683 3419 2731; x_wconf 89' lang='lat' dir='ltr'><strong>ut</strong></span> <span class='ocrx_word' id='word_1_650' title='bbox 3435 2683 3601 2731; x_wconf 90' lang='lat' dir='ltr'><strong>mate-</strong></span> 
     </span>
    </p>
   </div>
   <div class='ocr_carea' id='block_1_93' title="bbox 1946 2762 3601 2837">
    <p class='ocr_par' dir='ltr' id='par_1_93' title="bbox 1946 2762 3601 2837">
     <span class='ocr_line' id='line_1_93' title="bbox 1946 2762 3601 2837; baseline 0.003 -21"><span class='ocrx_word' id='word_1_651' title='bbox 1946 2764 2037 2817; x_wconf 86' lang='lat' dir='ltr'><strong>ria</strong></span> <span class='ocrx_word' id='word_1_652' title='bbox 2066 2765 2253 2818; x_wconf 88' lang='lat' dir='ltr'><strong>carnis</strong></span> <span class='ocrx_word' id='word_1_653' title='bbox 2266 2762 2515 2818; x_wconf 71' lang='lat' dir='ltr'><strong>humanae</strong></span> <span class='ocrx_word' id='word_1_654' title='bbox 2536 2780 2695 2835; x_wconf 90' lang='lat' dir='ltr'><strong>quam</strong></span> <span class='ocrx_word' id='word_1_655' title='bbox 2709 2772 3030 2834; x_wconf 88' lang='lat' dir='ltr'><strong>susceperat,</strong></span> <span class='ocrx_word' id='word_1_656' title='bbox 3054 2773 3420 2835; x_wconf 87' lang='lat' dir='ltr'><strong>permaneret,</strong></span> <span class='ocrx_word' id='word_1_657' title='bbox 3442 2782 3601 2837; x_wconf 89' lang='lat' dir='ltr'><strong>quam</strong></span> 
     </span>
    </p>
   </div>
   <div class='ocr_carea' id='block_1_94' title="bbox 1945 2851 3602 2925">
    <p class='ocr_par' dir='ltr' id='par_1_94' title="bbox 1945 2851 3602 2925">
     <span class='ocr_line' id='line_1_94' title="bbox 1945 2851 3602 2925; baseline 0.002 -19"><span class='ocrx_word' id='word_1_658' title='bbox 1945 2852 2006 2907; x_wconf 89' lang='lat' dir='ltr'><strong>in</strong></span> <span class='ocrx_word' id='word_1_659' title='bbox 2037 2852 2156 2908; x_wconf 90' lang='lat' dir='ltr'><strong>illis</strong></span> <span class='ocrx_word' id='word_1_660' title='bbox 2182 2851 2477 2907; x_wconf 86' lang='lat' dir='ltr'><strong>visceribus</strong></span> <span class='ocrx_word' id='word_1_661' title='bbox 2506 2853 2617 2907; x_wconf 87' lang='lat' dir='ltr'><strong>nisi</strong></span> <span class='ocrx_word' id='word_1_662' title='bbox 2636 2853 2801 2908; x_wconf 86' lang='lat' dir='ltr'><strong>aliud</strong></span> <span class='ocrx_word' id='word_1_663' title='bbox 2817 2870 2976 2924; x_wconf 88' lang='lat' dir='ltr'><strong>quam</strong></span> <span class='ocrx_word' id='word_1_664' title='bbox 3003 2854 3379 2925; x_wconf 83' lang='lat' dir='ltr'><strong>inﬁrmitatem</strong></span> <span class='ocrx_word' id='word_1_665' title='bbox 3395 2858 3602 2925; x_wconf 86' lang='lat' dir='ltr'><strong>perisse</strong></span> 
     </span>
    </p>
   </div>
   <div class='ocr_carea' id='block_1_95' title="bbox 1945 2940 3600 3013">
    <p class='ocr_par' dir='ltr' id='par_1_95' title="bbox 1945 2940 3600 3013">
     <span class='ocr_line' id='line_1_95' title="bbox 1945 2940 3600 3013; baseline 0.001 -17"><span class='ocrx_word' id='word_1_666' title='bbox 1945 2940 2234 2996; x_wconf 85' lang='lat' dir='ltr'><strong>docuissem</strong></span> <span class='ocrx_word' id='word_1_667' title='bbox 2262 2942 2304 3011; x_wconf 75' lang='grc'><strong>³,</strong></span> <span class='ocrx_word' id='word_1_668' title='bbox 2354 2941 2511 2996; x_wconf 88' lang='lat' dir='ltr'><strong>illius</strong></span> <span class='ocrx_word' id='word_1_669' title='bbox 2548 2942 2687 2995; x_wconf 88' lang='lat' dir='ltr'><strong>mihi</strong></span> <span class='ocrx_word' id='word_1_670' title='bbox 2716 2942 2884 2996; x_wconf 87' lang='lat' dir='ltr'><strong>nodus</strong></span> <span class='ocrx_word' id='word_1_671' title='bbox 2905 2944 3221 3012; x_wconf 69' lang='lat' dir='ltr'><strong>quaestionis</strong></span> <span class='ocrx_word' id='word_1_672' title='bbox 3245 2942 3473 3013; x_wconf 75' lang='lat' dir='ltr'><strong>obiectus</strong></span> <span class='ocrx_word' id='word_1_673' title='bbox 3501 2952 3600 2999; x_wconf 90' lang='lat' dir='ltr'><strong>est.</strong></span> 
     </span>
    </p>
   </div>
   <div class='ocr_carea' id='block_1_96' title="bbox 1947 3029 3603 3101">
    <p class='ocr_par' dir='ltr' id='par_1_96' title="bbox 1947 3029 3603 3101">
     <span class='ocr_line' id='line_1_96' title="bbox 1947 3029 3603 3101; baseline 0.002 -17"><span class='ocrx_word' id='word_1_674' title='bbox 1947 3030 2025 3096; x_wconf 87' lang='lat' dir='ltr'><strong>Si,</strong></span> <span class='ocrx_word' id='word_1_675' title='bbox 2048 3029 2247 3100; x_wconf 88' lang='lat' dir='ltr'><strong>inquit,</strong></span> <span class='ocrx_word' id='word_1_676' title='bbox 2264 3030 2413 3084; x_wconf 88' lang='lat' dir='ltr'><strong>homo</strong></span> <span class='ocrx_word' id='word_1_677' title='bbox 2444 3030 2539 3085; x_wconf 87' lang='lat' dir='ltr'><strong>ille</strong></span> <span class='ocrx_word' id='word_1_678' title='bbox 2564 3044 2719 3101; x_wconf 86' lang='lat' dir='ltr'><strong>quem</strong></span> <span class='ocrx_word' id='word_1_679' title='bbox 2740 3032 3024 3101; x_wconf 85' lang='lat' dir='ltr'><strong>assumpsit</strong></span> <span class='ocrx_word' id='word_1_680' title='bbox 3054 3030 3325 3095; x_wconf 87' lang='lat' dir='ltr'><strong>Christus,</strong></span> <span class='ocrx_word' id='word_1_681' title='bbox 3342 3031 3399 3085; x_wconf 89' lang='lat' dir='ltr'><strong>in</strong></span> <span class='ocrx_word' id='word_1_682' title='bbox 3430 3034 3603 3087; x_wconf 88' lang='lat' dir='ltr'><strong>Deum</strong></span> 
     </span>
    </p>
   </div>
   <div class='ocr_carea' id='block_1_97' title="bbox 1946 3118 3599 3191">
    <p class='ocr_par' dir='ltr' id='par_1_97' title="bbox 1946 3118 3599 3191">
     <span class='ocr_line' id='line_1_97' title="bbox 1946 3118 3599 3191; baseline 0.001 -18"><span class='ocrx_word' id='word_1_683' title='bbox 1946 3135 2131 3174; x_wconf 90' lang='lat' dir='ltr'><strong>versus</strong></span> <span class='ocrx_word' id='word_1_684' title='bbox 2154 3125 2251 3184; x_wconf 91' lang='lat' dir='ltr'><strong>est,</strong></span> <span class='ocrx_word' id='word_1_685' title='bbox 2283 3135 2406 3190; x_wconf 86' lang='lat' dir='ltr'><strong>ergo</strong></span> <span class='ocrx_word' id='word_1_686' title='bbox 2451 3118 2639 3173; x_wconf 88' lang='lat' dir='ltr'><strong>locatis</strong></span> <span class='ocrx_word' id='word_1_687' title='bbox 2666 3135 2770 3173; x_wconf 86' lang='lat' dir='ltr'><strong>esse</strong></span> <span class='ocrx_word' id='word_1_688' title='bbox 2800 3135 2906 3174; x_wconf 87' lang='lat' dir='ltr'><strong>non</strong></span> <span class='ocrx_word' id='word_1_689' title='bbox 2934 3119 3114 3174; x_wconf 88' lang='lat' dir='ltr'><strong>debuit</strong></span> <span class='ocrx_word' id='word_1_690' title='bbox 3142 3137 3158 3174; x_wconf 91' lang='lat'><strong><em>:</em></strong></span> <span class='ocrx_word' id='word_1_691' title='bbox 3187 3135 3293 3174; x_wconf 88' lang='lat' dir='ltr'><strong>cur</strong></span> <span class='ocrx_word' id='word_1_692' title='bbox 3322 3136 3447 3191; x_wconf 84' lang='lat' dir='ltr'><strong>ergo</strong></span> <span class='ocrx_word' id='word_1_693' title='bbox 3478 3126 3599 3190; x_wconf 88' lang='lat' dir='ltr'><strong>post</strong></span> 
     </span>
    </p>
   </div>
   <div class='ocr_carea' id='block_1_98' title="bbox 1948 3208 3606 3281">
    <p class='ocr_par' dir='ltr' id='par_1_98' title="bbox 1948 3208 3606 3281">
     <span class='ocr_line' id='line_1_98' title="bbox 1948 3208 3606 3281; baseline 0.001 -18"><span class='ocrx_word' id='word_1_694' title='bbox 1948 3208 2396 3265; x_wconf 86' lang='lat' dir='ltr'><strong>resurrectionem</strong></span> <span class='ocrx_word' id='word_1_695' title='bbox 2422 3208 2592 3273; x_wconf 87' lang='lat' dir='ltr'><strong>dixit,</strong></span> <span class='ocrx_word' id='word_1_696' title='bbox 2630 3228 2653 3259; x_wconf 78' lang='grc' dir='ltr'>ι</span> <span class='ocrx_word' id='word_1_697' title='bbox 2686 3209 2824 3265; x_wconf 84' lang='lat' dir='ltr'><strong>Noti</strong></span> <span class='ocrx_word' id='word_1_698' title='bbox 2849 3224 2934 3263; x_wconf 88' lang='lat' dir='ltr'><strong>me</strong></span> <span class='ocrx_word' id='word_1_699' title='bbox 2952 3216 3189 3281; x_wconf 87' lang='lat' dir='ltr'><strong>tangere,</strong></span> <span class='ocrx_word' id='word_1_700' title='bbox 3210 3209 3606 3265; x_wconf 88' lang='lat' dir='ltr'><strong>nondumenim</strong></span> 
     </span>
    </p>
   </div>
   <div class='ocr_carea' id='block_1_99' title="bbox 1949 3296 3248 3369">
    <p class='ocr_par' dir='ltr' id='par_1_99' title="bbox 1949 3296 3248 3369">
     <span class='ocr_line' id='line_1_99' title="bbox 1949 3296 3248 3369; baseline 0.001 -17"><span class='ocrx_word' id='word_1_701' title='bbox 1949 3298 2163 3352; x_wconf 82' lang='lat' dir='ltr'><strong>ascendi</strong></span> <span class='ocrx_word' id='word_1_702' title='bbox 2192 3296 2261 3351; x_wconf 91' lang='lat' dir='ltr'><strong>ad</strong></span> <span class='ocrx_word' id='word_1_703' title='bbox 2280 3298 2501 3352; x_wconf 88' lang='lat' dir='ltr'><strong>Patrem</strong></span> <span class='ocrx_word' id='word_1_704' title='bbox 2515 3314 2687 3353; x_wconf 91' lang='lat' dir='ltr'><strong>meum</strong></span> <span class='ocrx_word' id='word_1_705' title='bbox 2719 3319 2748 3350; x_wconf 87' lang='lat'><strong><em>»</em></strong></span> <span class='ocrx_word' id='word_1_706' title='bbox 2779 3298 2959 3366; x_wconf 84' lang='lat' dir='ltr'><strong>(Joan.</strong></span> <span class='ocrx_word' id='word_1_707' title='bbox 2987 3315 3087 3364; x_wconf 79' lang='lat' dir='ltr'><strong>xx,</strong></span> <span class='ocrx_word' id='word_1_708' title='bbox 3117 3299 3248 3369; x_wconf 81' lang='lat' dir='ltr'><strong>l7)?</strong></span> 
     </span>
    </p>
   </div>
   <div class='ocr_carea' id='block_1_100' title="bbox 2020 3386 3607 3459">
    <p class='ocr_par' dir='ltr' id='par_1_100' title="bbox 2020 3386 3607 3459">
     <span class='ocr_line' id='line_1_100' title="bbox 2020 3386 3607 3459; baseline -0.001 -15"><span class='ocrx_word' id='word_1_709' title='bbox 2020 3390 2073 3444; x_wconf 71' lang='grc'><strong>4.</strong></span> <span class='ocrx_word' id='word_1_710' title='bbox 2115 3387 2229 3458; x_wconf 88' lang='lat' dir='ltr'><strong>Ego</strong></span> <span class='ocrx_word' id='word_1_711' title='bbox 2258 3386 2434 3459; x_wconf 86' lang='lat' dir='ltr'><strong>igitur</strong></span> <span class='ocrx_word' id='word_1_712' title='bbox 2457 3386 2739 3442; x_wconf 86' lang='lat' dir='ltr'><strong>elaborans</strong></span> <span class='ocrx_word' id='word_1_713' title='bbox 2763 3388 3064 3459; x_wconf 85' lang='lat' dir='ltr'><strong>approbare</strong></span> <span class='ocrx_word' id='word_1_714' title='bbox 3090 3388 3281 3459; x_wconf 89' lang='lat' dir='ltr'><strong>ubique</strong></span> <span class='ocrx_word' id='word_1_715' title='bbox 3312 3405 3418 3443; x_wconf 86' lang='lat' dir='ltr'><strong>esse</strong></span> <span class='ocrx_word' id='word_1_716' title='bbox 3443 3388 3607 3445; x_wconf 90' lang='lat' dir='ltr'><strong>Chri-</strong></span> 
     </span>
    </p>
   </div>
   <div class='ocr_carea' id='block_1_101' title="bbox 1950 3476 3606 3547">
    <p class='ocr_par' dir='ltr' id='par_1_101' title="bbox 1950 3476 3606 3547">
     <span class='ocr_line' id='line_1_101' title="bbox 1950 3476 3606 3547; baseline 0.001 -16"><span class='ocrx_word' id='word_1_717' title='bbox 1950 3484 2093 3532; x_wconf 91' lang='lat' dir='ltr'><strong>stum</strong></span> <span class='ocrx_word' id='word_1_718' title='bbox 2114 3477 2639 3547; x_wconf 84' lang='lat' dir='ltr'><strong>virtute,nonopere;</strong></span> <span class='ocrx_word' id='word_1_719' title='bbox 2660 3476 3086 3541; x_wconf 87' lang='lat' dir='ltr'><strong>divinitate,non</strong></span> <span class='ocrx_word' id='word_1_720' title='bbox 3108 3493 3300 3543; x_wconf 89' lang='lat' dir='ltr'><strong>carne;</strong></span> <span class='ocrx_word' id='word_1_721' title='bbox 3322 3477 3606 3533; x_wconf 87' lang='lat' dir='ltr'><strong>deunitate</strong></span> 
     </span>
    </p>
   </div>
   <div class='ocr_carea' id='block_1_102' title="bbox 1952 3566 3609 3639">
    <p class='ocr_par' dir='ltr' id='par_1_102' title="bbox 1952 3566 3609 3639">
     <span class='ocr_line' id='line_1_102' title="bbox 1952 3566 3609 3639; baseline 0.002 -17"><span class='ocrx_word' id='word_1_722' title='bbox 1952 3566 2057 3622; x_wconf 90' lang='lat' dir='ltr'><strong>Dei</strong></span> <span class='ocrx_word' id='word_1_723' title='bbox 2072 3574 2119 3621; x_wconf 92' lang='lat' dir='ltr'><strong>et</strong></span> <span class='ocrx_word' id='word_1_724' title='bbox 2131 3582 2488 3637; x_wconf 86' lang='lat' dir='ltr'><strong>personarum</strong></span> <span class='ocrx_word' id='word_1_725' title='bbox 2509 3566 2762 3621; x_wconf 88' lang='lat' dir='ltr'><strong>trinitate</strong></span> <span class='ocrx_word' id='word_1_726' title='bbox 2774 3566 3082 3637; x_wconf 86' lang='lat' dir='ltr'><strong>hujusmodi</strong></span> <span class='ocrx_word' id='word_1_727' title='bbox 3094 3568 3260 3622; x_wconf 90' lang='lat' dir='ltr'><strong>verba</strong></span> <span class='ocrx_word' id='word_1_728' title='bbox 3275 3568 3572 3639; x_wconf 85' lang='lat' dir='ltr'><strong>conscripsi</strong></span> <span class='ocrx_word' id='word_1_729' title='bbox 3585 3583 3609 3625; x_wconf 88' lang='lat'><strong>.&#39;</strong></span> 
     </span>
    </p>
   </div>
   <div class='ocr_carea' id='block_1_103' title="bbox 1952 3654 3608 3726">
    <p class='ocr_par' dir='ltr' id='par_1_103' title="bbox 1952 3654 3608 3726">
     <span class='ocr_line' id='line_1_103' title="bbox 1952 3654 3608 3726; baseline 0.001 -16"><span class='ocrx_word' id='word_1_730' title='bbox 1952 3654 2114 3720; x_wconf 88' lang='lat' dir='ltr'><strong>Deus,</strong></span> <span class='ocrx_word' id='word_1_731' title='bbox 2148 3655 2387 3726; x_wconf 88' lang='lat' dir='ltr'><strong>inquam,</strong></span> <span class='ocrx_word' id='word_1_732' title='bbox 2420 3671 2559 3709; x_wconf 88' lang='lat' dir='ltr'><strong>unus</strong></span> <span class='ocrx_word' id='word_1_733' title='bbox 2580 3660 2675 3721; x_wconf 92' lang='lat' dir='ltr'><strong>est,</strong></span> <span class='ocrx_word' id='word_1_734' title='bbox 2698 3661 2747 3709; x_wconf 93' lang='lat' dir='ltr'><strong>et</strong></span> <span class='ocrx_word' id='word_1_735' title='bbox 2766 3671 3007 3725; x_wconf 69' lang='lat' dir='ltr'><strong>perm</strong></span> <span class='ocrx_word' id='word_1_736' title='bbox 3034 3662 3144 3709; x_wconf 89' lang='lat' dir='ltr'><strong>tres</strong></span> <span class='ocrx_word' id='word_1_737' title='bbox 3171 3664 3317 3711; x_wconf 91' lang='lat' dir='ltr'><strong>sunt.</strong></span> <span class='ocrx_word' id='word_1_738' title='bbox 3346 3657 3486 3712; x_wconf 86' lang='lat' dir='ltr'><strong>Deus</strong></span> <span class='ocrx_word' id='word_1_739' title='bbox 3526 3657 3608 3711; x_wconf 87' lang='lat' dir='ltr'><strong>in-</strong></span> 
     </span>
    </p>
   </div>
   <div class='ocr_carea' id='block_1_104' title="bbox 1951 3743 3603 3815">
    <p class='ocr_par' dir='ltr' id='par_1_104' title="bbox 1951 3743 3603 3815">
     <span class='ocr_line' id='line_1_104' title="bbox 1951 3743 3603 3815; baseline -0.001 -15"><span class='ocrx_word' id='word_1_740' title='bbox 1951 3745 2217 3800; x_wconf 87' lang='lat' dir='ltr'><strong>discretus</strong></span> <span class='ocrx_word' id='word_1_741' title='bbox 2236 3752 2333 3810; x_wconf 91' lang='lat' dir='ltr'><strong>est,</strong></span> <span class='ocrx_word' id='word_1_742' title='bbox 2364 3760 2607 3815; x_wconf 54' lang='lat' dir='ltr'><strong>persona</strong></span> <span class='ocrx_word' id='word_1_743' title='bbox 2628 3743 2875 3798; x_wconf 72' lang='lat' dir='ltr'><strong>discretae</strong></span> <span class='ocrx_word' id='word_1_744' title='bbox 2889 3750 3034 3798; x_wconf 91' lang='lat' dir='ltr'><strong>sunt.</strong></span> <span class='ocrx_word' id='word_1_745' title='bbox 3064 3747 3203 3798; x_wconf 89' lang='lat' dir='ltr'><strong>Deus</strong></span> <span class='ocrx_word' id='word_1_746' title='bbox 3226 3745 3376 3799; x_wconf 89' lang='lat' dir='ltr'><strong>intra</strong></span> <span class='ocrx_word' id='word_1_747' title='bbox 3400 3746 3603 3810; x_wconf 90' lang='lat' dir='ltr'><strong>omnia,</strong></span> 
     </span>
    </p>
   </div>
   <div class='ocr_carea' id='block_1_105' title="bbox 1955 3832 3607 3903">
    <p class='ocr_par' dir='ltr' id='par_1_105' title="bbox 1955 3832 3607 3903">
     <span class='ocr_line' id='line_1_105' title="bbox 1955 3832 3607 3903; baseline -0.001 -13"><span class='ocrx_word' id='word_1_748' title='bbox 1955 3842 2110 3891; x_wconf 89' lang='lat' dir='ltr'><strong>trans</strong></span> <span class='ocrx_word' id='word_1_749' title='bbox 2138 3834 2321 3889; x_wconf 91' lang='lat' dir='ltr'><strong>omnia</strong></span> <span class='ocrx_word' id='word_1_750' title='bbox 2345 3840 2442 3902; x_wconf 88' lang='lat' dir='ltr'><strong>est,</strong></span> <span class='ocrx_word' id='word_1_751' title='bbox 2473 3832 2669 3887; x_wconf 90' lang='lat' dir='ltr'><strong>ultima</strong></span> <span class='ocrx_word' id='word_1_752' title='bbox 2699 3832 2951 3901; x_wconf 85' lang='lat' dir='ltr'><strong>includit,</strong></span> <span class='ocrx_word' id='word_1_753' title='bbox 2978 3832 3159 3888; x_wconf 82' lang='lat' dir='ltr'><strong>media</strong></span> <span class='ocrx_word' id='word_1_754' title='bbox 3180 3832 3607 3903; x_wconf 85' lang='lat' dir='ltr'><strong>implet,summa</strong></span> 
     </span>
    </p>
   </div>
   <div class='ocr_carea' id='block_1_106' title="bbox 1956 3921 3605 3993">
    <p class='ocr_par' dir='ltr' id='par_1_106' title="bbox 1956 3921 3605 3993">
     <span class='ocr_line' id='line_1_106' title="bbox 1956 3921 3605 3993; baseline -0.001 -13"><span class='ocrx_word' id='word_1_755' title='bbox 1956 3922 2309 3988; x_wconf 86' lang='lat' dir='ltr'><strong>transcendit,</strong></span> <span class='ocrx_word' id='word_1_756' title='bbox 2334 3923 2483 3977; x_wconf 88' lang='lat' dir='ltr'><strong>ultra</strong></span> <span class='ocrx_word' id='word_1_757' title='bbox 2500 3922 2759 3977; x_wconf 88' lang='lat' dir='ltr'><strong>universa</strong></span> <span class='ocrx_word' id='word_1_758' title='bbox 2778 3929 2826 3976; x_wconf 88' lang='lat' dir='ltr'><strong>et</strong></span> <span class='ocrx_word' id='word_1_759' title='bbox 2842 3939 2941 3993; x_wconf 89' lang='lat' dir='ltr'><strong>per</strong></span> <span class='ocrx_word' id='word_1_760' title='bbox 2960 3922 3215 3977; x_wconf 86' lang='lat' dir='ltr'><strong>universa</strong></span> <span class='ocrx_word' id='word_1_761' title='bbox 3230 3921 3566 3991; x_wconf 77' lang='lat' dir='ltr'><strong>diffunditur</strong></span> <span class='ocrx_word' id='word_1_762' title='bbox 3589 3940 3605 3979; x_wconf 88' lang='lat'><strong><em>:</em></strong></span> 
     </span>
    </p>
   </div>
   <div class='ocr_carea' id='block_1_107' title="bbox 1954 4011 3603 4085">
    <p class='ocr_par' dir='ltr' id='par_1_107' title="bbox 1954 4011 3603 4085">
     <span class='ocr_line' id='line_1_107' title="bbox 1954 4011 3603 4085; baseline -0.002 -17"><span class='ocrx_word' id='word_1_763' title='bbox 1954 4030 2192 4085; x_wconf 66' lang='lat' dir='ltr'><strong>personae</strong></span> <span class='ocrx_word' id='word_1_764' title='bbox 2204 4019 2381 4067; x_wconf 89' lang='lat' dir='ltr'><strong>autem</strong></span> <span class='ocrx_word' id='word_1_765' title='bbox 2392 4011 2499 4066; x_wconf 90' lang='lat' dir='ltr'><strong>sibi</strong></span> <span class='ocrx_word' id='word_1_766' title='bbox 2520 4015 2539 4047; x_wconf 79' lang='grc'>³</span> <span class='ocrx_word' id='word_1_767' title='bbox 2552 4018 2849 4067; x_wconf 86' lang='lat' dir='ltr'><strong>constantes</strong></span> <span class='ocrx_word' id='word_1_768' title='bbox 2858 4011 3206 4082; x_wconf 86' lang='lat' dir='ltr'><strong>,proprietate</strong></span> <span class='ocrx_word' id='word_1_769' title='bbox 3224 4017 3603 4077; x_wconf 85' lang='lat' dir='ltr'><strong>secernuntur,</strong></span> 
     </span>
    </p>
   </div>
   <div class='ocr_carea' id='block_1_108' title="bbox 1954 4100 3607 4173">
    <p class='ocr_par' dir='ltr' id='par_1_108' title="bbox 1954 4100 3607 4173">
     <span class='ocr_line' id='line_1_108' title="bbox 1954 4100 3607 4173; baseline -0.001 -15"><span class='ocrx_word' id='word_1_770' title='bbox 1954 4120 2062 4159; x_wconf 89' lang='lat' dir='ltr'><strong>non</strong></span> <span class='ocrx_word' id='word_1_771' title='bbox 2090 4102 2398 4173; x_wconf 83' lang='lat' dir='ltr'><strong>confusione</strong></span> <span class='ocrx_word' id='word_1_772' title='bbox 2422 4101 2734 4156; x_wconf 89' lang='lat' dir='ltr'><strong>miscentur.</strong></span> <span class='ocrx_word' id='word_1_773' title='bbox 2768 4103 2910 4155; x_wconf 89' lang='lat' dir='ltr'><strong>Deus</strong></span> <span class='ocrx_word' id='word_1_774' title='bbox 2927 4118 3052 4172; x_wconf 89' lang='lat' dir='ltr'><strong>ergo</strong></span> <span class='ocrx_word' id='word_1_775' title='bbox 3075 4117 3213 4155; x_wconf 91' lang='lat' dir='ltr'><strong>unus</strong></span> <span class='ocrx_word' id='word_1_776' title='bbox 3228 4108 3322 4171; x_wconf 88' lang='lat' dir='ltr'><strong>est,</strong></span> <span class='ocrx_word' id='word_1_777' title='bbox 3346 4108 3395 4155; x_wconf 90' lang='lat' dir='ltr'><strong>et</strong></span> <span class='ocrx_word' id='word_1_778' title='bbox 3416 4100 3607 4171; x_wconf 88' lang='lat' dir='ltr'><strong>ubique</strong></span> 
     </span>
    </p>
   </div>
   <div class='ocr_carea' id='block_1_109' title="bbox 1956 4190 3610 4263">
    <p class='ocr_par' dir='ltr' id='par_1_109' title="bbox 1956 4190 3610 4263">
     <span class='ocr_line' id='line_1_109' title="bbox 1956 4190 3610 4263; baseline -0.001 -16"><span class='ocrx_word' id='word_1_779' title='bbox 1956 4199 2068 4257; x_wconf 87' lang='lat' dir='ltr'><strong>est;</strong></span> <span class='ocrx_word' id='word_1_780' title='bbox 2096 4192 2223 4263; x_wconf 88' lang='lat' dir='ltr'><strong>quia</strong></span> <span class='ocrx_word' id='word_1_781' title='bbox 2247 4197 2296 4246; x_wconf 89' lang='lat' dir='ltr'><strong>et</strong></span> <span class='ocrx_word' id='word_1_782' title='bbox 2325 4191 2469 4246; x_wconf 89' lang='lat' dir='ltr'><strong>alius</strong></span> <span class='ocrx_word' id='word_1_783' title='bbox 2495 4198 2702 4261; x_wconf 80' lang='lat' dir='ltr'><strong>praeter</strong></span> <span class='ocrx_word' id='word_1_784' title='bbox 2716 4190 2870 4245; x_wconf 89' lang='lat' dir='ltr'><strong>illum</strong></span> <span class='ocrx_word' id='word_1_785' title='bbox 2890 4208 2995 4245; x_wconf 90' lang='lat' dir='ltr'><strong>non</strong></span> <span class='ocrx_word' id='word_1_786' title='bbox 3020 4197 3117 4257; x_wconf 88' lang='lat' dir='ltr'><strong>est,</strong></span> <span class='ocrx_word' id='word_1_787' title='bbox 3154 4198 3205 4245; x_wconf 90' lang='lat' dir='ltr'><strong>et</strong></span> <span class='ocrx_word' id='word_1_788' title='bbox 3231 4192 3375 4246; x_wconf 90' lang='lat' dir='ltr'><strong>locus</strong></span> <span class='ocrx_word' id='word_1_789' title='bbox 3406 4208 3509 4246; x_wconf 88' lang='lat' dir='ltr'><strong>non</strong></span> <span class='ocrx_word' id='word_1_790' title='bbox 3534 4198 3610 4247; x_wconf 88' lang='lat' dir='ltr'><strong>est</strong></span> 
     </span>
    </p>
   </div>
   <div class='ocr_carea' id='block_1_110' title="bbox 1954 4280 3608 4353">
    <p class='ocr_par' dir='ltr' id='par_1_110' title="bbox 1954 4280 3608 4353">
     <span class='ocr_line' id='line_1_110' title="bbox 1954 4280 3608 4353; baseline -0.001 -16"><span class='ocrx_word' id='word_1_791' title='bbox 1954 4297 2157 4353; x_wconf 79' lang='lat' dir='ltr'><strong>vacuus</strong></span> <span class='ocrx_word' id='word_1_792' title='bbox 2183 4280 2277 4336; x_wconf 87' lang='lat' dir='ltr'><strong>ubi</strong></span> <span class='ocrx_word' id='word_1_793' title='bbox 2305 4297 2409 4336; x_wconf 87' lang='lat' dir='ltr'><strong>esse</strong></span> <span class='ocrx_word' id='word_1_794' title='bbox 2437 4282 2581 4336; x_wconf 88' lang='lat' dir='ltr'><strong>alius</strong></span> <span class='ocrx_word' id='word_1_795' title='bbox 2607 4282 2793 4352; x_wconf 86' lang='lat' dir='ltr'><strong>possit.</strong></span> <span class='ocrx_word' id='word_1_796' title='bbox 2825 4280 2995 4335; x_wconf 81' lang='lat' dir='ltr'><strong>Plena</strong></span> <span class='ocrx_word' id='word_1_797' title='bbox 3022 4288 3147 4335; x_wconf 90' lang='lat' dir='ltr'><strong>sunt</strong></span> <span class='ocrx_word' id='word_1_798' title='bbox 3174 4280 3284 4335; x_wconf 90' lang='lat' dir='ltr'><strong>Deo</strong></span> <span class='ocrx_word' id='word_1_799' title='bbox 3329 4282 3531 4346; x_wconf 89' lang='lat' dir='ltr'><strong>omnia,</strong></span> <span class='ocrx_word' id='word_1_800' title='bbox 3559 4288 3608 4335; x_wconf 89' lang='lat' dir='ltr'><strong>et</strong></span> 
     </span>
    </p>
   </div>
   <div class='ocr_carea' id='block_1_111' title="bbox 1955 4358 3604 4442">
    <p class='ocr_par' dir='ltr' id='par_1_111' title="bbox 1955 4358 3604 4442">
     <span class='ocr_line' id='line_1_111' title="bbox 1955 4358 3604 4442; baseline 0 -18"><span class='ocrx_word' id='word_1_801' title='bbox 1955 4358 2157 4442; x_wconf 57' lang='lat' dir='ltr'><strong>prater</strong></span> <span class='ocrx_word' id='word_1_802' title='bbox 2181 4371 2351 4425; x_wconf 90' lang='lat' dir='ltr'><strong>Deum</strong></span> <span class='ocrx_word' id='word_1_803' title='bbox 2378 4370 2531 4425; x_wconf 89' lang='lat' dir='ltr'><strong>nihil</strong></span> <span class='ocrx_word' id='word_1_804' title='bbox 2557 4377 2651 4424; x_wconf 89' lang='lat' dir='ltr'><strong>est.</strong></span> <span class='ocrx_word' id='word_1_805' title='bbox 2686 4370 2799 4441; x_wconf 90' lang='lat' dir='ltr'><strong>Ipse</strong></span> <span class='ocrx_word' id='word_1_806' title='bbox 2819 4377 2894 4424; x_wconf 88' lang='lat' dir='ltr'><strong>est</strong></span> <span class='ocrx_word' id='word_1_807' title='bbox 2921 4370 2981 4423; x_wconf 86' lang='lat' dir='ltr'><strong>in</strong></span> <span class='ocrx_word' id='word_1_808' title='bbox 3010 4370 3197 4440; x_wconf 84' lang='lat' dir='ltr'><strong>Patre,</strong></span> <span class='ocrx_word' id='word_1_809' title='bbox 3222 4369 3411 4441; x_wconf 88' lang='lat' dir='ltr'><strong>ipsein</strong></span> <span class='ocrx_word' id='word_1_810' title='bbox 3434 4368 3604 4435; x_wconf 85' lang='lat' dir='ltr'><strong>Filio,</strong></span> 
     </span>
    </p>
   </div>
   <div class='ocr_carea' id='block_1_112' title="bbox 1957 4457 3607 4531">
    <p class='ocr_par' dir='ltr' id='par_1_112' title="bbox 1957 4457 3607 4531">
     <span class='ocr_line' id='line_1_112' title="bbox 1957 4457 3607 4531; baseline -0.001 -17"><span class='ocrx_word' id='word_1_811' title='bbox 1957 4461 2068 4531; x_wconf 90' lang='lat' dir='ltr'><strong>ipse</strong></span> <span class='ocrx_word' id='word_1_812' title='bbox 2106 4460 2166 4513; x_wconf 86' lang='lat' dir='ltr'><strong>in</strong></span> <span class='ocrx_word' id='word_1_813' title='bbox 2194 4458 2417 4529; x_wconf 88' lang='lat' dir='ltr'><strong>Spiritu</strong></span> <span class='ocrx_word' id='word_1_814' title='bbox 2437 4464 2657 4513; x_wconf 86' lang='lat' dir='ltr'><strong>sancto:</strong></span> <span class='ocrx_word' id='word_1_815' title='bbox 2686 4475 2750 4512; x_wconf 88' lang='lat' dir='ltr'><strong>ac</strong></span> <span class='ocrx_word' id='word_1_816' title='bbox 2769 4475 2870 4528; x_wconf 88' lang='lat' dir='ltr'><strong>per</strong></span> <span class='ocrx_word' id='word_1_817' title='bbox 2896 4458 3009 4523; x_wconf 89' lang='lat' dir='ltr'><strong>hoc,</strong></span> <span class='ocrx_word' id='word_1_818' title='bbox 3036 4458 3220 4523; x_wconf 89' lang='lat' dir='ltr'><strong>Pater,</strong></span> <span class='ocrx_word' id='word_1_819' title='bbox 3244 4464 3292 4512; x_wconf 89' lang='lat' dir='ltr'><strong>et</strong></span> <span class='ocrx_word' id='word_1_820' title='bbox 3329 4457 3528 4526; x_wconf 87' lang='lat' dir='ltr'><strong>Filius,</strong></span> <span class='ocrx_word' id='word_1_821' title='bbox 3558 4465 3607 4512; x_wconf 90' lang='lat' dir='ltr'><strong>et</strong></span> 
     </span>
    </p>
   </div>
   <div class='ocr_carea' id='block_1_113' title="bbox 1956 4545 3611 4621">
    <p class='ocr_par' dir='ltr' id='par_1_113' title="bbox 1956 4545 3611 4621">
     <span class='ocr_line' id='line_1_113' title="bbox 1956 4545 3611 4621; baseline -0.002 -16"><span class='ocrx_word' id='word_1_822' title='bbox 1956 4549 2198 4621; x_wconf 89' lang='lat' dir='ltr'><strong>Spiritus</strong></span> <span class='ocrx_word' id='word_1_823' title='bbox 2234 4554 2451 4603; x_wconf 89' lang='lat' dir='ltr'><strong>sanctus</strong></span> <span class='ocrx_word' id='word_1_824' title='bbox 2468 4564 2571 4601; x_wconf 88' lang='lat' dir='ltr'><strong>non</strong></span> <span class='ocrx_word' id='word_1_825' title='bbox 2592 4548 2778 4617; x_wconf 83' lang='lat' dir='ltr'><strong>plures</strong></span> <span class='ocrx_word' id='word_1_826' title='bbox 2796 4545 2899 4613; x_wconf 82' lang='lat' dir='ltr'><strong>dii,</strong></span> <span class='ocrx_word' id='word_1_827' title='bbox 2912 4546 3003 4601; x_wconf 89' lang='lat' dir='ltr'><strong>sed</strong></span> <span class='ocrx_word' id='word_1_828' title='bbox 3024 4548 3135 4618; x_wconf 89' lang='lat' dir='ltr'><strong>ipse</strong></span> <span class='ocrx_word' id='word_1_829' title='bbox 3157 4562 3295 4601; x_wconf 85' lang='lat' dir='ltr'><strong>unus</strong></span> <span class='ocrx_word' id='word_1_830' title='bbox 3326 4553 3399 4601; x_wconf 89' lang='lat' dir='ltr'><strong>est</strong></span> <span class='ocrx_word' id='word_1_831' title='bbox 3420 4547 3562 4601; x_wconf 90' lang='lat' dir='ltr'><strong>Deus</strong></span> <span class='ocrx_word' id='word_1_832' title='bbox 3585 4562 3611 4613; x_wconf 84' lang='lat'><em>;</em></span> 
     </span>
    </p>
   </div>
   <div class='ocr_carea' id='block_1_114' title="bbox 1956 4634 3609 4709">
    <p class='ocr_par' dir='ltr' id='par_1_114' title="bbox 1956 4634 3609 4709">
     <span class='ocr_line' id='line_1_114' title="bbox 1956 4634 3609 4709; baseline -0.002 -16"><span class='ocrx_word' id='word_1_833' title='bbox 1956 4646 2006 4694; x_wconf 90' lang='lat' dir='ltr'><strong>et</strong></span> <span class='ocrx_word' id='word_1_834' title='bbox 2044 4654 2155 4695; x_wconf 89' lang='lat' dir='ltr'><strong>non</strong></span> <span class='ocrx_word' id='word_1_835' title='bbox 2184 4643 2258 4692; x_wconf 90' lang='lat' dir='ltr'><strong>est</strong></span> <span class='ocrx_word' id='word_1_836' title='bbox 2288 4638 2403 4709; x_wconf 88' lang='lat' dir='ltr'><strong>ipse</strong></span> <span class='ocrx_word' id='word_1_837' title='bbox 2422 4636 2590 4690; x_wconf 89' lang='lat' dir='ltr'><strong>Pater</strong></span> <span class='ocrx_word' id='word_1_838' title='bbox 2615 4637 2714 4705; x_wconf 88' lang='lat' dir='ltr'><strong>qui</strong></span> <span class='ocrx_word' id='word_1_839' title='bbox 2742 4641 2817 4689; x_wconf 88' lang='lat' dir='ltr'><strong>est</strong></span> <span class='ocrx_word' id='word_1_840' title='bbox 2846 4634 3051 4700; x_wconf 85' lang='lat' dir='ltr'><strong>Filius,</strong></span> <span class='ocrx_word' id='word_1_841' title='bbox 3083 4651 3176 4689; x_wconf 90' lang='lat' dir='ltr'><strong>nec</strong></span> <span class='ocrx_word' id='word_1_842' title='bbox 3201 4634 3384 4690; x_wconf 87' lang='lat' dir='ltr'><strong>Filius</strong></span> <span class='ocrx_word' id='word_1_843' title='bbox 3408 4638 3503 4707; x_wconf 88' lang='lat' dir='ltr'><strong>qui</strong></span> <span class='ocrx_word' id='word_1_844' title='bbox 3532 4638 3609 4690; x_wconf 85' lang='lat' dir='ltr'><strong>est</strong></span> 
     </span>
    </p>
   </div>
   <div class='ocr_carea' id='block_1_115' title="bbox 1958 4722 3607 4798">
    <p class='ocr_par' dir='ltr' id='par_1_115' title="bbox 1958 4722 3607 4798">
     <span class='ocr_line' id='line_1_115' title="bbox 1958 4722 3607 4798; baseline -0.001 -17"><span class='ocrx_word' id='word_1_845' title='bbox 1958 4726 2198 4798; x_wconf 88' lang='lat' dir='ltr'><strong>Spiritus</strong></span> <span class='ocrx_word' id='word_1_846' title='bbox 2222 4732 2455 4781; x_wconf 82' lang='lat' dir='ltr'><strong>sanctus.</strong></span> <span class='ocrx_word' id='word_1_847' title='bbox 2482 4724 2651 4779; x_wconf 87' lang='lat' dir='ltr'><strong>Pater</strong></span> <span class='ocrx_word' id='word_1_848' title='bbox 2677 4724 2737 4778; x_wconf 91' lang='lat' dir='ltr'><strong>in</strong></span> <span class='ocrx_word' id='word_1_849' title='bbox 2761 4722 2915 4778; x_wconf 90' lang='lat' dir='ltr'><strong>Filio</strong></span> <span class='ocrx_word' id='word_1_850' title='bbox 2957 4730 3052 4789; x_wconf 90' lang='lat' dir='ltr'><strong>est,</strong></span> <span class='ocrx_word' id='word_1_851' title='bbox 3112 4723 3297 4779; x_wconf 88' lang='lat' dir='ltr'><strong>Filius</strong></span> <span class='ocrx_word' id='word_1_852' title='bbox 3335 4724 3393 4779; x_wconf 90' lang='lat' dir='ltr'><strong>in</strong></span> <span class='ocrx_word' id='word_1_853' title='bbox 3421 4725 3607 4791; x_wconf 90' lang='lat' dir='ltr'><strong>Patre,</strong></span> 
     </span>
    </p>
   </div>
   <div class='ocr_carea' id='block_1_116' title="bbox 1958 4812 3610 4887">
    <p class='ocr_par' dir='ltr' id='par_1_116' title="bbox 1958 4812 3610 4887">
     <span class='ocr_line' id='line_1_116' title="bbox 1958 4812 3610 4887; baseline -0.004 -15"><span class='ocrx_word' id='word_1_854' title='bbox 1958 4818 2019 4873; x_wconf 88' lang='lat' dir='ltr'><strong>in</strong></span> <span class='ocrx_word' id='word_1_855' title='bbox 2057 4823 2278 4887; x_wconf 89' lang='lat' dir='ltr'><strong>utroque</strong></span> <span class='ocrx_word' id='word_1_856' title='bbox 2302 4814 2553 4885; x_wconf 89' lang='lat' dir='ltr'><strong>Spiritus</strong></span> <span class='ocrx_word' id='word_1_857' title='bbox 2567 4820 2783 4868; x_wconf 85' lang='lat' dir='ltr'><strong>sanctus</strong></span> <span class='ocrx_word' id='word_1_858' title='bbox 2792 4836 2811 4878; x_wconf 83' lang='lat'><strong>,-</strong></span> <span class='ocrx_word' id='word_1_859' title='bbox 2839 4813 2968 4885; x_wconf 87' lang='lat' dir='ltr'><strong>quia</strong></span> <span class='ocrx_word' id='word_1_860' title='bbox 2981 4814 3039 4869; x_wconf 91' lang='lat' dir='ltr'><strong>in</strong></span> <span class='ocrx_word' id='word_1_861' title='bbox 3062 4812 3238 4868; x_wconf 89' lang='lat' dir='ltr'><strong>tribus</strong></span> <span class='ocrx_word' id='word_1_862' title='bbox 3259 4830 3610 4879; x_wconf 89' lang='lat' dir='ltr'><strong>numero,non</strong></span> 
     </span>
    </p>
   </div>
   <div class='ocr_carea' id='block_1_117' title="bbox 1956 4903 3609 4974">
    <p class='ocr_par' dir='ltr' id='par_1_117' title="bbox 1956 4903 3609 4974">
     <span class='ocr_line' id='line_1_117' title="bbox 1956 4903 3609 4974; baseline -0.004 -13"><span class='ocrx_word' id='word_1_863' title='bbox 1956 4906 2166 4970; x_wconf 88' lang='lat' dir='ltr'><strong>ordine,</strong></span> <span class='ocrx_word' id='word_1_864' title='bbox 2186 4904 2242 4959; x_wconf 93' lang='lat' dir='ltr'><strong>id</strong></span> <span class='ocrx_word' id='word_1_865' title='bbox 2266 4911 2340 4959; x_wconf 89' lang='lat' dir='ltr'><strong>est</strong></span> <span class='ocrx_word' id='word_1_866' title='bbox 2358 4904 2625 4974; x_wconf 82' lang='lat' dir='ltr'><strong>personis,</strong></span> <span class='ocrx_word' id='word_1_867' title='bbox 2653 4920 2755 4958; x_wconf 90' lang='lat' dir='ltr'><strong>non</strong></span> <span class='ocrx_word' id='word_1_868' title='bbox 2779 4904 2981 4959; x_wconf 88' lang='lat' dir='ltr'><strong>virtute</strong></span> <span class='ocrx_word' id='word_1_869' title='bbox 3000 4903 3269 4971; x_wconf 86' lang='lat' dir='ltr'><strong>discretis,</strong></span> <span class='ocrx_word' id='word_1_870' title='bbox 3289 4919 3433 4958; x_wconf 85' lang='lat' dir='ltr'><strong>unus</strong></span> <span class='ocrx_word' id='word_1_871' title='bbox 3451 4908 3609 4971; x_wconf 89' lang='lat' dir='ltr'><strong>atque</strong></span> 
     </span>
    </p>
   </div>
   <div class='ocr_carea' id='block_1_118' title="bbox 1956 4988 3611 5064">
    <p class='ocr_par' dir='ltr' id='par_1_118' title="bbox 1956 4988 3611 5064">
     <span class='ocr_line' id='line_1_118' title="bbox 1956 4988 3611 5064; baseline -0.005 -13"><span class='ocrx_word' id='word_1_872' title='bbox 1956 4994 2312 5051; x_wconf 89' lang='lat' dir='ltr'><strong>indivisibilis</strong></span> <span class='ocrx_word' id='word_1_873' title='bbox 2342 4992 2550 5048; x_wconf 89' lang='lat' dir='ltr'><strong>habitat</strong></span> <span class='ocrx_word' id='word_1_874' title='bbox 2563 4993 2723 5048; x_wconf 89' lang='lat' dir='ltr'><strong>Deus.</strong></span> <span class='ocrx_word' id='word_1_875' title='bbox 2756 4993 2950 5048; x_wconf 88' lang='lat' dir='ltr'><strong>Omnia</strong></span> <span class='ocrx_word' id='word_1_876' title='bbox 2966 5009 3082 5064; x_wconf 72' lang='lat' dir='ltr'><strong>quae</strong></span> <span class='ocrx_word' id='word_1_877' title='bbox 3094 4992 3286 5047; x_wconf 82' lang='lat' dir='ltr'><strong>Patris</strong></span> <span class='ocrx_word' id='word_1_878' title='bbox 3300 4998 3445 5054; x_wconf 89' lang='lat' dir='ltr'><strong>sunt,</strong></span> <span class='ocrx_word' id='word_1_879' title='bbox 3460 4988 3611 5044; x_wconf 84' lang='lat' dir='ltr'><strong>Filii</strong></span> 
     </span>
    </p>
   </div>
   <div class='ocr_carea' id='block_1_119' title="bbox 1957 5078 3611 5155">
    <p class='ocr_par' dir='ltr' id='par_1_119' title="bbox 1957 5078 3611 5155">
     <span class='ocr_line' id='line_1_119' title="bbox 1957 5078 3611 5155; baseline -0.004 -15"><span class='ocrx_word' id='word_1_880' title='bbox 1957 5092 2113 5149; x_wconf 86' lang='lat' dir='ltr'><strong>sunt;</strong></span> <span class='ocrx_word' id='word_1_881' title='bbox 2139 5090 2192 5139; x_wconf 91' lang='lat' dir='ltr'><strong>et</strong></span> <span class='ocrx_word' id='word_1_882' title='bbox 2220 5100 2337 5155; x_wconf 70' lang='lat' dir='ltr'><strong>quae</strong></span> <span class='ocrx_word' id='word_1_883' title='bbox 2364 5082 2501 5137; x_wconf 82' lang='lat' dir='ltr'><strong>Filii</strong></span> <span class='ocrx_word' id='word_1_884' title='bbox 2537 5089 2684 5153; x_wconf 86' lang='lat' dir='ltr'><strong>sunt,</strong></span> <span class='ocrx_word' id='word_1_885' title='bbox 2709 5082 2900 5137; x_wconf 86' lang='lat' dir='ltr'><strong>Patris</strong></span> <span class='ocrx_word' id='word_1_886' title='bbox 2921 5088 3077 5150; x_wconf 86' lang='lat' dir='ltr'><strong>sunt;</strong></span> <span class='ocrx_word' id='word_1_887' title='bbox 3101 5089 3148 5134; x_wconf 92' lang='lat' dir='ltr'><strong>et</strong></span> <span class='ocrx_word' id='word_1_888' title='bbox 3188 5096 3303 5150; x_wconf 65' lang='lat' dir='ltr'><strong>qum</strong></span> <span class='ocrx_word' id='word_1_889' title='bbox 3328 5078 3611 5148; x_wconf 86' lang='lat' dir='ltr'><strong>utriusque</strong></span> 
     </span>
    </p>
   </div>
   <div class='ocr_carea' id='block_1_120' title="bbox 1957 5167 3607 5245">
    <p class='ocr_par' dir='ltr' id='par_1_120' title="bbox 1957 5167 3607 5245">
     <span class='ocr_line' id='line_1_120' title="bbox 1957 5167 3607 5245; baseline -0.005 -16"><span class='ocrx_word' id='word_1_890' title='bbox 1957 5182 2103 5239; x_wconf 89' lang='lat' dir='ltr'><strong>sunt,</strong></span> <span class='ocrx_word' id='word_1_891' title='bbox 2128 5173 2381 5245; x_wconf 88' lang='lat' dir='ltr'><strong>Spiritus</strong></span> <span class='ocrx_word' id='word_1_892' title='bbox 2398 5173 2575 5227; x_wconf 88' lang='lat' dir='ltr'><strong>sancti</strong></span> <span class='ocrx_word' id='word_1_893' title='bbox 2592 5178 2719 5227; x_wconf 89' lang='lat' dir='ltr'><strong>sunt</strong></span> <span class='ocrx_word' id='word_1_894' title='bbox 2747 5188 2763 5225; x_wconf 89' lang='lat'><em>:</em></span> <span class='ocrx_word' id='word_1_895' title='bbox 2790 5172 2920 5242; x_wconf 90' lang='lat' dir='ltr'><strong>quia</strong></span> <span class='ocrx_word' id='word_1_896' title='bbox 2958 5186 3063 5223; x_wconf 90' lang='lat' dir='ltr'><strong>non</strong></span> <span class='ocrx_word' id='word_1_897' title='bbox 3094 5168 3249 5239; x_wconf 89' lang='lat' dir='ltr'><strong>quasi</strong></span> <span class='ocrx_word' id='word_1_898' title='bbox 3269 5168 3291 5200; x_wconf 88' lang='grc'>³</span> <span class='ocrx_word' id='word_1_899' title='bbox 3328 5167 3607 5239; x_wconf 70' lang='lat' dir='ltr'><strong>aequalem,</strong></span> 
     </span>
    </p>
   </div>
   <div class='ocr_carea' id='block_1_121' title="bbox 1955 5256 3611 5328">
    <p class='ocr_par' dir='ltr' id='par_1_121' title="bbox 1955 5256 3611 5328">
     <span class='ocr_line' id='line_1_121' title="bbox 1955 5256 3611 5328; baseline -0.006 -8"><span class='ocrx_word' id='word_1_900' title='bbox 1955 5265 2045 5320; x_wconf 91' lang='lat' dir='ltr'><strong>sed</strong></span> <span class='ocrx_word' id='word_1_901' title='bbox 2070 5262 2323 5326; x_wconf 87' lang='lat' dir='ltr'><strong>eamdem,</strong></span> <span class='ocrx_word' id='word_1_902' title='bbox 2351 5262 2411 5315; x_wconf 88' lang='lat' dir='ltr'><strong>id</strong></span> <span class='ocrx_word' id='word_1_903' title='bbox 2448 5267 2523 5315; x_wconf 89' lang='lat' dir='ltr'><strong>est</strong></span> <span class='ocrx_word' id='word_1_904' title='bbox 2548 5260 2761 5316; x_wconf 89' lang='lat' dir='ltr'><strong>unicam</strong></span> <span class='ocrx_word' id='word_1_905' title='bbox 2793 5261 2835 5323; x_wconf 75' lang='lat'><strong>‘,</strong></span> <span class='ocrx_word' id='word_1_906' title='bbox 2866 5275 2973 5314; x_wconf 87' lang='lat' dir='ltr'><strong>non</strong></span> <span class='ocrx_word' id='word_1_907' title='bbox 3009 5264 3317 5328; x_wconf 90' lang='lat' dir='ltr'><strong>separatam</strong></span> <span class='ocrx_word' id='word_1_908' title='bbox 3338 5256 3611 5328; x_wconf 86' lang='lat' dir='ltr'><strong>possident</strong></span> 
     </span>
    </p>
   </div>
   <div class='ocr_carea' id='block_1_122' title="bbox 1954 5347 3606 5419">
    <p class='ocr_par' dir='ltr' id='par_1_122' title="bbox 1954 5347 3606 5419">
     <span class='ocr_line' id='line_1_122' title="bbox 1954 5347 3606 5419; baseline -0.005 -10"><span class='ocrx_word' id='word_1_909' title='bbox 1954 5353 2312 5409; x_wconf 90' lang='lat' dir='ltr'><strong>substantiam</strong></span> <span class='ocrx_word' id='word_1_910' title='bbox 2353 5351 2631 5419; x_wconf 86' lang='lat' dir='ltr'><strong>Deitatis;</strong></span> <span class='ocrx_word' id='word_1_911' title='bbox 2658 5357 2705 5404; x_wconf 91' lang='lat' dir='ltr'><strong>et</strong></span> <span class='ocrx_word' id='word_1_912' title='bbox 2738 5348 2853 5404; x_wconf 91' lang='lat' dir='ltr'><strong>ideo</strong></span> <span class='ocrx_word' id='word_1_913' title='bbox 2885 5348 2961 5402; x_wconf 90' lang='lat' dir='ltr'><strong>vel</strong></span> <span class='ocrx_word' id='word_1_914' title='bbox 2990 5349 3288 5416; x_wconf 84' lang='lat' dir='ltr'><strong>majestate,</strong></span> <span class='ocrx_word' id='word_1_915' title='bbox 3321 5347 3401 5402; x_wconf 88' lang='lat' dir='ltr'><strong>vel</strong></span> <span class='ocrx_word' id='word_1_916' title='bbox 3425 5353 3606 5417; x_wconf 74' lang='lat' dir='ltr'><strong>aetate,</strong></span> 
     </span>
    </p>
   </div>
   <div class='ocr_carea' id='block_1_123' title="bbox 2020 5469 3192 5534">
    <p class='ocr_par' dir='ltr' id='par_1_123' title="bbox 2020 5469 3192 5534">
     <span class='ocr_line' id='line_1_123' title="bbox 2020 5469 3192 5534; baseline -0.005 -8"><span class='ocrx_word' id='word_1_917' title='bbox 2020 5481 2033 5507; x_wconf 76' lang='grc' dir='ltr'><strong>ι</strong></span> <span class='ocrx_word' id='word_1_918' title='bbox 2070 5475 2153 5525; x_wconf 89' lang='lat' dir='ltr'><strong>Sic</strong></span> <span class='ocrx_word' id='word_1_919' title='bbox 2187 5488 2310 5525; x_wconf 90' lang='lat' dir='ltr'><strong>cum</strong></span> <span class='ocrx_word' id='word_1_920' title='bbox 2340 5474 2434 5523; x_wconf 86' lang='lat' dir='ltr'><strong>Ms.</strong></span> <span class='ocrx_word' id='word_1_921' title='bbox 2469 5473 2562 5528; x_wconf 88' lang='lat' dir='ltr'><strong>bt.,</strong></span> <span class='ocrx_word' id='word_1_922' title='bbox 2591 5476 2640 5521; x_wconf 90' lang='lat' dir='ltr'><strong>et</strong></span> <span class='ocrx_word' id='word_1_923' title='bbox 2667 5471 2879 5534; x_wconf 70' lang='lat' dir='ltr'><strong>melius.</strong></span> <span class='ocrx_word' id='word_1_924' title='bbox 2913 5469 3192 5534; x_wconf 75' lang='lat' dir='ltr'><strong>[dicimus].</strong></span> 
     </span>
    </p>
   </div>
   <div class='ocr_carea' id='block_1_124' title="bbox 2017 5531 3042 5606">
    <p class='ocr_par' dir='ltr' id='par_1_124' title="bbox 2017 5531 3042 5606">
     <span class='ocr_line' id='line_1_124' title="bbox 2017 5531 3042 5606; baseline -0.006 -20"><span class='ocrx_word' id='word_1_925' title='bbox 2017 5543 2035 5606; x_wconf 60' lang='grc' dir='ltr'><strong><em>ξ</em></strong></span> <span class='ocrx_word' id='word_1_926' title='bbox 2061 5538 2146 5606; x_wconf 63' lang='lat' dir='ltr'><strong>Sic</strong></span> <span class='ocrx_word' id='word_1_927' title='bbox 2166 5537 2457 5606; x_wconf 79' lang='lat' dir='ltr'><strong>legendum</strong></span> <span class='ocrx_word' id='word_1_928' title='bbox 2480 5549 2603 5606; x_wconf 80' lang='lat' dir='ltr'><strong>cum</strong></span> <span class='ocrx_word' id='word_1_929' title='bbox 2628 5533 2722 5606; x_wconf 80' lang='lat' dir='ltr'><strong>Ms.</strong></span> <span class='ocrx_word' id='word_1_930' title='bbox 2758 5533 2832 5606; x_wconf 65' lang='lat' dir='ltr'><strong>bt.</strong></span> <span class='ocrx_word' id='word_1_931' title='bbox 2861 5531 3042 5606; x_wconf 69' lang='lat' dir='ltr'><strong>[sunt].</strong></span> 
     </span>
    </p>
   </div>
   <div class='ocr_carea' id='block_1_125' title="bbox 2017 5593 3262 5661">
    <p class='ocr_par' dir='ltr' id='par_1_125' title="bbox 2017 5593 3262 5661">
     <span class='ocr_line' id='line_1_125' title="bbox 2017 5593 3262 5661; baseline -0.005 -10"><span class='ocrx_word' id='word_1_932' title='bbox 2017 5604 2035 5635; x_wconf 80' lang='grc'><strong><em>³</em></strong></span> <span class='ocrx_word' id='word_1_933' title='bbox 2057 5602 2142 5651; x_wconf 86' lang='lat' dir='ltr'><strong>Sic</strong></span> <span class='ocrx_word' id='word_1_934' title='bbox 2171 5593 2250 5651; x_wconf 76' lang='grc' dir='ltr'><strong>θῐ</strong></span> <span class='ocrx_word' id='word_1_935' title='bbox 2265 5601 2363 5653; x_wconf 84' lang='lat' dir='ltr'><strong>Ms.</strong></span> <span class='ocrx_word' id='word_1_936' title='bbox 2401 5599 2495 5655; x_wconf 88' lang='lat' dir='ltr'><strong>bt.,</strong></span> <span class='ocrx_word' id='word_1_937' title='bbox 2520 5600 2576 5661; x_wconf 84' lang='lat' dir='ltr'><strong>et</strong></span> <span class='ocrx_word' id='word_1_938' title='bbox 2602 5600 2768 5651; x_wconf 87' lang='lat' dir='ltr'><strong>recte.</strong></span> <span class='ocrx_word' id='word_1_939' title='bbox 2797 5593 2942 5660; x_wconf 76' lang='lat' dir='ltr'><strong>[quia</strong></span> <span class='ocrx_word' id='word_1_940' title='bbox 2970 5593 3262 5661; x_wconf 65' lang='lat' dir='ltr'><strong>aequalem].</strong></span> 
     </span>
    </p>
   </div>
   <div class='ocr_carea' id='block_1_126' title="bbox 2016 5660 2662 5721">
    <p class='ocr_par' dir='ltr' id='par_1_126' title="bbox 2016 5660 2662 5721">
     <span class='ocr_line' id='line_1_126' title="bbox 2016 5660 2662 5721; baseline -0.011 -4"><span class='ocrx_word' id='word_1_941' title='bbox 2016 5665 2035 5695; x_wconf 83' lang='grc'>⁴</span> <span class='ocrx_word' id='word_1_942' title='bbox 2052 5665 2179 5716; x_wconf 75' lang='lat' dir='ltr'><strong>Mss.</strong></span> <span class='ocrx_word' id='word_1_943' title='bbox 2201 5675 2408 5721; x_wconf 63' lang='lat' dir='ltr'><strong>omn“.</strong></span> <span class='ocrx_word' id='word_1_944' title='bbox 2433 5660 2662 5717; x_wconf 68' lang='lat' dir='ltr'><strong>auitam.</strong></span> 
     </span>
    </p>
   </div>
  </div>
