4074 6164
507 139 611 195 451

505 260 649 316 alter
660 262 893 318 alterum
906 276 1010 315 non
1038 255 1316 329 prmeedit,
1341 254 1472 326 quia
1500 252 1683 307 dividi
1700 252 1838 325 quod
1852 252 2068 324 plenum
2079 259 2153 308 est

505 368 611 405 non
644 359 831 421 potest,
862 366 959 403 nec
986 354 1059 401 est
1086 347 1145 400 in
1176 343 1517 416 plenitudine
1546 342 1783 413 aliquid,
1822 342 1959 413 quod
1986 343 2154 413 possit

498 439 889 509 plenitudinem
904 452 1156 506 separare
1172 435 1212 503 ί,
1227 442 1276 489 et
1293 434 1549 505 majorem
1566 435 1681 497 uni,
1697 432 1958 486 minorem
1983 431 2152 486 alteri

498 530 674 599 facere
698 531 1018 597 portionem.
1066 526 1129 579 In
1157 525 1397 596 personis
1420 530 1599 578 autem
1636 540 1741 576 non
1774 523 1856 577 ita
1880 529 1995 590 est;
2021 522 2151 591 quia

498 616 687 670 Patris
710 632 937 686 persona
968 632 1073 669 non
1099 623 1170 669 est
1218 614 1383 677 Filii,
1414 628 1505 667 nec
1534 611 1682 667 Filii
1720 627 1944 682 persona
1972 610 2150 664 eadem

496 714 568 759 est
596 704 834 775 Spiritus
861 706 1056 760 sancti.
1093 706 1207 760 Una
1245 704 1421 757 virtus
1443 708 1537 766 est,
1564 718 1721 773 quam
1749 700 1900 755 trina
1919 699 2161 771 possidet.

496 794 708 859 virtus;
728 811 837 849 una
866 794 1168 848 substantia
1187 800 1282 857 est,
1316 794 1375 847 in
1404 807 1513 863 qua
1542 790 1659 845 tria
1686 797 1810 845 sunt
1835 807 1952 861 qua:
1975 789 2146 844 subsi-

490 891 660 938 stunt.
686 885 854 938 Pater
865 890 1064 955 ergo,et
1084 883 1345 947 Filius,et
1360 881 1611 952 Spiritus
1630 887 1845 935 sanctus
1867 880 2145 949 majestate

494 974 692 1045 ubique
716 980 858 1039 sunt,
893 975 1021 1044 quia
1046 990 1208 1028 unum
1224 979 1348 1027 sunt
1374 994 1392 1041 ,-
1424 973 1665 1042 personis
1696 975 1907 1023 tantum
1923 968 2067 1039 apud
2091 985 2143 1023 se

490 1071 636 1129 sunt,
666 1066 795 1134 quia
819 1072 925 1118 tres
939 1070 1083 1117 sunt.
1117 1063 1190 1116 Et
1216 1062 1429 1131 reliqua
1476 1060 1779 1130 hujusmodi
1805 1066 2001 1121 texens,
2028 1075 2141 1113 rem

490 1169 709 1223 eousque
734 1153 951 1217 deduxi,
980 1159 1039 1206 ut
1066 1158 1356 1222 praesentes
1372 1150 1582 1220 quidem
1605 1156 1653 1203 et
1676 1149 1874 1219 ubique
1895 1164 1998 1201 esse
2014 1165 2140 1218 per-

486 1258 660 1307 sonas,
687 1242 775 1295 sed
810 1242 985 1308 illam,
1024 1258 1141 1312 qum
1172 1257 1338 1311 supra
1367 1240 1538 1301 caelos,
1575 1246 1728 1293 trans
1757 1238 1959 1303 maria,
1989 1237 2140 1292 ultra

488 1331 713 1401 inferos,
748 1348 858 1385 una
887 1338 1042 1401 atque
1070 1331 1246 1384 eadem
1278 1337 1352 1383 est
1380 1330 1675 1398 majestate,
1705 1328 2004 1398 ﬁrmarem.
2048 1326 2138 1381 Ea:

485 1437 585 1491 quo
624 1421 864 1490 intelligi
892 1418 1467 1481 deberemonstrabam,
1503 1417 1766 1471 hominem
1795 1433 1946 1487 quem
1970 1416 2136 1471 Chri-

483 1517 596 1564 stus
617 1511 925 1581 assumpsit,
954 1512 1013 1563 in
1045 1510 1210 1563 Deum
1229 1508 1438 1577 quidem
1470 1521 1684 1562 rersum
1711 1513 2003 1576 susceptam
2030 1522 2135 1560 non

482 1599 723 1652 amisisse
738 1606 1013 1663 naturam,
1034 1614 1134 1652 non
1152 1604 1329 1650 tamen
1345 1595 1497 1665 quasi
1510 1602 1763 1666 quartam
1777 1593 1929 1649 credi
1943 1610 2093 1665 posse
2113 1599 2132 1629 ⁸

518 1704 779 1742 ersonam.

518 1705 779 1742 ersonam.

476 1705 515 1758 Ρ
552 1779 604 1831 5.
639 1776 739 1831 Sed
760 1783 839 1841 tu,
870 1778 977 1841 vir,
1010 1776 1100 1830 cui
1114 1774 1322 1841 caelum,
1342 1781 1399 1828 ut
1424 1772 1690 1839 arbitror,
1711 1774 1883 1844 ipsum
1910 1772 2129 1828 subtili-

480 1872 589 1920 tate
611 1866 995 1937 cogitationum
1026 1866 1237 1918 intrare
1266 1878 1561 1918 concessum
1585 1869 1662 1917 est
1683 1879 1701 1928 ;
1734 1878 1905 1917 veras:
1932 1861 2131 1916 etenim

477 1962 554 2009 est
586 1956 686 2025 qui
722 1955 822 2019 ait,
860 1976 885 2001 ‹‹
916 1954 1075 2007 Beati
1113 1952 1308 2007 mundo
1338 1952 1515 2016 corde,
1546 1952 1799 2022 quoniam
1828 1952 1939 2022 ipsi
1955 1950 2127 2005 Deum

475 2042 728 2097 videbunt
755 2063 783 2093 »
814 2042 1004 2113 (Math.
1038 2058 1092 2105 v,
1118 2045 1170 2110 8)
1202 2063 1223 2109 ;
1252 2057 1411 2111 super
1439 2041 1620 2094 omnia
1643 2040 1828 2094 sidera
1852 2041 1921 2095 ad
1949 2041 2126 2111 ipsum

473 2130 967 2202 contemplationem
997 2129 1561 2184 altitudinsm’mundi
1577 2129 1759 2183 cordis
1789 2129 2014 2195 attollis,
2040 2130 2126 2184 ais

473 2237 579 2275 non
600 2228 853 2292 tanquam
864 2218 1083 2290 aliquod
1111 2234 1302 2288 corpus
1330 2217 1512 2272 debere
1530 2218 1768 2288 cogitari
1784 2218 2122 2273 Deum.Nam

472 2312 688 2365 etiamsi
709 2310 974 2381 quispiam
1005 2309 1187 2362 animo
1217 2307 1379 2361 lucem
1406 2306 1606 2361 millies
1634 2323 1792 2378 quam
1806 2308 1969 2377 huius
1986 2307 2123 2362 solis

469 2399 761 2453 clariorem
790 2399 1235 2467 intensioremque
1278 2397 1563 2467 conﬁngat,
1604 2396 1811 2451 nullam
1860 2396 1976 2451 illic
2016 2397 2123 2452 Dei

466 2486 895 2543 Similitudinem
922 2486 1293 2558 comprehendi
1325 2502 1491 2556 posse,
1510 2486 1640 2555 quia
1657 2502 1848 2556 corpus
1868 2493 1939 2541 est
1963 2502 2119 2542 omne

464 2577 602 2647 quod
625 2578 776 2631 cerni
814 2582 981 2646 potest
1010 2599 1028 2628 .-
1056 2575 1144 2629 sed
1172 2576 1309 2629 sicut
1321 2575 1597 2644 justitiam
1621 2575 1699 2628 vel
1730 2575 1978 2645 pietatem
2000 2593 2119 2631 cor-

460 2682 680 2736 poream
706 2667 939 2736 cogitare
970 2682 1074 2720 non
1093 2680 1388 2735 possumus,
1439 2665 1558 2718 nisi
1582 2664 1770 2735 aliqua
1801 2665 1941 2735 forte
1971 2664 2119 2720 nobis

462 2755 697 2829 feminea
723 2772 949 2825 corpora
969 2754 1162 2825 gentili
1192 2755 1431 2808 vanitate
1443 2754 1743 2825 ﬁngamus;
1765 2755 1850 2809 ita
1875 2763 1923 2810 et
1947 2754 2117 2811 Deum

462 2834 577 2898 sine
590 2844 1087 2916 aliquaphantasia
1118 2844 1471 2898 simulatione
1485 2844 1545 2897 in
1561 2850 1828 2915 quantum
1835 2859 2045 2914 possum
2055 2861 2114 2899 us

398 2972 405 2975 -
461 2934 821 3005 cogitandum.
846 2934 990 2989 Mihi
1012 2940 1207 2997 autem,
1228 2933 1322 3004 qui
1342 2932 1695 2987 subtilitatem
1727 2931 2116 3002 disputationis

461 3023 640 3095 tepido
666 3024 947 3095 percipere
974 3023 1255 3078 admodum
1276 3022 1435 3077 corde
1460 3023 1551 3076 vix
1567 3038 1801 3093 possum,
1830 3022 2114 3076 videbatur

460 3112 604 3166 nihil
635 3113 815 3167 vivum
829 3114 1115 3167 secundum
1143 3112 1495 3165 substantiam
1510 3111 1676 3164 inesse
1688 3111 2112 3182 justitiaendeo-

457 3218 555 3272 que
582 3219 685 3256 non
702 3219 912 3273 possum
937 3202 1112 3255 adhuc
1132 3201 1321 3265 Deum,
1352 3201 1409 3253 id
1430 3207 1523 3264 est,
1548 3200 1806 3253 viventem
1835 3208 2107 3267 naturam,

445 3290 683 3360 justitiae
714 3291 945 3347 similem
971 3290 1238 3359 cogitare;
1266 3289 1395 3359 quia
1411 3289 1639 3358 justitia
1656 3290 1831 3342 nonin
1854 3306 1924 3355 se,
1948 3290 2110 3344 sedin

456 3380 606 3434 nobis
630 3380 797 3447 vivit;
825 3380 931 3432 imo
941 3379 1118 3447 potius
1146 3394 1237 3432 nos
1253 3379 1537 3432 secundum
1544 3378 1823 3447 justitiam
1850 3380 2103 3445 vivimus,

455 3470 575 3539 ipsa
604 3484 727 3522 vero
747 3468 974 3539 justitia
1001 3483 1099 3537 per
1154 3482 1205 3519 se
1233 3483 1569 3537 nequaquam
1596 3466 1756 3533 vivit,
1798 3468 1912 3522 nisi
1961 3467 2103 3538 forte

451 3575 558 3613 non
590 3559 752 3628 hujus
784 3558 1030 3612 humanm
1060 3556 1359 3627 aequitatis,
1400 3556 1491 3611 sed
1539 3556 1637 3611 illa
1679 3573 1795 3628 qua
1840 3557 1976 3612 Deus
2003 3564 2098 3629 est,

449 3648 563 3703 sola
590 3654 873 3702 asseratur
897 3662 1001 3701 esse
1032 3646 1279 3717 justitia.

522 3742 573 3794 6.
622 3737 769 3793 Unde
798 3736 1115 3808 conﬁrmari
1142 3752 1221 3791 me
1250 3752 1316 3790 ea:
1342 3734 1588 3790 omnibus
1616 3752 1722 3791 non
1758 3735 1928 3791 solum
1954 3752 2102 3807 prse-

446 3828 682 3883 sentibus
711 3827 888 3884 verbis
919 3828 961 3896 ³,
988 3826 1076 3880 sed
1114 3826 1279 3881 etiam
1296 3825 1533 3896 pleniori
1549 3825 1768 3897 epistola
1787 3826 1963 3881 velim.
1993 3826 2099 3883 Ne-

446 3933 542 3989 que-
580 3918 721 3973 enim
749 3918 833 3988 fas
858 3924 931 3970 est
958 3924 1015 3970 ut
1043 3917 1218 3969 nostri
1261 3923 1470 3970 tantum
1492 3916 1645 3986 pedes
1672 3916 1737 3970 ab
1775 3917 1876 3971 ista
1909 3918 1968 3969 in
1992 3932 2098 3987 qua

444 4007 603 4060 multi
632 4006 998 4076 ingredimur,
1018 4007 1227 4058 erroris
1264 4005 1375 4069 via,
1408 4011 1458 4058 te
1484 4010 1723 4059 monente
1761 4013 2098 4063 revocentur.

448 4094 584 4148 Cum
611 4093 751 4146 enim
777 4092 943 4146 multi
969 4091 1028 4144 in
1082 4091 1198 4143 illis
1225 4092 1285 4145 in
1314 4090 1505 4161 quibus
1535 4091 1837 4146 habitamus
1879 4092 2095 4158 insulis,

442 4182 569 4236 dum
600 4181 819 4235 rectoad
840 4180 986 4234 viam
1007 4186 1246 4250 pergunt
1263 4196 1469 4250 aggere,
1499 4182 1559 4233 in
1583 4182 1854 4237 tramitem
1871 4191 2099 4239 tortuosi

441 4272 602 4344 hujus
613 4270 818 4325 erroris
832 4270 1375 4335 incurrerint,eritne
1387 4271 1595 4341 aliquis
1607 4272 1724 4326 illic
1736 4274 2102 4353 Augustinus,

438 4363 590 4433 cujus
619 4360 940 4417 auctoritati
968 4359 1178 4426 cedant,
1206 4360 1363 4431 cujus
1376 4360 1645 4417 doctrinae
1672 4364 1919 4431 credant,
1943 4367 2098 4437 cujus

439 4453 655 4523 ingenio
667 4459 991 4524 superentur
1014 4452 1041 4505 Ϋ
1054 4454 1097 4505 Α
1109 4467 1143 4503 η
1168 4452 1310 4522 forte
1321 4466 1386 4505 ea:
1401 4450 1503 4505 illo
1519 4455 1819 4522 paternitat
1829 4455 2095 4527 isga/Iectu

436 4548 605 4598 mavis
654 4560 733 4598 me
784 4544 993 4599 occulta
1020 4542 1431 4596 commonitione
1458 4542 1717 4613 dirigere,
1752 4560 1907 4614 quam
1948 4547 2093 4600 velut

434 4637 673 4686 comitem
690 4634 852 4702 pravi
870 4632 1092 4685 itineris
1106 4631 1386 4701 increpare
1409 4631 1436 4683 ?
1449 4630 1556 4685 Sed
1570 4632 1707 4686 mihi
1723 4649 1829 4703 pro
1847 4634 2091 4688 utilitate

433 4722 653 4785 animae,
677 4723 847 4792 magis
867 4738 1023 4792 quam
1049 4738 1147 4791 pro
1171 4720 1365 4774 swculi
1394 4720 1549 4775 laude
1573 4737 1798 4776 currere
1822 4724 2088 4794 cupienti,

431 4827 536 4866 non
562 4818 634 4865 est
668 4810 908 4877 inutilis,
940 4828 1001 4864 ac
1024 4810 1255 4880 proinde
1275 4810 1440 4865 etiam
1465 4827 1570 4864 non
1590 4828 1783 4866 amara
1810 4814 2089 4884 coargutio

430 4908 528 4959 tua
548 4918 567 4967 ;
585 4902 813 4956 maxime
824 4917 942 4956 cum
959 4907 1007 4954 et
1025 4900 1221 4954 mihiet
1246 4900 1457 4953 caeteris
1476 4903 1639 4955 vitam
1658 4901 1823 4957 simul
1841 4903 2088 4959 laudem-

426 5010 526 5066 que
544 4995 811 5066 paritura
837 4991 930 5045 sit.
958 4991 1125 5045 Nemo
1152 4988 1414 5060 siquidem
1456 4995 1563 5044 tam
1594 4991 1830 5062 injustus
1856 5009 1983 5059 esse,
2026 5000 2085 5049 ut

427 5084 697 5149 arbitror,
728 5088 917 5154 potest,
946 5081 1044 5152 qui
1065 5096 1140 5134 me
1164 5096 1230 5134 ea:
1259 5096 1316 5133 eo
1328 5080 1770 5151 quodaliquando
1799 5082 1953 5136 devia
1966 5098 2082 5138 sum

426 5176 651 5239 secutus,
673 5172 924 5228 stultitiae
937 5172 1187 5225 denotare
1211 5170 1368 5224 malit
1386 5187 1542 5241 quam
1564 5186 1631 5226 ea;
1659 5188 1715 5225 eo
1738 5172 1874 5241 quod
1894 5179 2039 5227 recta
2060 5173 2082 5207 ⁴

423 5259 726 5330 delegerim,
752 5261 1053 5330 prudenter
1090 5260 1344 5331 judicare
1373 5266 1675 5315 cunctetur.
1720 5260 1905 5332 Neque
1935 5262 2078 5317 enim

491 5461 502 5526 ξ
534 5460 621 5526 §ic
646 5460 931 5526 legendum
950 5475 1079 5526 cum
1111 5462 1207 5510 Ms.
1240 5461 1314 5511 bt.
1333 5461 1637 5526 [reparare].

485 5523 502 5587 ἕ
536 5522 617 5587 Sic
644 5522 815 5587 initas.
840 5525 914 5587 bAt.
948 5524 1104 5585 [credi
1133 5522 1447 5587 persomim].

479 5586 498 5616 ³
529 5586 611 5650 Sic
635 5585 736 5650 his.
756 5587 835 5650 bt.
864 5585 992 5645 [non
1016 5588 1179 5633 solum
1208 5585 1431 5649 premens
1458 5587 1594 5650 tibi].

478 5650 500 5684 ι
517 5649 602 5699 Sic
629 5647 727 5695 Ms.
751 5648 847 5706 δικ,
867 5651 921 5694 et
942 5647 1279 5697 concinn‘uis.
1312 5650 1395 5712 Lex
1428 5664 1485 5699 eo
1520 5647 1655 5715 quod
1678 5651 1995 5717 delcgerim].

1730 162 1746 177 .
1788 127 1849 183 S.
1888 126 2280 185 AUGUSTINI
2319 127 2641 187 EPJSCOPI

3760 149 3851 208 451

2263 254 2425 310 stulti
2446 257 2758 311 aestimandi
2785 264 2931 325 sunt,
2962 275 3088 329 quos
3119 259 3323 315 Paulus
3346 267 3614 333 apostolus,
3634 286 3690 324 ne
3716 272 3847 331 inin-

2263 352 2468 400 certum
2496 354 2783 402 currerent
2848 347 3162 404 admonebat
3194 350 3385 417 dicens,
3427 376 3453 403 «
3484 354 3564 411 Sic
3598 362 3777 417 currite
3803 377 3851 420 ut

2261 435 2721 505 comprehendatis
2749 457 2776 485 ››
2810 437 2852 508 (l
2882 436 3005 491 Cor.
3041 454 3119 502 ιι,
3150 440 3238 511 24)
3266 456 3276 494 :
3305 451 3609 514 quapropter
3636 448 3651 483 ¹
3676 449 3851 508 vioista

2260 540 2415 594 quam
2447 526 2741 589 currimus,
2777 542 2881 581 non
2918 525 3086 581 solum
3117 527 3464 599 relinquenda
3512 534 3664 598 nobis,
3700 556 3852 597 verum

2258 614 2423 668 etiam
2449 614 2859 670 intercludenda
2871 623 3028 687 atque
3047 618 3390 687 praecidenda
3404 629 3494 687 est,
3509 640 3567 677 ne
3582 626 3706 695 forte
3717 629 3851 687 etiam

2257 717 2339 756 eos
2365 700 2555 771 fallaci
2585 703 2893 759 dilectionis
2931 705 3278 761 simulatione
3294 708 3608 778 frustretur.
3644 715 3712 769 Tu
3736 721 3853 774 enim

2256 806 2360 844 non
2381 790 2647 847 editorum
2652 794 2776 862 jam
2798 810 2831 847 a
2847 810 2925 848 me
2940 794 3206 849 librorum
3222 795 3490 862 lector,sed
3502 802 3853 871 probandorum

2254 880 2579 946 emendator,
2612 882 2674 936 ni
2702 882 2893 954 fallor,
2923 884 3121 939 electus
3149 901 3217 939 es.
3248 888 3385 942 Nam
3418 890 3477 942 in
3507 889 3597 945 illa
3639 895 3851 967 epistola,

2254 986 2412 1040 quam
2424 970 2485 1026 in
2516 970 2631 1026 illis
2647 972 2776 1027 meis
2794 972 2989 1027 libellis
3009 973 3150 1028 velut
3158 976 3627 1047 praefatiunculam
3640 985 3851 1052 praetuli,

2251 1058 2557 1129 hujusmodi
2588 1061 2745 1115 verba
2772 1062 3080 1134 conscripta
3117 1071 3241 1120 sunt
3277 1082 3286 1091 ·
3320 1085 3349 1117 «
3384 1066 3607 1135 Placuit,
3648 1071 3853 1143 inquam,

2247 1148 2597 1216 ﬂuctuantem
2610 1150 2737 1220 ﬁdei
2750 1158 2951 1206 nostrae
2962 1151 3199 1222 cymbam
3213 1152 3853 1233 beatiAugustiniepiscopi

2244 1237 2498 1293 stabilire
2517 1240 2808 1295 sententia.
2851 1262 2870 1288 ι
2905 1240 3019 1296 Cur
3034 1258 3179 1312 ergo,
3195 1242 3284 1296 vir
3302 1242 3559 1301 doctrinae
3589 1246 3733 1318 hujus
3748 1267 3850 1321 qua

2246 1326 2303 1380 in
2339 1327 2563 1383 Christo
2591 1334 2686 1393 est,
2718 1329 2948 1395 culmen,
2969 1348 3198 1401 arguere
3223 1333 3411 1402 palam
3438 1335 3777 1406 corrigendum
3803 1340 3853 1395 de

2243 1424 2434 1471 caetero
2460 1417 2639 1486 ﬁlium
2658 1418 2899 1484 dubitas,
2926 1435 3044 1475 cum
3069 1422 3352 1478 sententia
3391 1431 3497 1479 tum
3525 1426 3739 1482 anchora
3765 1430 3852 1484 nisi

2242 1520 2483 1560 morsum
2499 1506 2666 1561 altius
2672 1508 2960 1577 presserit,
2976 1525 3068 1563 nos
3085 1510 3288 1564 certius
3303 1511 3548 1568 stabilire
3566 1531 3660 1569 non
3672 1518 3852 1585 possit?

2241 1593 2366 1649 Non
2390 1596 2533 1650 enim
2564 1596 2691 1650 levis
2724 1604 2819 1651 aut
2857 1597 3077 1668 culpata
3104 1602 3348 1669 quaestio,
3380 1601 3437 1655 in
3460 1618 3563 1673 qua
3588 1620 3685 1657 non
3711 1604 3852 1660 solum

2239 1685 2383 1738 nihil
2410 1685 2662 1755 profecit,
2690 1703 2875 1741 verum
2905 1688 3065 1742 etiam
3084 1695 3220 1759 post,
3235 1695 3295 1744 ut
3326 1692 3347 1725 ²
3376 1708 3412 1744 α
3435 1698 3481 1745 te
3504 1691 3853 1762 fortissimedi-

2237 1779 2379 1827 ctum
2394 1781 2488 1837 est,
2512 1772 2837 1829 idololatriae
2853 1778 3061 1831 crimen
3089 1778 3303 1832 caecitas
3326 1786 3522 1834 nostrae
3547 1780 3852 1852 cogitationis

2236 1862 2501 1917 incurrit.
2543 1862 2697 1918 Hanc
2725 1881 2759 1918 a
2788 1871 2836 1919 te
2856 1870 3010 1920 caute
3038 1865 3436 1938 prudenterque
3464 1869 3656 1925 discuti
3668 1871 3845 1937 vellem,

2234 1959 2293 2006 ut
2323 1951 2584 2007 doctrinae
2617 1959 2724 2007 tuae
2754 1954 3061 2025 ingeniique
3087 1956 3351 2012 serenitas
3381 1959 3464 2012 ita
3487 1958 3717 2014 nebulam
3750 1977 3852 2015 nos-

2232 2048 2335 2096 trae
2357 2041 2548 2096 mentis
2575 2041 2864 2113 abstergat,
2887 2051 2947 2098 ut
2970 2044 3111 2114 quod
3140 2062 3281 2099 nunc
3312 2048 3548 2118 cogitare
3575 2065 3674 2103 non
3698 2066 3848 2121 possu-

2230 2146 2364 2196 mus,
2401 2130 2777 2202 intelligentiae
2806 2148 2839 2185 a
2870 2139 2918 2186 te
2966 2131 3167 2187 lumine
3194 2134 3547 2202 declaratum,
3578 2138 3734 2193 oculis
3755 2154 3847 2194 car-

2228 2219 2317 2273 dis
2353 2220 2534 2275 videre
2563 2219 2851 2275 valeamus.
2875 2220 3171 2277 Incolumis
3195 2239 3257 2278 ac
3285 2223 3473 2280 beatus
3499 2226 3557 2280 in
3592 2233 3847 2293 aeternum,

2231 2309 2337 2365 mei
2367 2325 2574 2364 memor
2609 2310 2846 2365 caelestia
2877 2327 3045 2382 regna
3066 2312 3354 2383 possideas,
3379 2314 3588 2371 domine
3621 2324 3780 2373 sancte
3797 2332 3847 2371 ac

2228 2397 2524 2453 beatissime
2549 2416 2720 2470 papa.

2726 2533 3058 2590 EPISTOLA
3098 2536 3257 2591 CXX'
3283 2536 3382 2609 (a).

2298 2659 2581 2715 Consentio
2603 2659 2673 2713 ad
2701 2660 3070 2731 questionesde
3087 2661 3359 2718 Trinitate
3370 2663 3479 2719 sibi
3488 2667 3783 2737 propositas.

2224 2791 2403 2849 Fratri
2418 2792 2802 2849 dilectissimo
2816 2800 2870 2849 et
2885 2796 2945 2849 in
2960 2795 3167 2851 Christi
3188 2798 3509 2855 visceribus
3524 2798 3844 2855 honorando

2331 2884 2666 2946 CONSBNTIO,
2700 2887 3073 2949 AUGUSTINUS,
3114 2885 3171 2939 in
3207 2887 3460 2943 Domino
3492 2889 3751 2944 salutem.

2292 3006 2511 3061 CAPUT
2536 3006 2829 3061 PRIMUM.
2858 3038 2908 3048 —
2940 3012 2985 3063 l.
3013 3010 3133 3078 Ego
3157 3014 3477 3081 propterea
3493 3010 3637 3067 utad
3653 3026 3752 3067 nos
3767 3024 3846 3064 ve-

2218 3094 2378 3150 nires
2409 3094 2633 3163 rogavi,
2664 3094 2953 3166 quoniam
2982 3096 3040 3151 in
3064 3096 3228 3152 libris
3250 3098 3368 3153 tuis
3402 3099 3576 3155 valde
3608 3116 3732 3155 sum
3762 3104 3844 3155 tuo

2217 3183 2542 3239 delectatus
2571 3183 2836 3254 ingenio.
2856 3186 3102 3241 Proinde
3117 3185 3276 3241 volui
3297 3189 3648 3260 utqutedam
3668 3194 3846 3245 nostra

2215 3274 2529 3345 opuscula,
2558 3289 2692 3344 quae
2720 3272 3043 3329 arbitratus
3058 3292 3191 3330 sum
3226 3276 3329 3332 tibi
3360 3293 3493 3333 esse
3517 3278 3843 3339 necessaria,

2216 3378 2337 3417 non
2364 3361 2573 3435 procul
2617 3378 2653 3418 a
2683 3362 2854 3417 nobis
2896 3363 3155 3433 positus,
3187 3366 3288 3420 sed
3334 3367 3535 3438 potius
3567 3367 3719 3440 apud
3750 3381 3843 3421 nos

2205 3451 2454 3522 legeres,
2485 3457 2546 3508 ut
2576 3468 2647 3507 ea
2682 3468 2829 3525 quae
2858 3450 3009 3508 forte
3065 3454 3264 3510 minus
3296 3456 3710 3524 intellexisses,
3738 3471 3843 3512 non

2207 3542 2523 3599 difficulter
2537 3557 2799 3612 praesens
2816 3541 3428 3618 interrogares,atque
3441 3562 3511 3602 ex
3528 3552 3723 3602 nostra
3736 3560 3840 3600 ser-

2207 3629 2611 3686 mocinatione
2636 3636 2966 3702 mutuoque
2996 3631 3315 3703 colloquio,
3340 3642 3639 3706 quantum
3671 3634 3840 3690 Domi-

2206 3736 2319 3775 nus
2340 3726 2395 3774 et
2425 3718 2597 3773 nobis
2625 3735 2915 3789 promere,
2943 3719 3117 3775 ettibi
3150 3736 3364 3793 capere
3386 3721 3840 3795 tribuisset,quid

2205 3814 2267 3870 in
2297 3807 2461 3864 libris
2485 3809 2595 3863 tuis
2616 3807 3060 3864 emendandum
3084 3816 3259 3875 esset,
3289 3811 3417 3880 ipse
3446 3828 3838 3884 cognosceres,

2205 3896 2329 3970 ipse
2355 3898 2728 3953 emendares.
2764 3897 3135 3970 Ejusquippe
3149 3915 3212 3953 es
3236 3899 3560 3967 facultatis,
3591 3907 3651 3957 ut
3668 3900 3838 3974 possis

2206 4004 2277 4043 ea
2298 4004 2435 4058 quae
2462 3986 2718 4041 senseris
2749 3986 3079 4058 eXplicare;
3114 3991 3244 4057 ejus
3277 4004 3455 4061 porro
3475 3991 3776 4064 probitatis
3794 3993 3841 4045 et

2203 4074 2567 4140 humilitatis,
2612 4080 2671 4129 ut
2704 4076 2983 4131 merearis
3046 4092 3184 4131 vera
3214 4078 3454 4135 sentire.
3501 4083 3567 4136 Et
3611 4080 3837 4135 nuncin

2206 4166 2416 4221 eadem
2452 4180 2759 4233 sum,quaa
2789 4180 2895 4219 nec
2919 4162 3022 4219 tibi
3053 4164 3230 4221 debet
3259 4167 3596 4239 displicere,
3628 4174 3838 4224 senten-

2207 4254 2289 4311 tia
2316 4272 2333 4325 ;
2366 4252 2522 4309 unde
2546 4259 2597 4307 te
2628 4268 2818 4325 nuper
2847 4252 3135 4309 admonui
3174 4256 3319 4310 utin
3349 4256 3444 4312 his
3466 4274 3603 4330 quae
3630 4274 3664 4315 a
3684 4255 3838 4313 nobis

2204 4341 2509 4398 elaborata
2534 4340 2696 4412 apud
2720 4345 2771 4395 te
2785 4339 2953 4411 legis,
2970 4342 3143 4411 signa
3167 4340 3348 4398 facias
3374 4345 3450 4400 ad
3483 4361 3557 4402 ea
3576 4346 3705 4403 loca
3719 4358 3835 4417 quae

2204 4436 2258 4487 te
2288 4435 2622 4495 movent,et
2646 4445 2785 4484 cum
2814 4430 2906 4485 his
2921 4430 2996 4486 ad
3031 4447 3125 4486 me
3156 4433 3382 4498 venias,
3417 4439 3475 4489 et
3506 4435 3581 4490 de
3606 4434 3835 4504 singulis

2200 4519 2739 4592 queramNondum
2752 4536 2886 4591 qum
2902 4520 3089 4575 fecisti
3101 4520 3379 4578 exhortor
3393 4523 3834 4580 utfacias.Rectc

2200 4610 2427 4681 quippe
2484 4608 2993 4675 verecundareris,
3025 4624 3095 4664 ac
3132 4617 3182 4665 te
3222 4612 3450 4681 pigeret
3480 4614 3541 4667 id
3576 4629 3765 4684 agere,
3794 4611 3832 4665 si

2199 4698 2292 4753 vel
2320 4697 2502 4752 semel
2534 4696 2849 4765 voluisses,
2880 4705 2934 4752 et
2960 4714 3053 4752 me
3080 4698 3383 4755 difﬁcilem
3408 4702 3751 4773 reperisses.
3775 4699 3830 4753 ll-

2195 4784 2300 4841 lud
2329 4786 2875 4859 quoquedixeram,
2899 4803 3085 4843 cuma
3105 4794 3155 4842 te
3169 4789 3479 4846 audissem
3495 4792 3661 4863 quod
3687 4804 3833 4846 men-

2194 4876 2533 4931 dosissimis
2561 4874 2891 4945 fatigareris
2917 4876 3241 4943 codicibus,
3273 4878 3407 4934 utin
3440 4881 3658 4936 nostris
3685 4880 3830 4950 lege—

2193 4981 2307 5029 res,
2338 4981 2491 5037 quos
2518 4964 2956 5021 emendatiores
2987 4981 3196 5037 posses
3228 4968 3456 5023 caeteris
3486 4970 3765 5025 invenire.

2185 5130 2204 5163 ι
2253 5160 2267 5191 ί
2302 5158 2386 5207 Sic
2407 5158 2611 5226 _l\ls._bt.
2647 5171 2658 5216 ;
2690 5170 2751 5226 ac
2780 5159 2941 5222 paulo
2978 5163 3118 5226 post
3150 5160 3325 5218 habet,
3352 5162 3682 5213 simulatione
3706 5163 3828 5226 frus-

2190 5227 2376 5273 tretur.
2405 5221 2604 5284 [Quia..
2626 5263 2635 5273 _
2656 5262 2667 5273 ,
2700 5221 3017 5284 frustretur}.

2250 5287 2267 5317 ³
2293 5284 2693 5349 Mss._ognitt_um
2726 5288 2798 5349 ut.
2823 5284 3050 5348 Moxque
3062 5284 3153 5334 Ms.
3178 5286 3252 5335 bt.
3281 5285 3440 5336 habet
3468 5302 3480 5335 :
3506 5286 3826 5349 Quasieujus-

2187 5346 2306 5394 dam
2327 5344 2645 5394 idololatria
2668 5348 2877 5395 crimen.

2248 5410 2288 5480 ﬁ
2310 5408 2495 5480 Mutila
2521 5409 2784 5480 reperitur
2808 5409 2869 5480 in.
2909 5409 3159 5480 plurimis
3190 5411 3407 5480 M_ss._et
3436 5413 3491 5480 _in
3528 5412 3665 5480 Edd_.
3707 5414 3817 5480 A_m.

2186 5469 2316 5581 ξαὲἰ
2446 5471 2563 5520 Non
2580 5469 2801 5535 integra,
2820 5469 2930 5521 nisi
2955 5474 3010 5522 in
3037 5473 3109 5523 bt.
3133 5488 3180 5527 r.
3206 5474 3291 5528 sb.
3323 5474 3589 5528 duobust.
3625 5474 3823 5523 duobus

2224 5570 2235 5581 .
2416 5548 2463 5581 v.

2186 5546 2493 5708 :Eséokiis:
2506 5597 3004 5708 ξξίὲὲιῶῖηῗιιιθω
3036 5599 3124 5647 120
3157 5604 3291 5657 erat,
3325 5613 3468 5651 nunc
3491 5600 3609 5650 140.
3629 5599 3823 5663 Scripta

2179 5663 2343 5723 paulo
2369 5663 2493 5723 post
2510 5663 2863 5723 superiorem.
