4074 6164
518 135 625 192 455

516 260 663 317 lium
683 260 857 317 unius
874 255 1572 332 ejusdemque,Spiritum
1586 270 1724 311 vero
1738 259 2012 311 sanctum
2026 256 2168 311 alte-

516 350 640 405 rius
670 367 804 405 esse
830 346 1201 411 substantiae,
1230 361 1349 401 non
1382 346 1516 400 ideo
1554 344 1699 416 quia
1745 344 1895 400 ratio
1925 348 2032 412 est,
2061 343 2163 399 sed

517 440 661 511 quia
690 438 836 494 falsa
850 437 997 492 ratio
1010 442 1117 500 est,
1137 434 1411 490 cavenda
1432 439 1518 491 est
1544 433 1899 490 detestanda
1911 432 2166 489 dicenda

518 536 623 585 est.
664 530 808 583 Nam
840 528 885 581 si
916 526 1065 582 ratio
1109 542 1251 582 vera
1280 531 1450 591 esset,
1486 541 1604 580 non
1652 525 1854 596 utique
1884 528 2161 580 errasset.

516 617 889 687 Quapropter
905 614 1056 671 sicut
1078 631 1199 671 non
1222 615 1357 670 ideo
1378 614 1816 670 debesomnem
1836 613 2018 667 vitare
2046 627 2166 667 ser-

511 720 775 770 monem,
808 705 951 777 quia
976 712 1065 759 est
1089 709 1143 759 et
1203 718 1398 759 sermo
1446 702 1630 759 falsus
1666 719 1680 769 ;
1714 702 1796 757 ita
1826 717 1944 757 non
1978 700 2163 757 debes

507 809 751 849 omnem
769 792 953 848 vitare
978 792 1439 864 rationem.quia
1456 797 1610 848 estet
1629 790 1779 847 falsa
1797 791 2093 846 ratio.Hoc
2107 794 2163 846 et

510 885 586 938 de
616 883 1399 955 sapimtiadixerimNeque
1416 881 1574 937 enim
1596 886 1908 953 propterea
1929 880 2162 951 sapien-

511 972 592 1027 tia
614 971 1123 1044 vitanda,est,quia
1137 976 1223 1026 est
1239 975 1292 1026 et
1310 970 1462 1025 falsa
1483 968 1895 1042 sapientia,cui
1919 968 2162 1024 stultitia

510 1064 600 1117 est
625 1060 890 1116 Christus
936 1059 1276 1125 cruciﬁxus,
1322 1060 1425 1131 qui
1457 1064 1548 1114 est
1574 1058 1672 1114 Dei
1715 1059 1927 1124 Virtus,
1959 1062 2016 1112 et
2058 1056 2160 1113 Dei

512 1148 841 1222 Sapientia:
866 1154 919 1204 et
938 1149 1071 1205 ideo
1102 1165 1206 1221 per
1221 1148 1378 1204 hanc
1397 1148 1704 1204 stultitiam
1720 1147 2160 1219 praedicationis

509 1240 729 1311 placuit
764 1238 879 1295 Deo
892 1239 1089 1294 salvos
1114 1238 1305 1293 facere
1323 1238 1628 1293 credentes
1652 1253 1667 1305 ;
1691 1236 1981 1309 quoniam
1993 1235 2161 1308 quod

506 1327 748 1383 stultum
791 1332 845 1382 et
870 1326 991 1393 Dei,
1018 1326 1346 1398 sapientius
1372 1334 1461 1382 est
1489 1325 1855 1381 hominibus.
1884 1327 2001 1381 Hoc
2030 1324 2160 1396 qui-

503 1416 767 1473 busdam
790 1414 1286 1488 philosophorum
1318 1421 1373 1471 et
1415 1421 1742 1480 oratorum,
1793 1430 1913 1470 non
1957 1429 2158 1470 veram

501 1506 798 1569 viam,sed
826 1504 1204 1560 verisimilem
1232 1504 1616 1569 sectantibus,
1658 1508 1715 1559 et
1740 1504 1797 1558 in
1829 1519 1899 1557 ea
1929 1502 2159 1575 seipsos

506 1594 777 1666 aliosque
800 1592 1160 1657 fallentibus,
1183 1593 1519 1664 persuaderi
1536 1608 1655 1647 non
1670 1590 1894 1664 potuit;
1914 1590 2159 1663 quibus-

509 1684 651 1740 dam
666 1698 804 1737 vero
818 1698 1019 1738 eorum
1036 1681 1549 1753 potuit.thuibus
1564 1683 1973 1753 potuit,neque
1989 1696 2165 1736 scan-

510 1773 717 1830 dalum
740 1778 827 1827 est
855 1770 1119 1827 Christus
1132 1770 1476 1836 cruciﬁxus,
1493 1786 1687 1842 neque
1706 1768 1985 1834 stultitia;
2016 1768 2072 1823 in
2088 1767 2157 1824 iis

506 1861 664 1917 enim
683 1859 1065 1931 sunt.quibus
1082 1857 1953 1925 vocatisJudaaisetGrmcis,Dei
1967 1857 2158 1913 Virtus

506 1955 591 2007 est
622 1955 676 2005 et
696 1950 788 2005 Dei
807 1949 1128 2020 Sapientia.
1156 1950 1217 2002 ln
1244 1964 1366 2020 qua
1385 1948 1500 2012 via,
1520 1947 1578 2003 id
1592 1951 1683 2005 est
1701 1946 1944 2016 incujus
1966 1945 2158 2002 Chris-

507 2039 547 2095 ti
569 2038 831 2094 crucifixi
865 2037 1004 2101 ﬁde,
1037 2038 1137 2109 qui
1166 2038 1294 2108 ejus
1326 2036 1737 2092 rectitudinem
1772 2051 1874 2107 per
1898 2035 1994 2091 Dei
2026 2050 2158 2105 gra-

507 2128 651 2185 tiam
703 2126 1212 2197 comprehendere
1271 2128 1611 2196 potuerunt,
1666 2124 1775 2179 etsi
1814 2124 2157 2196 philosophi

508 2216 786 2289 appellati
804 2219 963 2280 sunt,
982 2214 1106 2269 sive
1123 2221 1409 2280 oratores,
1435 2212 1700 2285 profecto
1729 2212 1940 2268 humili
1971 2213 2156 2285 pieta-

505 2310 561 2362 te
592 2304 849 2362 confessi
882 2311 1038 2365 sunt,
1073 2304 1371 2373 sibilonge
1394 2302 1774 2358 excellentius
1796 2303 1854 2358 in
1872 2318 1943 2357 ea
1974 2302 2155 2357 fuisse

504 2396 759 2468 prmvios
784 2395 1262 2466 piscatores,uon
1278 2392 1470 2448 solum
1498 2390 1777 2446 credendi
1806 2390 2154 2447 ﬁrmissimo

504 2485 741 2549 robore,
796 2498 1003 2537 verum
1053 2484 1226 2536 etiam
1270 2480 1632 2549 intelligendi
1673 2480 1999 2535 certissima
2062 2496 2155 2536 ve-

502 2574 676 2628 ritate
744 2574 787 2628 ¹.
828 2572 973 2625 Cum
1031 2569 1191 2625 enim
1249 2568 1613 2635 didicissent,
1660 2568 1738 2623 ad
1794 2568 1909 2624 hoc
1969 2568 2156 2625 electa

504 2661 679 2718 stulta
706 2676 834 2715 esse
858 2658 1067 2714 mundi
1104 2663 1160 2714 et
1184 2657 1446 2721 inﬁrma,
1480 2662 1539 2712 ut
1571 2655 1739 2713 fortia
1774 2663 1830 2713 et
1864 2657 2155 2729 sapientia

504 2749 1012 2805 confunderentur
1028 2747 1071 2819 (Ι
1089 2746 1224 2802 Cor.
1247 2748 1500 2815 i,2l-29),
1526 2763 1707 2818 seque
1729 2747 2154 2817 cognovissent

502 2838 784 2895 fallaciter
810 2842 1116 2909 sapere,et
1135 2835 1503 2892 imbecilliter
1526 2835 1850 2907 praevalere
1880 2852 1893 2902 ;
1918 2835 2150 2891 confusi

501 2928 837 2993 salubriter,
862 2928 1000 2982 facti
1028 2931 1165 2982 sunt
1200 2925 1357 2981 stulti
1376 2930 1433 2980 et
1463 2924 1883 2997 inﬁrmi,utper
1904 2925 2147 2982 stultum

499 3024 555 3072 et
584 3017 888 3072 inﬁrmum
921 3017 1037 3081 Dei,
1062 3015 1227 3088 quod
1259 3014 1587 3086 sapientius
1618 3019 1674 3069 et
1695 3013 1903 3070 fortius
1933 3019 2019 3069 est
2044 3015 2149 3070 ho-

498 3106 787 3168 minibus,
824 3106 975 3160 inter
1001 3104 1186 3160 electa
1205 3103 1383 3159 stulta
1407 3110 1462 3159 et
1482 3102 1722 3159 inﬁrma
1752 3102 1960 3159 tierent
1987 3119 2149 3159 vera-

498 3196 642 3252 citer
671 3195 969 3266 sapientes
983 3201 1037 3248 et
1066 3192 1385 3248 efﬁcaciter
1411 3191 1610 3247 fortes.

568 3285 795 3340 CAPUT
819 3284 881 3337 Il.
916 3284 1047 3336 —7.
1081 3281 1182 3337 Cui
1214 3286 1412 3337 autem
1444 3281 1552 3335 nisi
1585 3280 1906 3336 verissimae
1931 3281 2145 3337 rationi

492 3372 684 3428 ﬁdelis
716 3372 903 3443 pietas
933 3370 1249 3434 erubescit,
1278 3368 1691 3441 utquamdam
1718 3368 2143 3438 idololatriam,

494 3476 680 3532 quam
716 3461 774 3515 iu
807 3460 982 3514 corde
1007 3463 1212 3513 nostro
1242 3473 1314 3512 ex
1360 3455 1793 3512 consuetudine
1819 3457 2142 3514 visibilium

493 3548 847 3604 constituere
860 3553 1109 3603 conatur
1121 3547 1403 3602 humanae
1419 3546 1793 3616 cogitationis
1806 3545 2139 3612 inﬁrmitas,

495 3654 614 3693 non
640 3636 982 3692 dubitemus
1002 3641 1263 3692 evertere
1285 3654 1300 3704 ;
1322 3651 1430 3691 nec
1452 3636 1784 3691 audeamus
1810 3635 2048 3692 credere
2065 3637 2142 3694 ita

492 3742 623 3783 esse
647 3727 1005 3792 Trinitatem,
1038 3741 1219 3798 quam
1253 3724 1611 3781 invisibilem
1641 3729 1698 3779 et
1723 3724 2139 3796 incorpoream

489 3822 669 3888 atque
708 3814 1259 3871 incommutabilem
1302 3813 1573 3877 colimus,
1605 3814 1779 3885 quasi
1816 3818 1928 3868 tres
1954 3829 2140 3886 quas-

489 3905 631 3961 dam
652 3905 919 3959 viventes
937 3903 1587 3971 moles,licetmaximas
1610 3908 1665 3957 et
1684 3902 2137 3973 pulcherrimas,

488 4011 737 4049 suorum
754 4000 949 4049 tamen
968 3992 1175 4064 spatiis
1187 3992 1446 4063 propriis
1460 3993 1825 4061 terminatas,
1840 3996 1895 4047 et
1908 3992 2141 4049 sibimet

486 4082 544 4138 in
560 4083 682 4137 suis
704 4082 849 4136 locis
868 4084 1150 4150 contigua
1168 4081 1608 4152 propinquitate
1623 4081 2137 4147 cohmrentes,sive

483 4186 607 4226 una
633 4186 839 4226 earum
865 4169 1007 4225 sitin
1042 4170 1239 4224 medio
1258 4169 1600 4237 constituta,
1626 4172 1688 4223 ut
1708 4184 1862 4241 quas
1896 4169 2137 4227 dirimat

484 4259 595 4316 sibi
626 4258 995 4315 exlateribus
1021 4257 1671 4330 singulisjunctas,sive
1689 4258 1747 4313 in
1771 4258 2021 4315 modum
2042 4260 2137 4315 tri-

482 4350 786 4421 gouiquas
816 4355 1061 4404 caeteras
1096 4361 1473 4420 unaquaeque
1503 4346 1829 4416 contingat,
1878 4353 1940 4404 ut
1972 4348 2135 4405 nulla

480 4439 560 4494 ab
590 4438 790 4511 aliqua
820 4442 1165 4509 separetur;
1193 4451 1522 4508 earumque
1536 4436 2033 4493 triumtantarum
2064 4454 2134 4494 ac

481 4529 690 4583 talium
724 4526 1289 4600 personarum,licet
1320 4528 1377 4580 in
1402 4525 1614 4595 grandi
1643 4525 1837 4592 valde,
1875 4527 2133 4583 molibus

480 4623 677 4672 tamen
702 4634 738 4672 a
754 4632 994 4671 summo
1015 4617 1205 4671 etimo
1225 4620 1285 4670 et
1305 4615 1774 4686 circumquaque
1794 4617 2135 4672 terminata-

479 4721 636 4770 rum,
668 4722 847 4761 unum
866 4720 993 4760 esse
1010 4704 1380 4759 divinitatem
1407 4703 1669 4775 aliquam
1698 4708 1994 4776 quartam,
2023 4721 2132 4761 nec

481 4795 655 4850 talem
690 4794 887 4865 qualis
938 4797 1026 4848 est
1046 4793 1249 4864 aliqua
1288 4797 1309 4829 ³
1335 4808 1406 4847 ex
1441 4792 1575 4859 illis,
1608 4792 1711 4847 sed
1742 4808 2128 4849 communem

475 4884 1057 4955 omnibustanquam
1088 4881 1655 4949 numen’omnium,
1689 4881 1818 4937 etin
1846 4883 2129 4939 omnibus

478 4980 533 5031 et
560 4976 617 5030 in
652 4973 902 5043 singulis
926 4976 1133 5035 totum,
1169 4987 1274 5042 per
1300 4987 1487 5042 quam
1536 4987 1721 5025 unum
1754 4970 2129 5029 divinitatem

473 5066 707 5120 dicatur
735 5063 948 5119 eadem
1000 5060 1250 5116 Trinitas
1289 5076 1442 5115 unus
1475 5061 1630 5115 Deus
1674 5076 1687 5125 ;
1729 5062 1981 5133 ejusque
2016 5067 2128 5116 tres

475 5168 765 5225 personas
814 5168 1113 5224 nusquam
1144 5166 1272 5205 esse
1304 5150 1417 5203 nisi
1474 5150 1533 5203 in
1563 5148 1746 5212 coelis,
1798 5148 1957 5204 illam
1984 5166 2127 5207 vero

475 5243 844 5299 divinitatem
862 5257 1163 5313 nusquam
1189 5255 1310 5295 non
1336 5255 1484 5305 esse,
1506 5238 1611 5293 sed
1633 5238 1854 5310 ubique
1874 5254 2127 5309 praesen-

536 5401 550 5432 ¹
581 5402 679 5448 Ms.
713 5400 783 5447 bt.
812 5414 823 5447 :
877 5399 1132 5449 Credendt
1161 5399 1447 5461 ﬁrmissimi
1495 5397 1699 5454 robore,
1759 5413 1937 5448 verum
1969 5403 2125 5454 etiam

475 5461 799 5523 intelligendi
826 5464 1159 5511 certissimam
1187 5462 1467 5510 veritatem.

535 5523 933 5593 ’Sic'lechum
959 5525 1053 5573 Ms.
1095 5526 1165 5574 bt.
1202 5524 1264 5593 Et
1284 5525 1444 5588 paulo
1474 5523 1629 5579 infra,
1663 5524 1866 5593 ejusque
1884 5530 1986 5578 tres
2009 5544 2124 5593 per-

535 5539 647 5573 ‘blc
678 5539 779 5584 leg.
811 5539 933 5572 cum
960 5539 1053 5573 ms.
1095 5539 1165 5574 οι.
1202 5539 1264 5574 nt
1284 5539 1444 5588 paulo
1474 5539 1629 5579 intra,
1663 5539 1686 5571 e

469 5600 624 5650 longe
644 5584 834 5648 [qualis
860 5592 927 5634 est
955 5601 1142 5650 νηγα-..η
1166 5589 1273 5650 ejus
1313 5592 1414 5636 tres
1437 5539 1705 5650 personui

529 5648 910 5705 ‘Lov.,unum.
934 5649 1006 5697 At
1025 5648 1154 5703 Mss.
1190 5648 1391 5708 habent
1418 5648 1519 5709 tiic,
1559 5648 1772 5702 num—en.

1796 128 1859 184 S.
1900 126 2285 186 AUGUSTINI
2326 128 2645 186 EPlSCOPI

3785 140 3875 198 456

2279 259 2398 311 tem
2432 273 2446 308 :
2472 271 2542 311 ac
2564 271 2667 327 per
2678 254 2794 311 hoc
2819 259 2974 313 recte
2994 255 3242 329 quidem
3263 255 3396 324 dici,
3411 257 3589 315 Deum
3608 264 3660 317 et
3677 261 3730 319 in
3749 265 3875 325 coelo

2271 360 2399 401 esse
2440 349 2497 401 et
2550 345 2609 401 in
2645 350 2818 408 terra,
2872 350 3116 417 propter
3158 345 3320 403 illam
3385 346 3732 406 divinitatem
3763 370 3876 426 qua:

2271 433 2495 505 ubique
2523 434 2631 489 sit‘
2672 434 2979 507 tribusque
2999 434 3338 491 communis
3369 452 3382 502 ;
3409 451 3524 493 non
3541 444 3722 495 autem
3749 448 3879 499 recte

2269 521 2408 589 dici,
2443 523 2675 579 Patrem
2707 539 2836 579 esse
2872 525 2929 580 in
2960 528 3118 579 terra
3151 525 3241 580 vel
3282 524 3483 581 Filium
3515 526 3599 581 vel
3634 528 3879 599 Spiritum

2268 617 2567 682 sanctum,
2594 628 2732 669 cum
2753 612 2893 668 huic
2913 613 3174 668 Trinitati
3204 612 3378 669 sedes
3407 630 3525 670 non
3552 617 3656 670 nisi
3679 616 3733 671 in
3753 618 3879 675 coelo

2270 701 2367 756 sit.
2404 705 2579 757 Istam
2604 701 2686 773 (α)
2734 702 3108 772 cogitationis
3149 701 3406 758 carnalis
3432 705 3881 775 compositionem

2270 805 2616 863 vanumque
2658 790 3014 861 ﬁgmentum
3071 791 3170 847 ubi
3222 807 3358 848 vera
3388 791 3536 848 ratio
3564 792 3882 852 labefactare

2266 877 2491 950 incipit,
2524 880 2810 936 continuo
2836 878 2936 935 illo
2960 880 3122 935 intus
3141 879 3464 951 adjuvante
3492 887 3662 954 atque
3689 882 3879 940 illumi-

2266 972 2468 1034 nante,
2504 968 2605 1040 qui
2659 983 2797 1024 cum
2834 968 3049 1025 talibus
3079 969 3256 1025 idolis
3323 968 3385 1027 in
3420 971 3596 1027 corde
3648 976 3829 1029 nostro
3863 978 3879 1009 ³

2265 1056 2541 1113 habitare
2579 1074 2699 1114 non
2747 1059 2869 1115 vult
2893 1058 2973 1114 ita
3002 1059 3116 1115 ista
3158 1059 3499 1130 conﬁngere
3528 1066 3696 1133 atque
3724 1078 3756 1117 a
3784 1062 3880 1119 ﬁde

2266 1151 2475 1204 nostra
2499 1147 2957 1220 quodammodo
3007 1153 3281 1205 excutere
3336 1147 3698 1220 festinamus,
3737 1156 3877 1207 utne

2266 1235 2571 1307 pulverem
2599 1236 2847 1309 quidem
2881 1236 3287 1295 ullumtalium
3302 1238 3774 1309 phantasmatum
3786 1239 3880 1296 illic

2264 1340 2577 1381 remanere
2602 1326 2928 1397 patiamur.

2336 1416 2387 1468 8.
2418 1413 2827 1479 Quamobrem
2851 1414 2965 1470 nisi
2988 1413 3281 1470 rationem
3310 1414 3747 1487 disputationis,
3776 1432 3879 1488 qua

2266 1500 2593 1559 forinsecus
2615 1502 2931 1571 admoniti,
2948 1503 3077 1574 ipsa
3094 1503 3447 1559 intrinsecus
3468 1504 3880 1561 veritatelucen-

2266 1596 2339 1655 te,
2373 1591 2499 1648 haec
2525 1591 2675 1649 falsa
2706 1608 2834 1647 esse
2864 1592 3280 1664 perspicimus,
3310 1592 3460 1649 ﬁdes
3487 1594 3547 1649 in
3571 1593 3738 1649 corde
3766 1609 3882 1650 nos-

2267 1684 2355 1736 tro
2386 1680 2977 1753 antecessisset,quaa
3016 1697 3127 1737 nos
3161 1682 3679 1752 indueretpietate,
3712 1699 3881 1740 nonne

2262 1769 2567 1826 incassum
2603 1786 2741 1843 qua:
2772 1786 2913 1827 vera
2944 1776 3083 1826 sunt
3116 1771 3468 1828 audiremus
3516 1772 3543 1828 Ἰ
3564 1778 3642 1828 Ac
3670 1788 3767 1843 per
3791 1773 3883 1828 hoc

2262 1858 2553 1930 quoniam
2568 1859 2626 1914 id
2643 1858 2809 1931 quod
2830 1858 2907 1915 ad
2932 1875 3065 1915 eam
3087 1859 3422 1930 pertinebat
3448 1859 3597 1916 ﬁdes
3615 1860 3744 1930 egit,
3768 1860 3880 1917 ideo

2265 1948 2645 2019 subsequens
2696 1948 2843 2004 ratio
2883 1947 3114 2021 aliquid
3147 1964 3352 2005 eorum
3412 1964 3548 2021 quas
3582 1949 3883 2022 inquirebat

2260 2036 2509 2095 invenit.
2532 2037 2930 2109 Falsaaitaque
2953 2036 3188 2104 rationi,
3215 2053 3336 2093 non
3352 2037 3551 2093 solum
3583 2039 3725 2095 ratio
3748 2055 3880 2107 vera,

2261 2141 2385 2197 qua
2414 2125 2474 2181 id
2497 2126 2660 2198 quod
2694 2127 2993 2181 credimus
3033 2126 3443 2196 intelligimus,
3479 2143 3678 2184 verum
3730 2128 3881 2184 etiam

2200 2214 2205 2219 ’
2261 2214 2409 2270 ﬁdes
2434 2215 2778 2288 ipsarerum
2809 2214 3077 2272 nondum
3112 2215 3540 2273 intellectarum
3563 2217 3684 2272 sine
3731 2215 3884 2275 dubio

2261 2303 2627 2375 praeferenda
2658 2309 2772 2364 est.
2795 2303 2993 2360 Melius
3024 2310 3110 2359 est
3149 2305 3307 2359 enim
3333 2305 3619 2377 quamvis
3646 2304 3883 2361 nondum

2260 2392 2471 2458 visum,
2510 2393 2747 2447 credere
2776 2392 2941 2465 quod
2974 2409 3180 2455 verum
3213 2398 3329 2459 est,
3382 2409 3572 2467 quam
3621 2400 3810 2465 putare
3842 2406 3884 2449 te

2268 2497 2471 2536 verum
2501 2481 2697 2538 videre
2714 2482 2878 2553 quod
2911 2481 3131 2537 falsum
3149 2486 3255 2538 est.
3291 2483 3742 2556 Habetnamque
3761 2484 3885 2538 ﬁdes

2264 2570 2469 2627 oculos
2500 2586 2660 2638 suos,
2700 2571 2921 2642 quibus
2972 2570 3432 2644 quodammodo
3492 2571 3645 2628 videt
3700 2588 3878 2628 verum

2264 2659 2576 2730 essequod
2608 2659 2878 2716 nondum
2907 2659 3085 2725 videt,
3116 2666 3173 2716 et
3211 2660 3448 2733 quibus
3477 2660 3792 2717 certissime
3820 2660 3884 2715 vi-

2263 2746 2379 2812 det,
2406 2748 2674 2803 nondum
2708 2765 2769 2803 se
2800 2749 3000 2804 videre
3028 2749 3194 2821 quod
3244 2748 3455 2805 credit.
3484 2754 3656 2806 Porro
3714 2756 3884 2806 autem

2260 2837 2366 2907 qui
2409 2852 2546 2892 vera
2575 2837 2807 2893 ratione
2828 2838 2955 2908 jam
2986 2838 3154 2909 quod
3185 2839 3609 2896 tantummodo
3640 2839 3885 2896 credebat

2258 2923 2549 2993 intelligit,
2607 2924 2870 2996 profecto
2910 2925 3357 2997 praaponendus
3398 2933 3492 2983 est
3542 2928 3593 2983 ei
3621 2927 3717 3000 qui
3744 2928 3881 2999 cupit

2256 3012 2456 3069 adhuc
2487 3013 2811 3085 intelligere
2833 3013 2998 3087 quod
3028 3015 3214 3071 credit
3247 3031 3262 3082 ;
3290 3015 3337 3070 si
3363 3022 3568 3072 autem
3599 3032 3703 3074 nec
3726 3016 3882 3088 cupit,

2256 3105 2314 3157 et
2339 3117 2410 3157 ea
2430 3119 2564 3174 quas
2582 3101 3136 3173 intelligendasunt,
3169 3103 3475 3160 credenda
3503 3104 3884 3161 tantummodo

2254 3189 2572 3258 existimat,
2606 3190 2699 3246 cui
2746 3191 2829 3246 rei
2861 3191 3008 3247 ﬁdes
3050 3192 3236 3263 prosit
3294 3193 3535 3261 ignorat
3588 3211 3600 3250 :
3634 3211 3764 3250 nam
3800 3192 3885 3266 pia

2254 3276 2401 3334 ﬁdes
2440 3280 2565 3334 sine
2595 3296 2700 3351 spe
2731 3284 2787 3336 et
2815 3282 2942 3336 sine
2987 3280 3270 3338 charitate
3300 3298 3431 3337 esse
3482 3299 3603 3339 non
3634 3284 3764 3339 vult.
3804 3281 3883 3338 Sic

2252 3368 2431 3439 igitur
2472 3368 2657 3424 homo
2709 3368 2897 3425 ﬁdelis
2945 3369 3122 3426 debet
3177 3371 3419 3427 credere
3445 3372 3611 3445 quod
3644 3371 3880 3428 nondum

2253 3455 2427 3521 videt,
2451 3461 2512 3513 ut
2542 3458 2833 3513 visionem
2855 3464 2911 3514 et
2936 3467 3131 3531 speret
3152 3464 3210 3515 et
3230 3466 3413 3518 amet.

2322 3548 2373 3599 9.
2392 3548 2455 3600 Et
2479 3546 2797 3602 visibilium
2817 3546 3063 3620 quidem
3084 3564 3281 3604 rerum
3310 3549 3881 3620 prteteritarum,quaa

2252 3634 2655 3705 tcmporaliter
2695 3636 3072 3702 transierunt,
3119 3636 3247 3693 sola
3276 3636 3427 3693 ﬁdes
3486 3644 3589 3703 est,
3624 3637 3881 3711 quoniam

2252 3738 2370 3778 non
2402 3723 2601 3779 adhuc
2625 3723 2881 3781 videnda
2908 3731 3246 3796 sperantur,
3268 3726 3377 3782 sed
3393 3726 3557 3784 facta
3573 3734 3629 3784 et
3655 3734 3883 3783 transac-

2252 3814 2311 3867 ta
2337 3812 2659 3869 creduntur
2691 3832 2704 3883 ;
2738 3812 2888 3869 sicut
2909 3819 2999 3869 est
3021 3813 3189 3881 illud,
3231 3815 3397 3887 quod
3427 3816 3691 3873 Christus
3717 3813 3877 3872 semel

2249 3916 2358 3972 pro
2388 3903 2645 3973 peccatis
2676 3903 2893 3957 nostris
2920 3910 3195 3959 mortuus
3217 3910 3304 3961 est
3334 3910 3393 3960 et
3420 3907 3756 3974 resurrexit,
3786 3920 3874 3959 nec

2243 3989 2372 4061 jam
2389 3992 2717 4059 moritur,et
2745 4007 2903 4048 mors
2917 3992 2970 4048 ei
2999 3992 3149 4048 ultra
3162 4008 3285 4049 non
3298 3993 3880 4067 dominabitur(Rom.

2246 4095 2323 4144 vx,
2368 4081 2419 4147 9,
2456 4080 2558 4152 t0).
2592 4082 2673 4136 Ea
2720 4096 2858 4137 vero
2888 4097 3021 4153 qua:
3062 4082 3335 4138 nondum
3386 4090 3548 4152 sunt,
3581 4085 3682 4139 sed
3708 4084 3881 4139 futura

2247 4173 2403 4236 sunt,
2433 4170 2585 4225 sicut
2612 4176 2957 4225 nostrorum
3010 4170 3413 4243 spiritualium
3444 4188 3759 4245 corporum
3802 4186 3877 4227 re-

2248 4258 2554 4324 surrectio,
2591 4256 2669 4314 ita
2697 4259 3023 4314 creduntur
3070 4265 3131 4316 ut
3160 4261 3337 4316 etiam
3371 4262 3631 4319 videnda
3668 4274 3878 4333 speren-

2246 4350 2338 4402 tur
2372 4365 2385 4415 ;
2416 4348 2521 4404 sed
2550 4347 2784 4404 ostendi
2815 4348 2998 4405 modo
3042 4349 3204 4405 nullo
3248 4358 3510 4422 possunt
3549 4351 3875 4418 modo.Quai

2243 4451 2383 4491 vero
2424 4436 2505 4493 ita
2544 4441 2681 4493 sunt
2714 4442 2776 4492 ut
2821 4453 3012 4509 neque
3043 4442 3416 4510 praetereant,
3468 4456 3663 4513 neque
3706 4440 3876 4496 futura

2242 4524 2376 4590 sint,
2413 4524 2518 4580 sed
2557 4531 2778 4583 mterna
2808 4533 3222 4597 permaneant,
3266 4531 3485 4599 partim
3514 4533 3654 4584 sunt
3690 4525 3874 4584 invisi-

2244 4610 2403 4679 bilia,
2434 4613 2588 4668 sicut
2607 4613 2857 4684 justitia,
2884 4612 3038 4669 sicut
3069 4616 3366 4685 sapientia
3409 4632 3422 4682 ;
3450 4619 3665 4688 partim
3700 4615 3872 4671 visibi-

2238 4698 2337 4765 lia,
2368 4703 2518 4759 sicut
2558 4701 2770 4760 Christi
2797 4702 3134 4760 immortale
3156 4704 3285 4775 jam
3331 4721 3546 4778 corpus
3574 4724 3587 4762 :
3613 4708 3711 4763 sed
3744 4704 3873 4761 invi-

2240 4788 2437 4847 sibilia
2475 4791 2769 4848 intellecta
2790 4792 3256 4864 conspiciuntur,
3281 4811 3350 4850 ac
3401 4810 3506 4866 per
3536 4796 3647 4852 hoc
3690 4801 3740 4851 et
3758 4795 3872 4866 ipsa

2242 4880 2421 4935 modo
2460 4880 2727 4952 quodam
2755 4880 2866 4937 sibi
2896 4897 3163 4952 congruo
3211 4883 3484 4940 videntur
3511 4902 3525 4951 ;
3551 4891 3607 4941 et
3653 4899 3782 4940 cum
3807 4880 3871 4935 vi-

2238 4968 2471 5039 dentur,
2503 4970 2690 5025 multo
2709 4972 2960 5027 certiora
2977 4977 3116 5028 sunt
3143 4988 3331 5044 quam
3363 4989 3433 5029 ea
3466 4990 3600 5046 quae
3627 4971 3869 5044 corporis

2238 5073 2451 5114 sensus
2478 5059 2731 5129 attingit,
2767 5060 2872 5114 sed
2890 5058 3028 5116 ideo
3060 5060 3341 5116 dicuntur
3370 5062 3705 5131 invisibilia,
3738 5059 3865 5131 quia

2236 5147 2424 5203 oculis
2458 5148 2588 5203 istis
2614 5148 2966 5203 mortalibus
2990 5148 3173 5205 videri
3197 5151 3445 5207 omnino
3463 5167 3583 5206 non
3611 5152 3860 5223 possunt.

2236 5238 2307 5291 At
2335 5236 2429 5293 illa
2466 5253 2602 5310 quae
2637 5237 2893 5293 visibilia
2922 5245 3061 5293 sunt
3092 5240 3520 5310 permanentia,
3548 5242 3804 5310 possunt,
3827 5234 3868 5288 si

2234 5327 2647 5392 ostendantur,
2680 5328 2861 5382 etiam
2900 5326 2992 5382 his
3026 5329 3378 5384 mortalibus
3429 5328 3617 5385 oculis
3647 5323 3868 5397 conspi-

2294 5470 2309 5502 ¹
2340 5468 2422 5533 _Sic
2448 5469 2570 5518 Mss.
2597 5467 2691 5525 bt.,
2714 5471 2785 5533 et
2806 5470 2996 5533 melius
3031 5468 3160 5533 [est].

2294 5531 2416 5645 :Sic
2451 5545 2645 5605 povem
2674 5532 2798 5582 Mss.
2818 5530 3093 5645 8[cordibiis
3122 5530 3355 5607 uostris].
3428 5597 3437 5607 ι
3486 5595 3495 5605 .
3669 5608 3678 5619 .
3835 5589 3842 5599 ,

2317 5596 2368 5645 al
2387 5594 2528 5645 Alias
2558 5595 2785 5645 epistola
2850 5597 2877 5644 5
2905 5634 2917 5645 .
2939 5596 3008 5645 ab
3038 5595 3137 5645 hoc
3160 5597 3321 5645 verbo
3338 5593 3630 5645 incipiebat
3668 5631 3680 5645 .
3701 5593 3842 5645 «Cos!

2296 5594 2528 5667 (a)_Alias
2558 5595 2785 5658 epistola
2818 5593 2877 5645 85
2905 5596 3008 5654 ;ab
3038 5595 3137 5647 hoc
3160 5593 3630 5661 verbo'incipiebat
3668 5593 3867 5656 :sCOgi-

2233 5673 2263 5706 ‹
2295 5659 2508 5709 tationis
2549 5678 2566 5700 -
2607 5661 2711 5708 etc.
