4074 6164
132 119 213 176 457
1266 89 1770 150 EPISTOLARUM
1808 94 2096 154 CLASSIS
2139 100 2209 158 II.

128 242 198 302 ci;
221 237 346 292 sicut
387 245 444 285 se
475 222 774 295 Discipulis
801 225 936 294 post
977 220 1474 276 resurrectionem
1508 219 1702 274 Domi-

124 345 209 386 nus
227 320 453 380 ostendit
489 314 713 386 (Matth.
736 327 934 379 xxvm,
968 311 1159 366 Marc.
1201 326 1320 376 xvr,
1367 312 1505 366 Luc.
1536 324 1699 371 xxrv,

124 417 318 474 etJoan.
334 426 419 470 xx,
438 405 572 477 χχι),
596 403 744 458 sicut
759 401 934 456 etiam
952 399 1510 470 postascensionem
1528 414 1705 468 apos-

120 505 214 563 tolo
235 498 390 556 Paulo
409 497 559 567 (Act.
585 509 660 557 ix,
687 496 737 556 3,
765 491 842 560 li),
867 494 923 544 et
942 489 1243 557 Stephano
1273 489 1530 544 diacono
1555 488 1702 558 (Act.

3359 105 3465 160 458

1807 221 2098 292 sapientia
2119 226 2350 295 dicitur,
2382 228 2940 299 quantumcumque
2965 225 3095 297 ejus
3126 243 3230 298 per
3257 245 3466 300 specu—

1807 308 1933 366 lum
1958 317 2014 366 et
2036 313 2092 369 in
2116 315 2434 386 aenigmate
2464 330 2675 386 capere
2701 330 3046 384 possumus,
3072 311 3301 387 oportet
3330 335 3464 375 eam

1811 402 1867 452 et
1895 399 1973 456 ab
2003 404 2281 459 omnibus
2311 403 2682 476 corporibus,
2716 408 2772 458 et
2819 402 2896 458 ab
2950 403 3232 460 omnibus
3265 423 3442 479 corpo

1809 501 1943 544 rum
1971 488 2457 548 similitudinibus
2495 507 2899 547 secernamus.

121 611 193 655 vn,
211 611 306 655 oo).

176 593 502 734 {ﬁrmae
540 673 650 727 ista
677 668 935 724 visibilia
971 667 1382 739 permanentia
1414 667 1496 722 ita
1522 664 1706 721 credi-

123 786 243 836 mus,
281 770 336 820 ut
362 763 579 820 etiamsi
610 775 725 815 non
756 759 1258 822 demonstrentur,
1292 771 1600 826 speremus
1642 768 1710 809 ea

121 875 204 914 nos
226 853 564 928 quandoque
598 850 831 904 visuros
867 863 879 912 ;
912 862 1019 901 nec
1054 862 1124 901 ea
1153 860 1442 901 conemur
1482 844 1712 899 ratione

122 947 190 1002 vel
209 943 474 1000 intellectu
502 938 1025 1010 comprehendere,
1050 934 1161 990 nisi
1190 938 1254 989 ut
1278 950 1367 999 ea,
1396 933 1543 1006 quia
1573 933 1715 988 visi-

122 1035 234 1091 bilia
258 1036 399 1098 sunt,
438 1031 512 1086 ab
544 1026 944 1082 invisibilibus
975 1023 1309 1079 distinctius
1341 1023 1670 1093 cogitemus
1700 1037 1711 1076 :

121 1131 163 1179 et
193 1139 308 1178 cum
347 1117 697 1189 cogitatione
727 1115 931 1186 qualia
957 1113 1073 1168 sint
1118 1112 1541 1182 imaginamur,
1575 1111 1717 1167 satis

124 1214 285 1282 utique
317 1209 585 1264 novimus
628 1223 697 1260 ea
745 1203 919 1259 nobis
951 1207 1092 1258 nota
1121 1217 1242 1259 non
1273 1216 1424 1256 esse.
1471 1205 1620 1257 Nam
1665 1203 1720 1255 et

122 1298 438 1356 Antiochiam
473 1296 668 1365 cogito
698 1292 1084 1361 incognitam,
1115 1291 1219 1346 sed
1251 1305 1372 1346 non
1404 1291 1553 1347 sicut
1581 1291 1721 1345 Car-

121 1389 379 1458 thaginem
411 1385 729 1455 cognitam.
764 1381 930 1437 [llam
959 1381 1184 1452 quippe
1222 1380 1518 1436 visionem
1559 1378 1721 1450 cogi-

120 1478 232 1533 tatio
271 1492 393 1530 mea
419 1474 608 1544 ﬁngit,
642 1473 796 1527 hanc
824 1470 1025 1526 recolit
1055 1488 1068 1537 ;
1101 1485 1489 1542 nequaquam
1518 1475 1719 1525 tamen

120 1566 301 1635 dubito,
333 1566 445 1618 sive
468 1563 632 1636 quod
657 1562 728 1617 de
750 1561 848 1616 illa
879 1559 1128 1615 testibus
1153 1559 1372 1624 multis,
1401 1560 1524 1614 sive
1556 1557 1721 1631 quod

118 1654 171 1709 de
201 1655 294 1708 ista
323 1654 467 1708 meis
497 1651 844 1723 aspectibus
873 1647 1116 1704 credidi.
1153 1647 1450 1703 Justitiam
1484 1664 1624 1704 vero
1665 1652 1723 1702 et

118 1742 423 1813 sapientiam
463 1747 520 1796 et
561 1737 854 1812 quidquid
898 1737 1196 1808 ejusmodi
1237 1743 1344 1803 est,
1387 1753 1505 1793 non
1557 1737 1724 1793 aliter

117 1832 484 1902 imaginamur,
510 1828 677 1885 aliter
704 1833 1095 1896 contuemur;
1122 1825 1226 1880 sed
1255 1826 1382 1880 haec
1400 1826 1725 1883 invisibilia

119 1920 326 1990 simplici
349 1920 566 1974 mentis
588 1923 764 1989 atque
792 1916 1037 1971 rationis
1070 1916 1394 1971 intentione
1431 1915 1726 1972 intellecta

118 2008 491 2080 conspicimus,
517 2006 640 2060 sine
666 2005 799 2060 ullis
835 2005 1042 2059 formis
1072 2010 1126 2058 et
1153 2004 1414 2059 molibus
1446 2021 1726 2077 corpora-

119 2097 257 2166 libus,
271 2098 387 2151 sine
403 2096 540 2150 ullis
555 2095 931 2150 lineamentis
945 2093 1270 2165 ﬁgurisque
1295 2093 1725 2160 membrorum,

120 2187 213 2240 sine
238 2186 358 2240 ullis
392 2185 526 2240 loca
551 2184 705 2237 libus
738 2183 862 2237 sive
890 2181 1068 2236 ﬁnitis
1100 2184 1116 2216 ¹
1139 2183 1261 2237 sive
1293 2183 1501 2254 spatiis
1528 2183 1731 2238 inﬁni-

119 2275 186 2327 tis.
211 2279 525 2346 lpsumque
547 2273 770 2331 lumen.
791 2286 914 2342 quo
936 2275 1150 2325 cuncta
1171 2270 1282 2326 ista
1307 2270 1729 2331 discernimus.

119 2361 161 2414 in
187 2377 290 2432 quo
316 2361 488 2416 nobis
513 2361 659 2415 satis
685 2363 933 2431 apparet
961 2359 1105 2430 quid
1127 2359 1442 2414 credamus
1469 2360 1734 2431 incogni-

119 2451 233 2516 tum,
253 2449 389 2522 quid
415 2465 488 2506 co
514 2452 745 2519 gnitum
774 2454 1106 2513 teneamus,
1127 2464 1313 2520 quam
1336 2450 1589 2506 formam
1613 2467 1738 2506 cor-

119 2540 249 2607 poris
300 2539 708 2605 recordemur,
765 2553 948 2609 quam
1002 2538 1358 2606 cogitatione
1411 2539 1734 2610 tingamus,

118 2627 230 2698 quid
260 2629 528 2700 corporis
549 2643 760 2682 sensus
779 2626 1048 2698 attingat,
1064 2627 1209 2698 quid
1233 2627 1593 2697 imaginatur
1613 2630 1740 2684 ani-

118 2732 224 2770 mus
243 2717 424 2772 simile
452 2717 707 2788 corpori,
733 2715 882 2787 quid
907 2719 1132 2771 certum
1152 2721 1207 2771 et
1233 2717 1506 2773 omnium
1526 2733 1738 2789 corpo-

118 2819 221 2858 rum
243 2804 706 2860 dissimillimum
735 2804 1119 2873 intelligentia
1136 2805 1596 2877 contempletur:
1626 2807 1738 2861 hoc

119 2908 229 2962 ergo
248 2893 441 2950 lumen
458 2893 565 2948 ubi
581 2894 707 2948 heec
719 2898 934 2948 cuncta
947 2892 1498 2962 dijudicantur,non
1513 2896 1735 2967 utique,

121 2981 344 3053 sicuthuj
358 3000 422 3038 us
436 2982 584 3037 solis
607 2982 964 3054 etcujusque
979 2984 1247 3053 corporei
1265 2983 1505 3038 luminis
1525 2984 1736 3055 fulgor,

121 3085 200 3139 per
225 3071 424 3126 localia
447 3072 646 3143 spatia
667 3072 1137 3143 circumquaque
1177 3071 1546 3139 diffunditur,
1582 3089 1743 3129 men-

121 3162 322 3232 temque
364 3166 639 3216 nostram
688 3159 860 3232 quasi
895 3159 1113 3214 visibili
1158 3161 1418 3216 candore
1467 3161 1740 3229 illustrat,

121 3249 200 3303 sed
216 3248 1061 3314 invisibiliteretineﬁ‘abiliter,
1081 3255 1134 3305 et
1152 3253 1352 3306 tamen
1366 3250 1746 3321 intelligibili-

123 3341 188 3391 ter
208 3339 364 3397 lucet.
387 3346 634 3410 tamque
657 3337 831 3394 nobis
857 3342 1081 3393 certum
1107 3343 1211 3405 est,
1236 3355 1417 3410 quam
1443 3341 1615 3396 nobis
1632 3341 1748 3396 effi-

121 3427 180 3480 cit
200 3433 345 3484 certa
359 3445 498 3502 quas
522 3427 856 3482 secundum
873 3427 1071 3498 ipsum
1096 3434 1310 3484 cuncta
1323 3430 1747 3501 conspicimus.

179 3517 254 3571 it.
280 3517 426 3573 Cum
463 3517 641 3587 igitur
667 3517 776 3572 tria
797 3517 912 3571 sint
941 3533 1136 3572 rerum
1161 3533 1373 3587 genera
1389 3536 1524 3592 quas
1550 3521 1752 3576 viden-

126 3610 230 3671 tur;
259 3623 439 3663 unum
478 3605 903 3676 corporalium,
946 3606 1096 3660 sicut
1124 3607 1238 3661 hoc
1283 3609 1498 3664 coelum
1545 3616 1596 3666 et
1625 3611 1753 3666 haec

126 3700 270 3758 terra,
299 3705 352 3750 et
380 3694 684 3768 quidquid
710 3695 768 3749 in
796 3696 878 3749 eis
900 3709 1221 3765 corporeus
1253 3712 1467 3752 sensus
1495 3701 1680 3754 cernit
1700 3707 1755 3756 et

127 3784 322 3852 tangit;
357 3785 617 3839 alterum
652 3783 841 3838 simile
870 3783 1302 3854 corporalibus,
1337 3786 1483 3840 sicut
1515 3792 1656 3842 sunt
1684 3804 1754 3845 ea

126 3886 237 3940 quae
271 3873 485 3944 spiritu
519 3872 780 3940 cogitata
819 3871 1240 3941 imaginamur,
1288 3875 1409 3929 sive
1447 3877 1756 3934 recordata

104 3959 199 4014 .vel
225 3961 398 4018 oblita
431 3964 454 3996 ²
502 3961 672 4033 quasi
705 3976 956 4032 corpora
1001 3965 1376 4026 contuemur,
1429 3965 1586 4019 unde
1620 3972 1758 4022 sunt

126 4050 277 4107 etiam
309 4053 577 4107 visiones
613 4065 748 4122 quae
778 4050 870 4105 vel
915 4050 973 4105 in
1016 4052 1265 4117 somnis,
1311 4053 1404 4109 vel
1439 4053 1501 4108 in
1556 4055 1757 4128 aliquo

128 4141 314 4196 mentis
345 4156 624 4205 excessu,
657 4139 748 4194 his
777 4139 950 4211 quasi
998 4139 1283 4195 localibus
1324 4145 1760 4215 quantitatibus

128 4225 457 4296 ingeruntur
487 4245 500 4295 ;
541 4228 774 4284 tertium
822 4227 898 4283 ab
937 4233 1188 4300 utroque
1218 4229 1562 4298 discretum,
1597 4236 1763 4307 quod

128 4332 296 4390 neque
326 4322 402 4376 sit
434 4335 674 4391 corpus,
717 4333 910 4390 neque
951 4317 1133 4373 ullam
1180 4319 1395 4377 habeat
1426 4323 1764 4380 similitudi-

127 4420 243 4461 nem
274 4409 561 4481 corporis,
597 4408 747 4462 sicut
774 4412 860 4462 est
878 4407 1190 4478 sapientia,
1218 4425 1353 4482 qua:
1383 4420 1577 4469 mente
1604 4414 1768 4470 intel-

126 4493 260 4551 lecta
289 4498 677 4568 conspicitur,
706 4502 761 4551 et
788 4497 846 4550 in
880 4497 1053 4568 cujus
1094 4497 1224 4552 luce
1254 4500 1328 4554 de
1361 4501 1451 4555 liis
1482 4505 1766 4559 omnibus

127 4587 396 4641 veraciter
418 4585 723 4656 judicatur
749 4604 760 4643 :
792 4586 851 4640 in
872 4601 994 4656 quo
1022 4585 1270 4642 istorum
1289 4604 1503 4657 genere
1527 4594 1772 4648 creden-

127 4672 256 4728 dum
289 4681 378 4730 est
408 4691 538 4730 esse
578 4677 754 4730 istam
784 4689 973 4746 quam
1005 4690 1179 4730 nosse
1207 4677 1501 4747 volumus,
1527 4681 1773 4738 Trinita-

131 4763 234 4816 tem
259 4762 287 4816 ?
314 4763 580 4820 Profecto
608 4767 708 4818 aut
736 4763 795 4817 in
826 4763 1047 4835 aliquo,
1081 4768 1183 4820 aut
1206 4764 1263 4820 in
1289 4766 1470 4823 nullo.
1504 4769 1560 4824 Si
1588 4770 1645 4825 in
1676 4770 1776 4826 ali-

129 4865 254 4920 quo,
287 4868 359 4908 eo
395 4852 596 4924 utique
626 4852 791 4924 quod
823 4858 907 4906 est
940 4852 1068 4906 aliis
1100 4852 1338 4909 duobus
1369 4861 1774 4930 praestantius,

1885 578 1970 633 12.
2007 580 2062 635 Si
2091 586 2292 637 autem
2335 582 2396 637 in
2449 581 2610 636 nullo
2654 581 2902 636 istorum
2949 597 3165 650 genere
3198 585 3471 655 putanda

1815 669 1908 720 est
1932 667 2044 723 ista
2062 670 2333 738 Trinitas,
2366 674 2421 725 et
2452 670 2533 725 sic
2564 673 2654 725 est
2683 668 3013 734 invisibilis,
3040 674 3100 724 ut
3131 687 3239 727 nec
3272 679 3471 730 mente

1815 754 2090 812 videatur
2124 775 2136 824 ;
2172 759 2356 815 multo
2399 758 2595 814 minus
2624 752 2698 813 de
2729 756 2827 812 illa
2855 757 3201 828 hujusmodi
3245 763 3476 833 opinio-

1819 859 1958 900 nem
1987 845 2208 904 habere
2239 848 2555 915 debemus,
2588 852 2650 903 ut
2689 861 2824 902 eam
2853 847 3035 902 rebus
3063 851 3475 918 corporalibus

1821 933 1910 989 vel
1940 937 2344 1008 corporalium
2392 953 2592 992 rerum
2635 935 3004 1004 imaginibus
3055 936 3309 994 similem
3343 957 3474 996 esse
3522 987 3528 994 .

1821 1023 2158 1080 credamus.
2191 1029 2317 1081 Non
2358 1027 2516 1081 enim
2558 1040 2810 1096 corpora
2840 1024 3275 1095 pulchritudine
3301 1029 3478 1085 molis

1823 1117 1926 1167 aut
1969 1114 2383 1183 magnitudine
2431 1119 2687 1186 superat,
2744 1113 2849 1168 sed
2881 1113 3359 1173 dissimilitudine
3409 1134 3481 1174 ac

1823 1200 2208 1274 disparilitate
2229 1209 2456 1260 natura:
2490 1220 2502 1258 :
2531 1207 2586 1258 et
2613 1203 2658 1256 si
2695 1201 2952 1258 discreta
2980 1209 3069 1259 est
3099 1221 3134 1260 a
3164 1222 3480 1278 compara-

1823 1289 1982 1346 tione
2005 1292 2302 1348 bonorum
2329 1292 2511 1348 animi
2543 1292 2745 1357 nostri,
2775 1292 2979 1362 qualia
3005 1299 3142 1349 sunt
3171 1297 3481 1366 sapientia,

1819 1379 2067 1451 justitia,
2093 1381 2374 1447 charitas,
2401 1381 2660 1446 castitas,
2691 1385 2747 1435 et
2773 1385 2982 1436 castera
3005 1382 3165 1450 talia,
3191 1400 3326 1456 quas
3356 1403 3487 1457 pro-

1830 1469 1977 1525 fecto
1995 1470 2146 1526 mole
2164 1469 2427 1542 corporis
2449 1485 2569 1525 non
2595 1469 2928 1541 pendimus,
2955 1486 3061 1526 nec
3079 1488 3286 1529 eorum
3309 1476 3487 1546 quasi

1829 1575 2149 1631 corporeas
2203 1560 2428 1615 formas
2477 1558 2830 1628 cogitatione
2863 1559 3217 1628 ﬁguramus,
3263 1563 3366 1618 sed
3417 1581 3489 1620 ea

1828 1648 2076 1719 quando
2103 1654 2258 1705 recte
2284 1647 2691 1717 intelligimus,
2723 1647 2848 1702 sine
2888 1647 3092 1720 aliqua
3123 1652 3492 1724 corpulentia

1829 1737 1922 1793 vel
1946 1737 2328 1793 similitudine
2357 1736 2742 1808 corpulentise
2777 1737 2834 1791 in
2861 1735 2991 1792 luce
3031 1740 3249 1795 mentis
3280 1743 3493 1813 aspici-

1833 1840 2006 1892 mus;
2039 1833 2265 1897 quanto
2295 1831 2381 1882 est
2425 1824 2501 1881 ab
2532 1826 2804 1881 omnium
2837 1826 3190 1897 qualitatum
3219 1835 3275 1884 et
3303 1846 3493 1901 quan-

1831 1916 2066 1972 titatum
2088 1915 2491 1987 corporalium
2520 1915 2970 1985 comparatione
2997 1916 3345 1973 discretior?
3366 1923 3494 1975 Non

1833 2020 1967 2060 eam
2001 2011 2202 2060 tamen
2241 2021 2276 2060 a
2301 2007 2505 2059 nostro
2551 2002 2848 2058 intellectu
2879 2005 3128 2060 omnino
3170 2007 3493 2063 abhorrere

1835 2093 2154 2165 Apostolus
2203 2093 2365 2149 testis
2413 2097 2518 2159 est,
2571 2091 2674 2146 ubi
2721 2092 2798 2146 ait
2839 2109 2850 2146 :
2902 2093 3232 2151 Invisibilia
3278 2098 3430 2153 enim
3460 2114 3493 2152 a

1837 2181 2245 2239 constitutione
2272 2181 2502 2246 mundi,
2530 2195 2641 2248 per
2671 2194 2739 2235 ea
2779 2195 2912 2251 qua
2935 2181 3107 2248 facta
3137 2191 3275 2239 sunt
3322 2185 3493 2241 intel-

1841 2272 1993 2327 lecta
2023 2270 2473 2338 conspiciuntur
2501 2292 2521 2340 ,-
2550 2271 2906 2338 sempiterna
2939 2286 3167 2341 quoque
3209 2275 3336 2342 ejus
3375 2276 3498 2331 vir-

1843 2367 1935 2416 tus
1956 2375 2026 2416 ac
2047 2359 2330 2416 divinitas
2357 2359 2545 2430 (Rom.
2571 2375 2603 2424 ι,
2636 2358 2744 2429 20).
2768 2360 2847 2413 Ac
2873 2374 2978 2430 per
3003 2360 3115 2415 hoc
3131 2377 3267 2416 cum
3285 2363 3499 2420 eadem

1846 2449 2093 2504 Trinitas
2121 2447 2322 2503 fecerit
2355 2451 2409 2503 et
2443 2463 2661 2519 corpus
2693 2452 2749 2502 et
2781 2448 3072 2516 animam,
3103 2449 3228 2506 sine
3254 2452 3500 2510 dubita-

1847 2538 2006 2594 tione
2037 2541 2124 2592 est
2167 2542 2420 2607 utroque
2451 2535 2850 2607 praestantior.
2884 2537 3098 2594 Anima
3129 2538 3330 2612 itaque
3359 2558 3505 2598 con-

1847 2627 2128 2693 siderata,
2157 2625 2414 2681 maxime
2434 2625 2703 2681 humana
2725 2631 2779 2680 et
2800 2627 3108 2683 rationalis
3136 2635 3315 2701 atque
3339 2630 3505 2687 intel-

1847 2715 2138 2781 lectualis,
2167 2731 2304 2786 quas
2336 2715 2412 2770 ad
2443 2714 2572 2785 ejus
2601 2715 2924 2784 imaginem
2949 2715 3107 2772 facta
3137 2723 3240 2780 est,
3271 2720 3319 2774 si
3347 2721 3506 2790 cogi-

1847 2805 2100 2860 tationes
2134 2809 2368 2859 nostras
2399 2808 2454 2858 et
2491 2802 2908 2872 intelligentias
2940 2821 3060 2860 non
3105 2807 3360 2874 evicerit,
3396 2810 3504 2865 sed

1850 2893 1978 2965 ejus
2003 2892 2161 2964 quod
2193 2891 2368 2948 habet
2397 2893 2789 2963 prmeipuum,
2814 2893 2872 2946 id
2897 2899 2982 2948 est
3012 2895 3208 2965 ipsam
3243 2903 3501 2954 mentem

1852 2988 2030 3053 atque
2060 2981 2503 3051 intelligentiam
2536 2986 2731 3035 mente
2776 2987 2954 3051 atque
2985 2983 3370 3054 intelligentia
3398 3003 3502 3057 po-

1852 3072 2140 3126 tuerimus
2172 3069 2638 3141 apprehendere,
2674 3084 2793 3123 non
2827 3069 2935 3124 erit
2968 3070 3238 3127 fortassis
3289 3075 3503 3131 absur-

1853 3159 2020 3223 dum,
2052 3165 2114 3213 ut
2144 3175 2278 3213 eam
2309 3159 2385 3214 ad
2435 3174 2610 3212 suum
2649 3173 2893 3230 quoque
2933 3158 3268 3217 Creatorem
3297 3164 3503 3220 intelli-

1854 3248 2138 3321 gendum,
2182 3246 2314 3318 ipso
2367 3246 2691 3317 adjuvante
2723 3248 3078 3305 meditemur
3129 3251 3409 3309 attollere.
3447 3254 3504 3312 Si

1857 3340 2059 3393 autem
2105 3337 2164 3391 in
2221 3336 2424 3406 seipsa
2464 3335 2679 3407 deﬁcit,
2723 3336 2957 3410 sibique
3001 3342 3356 3407 succumbit,
3405 3345 3508 3416 pia

1859 3426 1976 3481 ﬁde
2008 3429 2284 3480 contenta
2311 3424 2382 3479 sit
2407 3425 2699 3496 quamdiu
2723 3427 3134 3497 peregrinatur
3166 3447 3198 3485 a
3233 3431 3508 3498 Domino,

1860 3515 2051 3569 donec
2073 3512 2174 3568 ﬁat
2203 3513 2259 3567 in
2283 3513 2526 3568 homine
2545 3514 2708 3585 quod
2738 3515 3103 3585 promissum
3130 3524 3239 3584 est,
3266 3519 3516 3579 faciente

1862 3603 1956 3658 illo
1984 3603 2087 3673 qui
2108 3609 2313 3671 potens
2343 3605 2445 3668 est,
2466 3602 2715 3658 sicutait
2738 3604 3078 3672 Apostolus,
3108 3608 3314 3676 facere
3335 3627 3517 3680 supra

1862 3707 2040 3763 quam
2063 3690 2315 3760 petimus
2343 3699 2446 3747 aut
2477 3691 2864 3760 intelligimus
2893 3694 3071 3762 (Eph.
3106 3712 3184 3766 ιιι,
3220 3698 3310 3768 20)
3342 3701 3443 3769 (a).

1934 3779 2162 3833 CAPUT
2186 3780 2273 3832 lIl.
2303 3810 2366 3818 —
2398 3780 2484 3835 13.
2513 3782 2654 3843 Quae
2682 3795 2819 3834 cum
2848 3781 2927 3835 ita
2954 3781 3090 3847 siut,
3120 3783 3356 3840 interim
3384 3787 3521 3843 volo

1867 3872 1930 3923 ut
1957 3867 2120 3939 legas
2152 3883 2223 3923 ea
2252 3883 2389 3939 quae
2417 3867 2495 3922 ad
2526 3867 2700 3922 istam
2731 3871 3126 3939 quaestionem
3171 3873 3525 3943 pertinentia

1860 3959 1990 4028 jam
2023 3956 2209 4012 multa
2239 3955 2739 4027 conscripsimus;
2763 3956 2860 4012 illa
2890 3957 3070 4013 etiam
3094 3975 3225 4031 quae
3247 3961 3306 4016 in
3339 3965 3528 4018 mani-

1869 4045 1982 4100 bus
2015 4045 2333 4108 habemus,
2367 4049 2421 4099 et
2442 4051 2680 4117 prOpter
2712 4046 3187 4116 magnitudinem
3220 4054 3340 4106 tam
3367 4052 3530 4108 diffi—

1870 4133 1995 4190 cilis
2016 4133 2376 4204 quaestionis,
2400 4134 2668 4189 nondum
2688 4150 3008 4206 possumus
3020 4138 3337 4208 explicare.
3364 4144 3530 4197 Nunc

1873 4240 2014 4279 vero
2041 4228 2170 4278 tene
2196 4222 2556 4280 inconcussa
2586 4223 2724 4289 tide,
2759 4227 2990 4280 Patrem
3013 4234 3067 4282 et
3101 4229 3303 4285 Filium
3334 4239 3385 4286 et
3408 4233 3532 4302 Spi-

1876 4314 2052 4368 ritum
2086 4318 2360 4367 sanctum
2414 4328 2546 4368 esse
2594 4313 2957 4380 Trinitatem,
3007 4321 3056 4371 et
3097 4320 3297 4372 tamen
3346 4336 3533 4374 unum

1879 4403 2064 4457 Deum
2114 4417 2126 4466 ;
2170 4417 2290 4456 non
2348 4400 2512 4472 quod
2574 4401 2645 4454 sit
2703 4417 2906 4456 eorum
2969 4407 3308 4461 communis
3364 4409 3537 4479 quasi

1880 4497 2097 4562 quarta
2144 4489 2446 4551 divinitas,
2480 4489 2584 4543 sed
2623 4490 2786 4560 quod
2831 4491 2902 4545 sit
2943 4491 3072 4561 ipsa
3111 4493 3485 4551 ineﬁabiliter
3517 4499 3532 4533 ¹

1885 4578 2301 4649 inseparabilis
2339 4578 2608 4643 Trinitas,
2647 4581 2996 4650 Patremque
3030 4581 3224 4637 solum
3259 4585 3541 4652 genuisse

1886 4667 2114 4730 Filium,
2162 4666 2494 4737 Filiumque
2536 4665 2729 4721 solum
2779 4683 2813 4722 a
2844 4671 3008 4723 Patre
3049 4670 3335 4738 genitum,
3370 4676 3550 4745 Spiri-

1889 4763 2011 4812 tum
2054 4771 2194 4810 vero
2225 4760 2496 4810 sanctum
2526 4760 2580 4810 et
2611 4755 2795 4810 Patris
2828 4763 2882 4811 et
2916 4757 3040 4813 Filii
3071 4776 3204 4815 esse
3239 4763 3549 4832 Spiritum.

1889 4849 1956 4900 Et
1985 4843 2279 4916 quidquid
2321 4843 2441 4907 tibi,
2476 4860 2614 4899 cum
2642 4846 2751 4900 ista
2781 4847 3032 4915 cogitas,
3063 4864 3361 4920 corporeae
3385 4851 3549 4906 simi-

1890 4933 2157 4990 litudinis
2186 4934 2522 4998 occurrerit,
2556 4934 2728 5004 abige
2773 4937 2815 5004 ’,
2851 4935 3070 5002 abnue,
3105 4953 3276 5009 nega,
3311 4955 3549 5009 respue,

132 4939 266 4996 sicut
294 4947 384 4996 est
411 4941 705 5013 sapientia
752 4957 764 5007 ;
797 4943 962 5012 quod
995 4941 1041 4996 si
1073 4941 1300 4998 donum
1334 4945 1464 5016 ejus
1516 4948 1573 5002 in
1603 4949 1779 5004 nobis

132 5032 339 5094 est,et'
373 5030 573 5085 minus
601 5035 686 5085 est
714 5045 901 5101 quam
926 5029 1023 5085 illa
1045 5046 1284 5087 summa
1308 5041 1363 5088 et
1389 5034 1784 5094 incommuta-

134 5117 256 5172 bilis
268 5135 407 5191 quae
432 5120 528 5175 Dei
555 5119 858 5190 Sapientia
877 5119 1259 5191 dicitur,puto
1271 5125 1432 5193 quod
1457 5141 1576 5180 non
1596 5128 1748 5184 debe
1767 5163 1784 5175 -

135 5223 256 5262 mus
287 5207 453 5264 dono
485 5223 593 5264 suo
623 5207 869 5262 inferius
901 5209 1158 5278 cogitare
1198 5210 1518 5269 donantem
1552 5233 1564 5271 :
1598 5217 1643 5271 si
1678 5235 1781 5274 au-

137 5302 244 5352 tem
276 5299 494 5369 aliquis
523 5297 804 5370 splendor
829 5297 957 5368 ejus
984 5298 1038 5352 in
1069 5299 1241 5355 nobis
1273 5309 1379 5367 est,
1409 5320 1544 5377 quas
1579 5314 1788 5365 nostra

1893 5025 2103 5094 abjice,
2135 5023 2293 5092 fuge.
2331 5025 2455 5077 Non
2483 5023 2640 5076 enim
2672 5039 2859 5093 parva
2890 5031 2976 5079 est
3009 5025 3311 5081 inchoatio
3344 5028 3555 5096 cogni-

1895 5112 2074 5168 tionis
2109 5112 2227 5178 Dei,
2275 5111 2327 5165 si
2378 5117 2698 5184 antequam
2736 5114 3036 5182 possimus
3067 5129 3240 5169 nosse
3272 5115 3416 5186 quid
3456 5120 3528 5173 sit

1897 5301 2066 5351 quam,
2097 5289 2195 5334 etc.
2235 5285 2298 5333 At
2344 5297 2482 5333 unus
2523 5297 2549 5333 e
2600 5283 2799 5339 Vatic.,
2847 5286 2901 5334 in
2948 5287 3092 5335 nobis
3128 5303 3232 5336 non
3292 5291 3460 5342 minus
3491 5301 3561 5345 est

1897 5354 2209 5459 un'S'icegs.
2245 5409 2337 5465 bt.,
2373 5408 2530 5518 longe
2563 5409 2753 5456 melius
2787 5409 3125 5474 [ine/rabilis].

1961 5475 1979 5502 ³
2009 5473 2064 5518 Ιιι
2096 5472 2219 5518 Mss.
2253 5471 2400 5518 deest
2432 5486 2462 5517 a
2502 5472 2594 5518 iac.

1961 5475 1979 5502 ³
2009 5473 2064 5520 In
2096 5472 2219 5520 Mss.
2253 5471 2400 5519 deest
2432 5471 2594 5532 abige.

1962 5538 2034 5596 (ιι)
2060 5533 2184 5592 Qum
2211 5537 2510 5596 sequuntur
2541 5545 2714 5594 usque
2746 5532 2813 5580 ad
2846 5533 2956 5582 haec
2988 5535 3164 5591 verba,
3199 5555 3222 5583 α
3258 5540 3434 5590 Restat
3466 5544 3560 5593 ita-

1901 5595 2026 5664 que,
2063 5615 2087 5643 n
2119 5600 2240 5655 etc.,
2267 5595 2321 5645 ιι.
2355 5598 2431 5653 17,
2464 5595 2684 5645 deerant
2717 5595 2770 5643 in
2793 5596 3020 5658 epistola
3049 5613 3169 5661 qua:
3189 5601 3319 5651 olim
3343 5604 3443 5654 fuit
3474 5607 3557 5655 85'.

193 5461 206 5490 ¹
243 5459 329 5508 Sic
363 5459 453 5508 Ms.
485 5459 554 5509 bt.
583 5458 828 5522 [ﬁnibus].

197 5523 216 5553 ³
242 5522 392 5571 Lov..
419 5523 615 5571 oblata.
649 5523 714 5570 At
734 5522 877 5571 Mss.
916 5521 1039 5570 obiit

199 5535 216 5553 ⁸
242 5535 392 5578 μον..
419 5535 615 5571 oetam.
649 5535 714 5570 At
734 5535 877 5576 mea,
916 5535 1091 5572 ooma.

195 5589 213 5616 ³
244 5585 375 5633 Mss.
405 5586 602 5649 aliquot
635 5600 645 5632 :
676 5584 820 5642 Quod
841 5585 885 5631 si
910 5586 1099 5634 donum
1135 5589 1239 5649 ejus
1262 5590 1315 5638 in
1346 5592 1489 5642 nobis
1519 5595 1688 5645 minus
1719 5603 1788 5648 est

441 5699 684 5754 ΡΑτιιοι..
715 5697 963 5753 XXXIII.

2975 5714 3224 5785 (Quinze
3241 5722 3286 5787 .)
