4074 6158
515 72 622 129 459

515 198 879 269 incipiamus
928 200 1057 269 jam
1102 213 1280 253 nosse
1323 199 1467 271 quid
1516 216 1638 256 non
1672 202 1765 258 sit.
1811 203 2176 258 Intellectum

518 303 661 343 vero
700 287 878 344 valde
910 301 1050 341 ama
1082 303 1094 352 ;
1130 285 1275 356 quia
1305 291 1362 342 et
1398 288 1541 358 ipste
1588 290 1904 361 Scripturas
1937 299 2175 357 sanctae,

517 393 652 449 quas
681 391 1039 444 magnarum
1062 390 1260 430 rerum
1282 380 1418 432 ante
1446 378 1894 448 intelligentiam
1924 382 2181 436 suadent

515 467 719 529 ﬁdem,
755 465 864 518 nisi
897 479 998 517 eas
1032 469 1186 519 recte
1217 465 1536 534 intelligas,
1573 469 1734 523 utiles
1767 469 1869 524 tibi
1896 486 2028 524 esse
2056 485 2176 524 non

517 559 787 625 possunt.
823 554 1042 607 Omnes
1071 555 1230 608 enim
1260 555 1540 624 haeretici,
1568 558 1672 628 qui
1699 575 1799 612 eas
1832 559 1889 612 in
1923 561 2180 614 auctori-

515 647 629 698 tate
651 643 963 711 recipiunt,
987 641 1150 712 ipsas
1180 643 1295 697 sibi
1319 644 1596 701 videntur
1621 647 1851 712 sectari,
1882 664 2018 703 cum
2038 664 2178 703 suos

514 731 713 806 potius
745 735 1043 785 sectentur
1068 747 1298 786 errores
1330 748 1343 798 ;
1376 748 1445 788 ac
1467 749 1568 805 per
1595 734 1710 791 hoc
1744 752 1864 791 non
1884 737 2048 808 quod
2079 753 2177 793 eas

511 828 920 886 contemnant,
964 820 1069 876 sed
1096 823 1259 893 quod
1305 837 1406 878 eas
1454 840 1572 880 non
1607 826 1960 896 intelligant,
1994 828 2177 882 haere-

513 911 608 968 tici
635 916 792 965 sunt.

583 1009 669 1062 14.
703 1010 785 1063 Tu
815 1011 1036 1074 autem,
1069 1007 1438 1074 charissime,
1472 1025 1579 1065 ora
1594 1010 1821 1067 fortiter
1851 1020 1907 1068 et
1932 1013 2178 1069 fideliter

512 1102 578 1154 ut
607 1099 705 1152 det
735 1096 837 1151 tibi
870 1096 1160 1150 Dominus
1193 1097 1574 1163 intellectum,
1611 1115 1681 1155 ac
1710 1101 1794 1155 sic
1833 1118 1903 1157 ea
1934 1119 2063 1173 quas
2092 1103 2177 1159 fo-

511 1188 776 1246 rinsecus
808 1183 1050 1239 adhibet
1081 1184 1390 1255 diligentia
1419 1189 1798 1259 praeceptoris
1827 1191 1947 1246 sive
1978 1191 2179 1247 docto-

509 1278 610 1357 ris,
646 1275 875 1346 possint
920 1289 1052 1328 esse
1110 1273 1414 1330 fructuosa
1457 1292 1470 1342 ;
1521 1279 1810 1348 quoniam
1861 1295 2048 1351 neque
2076 1283 2180 1351 qui

506 1368 754 1436 plantat
782 1369 863 1419 est
894 1363 1151 1434 aliquid,
1188 1379 1377 1435 neque
1401 1366 1505 1435 qui
1525 1367 1710 1436 rigat,
1734 1369 1836 1424 sed
1859 1368 1962 1438 qui
1989 1369 2180 1426 incre-

508 1461 769 1512 mentum
793 1453 896 1508 dat
924 1454 1075 1508 Deus
1107 1452 1148 1522 (Ι
1181 1454 1314 1508 Cor.
1349 1469 1429 1518 Ill,
1458 1455 1518 1525 7)
1546 1472 1559 1509 :
1585 1457 1972 1529 cuidicimus,
1996 1460 2180 1515 Pater

510 1552 709 1602 noster
738 1542 842 1613 qui
876 1557 932 1597 es
955 1544 1018 1596 in
1051 1542 1212 1597 caelis
1238 1543 1479 1611 (Matth.
1520 1561 1601 1609 v1,
1635 1547 1689 1617 9)
1720 1567 1731 1610 ;
1765 1562 1886 1602 non
1919 1548 2062 1618 quia
2093 1548 2177 1607 ibi

509 1640 614 1705 est,
657 1637 715 1688 et
738 1632 833 1686 hic
859 1646 980 1686 non
1013 1636 1118 1695 est,
1161 1632 1263 1700 qui
1305 1634 1620 1702 praesentia
1651 1634 2009 1706 incorporea
2043 1637 2177 1692 ubi-

510 1739 626 1795 que
648 1727 733 1777 est
761 1726 938 1784 totus,
971 1719 1074 1773 sed
1101 1720 1242 1790 quia
1265 1719 1322 1773 in
1348 1720 1431 1775 eis
1461 1719 1735 1778 habitare
1761 1724 2000 1792 dicitur,
2030 1741 2179 1797 quo-

506 1828 642 1868 rum
673 1809 873 1881 pietati
905 1808 1092 1870 adest,
1127 1813 1182 1862 et
1210 1808 1272 1863 hi
1302 1809 1564 1866 maxime
1595 1811 1654 1865 in
1685 1812 1853 1866 ccelis
1887 1820 2043 1878 sunt,
2077 1816 2178 1870 ubi

509 1902 690 1957 etiam
719 1903 925 1954 nostra
964 1899 1337 1952 conversatio
1369 1902 1475 1964 est,
1534 1900 1582 1954 si
1622 1917 1736 1956 nos
1793 1917 1860 1957 os
1906 1910 2175 1959 nostrum

508 1988 796 2046 veraciter
824 2002 1066 2041 sursum
1101 2001 1203 2040 cor
1231 1987 1456 2042 habere
1486 1990 1866 2059 respondeat.
1896 1995 2041 2047 Nam
2070 1993 2176 2048 etsi

510 2078 824 2136 carnaliter
848 2075 1257 2145 acceperimus
1287 2076 1452 2146 quod
1485 2079 1773 2148 scripturn
1806 2085 1914 2145 est,
1945 2083 2175 2139 Cretum

508 2167 658 2225 mihi
685 2167 845 2222 sedes
877 2171 978 2231 est,
1015 2170 1181 2220 terra
1206 2172 1404 2220 autem
1427 2166 1755 2225 scabellum
1782 2169 1996 2237 pedum
2027 2186 2177 2227 meo-

508 2274 643 2315 rum
677 2255 839 2327 (Isai,
869 2271 1026 2322 va1,
1059 2254 1112 2324 1)
1149 2270 1163 2320 ;
1205 2259 1261 2309 et
1289 2253 1370 2309 ibi
1405 2259 1459 2309 et
1487 2255 1579 2310 hic
1608 2273 1744 2312 eum
1780 2273 1908 2313 esse
1935 2259 2174 2316 credere

509 2345 838 2401 debemus:
873 2342 1153 2414 quamvis
1184 2357 1306 2397 non
1331 2347 1522 2398 totum
1548 2343 1652 2413 ibi,
1681 2346 1825 2417 quia
1852 2346 1949 2402 hic
1978 2353 2175 2404 essent

509 2435 688 2506 pedes
733 2451 746 2500 ;
780 2448 888 2487 nec
937 2436 1126 2486 totum
1167 2431 1279 2496 hic,
1322 2431 1470 2502 quia
1500 2432 1580 2487 ibi
1615 2440 1812 2490 essent
1837 2437 2170 2507 superiores

509 2522 775 2594 corporis
803 2525 1020 2591 partes.
1046 2521 1236 2583 Quam
1259 2521 1678 2589 cogitationem
1698 2524 2021 2591 carnalem,
2046 2542 2172 2581 rur-

513 2628 643 2665 sum
687 2608 833 2663 illud
878 2607 1053 2662 nobis
1101 2613 1395 2672 excutere,
1427 2609 1592 2679 quod
1622 2609 1696 2665 de
1736 2611 1836 2667 illo
1881 2614 2168 2685 scriptum

511 2705 619 2764 est,
665 2702 863 2770 potest
895 2712 906 2750 :
953 2695 1060 2762 Qui
1091 2697 1301 2751 caelum
1342 2713 1576 2753 mensus
1611 2706 1695 2756 est
1722 2702 1944 2768 palmo,
1975 2709 2028 2758 et
2055 2711 2168 2760 ter-

509 2805 642 2844 ram
664 2787 897 2858 pugillo
932 2786 1070 2857 (1d.,
1100 2802 1193 2850 XL,
1232 2788 1340 2856 12).
1367 2789 1508 2851 Quis
1531 2788 1692 2844 enim
1722 2791 1929 2846 sedeat
1950 2793 2008 2846 in
2033 2808 2170 2864 spa-

510 2879 589 2935 tio
612 2877 794 2948 palmi
819 2875 929 2940 sui,
956 2880 1059 2930 aut
1085 2874 1145 2928 in
1173 2879 1340 2930 tanto
1367 2875 1499 2930 loco
1533 2879 1716 2948 pedes
1746 2886 1952 2950 ponat,
1979 2897 2170 2952 quan-

511 2974 635 3023 tum
669 2967 798 3036 ejus
832 2980 1072 3036 pugnus
1103 2964 1500 3036 apprehendit
1529 2966 1557 3021 ‘l
1596 2968 1713 3023 Nisi
1763 2969 1908 3025 forte
1939 2971 1998 3025 in
2040 2977 2170 3027 tan-

510 3062 637 3112 tum
655 3071 795 3110 caro
814 3070 968 3109 vana
992 3053 1389 3124 progreditur,
1412 3059 1475 3110 ut
1495 3056 1547 3110 ei
1570 3071 1783 3127 parum
1802 3059 1875 3113 sit
1899 3058 2169 3116 humana

508 3145 786 3201 membra
816 3143 1168 3197 substantiae
1200 3143 1300 3198 Dei
1335 3144 1606 3210 tribuere,
1653 3147 1698 3200 si
1739 3163 1810 3202 ea
1838 3164 1956 3203 non
1989 3149 2168 3205 etiam

509 3240 890 3289 monstruosa
929 3231 1255 3300 contingat,
1298 3232 1396 3286 ubi
1429 3233 1664 3303 palmus
1696 3235 1938 3301 lumbis,
1972 3243 2027 3292 et
2057 3254 2164 3308 pu-

509 3323 682 3393 gillus
711 3320 1012 3377 ambabus
1057 3319 1276 3390 palmis
1307 3321 1642 3390 conjunctis
1684 3324 1754 3378 sit
1802 3324 1999 3381 latior.
2057 3327 2164 3382 Sed

507 3411 636 3484 haec
685 3409 990 3472 dicuntur,
1042 3415 1101 3461 ut
1133 3423 1269 3462 cum
1304 3407 1416 3462 sibi
1463 3425 1587 3464 non
1617 3413 1980 3468 conveniunt
2031 3431 2165 3486 quas

509 3499 824 3560 carnaliter
855 3496 1159 3565 audimus,
1192 3496 1274 3550 eis
1305 3496 1454 3568 ipsis
1490 3499 1802 3566 admoniti,
1856 3502 2164 3560 ineﬂabili-

509 3594 594 3645 ter
624 3586 955 3659 spiritualia
995 3584 1348 3656 cogitemus.

583 3697 670 3750 15.
699 3693 862 3750 Unde
889 3692 1128 3749 etiamsi
1149 3709 1369 3764 corpus
1397 3695 1658 3760 Domini,
1687 3696 1853 3769 quod
1874 3699 1948 3755 de
1976 3699 2165 3772 sepul-

509 3801 610 3842 cro
632 3785 953 3840 excitatum
979 3782 1196 3839 levavit
1220 3784 1278 3838 in
1313 3784 1547 3850 coelum,
1578 3787 1815 3841 nonnisi
1839 3789 2042 3860 specie
2059 3790 2167 3844 hu-

509 3891 692 3931 mana
715 3872 1120 3943 membrisque
1137 3873 1488 3942 cogitamus,
1512 3889 1629 3929 non
1649 3881 1845 3931 tamen
1864 3876 1943 3932 ita
1961 3884 2166 3949 putan-

510 3966 657 4020 dum
689 3969 776 4018 est
810 3964 1015 4017 sedere
1045 3962 1122 4017 ad
1154 3963 1456 4018 dexteram
1489 3964 1689 4029 Patris,
1722 3970 1784 4020 ut
1811 3966 1861 4020 ei
1897 3967 2061 4023 Pater
2087 3968 2166 4023 ad

511 4053 810 4107 sinistram
839 4051 1041 4105 sedere
1075 4050 1362 4106 videatur.
1399 4055 1460 4105 ln
1480 4052 1581 4107 illa
1610 4055 1832 4125 quippe
1854 4050 2200 4112 beatitudi-”

510 4158 604 4205 nc,
621 4157 756 4212 quas
779 4155 1021 4195 omnem
1040 4147 1277 4210 superat
1294 4140 2022 4210 humanumintellectum,
2038 4145 2166 4203 sola

509 4232 753 4287 dextera
783 4234 888 4292 est,
921 4232 977 4282 et
1013 4227 1222 4282 eadem
1255 4229 1515 4294 dextera,
1551 4230 1820 4300 ejusdem
1847 4232 2165 4290 beatitudi-

509 4319 603 4375 nis
635 4332 856 4373 nomen
885 4321 991 4370 est.
1024 4315 1278 4370 Proinde
1309 4331 1417 4371 nec
1448 4315 1592 4371 illud
1617 4320 1780 4390 quod
1814 4327 1946 4391 post
1976 4338 2162 4377 resur-

507 4409 833 4464 rectionem
860 4421 1032 4460 suam
1055 4405 1202 4459 dixit
1229 4406 1439 4473 Mariae,
1461 4406 1705 4464 Nolime
1726 4415 1990 4480 tangere,
2018 4428 2160 4467 non-

508 4499 645 4552 dum
672 4498 823 4552 enim
843 4496 1082 4551 ascendi
1107 4495 1188 4551 ad
1213 4497 1455 4552 Patrem
1487 4512 1674 4553 meum
1701 4499 1896 4568 (Joan.
1921 4516 2020 4565 xx,
2054 4505 2156 4573 t7),

508 4594 632 4644 tam
660 4586 917 4641 absurde
938 4585 1351 4655 accipiendum
1372 4591 1478 4656 est,
1498 4593 1557 4642 ut
1572 4587 1976 4644 existimemus
1998 4607 2157 4658 eum,

508 4693 646 4733 cum
678 4673 1067 4739 ascendisset,
1101 4673 1362 4729 voluisse
1393 4692 1427 4730 a
1470 4677 1705 4732 feminis
1749 4681 1933 4748 tangi,
1963 4682 2068 4752 qui
2098 4698 2160 4737 se

507 4763 771 4834 tangend
782 4779 880 4817 um
897 4761 1032 4816 viris
1049 4769 1371 4834 antequam
1395 4767 1744 4822 ascenderet
1758 4769 2024 4838 praebuit.
2047 4772 2160 4827 Sed

506 4853 699 4912 Maria:
713 4851 996 4923 profecto,
1016 4853 1075 4905 in
1097 4868 1216 4924 qua
1243 4852 1497 4924 ﬁgurata
1519 4857 1774 4912 Ecclesia
1792 4864 1895 4925 est,
1913 4862 2159 4930 quando

505 4943 652 5000 illud
675 4940 822 4996 dixit
859 4939 1104 5009 intelligi
1120 4940 1444 4996 voluittunc
1457 4945 1797 5001 ascendisse
1816 4947 1893 5002 ad
1907 4951 2156 5018 Patrem,

505 5050 646 5089 cum
695 5030 861 5086 illum
911 5030 1061 5084 Patri
1120 5031 1398 5099 cognovit
1425 5034 1718 5103 aequalem
1756 5053 1767 5101 ;
1803 5042 1859 5091 et
1907 5037 2004 5093 tali
2039 5039 2158 5096 ﬁde

506 5124 673 5178 illum
706 5119 1018 5175 salubriter
1055 5118 1260 5188 tetigit,
1295 5135 1369 5174 ne
1401 5121 1447 5174 si
1478 5121 1590 5176 hoc
1622 5124 1816 5179 solum
1848 5141 1983 5182 eum
2030 5145 2157 5185 esse

506 5212 770 5267 crederet
799 5207 966 5281 quod
993 5207 1053 5262 in
1085 5223 1260 5262 carne
1292 5219 1672 5279 apparuerat,
1705 5229 1824 5268 non
1855 5215 2007 5272 bene
2035 5225 2158 5274 tan-

507 5307 688 5372 geret.
711 5300 802 5354 Sic
824 5316 958 5354 eum
985 5299 1265 5354 Photinus
1287 5298 1594 5356 haereticus
1626 5305 1826 5373 tetigit,
1851 5307 1950 5378 qui
1968 5307 2157 5366 homi-

507 5407 645 5445 nem
677 5388 1096 5444 tantummodo
1125 5388 1394 5444 credidit.

576 5491 665 5542 16.
703 5490 766 5540 Et
792 5487 836 5540 si
869 5487 1015 5542 forte
1056 5487 1215 5541 aliud
1249 5487 1306 5542 in
1343 5488 1435 5542 his
1465 5488 1663 5546 verbis
1697 5493 1929 5550 Domini
1959 5499 2158 5570 aptius

507 5578 838 5649 meliusque
853 5577 1093 5648 intelligi
1118 5583 1327 5650 potest,
1343 5580 1546 5654 opinio
1565 5590 1763 5640 tamen
1774 5602 1900 5657 qua
1910 5598 2155 5661 putatur

1809 76 1872 132 S.
1909 73 2287 133 AUGUSTINI
2326 74 2655 132 EPISCOPI

3781 101 3870 157 ιδο

2286 202 2620 259 substantia
2648 203 2831 259 Patris
2855 219 2982 259 esse
3001 203 3058 260 in
3087 206 3257 271 caelo,
3291 212 3600 271 secundum
3622 225 3765 290 quod
3788 225 3874 283 Pa.

2286 296 2370 348 ter
2400 308 2518 347 una
2542 293 2600 347 in
2631 293 2909 349 Trinitate
2931 310 3193 364 persona
3215 300 3322 361 est,
3346 298 3601 358 divinitas
3630 323 3752 365 vero
3774 327 3876 371 non

2284 381 2343 436 in
2376 382 2525 437 cmlo
2565 386 2817 447 tantum,
2863 383 2969 437 sed
3015 383 3235 455 ubique
3266 395 3352 442 est
3391 405 3403 442 :
3451 394 3612 462 quasi
3651 397 3795 454 aliud
3821 406 3877 457 sit

2287 471 2470 535 Pater,
2514 471 2675 525 aliud
2707 471 2990 527 divinitas
3021 474 3148 543 ejus
3178 490 3312 545 quas
3357 476 3435 531 illi
3473 487 3769 540 communis
3811 498 3888 547 est

2286 576 2424 615 cum
2459 559 2598 614 Filio
2627 566 2683 614 et
2714 577 2850 614 cum
2884 562 3102 631 Spiritu
3134 570 3340 619 sancto
3371 581 3383 630 ;
3418 573 3475 621 ut
3506 569 3626 641 ipsa
3647 572 3880 646 Trinitas,

2287 654 2572 721 tanquam
2601 648 2746 704 locis
2777 650 3192 720 corporalibus
3227 658 3283 707 et
3331 658 3602 727 tanquam
3641 677 3884 734 corporea

2287 740 2382 805 sit,
2405 738 2682 794 divinitas
2702 753 2838 794 vero
2860 754 2980 794 una
3010 740 3184 795 trium
3214 757 3591 812 personarum
3612 750 3806 823 ubique
3828 755 3885 812 sit

2285 830 2445 883 tota:
2479 828 2602 884 sine
2631 827 3001 885 dubitatione
3025 832 3386 902 respuenda.
3415 834 3468 889 Si
3495 837 3644 893 enim
3670 842 3886 911 qualitas

2285 932 2493 973 eorum
2521 923 2676 974 esset
2702 917 2887 989 (quod
2916 918 3094 984 absit,
3129 926 3186 975 ut
3216 920 3274 975 in
3307 923 3488 991 Patre,
3514 930 3609 980 aut
3633 926 3780 998 Filio,
3805 940 3887 986 aut

2288 1007 2499 1077 Spiritu
2531 1015 2736 1062 sancto
2768 1006 2934 1062 aliud
2959 1009 3034 1063 sit
3057 1008 3344 1080 qualitas,
3375 1010 3529 1067 aliud
3560 1014 3886 1091 substantia),

2286 1100 2485 1152 tamen
2500 1097 2770 1152 sieorum
2791 1096 3051 1169 qualitas
3076 1114 3202 1153 esse
3225 1105 3450 1170 posset,
3467 1102 3659 1174 utique
3679 1107 3890 1178 amplius

2286 1185 2506 1242 alicubi
2532 1201 2710 1256 quam
2742 1186 2801 1240 in
2835 1202 2946 1242 sua
2976 1187 3309 1244 substantia
3343 1205 3474 1244 esse
3507 1194 3520 1225 ¹
3550 1207 3663 1247 non
3690 1201 3888 1264 posset:

2288 1276 2338 1330 si
2360 1279 2554 1331 autem
2585 1274 2918 1331 substantia
2940 1281 3044 1341 est,
3073 1282 3130 1332 et
3159 1276 3276 1333 alia
3302 1283 3389 1333 est
3415 1296 3588 1351 quam
3614 1287 3739 1338 sunt
3775 1285 3888 1356 ipsi,

2286 1364 2402 1422 alia
2432 1363 2773 1420 substantia
2809 1369 2900 1420 est
2940 1381 2954 1430 ;
2997 1365 3160 1437 quod
3202 1365 3587 1424 nihilominus
3621 1369 3891 1429 falsissime

2289 1452 2569 1511 creditur.

2364 1547 2445 1597 l7.
2473 1541 2582 1597 Sed
2613 1541 2660 1596 si
2684 1539 2833 1596 forte
2856 1538 3058 1596 minus
3074 1540 3351 1613 intelligis
3371 1543 3519 1599 inter
3542 1545 3890 1604 substantiam

2287 1636 2344 1688 et
2373 1631 2722 1703 qualitatem
2753 1629 2899 1702 quid
2929 1629 3160 1685 intersit
3190 1649 3202 1696 ;
3249 1631 3363 1687 hoc
3393 1639 3543 1689 certe
3571 1633 3783 1692 facilius
3806 1639 3892 1692 ad-

2287 1720 2480 1784 vertis,
2509 1718 2675 1790 quod
2695 1722 2752 1773 et
2771 1717 3052 1773 divinitas
3073 1716 3372 1774 Trinitatis
3390 1722 3544 1792 (quae
3570 1728 3785 1794 putatur
3798 1725 3892 1782 alia

2286 1824 2415 1865 esse
2443 1823 2629 1879 quam
2659 1811 2748 1861 est
2785 1806 2916 1877 ipsa
2946 1806 3216 1873 Trinitas,
3251 1814 3304 1864 et
3357 1814 3589 1881 propter
3616 1811 3758 1868 hanc
3797 1813 3890 1869 dici

2285 1912 2408 1954 non
2432 1903 2548 1952 tres
2580 1895 2748 1960 deos,
2781 1895 2885 1950 sed
2914 1910 3101 1949 unum
3138 1893 3349 1961 Deum,
3383 1901 3662 1968 quoniam
3691 1900 3803 1971 ipsa
3820 1906 3892 1957 est

2286 1986 2474 2042 tribus
2501 2000 2622 2041 una
2650 1984 3012 2052 communis)
3040 1990 3144 2040 aut
3174 1985 3511 2042 substantia
3543 1993 3645 2052 est,
3671 1996 3762 2045 aut
3793 2005 3890 2045 non

2285 2080 2370 2131 est
2397 2073 2753 2130 substantia.
2788 2073 2844 2129 Si
2885 2072 3220 2129 substantia
3265 2080 3374 2145 est,
3408 2082 3464 2131 et
3492 2076 3607 2132 alia
3633 2083 3891 2149 estquam

2285 2164 2472 2228 Pater,
2505 2167 2608 2219 aut
2646 2162 2844 2228 Filius,
2872 2168 2976 2218 aut
3008 2162 3260 2234 Spiritus
3301 2171 3566 2230 sanctus,
3595 2171 3692 2222 aut
3713 2166 3891 2222 eadem

2284 2252 2462 2308 simul
2492 2251 2747 2308 Trinitas
2775 2269 2788 2319 ;
2824 2251 3028 2323 procul
3056 2251 3243 2308 dubio
3296 2254 3417 2310 alia
3447 2254 3760 2311 substantia
3783 2260 3891 2310 est:

2281 2341 2396 2398 hoc
2426 2346 2625 2397 autem
2653 2340 2869 2396 veritas
2895 2339 3104 2397 refellit
3131 2347 3188 2396 et
3229 2343 3475 2415 respuit.
3504 2345 3556 2400 Si
3588 2350 3769 2399 autem
3795 2357 3892 2398 non

2282 2435 2369 2486 est
2393 2430 2728 2486 substantia
2759 2430 2873 2486 ista
2914 2429 3208 2496 divinitas,
3234 2436 3290 2486 et
3319 2432 3453 2503 ipsa
3477 2438 3565 2488 est
3593 2435 3754 2497 Deus,
3778 2433 3894 2504 quia

2278 2521 2414 2592 ipsa
2443 2525 2531 2575 est
2557 2520 2778 2590 ubique
2817 2523 2959 2583 tota,
2991 2534 3115 2574 non
3141 2519 3241 2576 illa
3278 2521 3532 2576 Trinitas
3572 2538 3584 2588 ;
3615 2535 3744 2591 ergo
3772 2524 3893 2575 Deus

2279 2625 2399 2664 non
2425 2613 2515 2664 est
2552 2607 2886 2664 substantia
2927 2623 2940 2663 :
2974 2608 3109 2679 quis
3139 2609 3255 2664 hoc
3284 2611 3612 2666 catholicus
3660 2611 3844 2665 dixerit
3872 2608 3894 2664 ?

2279 2699 2426 2754 Item
2457 2698 2505 2752 si
2535 2711 2657 2753 non
2695 2702 2780 2752 est
2813 2697 3148 2753 substantia
3177 2697 3290 2755 ista
3318 2698 3619 2761 divinitas.
3644 2705 3696 2755 et
3717 2715 3892 2754 secun-

2277 2787 2425 2843 dum
2455 2787 2610 2842 hanc
2641 2791 2728 2841 est
2756 2785 3004 2841 Trinitas
3038 2802 3195 2841 unus
3228 2787 3415 2852 Deus,
3448 2789 3609 2860 quod
3639 2788 3754 2844 haec
3798 2802 3894 2844 una

2278 2882 2365 2932 est
2387 2875 2448 2930 in
2472 2875 2695 2940 tribus;
2730 2890 2850 2930 non
2880 2873 3088 2930 debuit
3116 2874 3232 2931 dici
3265 2879 3437 2932 Pater
3452 2883 3504 2932 et
3535 2877 3704 2932 Filius
3722 2882 3772 2932 et
3793 2877 3895 2946 Spi-

2276 2965 2421 3020 ritus
2439 2971 2681 3019 sanctus
2703 2963 2880 3017 unius
2903 2961 3273 3031 substantias,
3298 2965 3406 3020 sed
3428 2966 3600 3021 unius
3617 2965 3892 3021 divinitatis

2275 3069 2411 3126 quas
2430 3068 2551 3108 non
2575 3057 2664 3107 est
2694 3053 3055 3108 substantia.
3080 3054 3375 3122 Agnoscis
3397 3062 3597 3110 autem
3621 3054 3678 3108 in
3697 3054 3802 3108 ﬁde
3817 3069 3892 3107 ca-

2275 3143 2492 3198 tholica
2517 3141 2806 3214 quoniam
2837 3141 2949 3196 hoc
2979 3147 3066 3197 est
3088 3157 3318 3209 verum,
3353 3143 3468 3199 hoc
3496 3150 3580 3198 est
3609 3141 3889 3198 conﬁrma-

2274 3238 2401 3288 tum
2432 3232 2596 3303 quod
2628 3234 2795 3286 Pater
2821 3237 2874 3286 et
2905 3231 3088 3286 Filius
3129 3237 3185 3287 et
3210 3232 3468 3304 Spiritus
3495 3237 3744 3295 sanctus,
3779 3232 3889 3286 ideo

2275 3337 2414 3376 cum
2441 3321 2512 3376 sit
2539 3319 2805 3385 Trinitas,
2842 3335 2999 3374 unus
3025 3325 3111 3375 est
3138 3322 3326 3386 Deus;
3357 3322 3501 3394 quia
3521 3319 3891 3394 inseparabili-

2275 3414 2360 3465 ter
2389 3418 2526 3465 sunt
2565 3409 2740 3464 unius
2772 3409 3164 3481 ejusdemque
3194 3409 3570 3476 substantias,
3598 3411 3686 3466 vel
3713 3410 3777 3481 (si
3798 3409 3890 3465 hoc

2274 3498 2486 3553 melius
2516 3498 2730 3554 dicitur
2759 3497 2799 3569 ),
2834 3497 3126 3554 essentia.
3167 3501 3315 3555 Nam
3364 3499 3631 3556 nonnulli
3661 3499 3822 3554 nostri
3847 3501 3890 3552 et

2273 3588 2536 3644 maxime
2555 3587 2766 3653 Graeci,
2785 3587 3132 3643 Trinitatem
3157 3603 3291 3660 quae
3313 3589 3474 3644 Deus
3495 3595 3600 3655 est,
3629 3588 3802 3658 magis
3821 3603 3892 3642 es-

2273 3677 2533 3734 sentiam
2548 3677 2841 3748 (a),quam
2858 3692 3043 3733 unam
3063 3676 3466 3734 substantiam
3486 3695 3610 3734 esse
3623 3678 3887 3740 dixerunt;

2272 3765 2498 3838 aliquid
2524 3767 2673 3821 inter
2688 3766 2818 3822 haec
2837 3764 2960 3821 duo
2978 3765 3226 3822 nomina
3253 3767 3537 3823 interesse
3554 3765 3891 3832 arbitrantes,

2272 3855 2366 3912 vel
2382 3855 2802 3924 intelligentes:
2831 3854 2988 3911 unde
3006 3869 3168 3912 nunc
3185 3854 3499 3928 disputare
3513 3873 3630 3912 non
3643 3861 3888 3924 estopus;

2272 3945 2438 4018 quod
2459 3945 2569 4000 etsi
2598 3944 3186 4010 divinitatemistam,
3217 3961 3358 4017 quin
3381 3945 3542 4002 aliud
3564 3943 3894 4001 existimatur

2273 4050 2404 4090 esse
2419 4049 2604 4106 quam
2618 4033 2753 4104 ipsa
2765 4031 3039 4099 Trinitas,
3057 4049 3179 4089 non
3193 4033 3598 4090 substantiam
3613 4035 3711 4090 sed
3728 4044 3893 4088 essen-

2270 4123 2418 4181 tiam
2434 4122 2998 4187 dixerimus,eadem
3016 4122 3239 4178 falsitas
3254 4130 3680 4196 consequetur.
3695 4122 3748 4177 Si
3760 4117 3891 4177 enim

2271 4215 2387 4272 alia
2401 4221 2680 4286 estquam
2694 4213 2829 4282 ipsa
2847 4212 3118 4276 Trinitas,
3141 4211 3323 4268 altera
3339 4214 3454 4269 erit
3469 4213 3742 4269 essentia:
3757 4204 3891 4281 quod

2271 4304 2428 4360 absit
2447 4309 2508 4359 ut
2526 4301 2853 4358 catholicus
2867 4301 3099 4357 sentiat.
3121 4301 3321 4357 Restat
3338 4304 3544 4375 itaque
3563 4307 3622 4358 ut
3636 4303 3710 4357 ita
3724 4296 3893 4355 creda-

2269 4409 2406 4449 mus
2427 4393 2603 4447 unius
2620 4405 2750 4445 esse
2767 4390 3109 4446 substantiae
3122 4390 3492 4457 Trinitatem,
3514 4397 3574 4446 ut
3589 4391 3715 4462 ipsa
3731 4400 3894 4444 essen-

2270 4482 2351 4538 tia
2372 4497 2491 4536 non
2524 4479 2687 4536 aliud
2723 4479 2797 4534 sit
2825 4495 3010 4550 quam
3043 4480 3177 4550 ipsa
3206 4479 3486 4535 Trinitas.
3518 4480 3605 4534 Ad
3634 4492 3806 4551 quam
3831 4474 3893 4528 vi-

2269 4570 2533 4626 dendam
2564 4567 3079 4641 quantumlibetin
3104 4568 3217 4623 hac
3244 4569 3366 4624 vita
3393 4569 3789 4641 proﬁciamus,
3810 4577 3894 4635 per

2268 4658 2580 4730 speculum
2603 4659 2708 4714 erit
2723 4661 2780 4713 et
2797 4657 2856 4711 in
2879 4658 3198 4727 aenigmate
3214 4657 3379 4728 quod
3402 4656 3755 4713 videbimus.
3773 4656 3890 4709 Cum

2268 4764 2428 4815 vero,
2465 4748 2628 4821 quod
2654 4748 2714 4802 in
2740 4747 3170 4802 resurrectione
3206 4747 3597 4818 promittitur,
3625 4740 3893 4817 spirituale

2267 4853 2485 4910 corpus
2512 4837 2734 4894 habere
2765 4836 3146 4907 coeperimus,
3177 4837 3299 4890 sive
3342 4836 3507 4892 illam
3547 4840 3756 4901 mente,
3793 4832 3892 4884 sive

2265 4927 2526 4985 mirabili
2552 4930 2573 4961 ²
2603 4926 2808 4992 modo,
2832 4925 3122 4997 quoniam
3142 4924 3465 4981 ineﬂabilis
3492 4931 3581 4981 est
3603 4919 3891 4996 spiritualis

2267 5017 2530 5089 corporis
2561 5016 2772 5085 gratia,
2805 5015 2980 5070 etiam
3013 5029 3260 5085 corpore
3289 5014 3607 5071 videamus
3637 5030 3650 5078 ;
3684 5026 3792 5067 non
3820 5012 3894 5060 ta-

2265 5122 2403 5163 men
2432 5121 2537 5178 per
2561 5105 2831 5161 locorum
2849 5103 3180 5172 intervalla,
3207 5120 3316 5160 nec
3341 5105 3403 5160 in
3428 5110 3597 5176 parte
3612 5102 3892 5159 minorem,

2266 5198 2326 5254 in
2356 5201 2522 5268 parte
2551 5196 2868 5268 majorem,
2892 5193 3183 5265 quoniam
3207 5208 3326 5249 non
3347 5200 3437 5250 est
3457 5209 3693 5265 corpus,
3716 5196 3763 5247 et
3793 5185 3890 5242 ubi

2326 5360 2340 5390 ί
2367 5358 2514 5412 Lov.,
2535 5372 2684 5424 quam
2704 5371 2798 5406 sua
2817 5361 2936 5424 esset
2960 5370 3064 5404 non
3087 5361 3266 5416 posset.
3295 5354 3739 5424 Athss.._habe_nt,
3764 5359 3890 5424 φιαιῇ

2263 5420 2319 5483 in
2343 5435 2436 5468 sua
2465 5417 2564 5469 esse
2584 5421 2872 5468 substantia
2892 5434 2998 5467 non
3026 5424 3191 5480 posset
3213 5433 3231 5479 ,'
3253 5422 3448 5483 praeter
3467 5417 3684 5482 aliquot,
3717 5417 3766 5463 in
3792 5423 3890 5475 qut-

2263 5481 2362 5531 bus
2394 5484 2715 5531 ommittitur
2745 5497 2865 5538 vox,
2887 5483 3191 5531 substantia.

2321 5547 2340 5577 ³
2369 5546 2574 5609 11111188.
2608 5545 2872 5609 pluribus,
2900 5544 3260 5594 irrationabils'
3284 5542 3458 5592 modo.

2326 5608 2396 5671 (α)
2420 5607 2634 5659 Ousian‘.
