4074 6164
145 144 229 203 ibi
1347 135 1855 199 EPISTOLARUM
1896 134 2186 194 CLASSIS
2233 135 2302 195 ll.

136 283 234 341 que
269 271 383 323 tota
425 268 528 332 est,
588 280 691 336 pro
742 269 947 322 nostra
1001 268 1331 338 capacitate
1384 265 1746 324 videbimus.

188 356 391 411 CAPUT
416 356 503 408 IV.
515 354 855 420 —18.Quod
870 370 1010 410 vero
1025 357 1273 426 posuisti
1286 358 1344 412 in
1359 355 1610 428 epistola
1624 360 1742 418 tua,

130 443 287 499 videri
318 443 439 509 tibi,
463 442 548 497 vel
565 444 759 514 potius
774 443 940 514 quod
956 444 1376 513 videbaturtibi,
1408 444 1551 499 nihil
1566 444 1745 498 vivum

123 531 377 586 secundum
408 531 765 586 substantiam
795 534 965 587 inesse
1009 534 1272 604 justitiae,
1300 534 1517 605 ideoque
1563 539 1612 586 te
1642 548 1747 586 non

123 635 251 691 posse
275 617 450 674 adhuc
480 619 665 686 Deum,
695 620 752 674 id
789 628 883 682 est,
918 622 1183 677 viventem
1208 630 1488 687 naturam,
1507 620 1745 691 iustitiae

119 707 321 764 similem
349 709 586 780 cogitare
611 729 630 765 :
661 710 790 779 quia
810 710 1062 780 justitia,
1084 711 1233 767 sicut
1264 712 1433 776 dicis,
1451 728 1558 767 non
1588 711 1648 766 in
1670 725 1744 778 se,

114 796 191 851 sed
215 798 269 852 in
297 797 445 852 nobis
466 798 600 853 vivit
625 814 643 863 ;
676 797 781 853 imo
796 814 888 854 nos
913 800 1096 870 potius
1116 800 1404 856 secundum
1432 799 1588 857 illam
1610 798 1748 854 vivi-

116 902 231 951 mus,
262 886 375 957 ipsa
404 903 529 941 vero
557 903 651 957 per
678 904 730 941 se
757 888 1467 961 justitianequaquamvivit
1491 910 1511 947 :
1538 889 1615 946 ad
1632 888 1747 945 hoc

120 980 168 1031 ut
191 975 283 1047 tibi
322 976 450 1046 ipse
476 976 873 1048 respondeas,
898 977 1043 1033 illud
1080 980 1331 1046 intuere,
1359 984 1559 1036 utrum
1591 981 1746 1033 recte

113 1064 207 1119 dici
234 1064 414 1135 possit
438 1066 620 1120 vitam
647 1064 842 1136 ipsam
875 1082 995 1125 non
1028 1067 1244 1132 vivere,
1266 1082 1389 1140 qua
1408 1068 1473 1123 tit
1500 1072 1559 1122 ut
1585 1066 1746 1122 vivat

114 1152 374 1225 quidquid
393 1168 515 1208 non
528 1153 679 1209 falso
692 1154 948 1211 dicimus
970 1156 1342 1213 vivere.Puto
1359 1154 1521 1213 enim
1541 1156 1747 1213 absur-

114 1243 237 1295 dum
264 1239 362 1296 tibi
378 1241 585 1307 videri,
608 1248 669 1297 ut
691 1258 795 1314 per
808 1242 990 1301 vitam
1009 1244 1259 1311 vivatur,
1286 1250 1344 1302 et
1369 1246 1490 1303 vita
1513 1260 1634 1301 non
1652 1241 1746 1299 vi-

120 1331 386 1384 vat.l’orro
408 1329 459 1384 si
485 1332 601 1385 vita
629 1330 762 1401 ipsa
780 1334 1079 1404 praecipue
1093 1332 1257 1399 vivit,
1276 1349 1399 1406 qua
1411 1333 1745 1390 vivitomne

113 1418 253 1489 quod
274 1416 433 1484 vivit,
467 1419 683 1487 recole,
702 1420 975 1491 obsecro,
993 1437 1148 1493 quas
1160 1421 1318 1479 dicat
1331 1422 1636 1494 Scriptura
1661 1420 1746 1476 di-

114 1508 229 1562 vina
256 1506 491 1563 animas
520 1516 830 1580 mortuas;
864 1509 1128 1581 profecto
1173 1511 1440 1567 invenies
1489 1511 1745 1582 injustas

111 1594 298 1666 impias
322 1594 618 1652 inﬁdeles.
651 1600 799 1653 Nam
826 1598 960 1656 licet
981 1614 1086 1670 per
1106 1598 1239 1657 illas
1259 1599 1464 1657 vivant
1490 1613 1744 1671 corpora

112 1684 503 1756 impiorum,de
516 1686 736 1758 quibus
748 1686 976 1744 dictum
988 1688 1250 1760 estquod
1262 1689 1745 1760 mortuisepeliant

110 1780 313 1829 mortuos
324 1791 445 1830 suos
460 1774 687 1847 (Matth.
714 1792 832 1846 vui,
847 1777 960 1848 22),
975 1783 1030 1833 et
1044 1777 1124 1835 ibi
1142 1778 1550 1849 intelligantur
1561 1778 1744 1837 etiam

114 1863 302 1935 iniquas
324 1862 547 1919 animae
562 1879 681 1919 non
695 1880 822 1920 esse
834 1865 962 1921 sine
976 1865 1181 1938 aliqua
1194 1866 1343 1933 vita;
1373 1882 1567 1940 neque
1579 1866 1741 1925 enim

113 1951 248 2007 aliter
262 1967 330 2007 ex
343 1953 427 2008 eis
443 1957 692 2025 possent
703 1970 958 2025 corpora
972 1955 1303 2021 vivere,nisi
1315 1956 1742 2028 qualicumque

118 2040 364 2113 vita,qua
391 2041 648 2097 omnino
670 2042 889 2099 animm
916 2059 1115 2101 carere
1138 2060 1261 2101 non
1286 2051 1565 2116 possunt,
1582 2045 1741 2102 unde

119 2130 453 2187 immortales
488 2132 701 2187 merito
728 2138 1055 2189 vocantur:
1091 2149 1213 2190 non
1244 2139 1439 2190 tamen
1470 2134 1549 2192 ob
1579 2134 1742 2191 aliud

114 2219 310 2274 amissa
330 2218 571 2290 justitia
592 2220 874 2278 dicuntur
916 2227 1189 2289 mortuae,
1220 2223 1334 2278 nisi
1362 2222 1508 2295 quia
1534 2229 1593 2280 et
1619 2224 1745 2280 ani-

114 2324 342 2379 marum,
368 2308 513 2366 licet
541 2309 1388 2385 immortaliterqualicumque
1402 2315 1522 2370 vita
1541 2314 1742 2370 viven-

113 2398 254 2464 tium,
282 2400 473 2454 verior
491 2405 549 2454 et
583 2399 777 2472 major
792 2400 914 2455 vita
933 2400 1164 2471 justitia
1186 2407 1298 2469 est,
1313 2406 1604 2475 tanquam
1622 2403 1741 2459 vita

112 2488 357 2561 vitarem,
372 2503 666 2560 quaecum
687 2488 804 2545 sint
820 2488 880 2544 in
894 2490 1268 2561 corporibus,
1282 2492 1459 2548 etiam
1472 2492 1743 2563 ipsacor-

111 2591 234 2647 pora
262 2578 391 2632 viva
422 2585 587 2642 sunt,
626 2594 764 2649 quas
802 2593 909 2655 per
932 2578 1135 2652 seipse.
1182 2580 1379 2637 vivere
1409 2585 1736 2654 nequeunt.

113 2668 452 2738 Quapropter
466 2666 519 2720 si
536 2668 752 2721 anima:
770 2682 892 2723 non
904 2672 1177 2739 possunt,
1195 2668 1569 2727 nisietiamin
1583 2670 1741 2741 seip-

112 2753 177 2807 sis
206 2759 529 2827 utcumque
547 2754 755 2821 vivere,
776 2755 922 2827 quia
945 2770 1019 2811 ex
1043 2757 1128 2813 eis
1155 2757 1362 2815 vivunt
1390 2763 1448 2815 et
1466 2773 1736 2830 corpora,

114 2855 141 2896 a
166 2842 368 2914 quibus
416 2842 659 2899 deserta
689 2843 1028 2915 moriuntur
1056 2861 1071 2911 ;
1098 2850 1326 2918 quanto
1376 2847 1569 2918 magis
1598 2862 1740 2904 vera

110 2929 302 2999 justitia
322 2933 508 2989 etiam
540 2933 598 2987 in
628 2932 830 3004 seipsa
867 2934 1065 2993 vivere
1094 2934 1478 3006 intelligenda
1516 2940 1625 3003 est,
1667 2952 1739 2992 ex

112 3033 211 3090 qua
236 3020 313 3075 sic
342 3021 557 3077 vivunt
577 3021 814 3087 animm,
832 3027 894 3079 ut
919 3021 1034 3080 hac
1056 3024 1282 3080 amissa
1301 3032 1553 3083 mortuas
1582 3040 1741 3082 nun-

112 3117 389 3180 cupentur,
419 3110 700 3183 quamvis
725 3112 1273 3186 quantulacumque
1293 3115 1414 3172 vita
1437 3130 1562 3172 non
1580 3113 1736 3174 desi-

114 3205 233 3254 nant
256 3200 449 3256 vivere
493 3199 505 3254 l

176 3288 246 3345 t9.
273 3291 347 3344 Ea
374 3303 560 3360 porro
583 3288 813 3360 justitia
837 3305 973 3362 quas
1000 3290 1141 3348 vivit
1178 3292 1238 3348 in
1278 3293 1496 3365 seipsa,
1529 3292 1739 3365 procul

114 3374 269 3431 dubio
301 3380 448 3433 Deus
483 3382 592 3441 est,
611 3382 789 3450 atque
816 3379 1384 3441 incommutabiliter
1411 3383 1739 3439 vivit.Sicut

115 3471 282 3521 autem
307 3466 435 3523 haec
472 3482 611 3521 cum
648 3467 720 3521 sit
750 3466 810 3522 in
845 3467 1049 3539 seipse.
1073 3470 1214 3537 vita,
1250 3472 1425 3527 etiam
1472 3471 1646 3528 nobis
1672 3472 1740 3528 tit

116 3552 226 3619 vita,
250 3571 381 3611 cum
412 3556 549 3626 ejus
580 3554 874 3612 efﬁcimur
904 3562 1227 3631 utcumque
1258 3560 1575 3632 participes
1609 3578 1622 3617 :
1655 3561 1737 3619 ita

115 3656 224 3698 cum
253 3642 307 3699 in
343 3645 547 3717 seipsa
580 3644 653 3699 sit
689 3643 936 3715 justitia,
969 3646 1148 3703 etiam
1201 3648 1375 3704 nobis
1404 3649 1469 3704 fit
1488 3651 1736 3721 justitia,

114 3744 224 3784 cum
239 3732 283 3787 ei
298 3732 693 3803 cohaerendoj
705 3741 829 3788 uste
848 3736 861 3768 ¹
880 3733 1160 3802 vivimus;
1175 3740 1231 3791 et
1251 3742 1411 3799 tanto
1426 3739 1617 3809 magis
1631 3740 1738 3795 mi-

114 3821 295 3892 nusvej
307 3822 416 3877 usti
432 3838 671 3888 sumus,
702 3827 931 3894 quanto
944 3822 1140 3893 magis
1157 3824 1239 3880 illi
1256 3827 1528 3881 minusve
1542 3828 1740 3884 cohae-

113 3912 435 3966 remus.Und
447 3927 481 3965 e
496 3910 781 3983 scriptum
804 3910 975 3967 estde
991 3912 1292 3989 unigenito
1308 3914 1447 3970 Filio
1471 3916 1734 3982 Dei,cum

116 3995 172 4050 sit
184 4000 364 4071 utique
380 4000 569 4057 Patris
584 4000 1340 4073 SapientiaatqueJustitia,
1355 4008 1409 4059 et
1425 4020 1662 4077 semper
1675 4005 1736 4062 in

116 4087 281 4159 seipse
297 4089 433 4162 sit,q
444 4088 565 4144 uod
590 4088 779 4145 factus
793 4088 1024 4145 sitnobis
1044 4107 1077 4146 a
1098 4091 1206 4147 Deo
1227 4092 1496 4163 sapientia
1514 4101 1563 4150 et
1570 4094 1737 4166 justi-

115 4174 196 4238 tia,
213 4183 256 4232 et
266 4178 628 4251 sanctiﬁcatio
644 4184 693 4233 et
711 4178 1034 4251 redemptio;
1047 4187 1105 4236 ut
1116 4182 1558 4252 quemadmodum
1569 4184 1738 4255 scrip-

114 4269 203 4320 tum
214 4275 281 4323 est
292 4287 312 4324 :
333 4269 447 4335 Qui
455 4268 751 4341 gloriatur,
775 4269 830 4324 in
853 4268 1079 4325 Domino
1089 4270 1415 4345 glorietur(l
1438 4272 1565 4329 Cor.
1590 4290 1628 4340 ι,
1648 4278 1735 4340 30,

112 4351 377 4424 3t).Quod
408 4357 659 4429 quidem
683 4360 739 4413 et
771 4358 898 4428 ipse
926 4358 1142 4426 vidisti,
1174 4360 1739 4435 addendoatquedi-

113 4445 275 4501 cendo
297 4466 309 4505 :
343 4447 481 4502 Nisi
500 4448 643 4518 forte
664 4463 767 4502 non
787 4446 898 4503 haec
919 4447 1171 4504 humanas
1193 4452 1491 4521 aequitatis,
1518 4452 1607 4507 sed
1634 4451 1740 4508 illa

112 4547 207 4601 qua
236 4534 372 4591 Deus
391 4542 492 4602 est,
518 4535 632 4591 sola
652 4538 1297 4609 esseasseraturjustitia.
1330 4541 1427 4596 Est
1457 4540 1738 4611 planeille

114 4635 360 4680 summus
378 4629 534 4681 Deus
546 4641 682 4681 vera
690 4625 711 4696 j
723 4625 1035 4691 ustitia,vel
1048 4626 1144 4683 ille
1157 4643 1332 4684 verus
1351 4630 1505 4686 Deus
1520 4646 1741 4688 summa

114 4706 337 4780 iustitia;
364 4731 554 4788 quam
583 4714 848 4788 profecto
877 4717 1099 4772 esurire
1121 4722 1177 4774 et
1209 4718 1392 4785 sitire,
1435 4735 1506 4776 ea
1537 4726 1742 4778 nostra

114 4803 185 4853 est
208 4799 261 4857 in
274 4802 380 4859 bac
400 4802 633 4876 peregri
645 4802 884 4860 natione
887 4803 908 4875 j
920 4804 1136 4870 ustitia,
1154 4811 1210 4862 et
1221 4823 1343 4879 qua
1357 4814 1567 4879 postea
1583 4815 1744 4866 satu-

116 4888 231 4952 rari,
260 4906 328 4946 ea
352 4896 557 4948 nostra
578 4898 666 4947 est
690 4893 750 4947 in
781 4894 1106 4949 aeternitate
1136 4894 1313 4965 plena
1336 4896 1592 4969 justitia.
1614 4901 1742 4955 Non

118 4988 236 5047 ergo
261 4979 443 5037 Deum
472 4986 691 5037 nostra
712 4981 958 5052 justitiae
978 4983 1234 5040 similem
1261 4986 1613 5057 cogitemus,
1639 4987 1741 5044 sed

119 5066 418 5134 cogitemus
443 5085 555 5126 nos
586 5070 786 5142 potius
816 5075 980 5127 tanto
1011 5073 1324 5129 similiores
1343 5076 1481 5142 Deo,
1515 5081 1744 5147 quanto

120 5168 225 5209 esse
252 5158 578 5228 poterimus
596 5158 727 5229 ejus
759 5160 1209 5230 participatione
1234 5162 1536 5233 justiores.

174 5246 252 5298 20.
279 5246 335 5301 Si
361 5262 500 5317 ergo
527 5246 865 5303 cavendum
891 5255 979 5304 est
1002 5250 1334 5319 nejustitim
1354 5260 1572 5309 nostra:
1588 5252 1746 5309 simi-

118 5335 218 5395 tem
246 5341 520 5404 putemus
547 5337 1047 5408 Deum,quoniam
1101 5338 1306 5395 lumen
1336 5342 1500 5412 quod
1534 5342 1747 5398 illumi-

120 5426 223 5487 nat,
246 5421 786 5497 incomparabiliter
798 5425 1171 5484 excellentius
1183 5435 1270 5484 est
1294 5429 1395 5486 illo
1408 5431 1570 5503 quod
1616 5432 1749 5487 illu-

128 5645 137 5649 “
174 5642 190 5674 ⁸
217 5644 397 5695 Abest.
416 5647 549 5711 justo
577 5646 761 5701 aCod.
797 5646 872 5697 bt.
907 5650 963 5698 et
991 5648 1211 5714 aliquod
1241 5650 1382 5701 aliis.

3404 139 3512 201 462

1861 262 2146 329 minatur;
2160 268 2386 336 quanto
2404 264 2600 335 magis
2618 263 3075 336 caverioportet,
3094 279 3168 321 ne
3180 265 3405 339 aliquid
3425 268 3511 324 in-

1857 351 2039 407 ferius
2059 356 2117 407 et
2145 353 2602 424 quodammodo
2628 352 3027 409 decoloratius
3050 368 3189 409 eum
3221 370 3352 411 esse
3384 372 3505 413 cre-

1856 440 2098 512 damus,
2133 458 2318 515 quam
2344 448 2433 498 est
2463 449 2665 499 nostra
2686 442 2917 513 justitia
2945 441 2958 497 l
2986 442 3139 507 Quid
3170 448 3261 499 est
3307 451 3509 502 autem

1857 529 2021 586 aliud
2040 530 2289 601 justitia,
2317 547 2455 587 cum
2475 533 2534 587 in
2565 530 2742 587 nobis
2764 535 2870 594 est,
2896 530 2988 587 vel
3013 530 3293 603 quaslibet
3322 533 3509 590 virtus

1856 635 1973 691 qua
1987 626 2143 676 recte
2158 621 2579 691 sapienterque
2604 620 2841 686 vivitur,
2862 636 3048 692 quam
3094 621 3390 676 interioris
3404 621 3512 679 ho-

1856 708 2037 764 minis
2066 709 2447 781 pulchritudo
2478 710 2507 764 ?
2533 712 2598 765 Et
2627 714 2783 765 certe
2823 708 3160 764 secundum
3189 709 3346 766 hanc
3378 710 3511 783 pul-

1854 796 2254 854 chritudinem
2278 799 2470 868 magis
2498 813 2685 870 quam
2727 798 3063 855 secundum
3101 813 3339 870 corpus,
3370 799 3509 856 facti

1855 901 2069 942 sumus
2095 886 2175 941 ad
2197 887 2522 956 imaginem
2556 885 2688 941 Dei:
2720 884 2879 941 unde
2919 884 3094 940 nobis
3133 885 3368 952 dicitur,
3397 886 3507 944 No-

1855 975 1955 1030 lite
1984 975 2323 1047 con/armari
2352 975 2480 1030 huic
2508 974 2723 1041 smculo,
2748 973 2837 1029 sed
2862 974 3248 1046 reformamini
3278 975 3337 1029 in
3358 976 3507 1031 novi-

1853 1070 1961 1118 tate
1992 1064 2183 1120 mentis
2208 1071 2419 1130 vestras,
2450 1064 2522 1119 ad
2548 1062 2888 1135 probandum
2910 1080 2995 1118 vos
3022 1080 3139 1134 quae
3159 1063 3232 1119 sit
3246 1065 3507 1121 voluntas

1852 1153 1979 1219 Dei,
1993 1154 2137 1225 quod
2156 1153 2346 1209 bonum
2358 1161 2410 1211 et
2424 1153 2546 1210 bene
2558 1154 2818 1225 placitum
2831 1158 2880 1208 et
2893 1154 3202 1224 perfectum
3218 1153 3505 1224 (Rom.xu,

1852 1242 1936 1314 2).
1959 1241 2018 1296 Si
2039 1258 2180 1312 ergo
2194 1257 2313 1298 non
2327 1243 2386 1298 in
2399 1241 2557 1299 mole
2570 1257 2765 1314 neque
2786 1242 2847 1298 in
2860 1241 3224 1298 distantibus
3244 1257 3349 1312 per
3375 1242 3509 1298 loca

1852 1346 1961 1387 sua
1974 1330 2266 1403 partibus,
2280 1330 2429 1387 sicut
2443 1347 2697 1404 corpora
2720 1331 2843 1387 sive
2863 1335 3184 1386 cernuntur
3202 1330 3323 1386 sive
3345 1331 3508 1401 cogi-

1852 1422 2073 1486 tantur,
2106 1420 2209 1476 sed
2239 1420 2299 1475 in
2313 1419 2526 1477 virtute
2542 1418 2915 1491 intelligibili,
2946 1419 3145 1490 qualis
3160 1419 3505 1491 estjustitia,

1851 1512 2114 1565 mentem
2137 1509 2419 1574 dicimus,
2447 1525 2551 1565 seu
2600 1508 2899 1573 novimus,
2935 1524 3042 1563 seu
3074 1508 3353 1564 volumus
3380 1508 3508 1579 pul-

1852 1597 2080 1660 chram,
2114 1603 2171 1654 et
2208 1598 2543 1655 secundum
2573 1597 2732 1654 hanc
2790 1596 3297 1669 pulchritudinem
3328 1596 3508 1653 refor-

1852 1702 2095 1743 mamur
2120 1687 2198 1744 ad
2230 1687 2555 1759 imaginem
2583 1686 2713 1742 Dei:
2746 1685 3015 1759 profecto
3048 1686 3235 1758 ipsius
3278 1685 3377 1741 Dei
3409 1686 3509 1759 qui

1850 1791 1962 1832 nos
1993 1775 2273 1832 formavit
2301 1780 2360 1833 et
2396 1776 2680 1833 reformat
2702 1774 2780 1832 ad
2803 1774 3128 1848 imaginem
3155 1790 3353 1841 suam,
3384 1790 3509 1831 non

1851 1865 1911 1921 in
1927 1864 2127 1937 aliqua
2141 1865 2286 1921 mole
2300 1880 2588 1937 corporea
2601 1863 2968 1936 suspicanda
2983 1868 3073 1920 est
3094 1863 3502 1935 pulchritudo;

1851 1953 2070 2026 eoquej
2082 1960 2347 2009 ustorum
2370 1952 2670 2009 mentibus
2684 1952 3019 2008 credendus
3035 1957 3122 2008 est
3138 1952 3505 2024 incompara-

1848 2042 2044 2099 biliter
2057 2042 2503 2116 pulchrior,quo
2517 2045 2605 2097 est
2616 2040 3163 2113 incomparabiliter
3172 2041 3191 2112 j
3205 2042 3389 2098 ustior
3402 2041 3500 2113 (a).

1854 2132 1989 2188 Haec
2027 2130 2404 2188 dilectionem
2432 2137 2618 2198 tuam,
2633 2138 2927 2203 quantum
2951 2130 3028 2187 ad
3044 2130 3332 2187 usitatum
3348 2132 3502 2203 epis-

1851 2222 2105 2278 tolarum
2153 2220 2402 2276 modum
2429 2220 2654 2285 attinet,
2692 2218 2978 2291 prolixius
3016 2219 3267 2275 forsitan
3313 2235 3503 2293 quam

1851 2309 2545 2383 exspectabas;quantum
2560 2312 2761 2364 autem
2774 2308 2852 2365 ad
2868 2312 2987 2365 tam
3006 2323 3232 2379 magnae
3247 2309 3330 2365 rei
3342 2325 3505 2382 quae-

1852 2399 2128 2463 stionem,
2169 2398 2426 2454 breviter
2465 2398 2857 2455 admonuisse
2910 2397 3213 2455 suffecerit
3245 2413 3257 2454 :
3286 2414 3409 2455 non
3443 2402 3506 2456 ut

1850 2488 1994 2545 satis
2044 2487 2119 2543 sit
2148 2486 2463 2543 eruditioni
2503 2491 2636 2552 tum,
2666 2486 2772 2543 sed
2813 2490 2878 2543 ut
2908 2485 3037 2542 aliis
3067 2502 3309 2560 quoque
3336 2486 3503 2543 lectis

1848 2577 1942 2634 vel
1968 2577 2183 2633 auditis
2210 2576 2523 2647 diligenter
2567 2576 2910 2645 instructus,
2944 2576 3070 2649 ipse
3122 2576 3364 2633 uberius
3405 2580 3507 2633 tua

1850 2683 2023 2722 secus
2036 2666 2195 2722 dicta
2216 2665 2541 2737 redarguas
2556 2680 2571 2732 ;
2586 2664 2752 2739 quod
2767 2669 2854 2723 est
2868 2665 3072 2739 utique
3086 2669 3254 2722 tanto
3268 2664 3501 2729 melius,

1847 2761 2076 2830 quanto
2097 2755 2165 2811 fit
2191 2754 2477 2812 humilius
2504 2759 2559 2811 et
2584 2754 2844 2811 ﬁdelius.

2311 2877 2645 2933 EPISTOLA
2685 2876 2853 2932 CXXI
2885 2876 2902 2893 '
2939 2874 3038 2945 (ὁ).

1846 2992 2118 3050 Paulinus
2145 2991 2394 3049 Nolensis
2423 2992 2698 3064 episcopus
2726 2990 3034 3061 Augustino
3058 2991 3317 3071 proponit
3343 3007 3500 3063 quar-

1916 3083 2113 3136 stiones
2136 3081 2365 3153 aliquot,
2376 3082 2621 3152 primum
2642 3079 2704 3134 de
2721 3080 2978 3147 Psalmis,
3003 3078 3190 3135 tumde
3212 3079 3494 3152 Apostolo,

1917 3178 1967 3227 et
1994 3171 2065 3226 ad
2092 3178 2391 3227 extremum
2420 3170 2481 3226 de
2512 3168 2829 3241 Evangelia.

1920 3300 2072 3354 CAP.
2102 3297 2386 3354 PRIMUM.
2424 3328 2484 3338 —
2508 3298 2560 3351 1.
2594 3296 2672 3352 De
2700 3296 2884 3367 paucis
2898 3310 3171 3368 quaenunc
3176 3296 3293 3367 jam
3317 3295 3500 3351 adna-

1846 3404 1961 3444 vem
1985 3394 2232 3442 currente
2247 3388 2559 3442 litterarum
2568 3386 2865 3457 perlatore,
2879 3392 2927 3439 et
2943 3385 3079 3439 mihi
3095 3385 3155 3439 in
3168 3384 3276 3457 ipsi
3279 3402 3338 3440 us
3348 3384 3479 3457 festi
3482 3416 3501 3428 -

1846 3477 2062 3534 natione
2070 3477 2392 3547 properanti
2404 3477 2465 3531 in
2480 3482 2707 3531 mentem
2720 3480 3068 3540 venerunt,ne
3083 3475 3195 3529 sine
3206 3474 3501 3530 corollario

1846 3566 1985 3623 mihi
2002 3565 2265 3622 rescribas
2275 3566 2481 3637 ,aliqua
2490 3582 2807 3639 proponam:
2819 3580 2935 3635 qum
2948 3563 2997 3618 si
3004 3563 3145 3634 forte
3162 3564 3342 3619 lucida
3351 3571 3499 3631 sunt,

1847 3664 1897 3712 et
1910 3654 2324 3711 mihividentur
2342 3654 2586 3719 obscura,
2606 3671 2755 3709 nemo
2764 3653 3093 3724 prudentum
3108 3653 3370 3724 ﬁliorum,
3406 3654 3503 3725 qui

1843 3744 1990 3817 forte
2015 3744 2077 3797 de
2102 3744 2301 3798 nostris
2328 3745 2385 3798 in
2418 3743 2553 3797 hora
2573 3741 2910 3798 Iectiunculav
2931 3741 3250 3812 hujuscirca
3276 3750 3323 3796 te
3342 3749 3503 3797 stete-

1845 3837 1988 3903 rint,
2014 3834 2076 3888 de
2098 3832 2419 3903 insipientia
2448 3848 2564 3886 mea
2597 3831 2795 3898 rideat,
2828 3830 2916 3884 sed
2940 3830 3119 3900 potius
3141 3829 3501 3885 benevolentia

1845 3925 2112 3996 fraternae
2133 3921 2422 3980 charitatis
2433 3920 2612 3990 [aveat
2642 3918 2981 3982 instruendo,
2997 3921 3057 3972 ut
3082 3918 3501 3989 efﬁciarviden-

1846 4014 1983 4070 tium
2012 4014 2288 4085 particeps
2316 4017 2367 4066 et
2393 4027 2459 4065 ea:
2485 4008 2737 4064 doctrina
2760 4014 2855 4062 tua
2886 4006 3211 4062 illuminatis
3236 4007 3501 4063 mentibus

1844 4102 2311 4159 considerantium
2340 4098 2624 4155 mirabilia
2653 4097 2715 4152 de
2742 4096 2851 4168 lege
2887 4096 3124 4151 Domini.

1918 4197 1970 4249 2.
2016 4195 2123 4251 Dic
2152 4208 2275 4263 ergo
2306 4189 2460 4254 mihi,
2494 4188 2759 4243 benedicte
2808 4186 2991 4241 doctor
3016 4186 3217 4251 Israel,
3260 4185 3391 4256 quid
3429 4186 3503 4240 sit

1845 4282 1983 4354 quod
2011 4282 2220 4337 dicitur
2247 4280 2304 4333 in
2338 4277 2540 4349 psalmo
2579 4276 2968 4347 decimoquinto
2999 4295 3017 4332 :
3046 4294 3074 4326 «
3104 4274 3316 4328 Sanctis
3336 4274 3503 4344 quiin

1846 4377 2003 4426 terra
2030 4377 2155 4425 sunt
2184 4370 2319 4440 ejus,
2344 4365 2658 4436 miriﬁcavit
2681 4381 2856 4420 omnes
2886 4363 3181 4417 voluntates
3205 4379 3328 4416 suas
3357 4365 3506 4415 inter

1846 4460 1987 4515 illos.
2019 4457 2401 4529 Multiplicatae
2425 4461 2549 4508 sunt
2571 4454 2713 4507 enim
2739 4452 3274 4522 inﬁrmitateseorum
3296 4472 3314 4517 ,-
3324 4457 3507 4519 postea

1847 4550 2309 4604 acceleraverunt.
2340 4564 2369 4595 »
2395 4543 2532 4608 Quos
2548 4542 2633 4595 ait
2657 4547 2880 4603 sanctos,
2899 4539 2992 4610 qui
3008 4539 3067 4591 in
3081 4542 3231 4591 terra
3248 4544 3508 4592 suntsan-

1848 4639 1927 4693 cli
1948 4637 1976 4692 ?
2004 4637 2151 4692 Num
2180 4634 2298 4688 illos
2326 4631 2560 4695 Iudaeos,
2587 4631 2681 4700 qui
2698 4628 2815 4699 ﬁlii
2843 4628 3026 4682 carnis
3048 4626 3310 4693 Abrahae,
3329 4633 3378 4681 et
3401 4643 3506 4681 non

1848 4727 1959 4799 ﬁlii
1982 4722 2419 4796 repromissionis
2450 4718 2871 4774 excluduntura
2891 4718 3085 4772 semine
3107 4715 3245 4787 quod
3271 4716 3331 4769 in
3352 4715 3509 4771 Isaac

1850 4823 2095 4872 vocatum
2115 4820 2190 4869 est
2222 4814 2395 4885 (Rom,
2426 4826 2499 4875 ιι,
2529 4807 2581 4873 8,
2614 4808 2827 4881 7),ideo
2854 4815 3065 4863 sanctos
3096 4807 3151 4862 in
3179 4812 3349 4870 terra,
3381 4808 3511 4877 quia

1849 4904 2027 4960 sancti
2047 4918 2240 4974 genere
2263 4898 2501 4963 carnali,
2524 4899 2636 4953 vita
2658 4905 2835 4953 autem
2846 4912 3111 4967 sensuque
3128 4896 3336 4951 terreni
3360 4902 3508 4957 sunt,

1851 4995 1946 5067 qui
1971 5001 2192 5048 terrena
2210 4990 2458 5062 sapiunt,
2490 4996 2538 5045 et
2559 4987 2777 5044 carnali
2797 4986 3141 5043 observantia
3164 4988 3219 5039 in
3248 4988 3509 5039 vetustate

1854 5085 2057 5139 litterae
2086 5087 2461 5137 consenescunt
2483 5096 2499 5145 ;
2524 5096 2627 5133 non
2657 5083 2989 5133 renascentes
3012 5077 3073 5128 in
3092 5090 3282 5128 novam
3301 5076 3512 5126 creatu-

1852 5173 2574 5245 ram,quianonreceperunt
2596 5185 2735 5233 eum,
2766 5184 2864 5238 per
2896 5181 3045 5236 quem
3076 5170 3253 5217 vetera
3286 5159 3512 5214 transieo

1916 5388 1945 5420 "
1975 5387 2246 5449 Castigata
2272 5383 2341 5432 ad
2370 5398 2425 5435 a.
2452 5381 2548 5449 bg.
2589 5379 2655 5429 bl.
2682 5379 2769 5427 bn.
2798 5392 2847 5449 (ξ.
2869 5390 2958 5449 Δσε.
3077 5388 3137 5449 g_.
3163 5388 3266 5449 ἓν.
3295 5388 3355 5449 p.
3391 5388 3432 5420 r.
3468 5387 3513 5421 s.

1856 5450 1935 5500 sb.
1960 5436 2046 5503 vc.
2084 5436 2243 5497 duost
2268 5450 2302 5494 t.
2336 5436 2569 5508 quatu'or
2595 5457 2643 5488 ν.
2676 5448 2727 5490 et
2762 5440 2829 5489 ad
2855 5440 2971 5486 Am.
3006 5436 3132 5487 Bad.
3163 5436 3252 5489 Er.
3294 5436 3417 5485 Lov.

1920 5531 1992 5590 (α)
2021 5529 2115 5576 Hic
2144 5526 2423 5575 desinebat
2451 5522 2833 5590 epistola_,quae
2864 5518 2992 5590 olim
3029 5518 3259 5590 (ει-τηρῇ.
3308 5580 3337 5590 Α
3406 5578 3415 5588 .

1892 5580 1990 5666 ,(ὺῷ
2022 5590 2286 5666 Alias-528:
2318 5601 2438 5653 qum
2462 5580 2645 5636 autem
2670 5580 2754 5632 121
2810 5586 2941 5638 erat,
2971 5595 3117 5630 nunc
3150 5581 3261 5629 130.
3307 5580 3517 5645 Scripta

1859 5655 1988 5707 circ.
2016 5666 2108 5705 an.
2133 5652 2255 5707 410.
