4074 6164
549 166 655 221 463
1826 144 1882 200 S.
1922 136 2218 197 AUGUSTI

2348 131 2666 189 EPISCOPI
2708 128 2711 131 ’
3817 136 3912 192 464

549 295 703 353 runt,
732 292 781 341 et
810 286 957 356 facta
994 284 1118 335 sunt
1154 291 1287 330 nova
1320 274 1348 327 γ
1384 271 1470 327 Sic
1512 270 1652 325 enim
1705 269 1848 341 forte
1902 285 1986 324 eos
2012 266 2071 321 in
2106 265 2197 319 hoc
2302 258 2662 356 cit‘dsemonia
2692 258 2802 356 nisi
2823 258 2883 356 in
2911 256 3201 356 Beelzebub
3221 256 3469 328 principe
3496 256 3859 356 daemoniorum
3887 282 3910 314 υ

551 346 753 449 psalmo
790 346 996 429 sanctos
1023 364 1275 438 appellat,
1306 360 1560 433 quomodo
1612 366 1659 414 et
1693 359 1753 413 in
1792 355 2086 427 Evangelia
2106 354 2199 424 ju-
2304 348 2521 449 (blatth.
2562 364 2660 413 xu,
2692 349 2805 417 24).
2841 348 3074 449 Propter
3110 347 3247 401 hanc
3289 353 3508 449 mentem
3539 346 3796 445 obdurato
3834 351 3915 405 im.

551 435 674 528 stos,
708 464 801 519 ubi
823 462 975 515 dicit.
1010 480 1038 508 «
1054 435 1196 511 Non
1220 469 1337 505 veni
1360 466 1544 504 vocare
1557 448 1837 519 justos,sed
1843 452 2147 517 peccatores
2166 461 2195 493 »
2304 440 2501 528 pietate
2515 444 2787 503 ctecatam,
2814 435 3199 507 multiplicate
3219 440 3344 490 sunt
3364 436 3714 506 inﬁrmitates
3736 444 3781 492 et
3801 445 3921 495 tene-

554 553 774 627 (Matth.
803 567 881 616 Ix,
911 546 1026 617 13);
1050 545 1106 599 id
1137 549 1214 598 est
1236 539 1663 610 illosjustos,qui
1685 536 2201 627 insanctitategene-
2307 527 2418 582 brae
2457 543 2661 627 eorum.

553 622 635 697 ris
647 640 895 696 etlittera
907 632 1406 707 Legisgloriantur:
1419 626 1884 699 quibusdicitur,«
1900 623 2081 679 Nolite
2094 622 2202 693 glo-

553 732 701 786 riari
714 730 772 783 in
786 734 938 799 patre
954 727 997 779 Α
1010 724 1229 777 braham
1238 738 1254 785 ;
1267 719 1397 791 quia
1403 725 1590 789 potens
1608 722 1681 770 est
1701 717 1836 769 Deus
1849 714 1911 768 de
1926 711 2203 784 lapidibus

552 822 673 876 istis
690 819 929 874 excitare
939 814 1079 886 ﬁlios
1092 812 1133 866 Α
1146 810 1327 863 ὁναΙιέιε
1344 826 1372 861 ››
1388 806 1500 879 (Id.
1521 822 1598 871 ιιι,
1614 805 1688 876 9).
1708 805 1945 870 Quorum
1955 803 2131 873 forma
2145 799 2204 853 in

554 911 597 965 il
604 911 651 965 lo
663 908 947 963 Pharisaeo
956 900 1304 975 proponitur,
1334 896 1427 968 qui
1434 896 1577 966 justi
1581 894 1684 949 tias
1708 910 1832 948 suas
1847 900 2099 963 tanquam
2112 906 2203 945 ne-

552 998 741 1054 scienti
768 995 997 1050 Domino
1032 988 1283 1051 recolens,
1326 983 1656 1057 prmdicabat
1707 983 1767 1037 in
1818 980 2010 1051 templo
2041 997 2060 1044 ;
2098 995 2204 1033 non

554 1103 717 1144 orans
747 1093 805 1141 ut
831 1082 1211 1147 exaudiretur,
1240 1076 1327 1131 sed
1343 1076 1560 1144 exigens
1580 1072 1737 1143 quasi
1759 1070 1989 1125 debitum
2013 1066 2208 1123 meriti

554 1194 653 1250 pro
693 1172 939 1246 operibus
976 1169 1123 1225 bonis
1150 1164 1387 1238 quidem,
1416 1162 1505 1217 sed
1528 1160 1763 1250 ingratis
1777 1159 1902 1222 Deo,
2068 1154 2206 1228 quod

544 1247 769 1338 justitia
790 1261 1173 1329 zediﬁcaverat,
1204 1252 1457 1325 superbia
1476 1249 1821 1305 destruebat:
1850 1264 1942 1303 nec
1970 1247 2207 1318 idipsum

554 1334 793 1421 silentio,
823 1350 920 1405 sed
937 1366 1052 1403 voce
1077 1344 1362 1405 clamabat,
1402 1348 1460 1396 ut
1474 1346 1761 1412 appareret
1792 1354 1907 1393 eum
1939 1353 2041 1391 non
2067 1334 2205 1389 divi-

554 1446 640 1501 nis
664 1443 893 1499 auribus
917 1438 1080 1509 loqui,
1117 1435 1211 1506 qui
1237 1441 1285 1488 et
1317 1431 1382 1486 ab
1396 1428 1697 1485 hominibus
1710 1426 2091 1491 velletaudiri;
2118 1431 2203 1479 at-

554 1550 651 1606 que
666 1533 779 1587 ideo
807 1546 912 1583 non
934 1526 1138 1598 placuit
1169 1523 1296 1586 Deo,
1324 1520 1452 1591 quia
1464 1517 1822 1590 placebatsibi
1839 1537 1859 1573 :
1886 1534 1914 1566 «
1936 1515 2206 1606 Quoniam

555 1604 850 1690 dissipavit
879 1616 1142 1672 Dominus
1159 1628 1273 1666 ossa
1300 1609 1573 1664 hominum
1593 1606 1699 1661 sibi
1709 1604 2055 1677 placentium.
2074 1604 2212 1657 Con-

557 1713 670 1785 fusi
688 1716 835 1773 sunt,
859 1725 888 1761 ›
910 1704 1109 1776 inquit,
1133 1724 1152 1751 ι
1168 1702 1296 1771 quia
1312 1701 1512 1769 sprevit
1534 1697 1692 1751 illos»
1711 1695 1880 1767 (Psal.
1901 1710 1993 1759 ιιι,
2026 1695 2099 1763 6),
2115 1691 2211 1765 qui

560 1817 652 1857 cor
681 1797 879 1855 humile
905 1802 950 1850 et
981 1790 1403 1849 contribulatum
1434 1804 1537 1841 non
1567 1785 1801 1857 spernit.

634 1907 686 1964 3.
714 1907 949 1975 Denique
980 1909 1027 1956 et
1052 1901 1109 1953 in
1136 1899 1252 1969 ipsa
1282 1893 1574 1965 Evangelii
1598 1891 1874 1965 parabola,
1890 1908 1994 1962 qua
2007 1889 2215 1944 Phari-

560 2000 661 2054 saei
684 2004 731 2052 et
767 1991 1052 2049 Publicani
1088 2002 1314 2060 persona
1342 1986 1640 2054 confertur,
1671 1981 1947 2036 evidenter
1983 1978 2212 2034 ostendit

562 2089 671 2160 ipse
702 2086 961 2141 Dominus
985 2078 1113 2150 quid
1153 2077 1209 2130 in
1253 2073 1462 2129 homine
1499 2070 1782 2142 suscipiat,
1822 2068 1952 2140 quid
1984 2068 2214 2139 repellat

563 2158 715 2250 (Luc.
748 2189 904 2237 xvm,
943 2170 1144 2236 10-14),
1175 2166 1313 2219 sicut
1346 2161 1611 2232 scriptum
1641 2166 1719 2214 est
1743 2160 1873 2230 quia
1903 2178 1930 2208 «
1965 2158 2105 2213 Deus
2128 2174 2215 2213 su-

554 2248 736 2338 perbis
748 2255 1275 2324 resistit,humilibus
1288 2260 1464 2306 autem
1479 2251 1572 2304 dat
1582 2250 1822 2320 gratiam
1840 2248 1987 2319 (Jac.
2010 2252 2168 2313 1v,6).
2187 2269 2214 2296 »

560 2335 685 2412 Ideo
707 2357 1044 2423 protestatur
1072 2345 1243 2415 magis
1259 2341 1625 2413 justiﬁcatum
1641 2338 1837 2391 abiisse
1857 2354 1881 2390 e
1896 2336 2087 2407 templo
2104 2335 2217 2389 Pu-

564 2443 833 2499 blicanum
861 2438 921 2492 de
947 2434 1273 2506 confessione
1291 2436 1631 2501 peccatorum
1646 2442 2051 2496 suorum,quam
2074 2424 2215 2479 Pha-

562 2534 785 2587 risaeum
798 2528 863 2582 de
894 2522 1248 2595 imputatione
1281 2518 1627 2587 justitiarum
1649 2530 1893 2568 suarum.
1920 2514 2104 2567 Merito
2119 2529 2215 2566 au-

568 2629 667 2675 tem
699 2619 795 2673 ille
821 2614 1077 2671 laudator
1096 2609 1202 2671 sui,
1233 2606 1552 2677 repudiatus
1574 2604 1820 2657 abscessit
1847 2621 1877 2654 a
1917 2602 2056 2672 [acie
2092 2600 2213 2669 Dei,

566 2710 661 2781 qui
688 2724 812 2762 cum
844 2705 961 2774 ipso
991 2699 1199 2755 nomine
1219 2696 1485 2767 peritiam
1509 2691 1983 2763 Legisprw/‘erret,
2013 2691 2216 2750 oblitus

566 2779 748 2870 fuerat
781 2797 841 2848 in
869 2791 1127 2863 propheta
1154 2782 1414 2841 dicentem
1448 2781 1737 2837 Dominum
1768 2801 1787 2837 :
1820 2800 1847 2832 «
1872 2779 2043 2850 Super
2063 2796 2217 2851 quem

574 2886 844 2951 habitabo,
874 2882 985 2937 nisi
996 2894 1159 2950 super
1188 2874 1462 2941 humilem,
1492 2880 1539 2927 et
1552 2872 1882 2943 quietum,et
1906 2878 2215 2925 trementem

567 2992 830 3035 sermones
856 2988 993 3028 meos
1015 2991 1042 3023 »
1087 2968 1243 3041 (Isai.
1258 2982 1402 3029 LXVI,
1436 2968 1489 3031 2)
1518 2962 1913 3018 71lleautemin
1929 2961 2219 3017 cordecon-

569 3071 706 3126 trito
726 3067 1102 3122 suiaccusator
1112 3057 1411 3126 accipitur,
1431 3060 1479 3109 et
1494 3052 1693 3108 obtinet
1706 3052 1915 3106 veniam
1935 3051 1996 3105 de
2013 3051 2219 3121 confes-

567 3161 645 3214 sis
660 3155 893 3229 peccatis
911 3158 1135 3223 propter
1156 3145 1395 3218 gratiam
1410 3142 1943 3207 humilitatis,sancto
1960 3140 2057 3195 illo
2079 3140 2221 3194 Pha-

568 3249 729 3303 riseeo
752 3243 952 3317 (quales
975 3238 1159 3294 Judwi
1175 3233 1353 3289 sancti
1374 3233 1546 3303 sunt),
1579 3235 1888 3301 reportante
1946 3230 2220 3284 sarcinam

569 3320 903 3409 peccatorum
914 3329 975 3382 de
980 3323 1251 3399 jactantia
1272 3320 1601 3375 sanctitatis.
1620 3318 1798 3388 Ipsius
1816 3320 2220 3373 nimirumsunt

567 3406 747 3498 torma
794 3418 975 3475 Judaei
1002 3414 1110 3478 illi,
1150 3413 1213 3465 de
1242 3410 1433 3481 quibus
1477 3406 1760 3477 Apostolus
1785 3407 1867 3460 ait
1896 3406 2033 3476 quod
2070 3422 2218 3460 suam

554 3495 843 3583 justitiam
872 3511 1107 3560 statuere
1137 3500 1425 3570 cupientes,
1454 3511 1571 3567 qua
1603 3512 1667 3549 ex
1688 3496 1827 3564 Lege
1854 3501 1951 3560 est,
1978 3495 2221 3565 justitiae

2380 622 2428 672 5.
2463 615 2563 670 Sed
2594 614 2725 686 quid
2752 622 2826 669 est
2864 614 3010 685 quod
3045 614 3147 669 ait.
3169 637 3190 664 ‹
3211 614 3830 671 Posteaacceleraverunt
3852 618 3877 672 ἵ
3896 637 3920 669 ι)

2314 706 2505 763 Utrum
2536 705 2595 759 in
2626 704 3015 775 paenitentiam,
3042 704 3187 759 sicut
3216 703 3310 758 illi
3332 705 3389 757 in
3423 702 3648 758 Actibus
3683 705 3927 775 Apostola

2308 811 2452 859 rum,
2493 794 2589 865 qui
2620 793 2759 849 beati
2786 792 2942 847 Petri
2966 791 3356 863 pradicatione
3383 792 3930 863 compuncti,credide-

2308 891 2446 940 runt
2472 883 2530 937 in
2555 899 2671 938 eum
2685 899 2834 954 quem
2854 881 3261 952 cruci/icerant,
3283 888 3333 936 et
3358 882 3678 952 festinantes
3694 887 3831 937 tanta
3852 901 3932 938 ex-

2308 975 2458 1046 piari
2473 979 2705 1043 peccato,
2733 970 2804 1026 ad
2830 971 3028 1026 donum
3070 971 3269 1041 gratim
3311 978 3687 1025 cucurrerunt
3724 971 3860 1043 (Act.
3883 988 3933 1039 ιι,

2315 1061 2625 1132 37-41)Ϋαη
2647 1076 2773 1115 vero
2797 1059 2927 1131 quia
2951 1059 3179 1114 virtutes
3199 1060 3398 1113 anim
3426 1075 3494 1113 ea:
3518 1058 3621 1130 ﬁde
3638 1065 3685 1113 et
3698 1058 3934 1115 charitate

2316 1150 2788 1215 Deiroborantur,
2803 1148 2919 1204 illis
2945 1148 3568 1220 impiisutroquevacuis
3588 1147 3934 1219 multiplicata

2310 1247 2436 1296 sunt
2451 1239 2800 1312 inﬁrmitates
2810 1238 3009 1293 animae
3020 1254 3088 1293 ex
3102 1238 3378 1309 impietate
3387 1236 3651 1292 scelerum
3667 1239 3938 1309 mortiferi,

2314 1328 2663 1401 languoribus
2691 1334 2964 1400 occupatae
2993 1328 3021 1379 ι’
3050 1327 3303 1383 Christus
3332 1326 3535 1381 etenim
3566 1326 3739 1380 lumen
3766 1334 3810 1381 et
3844 1330 3939 1382 vita

2312 1419 2643 1475 credentium
2667 1423 2818 1481 est,et
2840 1416 3048 1471 sanitas
3060 1417 3159 1471 sub
3182 1415 3373 1487 pennis
3398 1416 3546 1486 ejus:
3572 1414 3708 1469 unde
3727 1431 3826 1469 non
3851 1417 3940 1470 mi-

2313 1525 2438 1563 rum
2465 1508 2516 1562 si
2542 1514 2592 1562 et
2631 1505 2858 1561 tenebrae
2897 1512 2948 1561 et
2978 1504 3330 1577 inﬁrmitates
3363 1520 3555 1559 eorum
3586 1502 3939 1575 multiplicate

2312 1604 2438 1653 sunt
2464 1596 2523 1651 in
2550 1595 2958 1666 interitum,qui
2968 1601 3133 1649 vitam
3151 1601 3202 1649 et
3224 1594 3389 1649 lucem
3406 1611 3514 1648 non
3530 1601 3854 1665 receperunt,
3872 1610 3940 1648 ne-

2315 1703 2412 1760 que
2435 1684 2531 1741 sub
2556 1688 2749 1757 pennis
2793 1685 2908 1755 ejus
2945 1700 3166 1739 manere
3217 1683 3503 1738 voluerunt
3534 1704 3558 1753 ,-
3579 1698 3722 1753 quos,
3770 1690 3824 1736 ut
3850 1682 3940 1753 ipse

2315 1776 2453 1846 ﬂens
2480 1775 2541 1828 in
2570 1774 2870 1845 Evangelia
2896 1789 2997 1828 suo
3018 1777 3373 1844 protestatur,
3399 1787 3541 1843 saepe
3560 1769 3729 1826 voluit
3757 1787 3940 1841 congre-

2316 1880 2447 1936 gare
2474 1862 2570 1919 sub
2589 1863 2728 1918 allas
2746 1879 2892 1928 suas,
2911 1863 3050 1917 sicut
3079 1861 3292 1933 gallina
3317 1867 3609 1933 congregat
3628 1860 3803 1932 pullos
3824 1877 3939 1923 suos,

2317 1951 2902 2023 etnoluerunt(Matth.
2932 1951 3224 2023 xxm,37).
3253 1950 3657 2022 Multiplicatis
3675 1966 3793 2021 ergo
3812 1950 3939 2019 inﬁr-

2319 2041 2600 2097 mitatibus
2615 2040 3212 2113 quoacceleraverunt?
3230 2039 3398 2095 Forte
3426 2044 3487 2094 in
3517 2055 3727 2095 crucem
3752 2037 3940 2094 Domini

2318 2131 2777 2195 conclamandam,
2808 2137 2859 2185 et
2884 2130 3053 2185 invito
3091 2129 3271 2184 Pilato
3289 2128 3528 2199 nefariis
3557 2127 3763 2183 vocibus
3786 2134 3942 2183 extor-

2319 2220 2676 2292 quendam,ut
2700 2218 3064 2291 adimplerent
3084 2233 3392 2272 mensuram
3418 2225 3640 2289 patrum
3662 2233 3881 2281 suorum,
3894 2224 3940 2271 ut

2322 2311 2418 2365 isti
2448 2309 2738 2364 Dominum
2765 2307 3162 2379 Prophetarum
3189 2305 3514 2372 occiderent,
3542 2323 3764 2378 quorum
3786 2313 3941 2377 patres

2322 2398 2460 2470 ipsos
2475 2397 2774 2467 Prophetas
2787 2396 3194 2466 interfecerunt,
3210 2411 3244 2450 a
3254 2394 3450 2466 quibus
3462 2396 3557 2450 hic
3580 2394 3762 2449 mundi
3781 2392 3942 2449 Salva-

2324 2494 2408 2543 tor
2429 2503 2535 2542 esse
2563 2494 2826 2541 venturus
2836 2484 3220 2541 nuntiabatur.
3246 2485 3479 2540 «Postea
3504 2483 3946 2540 acceleraverunt:

2323 2576 2519 2632 veloces
2542 2576 2685 2630 enim
2699 2575 2853 2645 pedes
2892 2590 3073 2629 eorum
3100 2572 3172 2627 ad
3217 2573 3607 2643 effundendum
3632 2572 3935 2644 sanguinem.

2327 2665 2601 2722 Contritio
2628 2671 2683 2719 et
2712 2663 3015 2724 infelicitas
3029 2663 3089 2718 in
3112 2663 3216 2718 viis
3243 2679 3454 2729 eorum,
3487 2669 3539 2717 et
3554 2666 3696 2717 viam
3716 2663 3943 2733 pacisnon

2323 2759 2680 2826 cognoverunt
2711 2773 2739 2804 »
2766 2752 2939 2822 (Psal,
2959 2768 3081 2817 xm,
3103 2752 3181 2824 3),
3219 2751 3277 2807 id
3294 2760 3368 2808 est
3392 2752 3681 2810 Christum
3694 2752 3786 2823 qui
3804 2750 3940 2814 dicit,

2328 2863 2358 2896 α
2390 2843 2503 2914 Ego
2528 2859 2647 2897 sum
2674 2843 2814 2896 via»
2858 2841 3041 2913 (Joan.
3073 2857 3197 2906 xxv,
3223 2840 3301 2912 6).

2397 2932 2448 2987 6.
2483 2932 2549 2986 In
2569 2931 2913 3003 consequenti
2936 2930 3144 3001 psalmo
3164 2929 3312 2985 illud
3331 2929 3476 2983 mihi
3495 2930 3693 3001 exponi
3719 2927 3943 2992 desidero,

2326 3020 2457 3092 quid
2474 3020 2635 3083 dicat,
2672 3042 2699 3069 «
2730 3020 2805 3074 De
2833 3019 3156 3074 absconditis
3185 3020 3296 3074 tuis
3326 3018 3657 3089 adimpletus
3680 3025 3749 3072 est
3795 3022 3945 3071 venter

2326 3126 2527 3165 eorum.
2558 3109 2820 3165 Saturati
2841 3114 2965 3165 sunt
2984 3108 3230 3180 porcina,
3258 3127 3286 3159 ι)
3310 3108 3396 3162 vel
3414 3108 3559 3163 sicut
3590 3108 3649 3162 in
3669 3104 3943 3179 quibusdam

2320 3198 2609 3272 psalteriis
2630 3199 2892 3269 scriptum
2912 3197 3097 3264 audio,
3123 3218 3151 3250 α
3166 3199 3408 3252 saturati
3423 3204 3553 3251 sunt
3571 3197 3805 3269 ﬁliis(a),
3826 3202 3868 3250 et
3878 3210 3944 3247 re-

2328 3288 2609 3361 liquerunt
2632 3305 2749 3359 qum
2774 3290 3165 3359 super/uerunt
3192 3287 3442 3358 parvulis
3464 3287 3602 3343 suis.
3631 3308 3658 3337 ιο

2400 3385 2454 3434 7.
2479 3379 2685 3434 Rursus
2710 3378 2770 3432 in
2798 3377 2908 3432 alio
2945 3376 3148 3448 psalmo
3185 3376 3466 3431 admirari
3488 3376 3647 3443 soleo,
3672 3374 3863 3431 Filium
3887 3370 3944 3425 ad

2328 3468 2552 3524 Patrem
2602 3467 2751 3538 loqui
2807 3466 3133 3537 intelligens,
3185 3466 3247 3519 in
3290 3468 3502 3536 psalmo
3551 3462 3944 3536 quinquagesimo

574 3602 678 3657 Dei
714 3614 815 3653 non
856 3600 982 3649 sunt
1013 3587 1430 3660 subjecti(Rom.
1462 3602 1516 3651 x,
1540 3584 1614 3656 3),
1656 3599 1772 3654 quae
1794 3589 1868 3637 est
1887 3600 1952 3637 ex
1970 3582 2088 3652 ﬁde,
2103 3600 2221 3655 quae

574 3694 829 3761 reputata
867 3691 941 3739 est
966 3680 1118 3753 patri
1137 3685 1318 3733 nostra
1338 3674 1618 3730 Abraham
1632 3673 1702 3727 ad
1712 3672 2015 3743 justitiam,
2034 3689 2139 3727 non
2158 3689 2224 3727 ex

574 3777 823 3852 operibus
856 3773 963 3846 (Id.
989 3788 1063 3837 ιν,
1094 3774 1147 3835 2,
1181 3767 1258 3839 3),
1297 3768 1425 3837 quia
1449 3762 1731 3819 secundum
1773 3762 2222 3833 omnipotentiam

583 3851 685 3925 Dei
708 3863 939 3923 credidit
962 3861 1102 3916 Deo:
1130 3856 1278 3929 apud
1305 3870 1458 3926 quem
1482 3852 1577 3907 ille
1606 3868 1724 3906 vere
1744 3855 1926 3921 justus
1955 3858 2028 3906 est
2049 3851 2140 3921 qui
2162 3865 2227 3905 ea:

580 3944 681 4030 ﬁde
708 3956 877 4017 vivit;
899 3967 988 4005 nec
1011 3955 1224 4004 sanctus
1249 3946 1307 3999 in
1338 3951 1487 3999 terra
1501 3949 1595 4007 est,
1612 3941 1701 3996 sed
1728 3940 1787 3994 in
1806 3941 1952 4005 calo,
1973 3941 2109 4010 quia
2122 3956 2225 3994 non

579 4029 764 4114 carne,
786 4042 877 4097 sed
899 4039 1101 4111 spiritu
1129 4034 1403 4101 ambulat,-
1424 4031 1575 4101 cujus
1614 4030 1943 4084 conversatio
1993 4029 2050 4082 in
2072 4030 2227 4085 caelis

579 4144 699 4205 est;
729 4150 833 4187 non
862 4124 1154 4201 gloriantis
1184 4124 1243 4177 in
1271 4119 1688 4176 circumcisione
1712 4117 2088 4182 carnis,sedin
2118 4121 2223 4173 cir-

576 4222 896 4281 cumcisione
934 4215 1262 4282 cordis,quae
1296 4226 1399 4263 non
1430 4208 1639 4272 littera,
1655 4206 1747 4260 sed
1765 4206 1973 4276 spiritu
1996 4206 2012 4241 ¹
2036 4208 2228 4277 agitur

575 4309 959 4377 invisibiliter,-
986 4302 1127 4359 unde
1162 4300 1404 4369 lausejus
1441 4312 1547 4351 non
1576 4313 1642 4351 ea:
1664 4294 1973 4351 hominibus
2002 4303 2098 4359 est,
2138 4295 2231 4351 sed

578 4420 644 4460 eae
681 4400 813 4456 Deo.

652 4510 709 4564 4.
741 4502 941 4561 Deinde
959 4498 1096 4572 quod
1108 4495 1294 4569 jungit
1320 4490 1856 4558 ineodemversiculo,
1894 4511 1917 4543 ‹‹
1951 4491 2127 4548 Μίναδ
2150 4492 2229 4563 [ε-

577 4600 650 4656 cit
673 4597 972 4653 voluntates
1001 4605 1125 4645 suas
1156 4588 1298 4641 inter
1325 4585 1472 4651 illos,
1501 4603 1528 4635 »
1561 4582 1715 4637 credo
1728 4598 1793 4635 ex
1824 4598 1880 4636 eo
1908 4581 2069 4647 dicit,
2094 4580 2231 4653 quod

579 4692 713 4759 ipsas
729 4686 971 4757 primum
998 4682 1276 4735 lucernam
1296 4674 1450 4744 Legis
1478 4671 1735 4736 accendit,
1770 4677 1819 4725 et
1846 4677 2116 4741 precepta
2143 4671 2230 4724 vi-

580 4777 737 4834 vendi
758 4774 924 4829 dedit.
950 4792 977 4820 «
1006 4771 1197 4831 Notas,
1240 4786 1268 4814 »
1310 4765 1471 4827 enim,
1499 4762 1695 4832 inquit,
1733 4782 1760 4809 «
1790 4761 1929 4831 fecit
1951 4761 2068 4814 vias
2106 4775 2230 4814 suas

581 4865 777 4937 Moysi,
810 4870 859 4917 et
897 4860 1031 4931 ﬁliis
1061 4855 1235 4912 Israel
1266 4853 1567 4907 voluntates
1602 4868 1727 4905 suas
1755 4869 1782 4900 »
1815 4850 1985 4920 (Psal.
2016 4864 2109 4914 cu,
2138 4846 2219 4921 7).

581 4954 790 5013 Deinde
802 4953 975 5024 ipsum
986 4945 1327 5019 pietatissuze
1339 4948 1731 4995 sacramentum
1748 4940 1807 4992 in
1839 4938 1968 5009 ipsis
1980 4943 2230 5008 operatus

579 5056 676 5111 est,
704 5051 863 5100 natus
885 5041 945 5093 in
964 5052 1125 5092 carne
1141 5050 1205 5087 ea:
1235 5032 1449 5102 virgine
1467 5030 1610 5083 Deus
1638 5028 1696 5081 in
1724 5032 1873 5098 gente
1902 5029 2163 5097 ipsorum,
2182 5033 2230 5081 et

579 5139 640 5193 de
670 5150 830 5191 carne
863 5133 1099 5202 ipsorum
1124 5123 1302 5193 factus
1334 5137 1399 5175 ea:
1416 5119 1613 5174 semine
1647 5116 1823 5170 David
1837 5115 2020 5171 homo:
2043 5116 2230 5171 deinde

579 5229 807 5281 virtutes
820 5223 1144 5279 sanitatum,
1172 5228 1301 5283 quas
1316 5213 1371 5264 in
1386 5209 1521 5279 ipsis
1543 5214 1594 5261 et
1611 5222 1797 5260 coram
1824 5206 1956 5275 ipsis
1967 5205 2219 5276 perfecit.

583 5316 688 5381 Qui
713 5330 811 5385 per
837 5312 947 5365 hac
971 5324 1073 5362 non
1115 5302 1264 5358 modo
1293 5298 1527 5354 creditus
1548 5302 1777 5385 nonest,
1804 5295 1899 5349 sed
1915 5302 1962 5348 et
1986 5295 2232 5365 blasphe-

584 5383 755 5457 matus
793 5406 865 5454 est
905 5398 970 5451 ab
1001 5396 1097 5457 eis,
1128 5408 1243 5448 cum
1274 5390 1535 5450 dicerent,
1576 5384 1883 5439 «Hichomo
1900 5386 1948 5437 si
1973 5401 2006 5437 a
2032 5383 2136 5438 Deo
2158 5401 2232 5438 es-

580 5498 674 5556 set,
696 5506 801 5543 non
831 5492 1048 5541 curaret
1073 5482 1306 5538 sabbatis
1328 5502 1345 5527 ι
1375 5478 1555 5549 (Joau.
1578 5491 1653 5543 1x,
1694 5474 1805 5540 l6);
1833 5480 1902 5537 et,
1938 5493 1965 5524 «
1993 5473 2230 5543 Noneji-

642 5682 659 5711 ι
693 5677 841 5731 LOV.,
870 5670 1077 5729 Spiritu
1108 5668 1217 5717 Dei.
1252 5668 1319 5716 At
1341 5665 1407 5715 ab
1428 5665 1545 5714 aliis
1565 5662 1692 5714 Cdd.
1728 5661 1881 5713 abest
1908 5661 2023 5718 Dei.

2328 3563 2527 3621 octavo,
2582 3556 2673 3611 ubi
2726 3556 2788 3609 de
2842 3553 3054 3609 Iudaeis
3128 3554 3390 3619 inimicis,
3457 3553 3521 3609 de
3577 3554 3762 3626 quibus
3805 3564 3943 3621 supra

2328 3645 2565 3710 dixerat,
2596 3664 2625 3695 «
2666 3645 2802 3700 Ecce
2822 3645 2928 3715 ipsi
2950 3643 3241 3715 loquentur
3260 3644 3318 3697 in
3342 3660 3431 3697 ore
3457 3659 3575 3708 suo,
3608 3649 3657 3698 et
3683 3640 3876 3714 gladius
3898 3637 3945 3691 in

2331 3734 2490 3789 labiis
2510 3750 2710 3804 eorum,
2740 3754 2766 3785 »
2789 3733 2956 3804 paulo
2974 3732 3124 3803 infra
3142 3732 3299 3797 dicit,
3325 3752 3353 3785 «
3374 3732 3458 3788 Ne
3478 3732 3739 3788 occideris
3760 3745 3853 3794 eos,
3873 3744 3948 3783 ne-

2330 3823 2539 3896 quando
2556 3823 2952 3878 obliviscantur
2963 3822 3118 3893 Legis
3133 3829 3265 3876 tuae.
3284 3821 3547 3893 Disperge
3558 3821 3679 3877 illos
3702 3822 3756 3875 in
3775 3819 3946 3873 virtute

2334 3919 2447 3977 tua,
2479 3920 2528 3968 et
2548 3912 2760 3968 destrue
2776 3929 2879 3976 eos,
2906 3911 3152 3967 Domine.
3182 3932 3208 3961 »ι
3239 3911 3389 3977 Quod
3429 3911 3488 3966 in
3520 3911 3604 3967 his
3632 3926 3784 3981 usque
3805 3906 3945 3962 inho-

2332 4003 2583 4057 diernum
2612 4002 2750 4056 diem
2778 4000 3019 4055 videmus
3050 4000 3270 4072 impleri
3295 4017 3307 4053 :
3333 3988 3610 4055 destructi
3630 4005 3749 4054 sunt
3777 3996 3898 4052 enim
3920 4007 3946 4045 α

2334 4093 2511 4149 veteri
2518 4108 2616 4146 sua
2627 4090 2947 4162 gloria,sine
2958 4090 3148 4161 templo
3159 4096 3209 4144 et
3220 4090 3339 4144 sine
3348 4088 3718 4161 sacriﬁciis.ac
3727 4087 3834 4142 sine
3842 4084 3947 4139 Pro-

2329 4182 2509 4255 phetis
2528 4183 2584 4236 in
2603 4180 2843 4235 omnium
2861 4180 3103 4251 gentium
3124 4179 3457 4250 dispersione
3474 4175 3831 4234 viventes.Sed
3841 4170 3948 4245 quid

2334 4272 2609 4327 miramur
2631 4269 2769 4341 quod
2788 4269 2905 4340 jam
2936 4286 3034 4339 per
3057 4268 3383 4339 Prophetam
3394 4284 3495 4339 pro
3510 4268 3588 4323 eis
3618 4283 3718 4323 non
3743 4263 3948 4321 occiden-

2335 4360 2420 4415 dis
2451 4359 2696 4431 rogabat,
2718 4376 2816 4430 pro
2828 4357 3017 4429 quibus
3031 4358 3187 4412 etsub
3200 4358 3313 4428 ipso
3346 4363 3582 4429 tempore
3598 4352 3945 4429 passianisjam

2336 4450 2407 4504 ad
2426 4466 2632 4505 crucem
2642 4465 2762 4503 eum
2792 4447 3105 4502 ducentibus
3131 4446 3476 4518 precabatur,
3496 4447 3681 4502 dicens
3696 4465 3716 4503 :
3748 4463 3773 4496 α
3788 4442 3945 4504 Pater,

2334 4540 2544 4595 dimitte
2573 4539 2687 4602 eis;
2709 4554 2817 4592 non
2850 4537 2993 4592 enim
3016 4536 3566 4608 sciuntquid/aciunt
3598 4558 3622 4587 ι
3643 4532 3787 4597 (Luc.
3812 4540 3945 4591 xxm,

2337 4630 2430 4699 34)
2461 4629 2489 4683 Ῡ
2527 4628 2724 4685 Verum
2756 4627 2893 4698 quod
2920 4626 3147 4696 adjecit,
3173 4648 3199 4675 «
3235 4626 3574 4697 Neunquam
3600 4624 3947 4680 obliviscantur

2338 4718 2495 4787 Legis
2519 4731 2647 4781 tuas,
2681 4734 2709 4767 »
2724 4721 2980 4785 tanquam
2990 4720 3215 4784 propter
3244 4712 3337 4767 hoc
3361 4712 3663 4767 necessaria
3682 4715 3800 4766 esset
3814 4704 3946 4761 etiam

2336 4804 2450 4859 sine
2478 4804 2580 4875 ﬁde
2608 4802 2897 4874 Evangelii
2922 4803 3031 4857 vita
3062 4817 3267 4866 eorum,
3295 4801 3582 4856 obscurum
3611 4798 3749 4854 mihi
3775 4797 3944 4866 fateor.

2342 4894 2484 4961 Quid
2512 4894 2654 4947 enim
2679 4893 2763 4947 his
2791 4892 2861 4946 ad
2883 4890 3131 4958 salutem,
3163 4906 3280 4962 quae
3298 4889 3410 4945 sola
3426 4889 3530 4960 ﬁde
3549 4887 3823 4961 queritur,
3842 4895 3947 4953 pro-

2339 4982 2458 5037 dest
2488 4982 2710 5053 inLegis
2735 4982 2991 5036 memoria
3006 4988 3055 5035 et
3068 4980 3421 5035 meditatione
3452 4978 3663 5034 versari
3687 4995 3699 5046 ;
3723 4971 3946 5044 nisi/arte

2333 5077 2556 5144 propter
2575 5073 2821 5126 honorem
2852 5071 3009 5141 Legis
3040 5071 3238 5141 ipsius,
3262 5068 3343 5124 vel
3373 5071 3587 5140 generis
3609 5064 3882 5125 Abraham,
3899 5061 3948 5111 ul

2337 5162 2733 5233 etiaminparte
2755 5168 2975 5216 terrena
2993 5160 3234 5215 carnalis
3255 5158 3475 5213 seminis
3486 5160 3620 5228 ejus,
3644 5170 3754 5228 quae
3768 5150 3949 5207 videtur

2336 5251 2623 5307 secundum
2642 5266 2863 5305 arenam
2886 5250 3055 5303 maris
3071 5248 3398 5321 computari,
3424 5248 3577 5319 Legis
3595 5247 3816 5315 antiqua
3832 5238 3948 5293 litte-

2340 5359 2405 5397 ra
2415 5348 2730 5413 perseveret,
2765 5357 2827 5395 ne
2854 5340 2996 5410 forte
3018 5339 3192 5410 aliqui
3212 5338 3429 5409 legendo
3470 5338 3654 5409 Legem
3680 5328 3950 5389 illuminen-

2339 5439 2435 5487 tur
2461 5432 2531 5486 ad
2553 5431 2715 5502 ﬁdem
2749 5430 2980 5495 Christi,
3008 5431 3102 5501 qui
3121 5436 3169 5484 et
3198 5429 3364 5500 Legis
3393 5434 3442 5482 et
3455 5427 3827 5499 Prophetarum
3844 5413 3945 5489 ﬁni!

2400 5602 2469 5663 (a)
2502 5600 2647 5656 Uidn,
2664 5601 2803 5658 ﬁliis,
2829 5602 2952 5658 uan,
2974 5598 3161 5650 suibus
3185 5599 3545 5664 Hieronymus
3566 5601 3737 5649 tamen
3787 5600 3847 5641 ex
3866 5582 3949 5633 ΗΘ·

2338 5664 2479 5717 δι’ωο
2511 5668 2683 5723 vertit,
2712 5664 2896 5716 Falsis.
