4074 6164
162 226 251 281 465

1342 229 1429 287 ΕΡ
1439 230 1862 290 ISTOLARUM
1902 236 2187 297 CLASSIS
2227 242 2295 297 II.

156 359 234 416 est,
263 354 309 405 et
334 351 389 405 in
402 349 643 407 omnibus
665 365 846 407 eorum
872 350 1037 410 libris
1050 355 1437 426 praeﬁguratus
1462 372 1524 412 ac
1542 356 1775 428 prophe-

3434 256 3539 311 466

1882 368 2060 418 autem
2092 364 2424 422 charissimi
2447 376 2667 439 propter
2685 376 2869 439 patres
2898 391 2921 421 ιι
2948 372 3126 442 (Rom.
3152 390 3230 441 xx,
3256 378 3381 448 '28):
3410 396 3534 450 quo-

156 448 279 495 tatus
304 438 463 493 elucet
490 438 643 532 ?_aut
670 441 802 511 quia
826 457 891 495 ex
917 442 1049 532 ipsis
1074 444 1264 515 impiis
1292 461 1476 501 eorum
1496 446 1773 516 generatio
1880 450 2037 505 modo
2076 454 2239 509 iidem
2278 461 2329 510 et
2366 438 2583 512 inimici
2613 438 2829 529 propter
2855 438 2967 526 nos,
3000 464 3096 532 qui
3117 438 3445 522 credidimus
3470 487 3535 524 ex

152 536 351 586 ventura
384 534 459 583 est
493 529 803 595 electorum,
827 531 924 602 qui
938 531 1000 585 de
1014 532 1247 604 singulis
1258 534 1505 589 tribubus
1525 536 1769 590 elec'i.in

1881 538 2136 595 Gentibus
2163 550 2418 616 tanquam
2448 562 2554 599 non
2600 549 2880 615 potuerint
2932 549 3118 604 Gentes
3146 554 3379 620 credere,
3422 559 3533 614 nisi

145 617 376 673 duodenis
397 617 644 706 millibus
668 618 1021 691 designantur
1050 620 1238 692 (Apoc.
1266 639 1361 688 νιι,
1386 623 1516 692 5-8)
1537 645 1560 693 ;
1578 624 1771 694 quibus
1876 626 2059 684 Judwi
2078 647 2189 685 non
2212 634 2567 688 credidissent
2591 652 2611 699 ;
2632 642 2727 689 aut
2749 636 2860 706 ipse
2887 655 3024 692 unus
3050 641 3285 696 omnium
3317 617 3531 701 creator

145 712 243 781 ipsa
268 705 518 761 revelatio
530 706 672 762 beati
680 709 817 763 Joun
826 710 909 764 nis
920 727 988 765 ex
1000 727 1120 765 voce
1132 713 1176 767 A
1187 711 1332 783 ngeli
1341 713 1770 783 prmnuntiantis

144 798 220 852 hoc
240 796 599 852 testimonium
612 797 869 868 perhibet,
899 801 1025 870 quia
1056 801 1340 856 comitatui
1386 803 1527 872 regis
1561 802 1765 857 mterni

137 885 461 957 familiarius
471 885 829 942 adhaerebunt
852 888 1070 959 penitus
1082 890 1437 956 immaculati,
1453 896 1502 945 et
1517 891 1765 946 humanae

137 974 497 1046 coniunctionis
528 976 819 1046 expertes?
845 976 909 1032 de
930 978 1123 1049 quibus
1142 979 1452 1050 specialiter
1476 980 1557 1034 ait
1588 1000 1607 1036 :
1633 1003 1659 1029 α
1677 979 1764 1034 Se-

139 1070 358 1137 quuntur
370 1063 415 1118 A
422 1080 588 1135 gnum
600 1081 927 1137 quocumque
940 1066 1092 1133 ierit,
1107 1068 1236 1138 quia
1247 1085 1365 1123 cum
1382 1068 1607 1124 mulieri
1610 1068 1703 1123 bus
1710 1086 1765 1127 se

138 1171 223 1209 non
243 1142 725 1225 coinquinaverunt
742 1175 765 1225 ;
784 1157 1026 1227 virgines
1045 1160 1183 1211 enim
1209 1164 1335 1213 sunt
1367 1178 1391 1207 ι
1426 1157 1532 1229 (Id.
1550 1173 1665 1223 xxv,
1679 1158 1758 1229 4).

191 1253 235 1306 8.
265 1251 325 1305 In
352 1251 680 1323 sexagesimo
706 1254 931 1323 septimo
960 1261 1162 1324 praeter
1186 1255 1303 1309 alia
1331 1254 1472 1309 illud
1504 1255 1644 1309 mihi
1664 1254 1759 1310 ob-

133 1340 471 1395 scurissimum
493 1342 726 1414 estquod
744 1343 845 1408 ait,
872 1365 899 1393 ι(
937 1342 1318 1399 Verumtamen
1336 1344 1479 1399 Deus
1495 1360 1755 1416 conquas-

132 1430 246 1484 savit
261 1431 445 1499 capita
467 1430 819 1487 inimicorum
833 1448 1074 1497 suorum,
1089 1432 1339 1488 verticem
1358 1432 1533 1503 capili
1548 1450 1755 1503 peram-

133 1518 401 1574 bulantium
430 1519 491 1573 in
520 1519 735 1576 delictis
756 1520 870 1576 suis
909 1538 925 1578 :
964 1543 990 1569 »
1017 1521 1151 1592 quid
1170 1523 1244 1575 sit
1282 1523 1533 1577 verticem
1564 1522 1756 1593 capilli

130 1607 476 1679 perambulare
507 1609 568 1663 in
592 1608 823 1666 delictis.
853 1609 977 1667 Non
998 1611 1141 1665 enim
1167 1611 1336 1675 dixit,
1380 1611 1642 1667 Vertieem
1667 1628 1753 1667 ca-

130 1696 357 1767 pitis,sed,
387 1716 417 1747 ‹‹
444 1700 699 1755 verticem
715 1698 927 1771 capilli,
955 1720 979 1750 ιι
1004 1702 1099 1771 qui
1117 1700 1232 1755 sine
1248 1718 1408 1756 sensu
1430 1707 1527 1756 est.
1554 1703 1597 1755 Α
1612 1718 1646 1755 n
1666 1718 1725 1755 re

126 1786 297 1857 pletum
314 1788 549 1858 peccatis
570 1788 834 1843 hominem
855 1789 967 1844 vult
979 1789 1253 1844 ostendere
1271 1789 1298 1844 ?
1314 1789 1605 1861 Scriptum
1625 1797 1698 1845 est
1725 1806 1748 1846 .’

131 1894 150 1924 ι
177 1873 425 1930 Omnecor
453 1875 516 1931 in
542 1875 741 1941 dolore,
758 1894 793 1931 a
810 1876 1039 1948 pedibus
1064 1893 1231 1949 usque
1249 1877 1321 1932 ad
1336 1884 1501 1951 caput
1526 1900 1547 1927 ι
1585 1879 1743 1950 (Isai.

126 1980 153 2026 ι,
188 1964 255 2034 6).
285 1964 354 2019 Et
380 1964 554 2035 paulo
587 1965 742 2037 infra
768 1966 911 2038 quod
936 1967 1039 2032 ait,
1076 1989 1102 2015 »
1151 1967 1367 2039 Lingua
1409 1984 1603 2023 canum
1630 1975 1745 2023 tuo-

125 2070 221 2109 rum
247 2070 307 2108 ex
333 2054 583 2110 inimicis
624 2054 690 2109 ab
728 2055 858 2126 ipso.
903 2074 932 2108 ››
966 2056 1011 2110 Α
1046 2072 1146 2127 quo
1176 2058 1292 2128 ipso
1339 2056 1367 2111 ‘t
1405 2064 1454 2112 et
1483 2040 1747 2128 numquid

125 2158 247 2197 canes
268 2144 367 2198 Dei
381 2143 497 2199 dici
511 2150 735 2214 possunt
760 2144 1017 2207 Gentiles,
1046 2161 1174 2216 quos
1199 2146 1310 2216 ipse
1341 2146 1401 2199 in
1436 2146 1739 2216 Evangelia

123 2245 245 2285 canes
266 2232 507 2287 nominat
540 2233 767 2301 (Matth.
791 2248 887 2297 xv,
920 2233 1154 2291 26)?aut
1182 2251 1244 2289 ne
1262 2233 1411 2304 forte
1428 2237 1567 2305 ipsos
1584 2250 1739 2289 canes

123 2320 202 2374 Dei
223 2320 376 2387 dicat,
406 2323 599 2393 quales
622 2321 894 2377 aestimari
915 2330 1155 2394 possunt,
1198 2324 1248 2378 si
1286 2324 1379 2394 qui
1422 2323 1482 2377 in
1526 2324 1737 2378 nomine

117 2409 376 2465 christiano
402 2412 696 2483 gentiliter
714 2411 898 2467 vivant
920 2432 942 2482 ,-
959 2428 1187 2484 quorum
1200 2429 1331 2484 pars
1355 2429 1473 2468 cum
1500 2412 1736 2483 inﬁdeli-

119 2498 193 2554 bus
210 2501 446 2572 ponitur,
488 2501 623 2574 quia
651 2501 823 2558 Deum
837 2517 985 2573 quem
1016 2501 1189 2556 verbis
1219 2501 1421 2562 colunt,
1452 2502 1616 2573 factis
1644 2518 1735 2557 ne-

116 2598 217 2658 gant
235 2590 260 2643 ‘l

167 2686 301 2745 CAP.
336 2688 398 2743 ll.
434 2719 499 2729 —-
536 2688 596 2745 9.
635 2687 763 2745 Haec
793 2689 1017 2744 interim
1053 2687 1116 2743 de
1140 2688 1393 2753 Psalmis,
1431 2704 1573 2743 nunc
1601 2687 1739 2743 etde

114 2775 328 2847 Apostolo
380 2776 751 2849 quodcumque
795 2794 1105 2849 proponam.
1148 2778 1303 2832 Dicit
1342 2777 1420 2831 ad
1450 2778 1733 2848 Ephesios,

114 2865 220 2936 quod
246 2866 301 2921 in
318 2867 432 2922 alia
458 2867 719 2939 Epistola
741 2868 784 2938 (ῐ
817 2866 941 2922 Cor.
976 2882 1070 2937 xu,
1092 2870 1181 2939 28)
1212 2866 1426 2921 dixerat
1456 2866 1518 2921 de
1546 2866 1736 2938 gradi-

116 2955 189 3009 bus
219 2955 290 3010 vel
316 2956 608 3012 ordinibus
636 2956 1055 3028 dispositionum
1080 2956 1204 3021 Dei,
1231 2961 1484 3027 operante
1513 2954 1731 3027 Spiritu

112 3047 260 3100 sancto
284 3045 584 3101 divisiones
608 3046 914 3117 gratiarum
938 3065 957 3103 :
984 3046 1099 3100 «Et
1128 3048 1379 3117 quosdam
1404 3044 1615 3117 quidem
1642 3044 1729 3100 de-

113 3132 173 3188 dit
184 3135 441 3206 apostolos,
459 3134 720 3206 quosdam
736 3141 916 3190 autem
926 3135 1232 3206 prophetas,
1247 3135 1392 3190 alios
1405 3151 1527 3188 vero
1544 3135 1724 3188 Evan-

108 3222 303 3291 gelistas,
326 3224 460 3279 alios
498 3231 675 3280 autem
692 3231 931 3296 pastores
960 3230 1010 3279 et
1034 3224 1269 3279 doctores
1298 3224 1369 3277 ad
1394 3240 1722 3278 consumma-

107 3312 267 3368 tionem
289 3321 603 3369 sanctorum
628 3333 657 3365 η
681 3314 991 3385 (Ephes.1v,
1026 3318 1108 3381 11,
1134 3312 1244 3383 12),
1265 3318 1316 3368 et
1345 3312 1581 3383 reliqua.
1613 3310 1723 3367 Hoc

106 3408 199 3471 opto
217 3402 521 3474 distinguas
532 3403 669 3458 mihi
687 3407 743 3457 in
756 3404 852 3457 hac
873 3402 1194 3457 diversitate
1208 3402 1504 3465 nominum,
1516 3418 1633 3473 qua
1648 3402 1719 3457 sit

104 3491 255 3562 cuique
268 3494 477 3547 nomini
490 3491 789 3563 ofﬁciorum
804 3492 891 3546 vel
898 3492 1207 3563 gratiarum
1224 3490 1541 3563 proprietas
1551 3489 1720 3561 ‘lquid

103 3580 343 3650 proprium
368 3584 442 3636 sit
486 3580 881 3652 Apostolorum,
929 3581 1071 3652 quid
1112 3582 1534 3652 Prophetarum,
1587 3580 1719 3651 quid

100 3665 563 3741 Evangelistarum,
588 3669 720 3742 quid
744 3670 1051 3735 Pastorum,
1085 3669 1275 3741 quidve
1314 3671 1623 3724 Doctorum.
1650 3667 1715 3721 In

100 3757 306 3813 omnibus
340 3760 491 3814 enim
533 3757 619 3813 hic
654 3758 883 3813 diversis
912 3758 1219 3813 nominibus
1244 3757 1425 3813 simile
1469 3764 1522 3812 et
1550 3772 1713 3827 prope

98 3860 230 3901 unum
242 3846 505 3903 doctrinae
525 3847 764 3917 ofﬁcium
793 3846 950 3904 video
964 3847 1131 3919 fuisse
1152 3853 1467 3901 tractatum.
1498 3844 1606 3899 Hos
1616 3861 1712 3899 au-

100 3937 178 3988 tem
198 3936 482 4008 Prophetas
500 3953 628 4009 quos
637 3943 756 4008 post
780 3936 1061 4008 Apostolos
1084 3936 1279 4008 posuit,
1299 3952 1405 3990 non
1426 3941 1560 4006 puto
1584 3933 1711 3992 illos

97 4036 179 4077 esse
201 4025 288 4097 qui
320 4025 516 4081 ordine
556 4032 851 4096 temporum
875 4033 999 4081 ante
1039 4025 1317 4097 Apostolos
1340 4024 1585 4095 luerunt,
1620 4022 1709 4077 sed

98 4110 192 4166 illos
211 4114 390 4186 quibus
414 4116 529 4185 iam
557 4115 653 4170 sub
697 4116 971 4185 Apostolis
995 4131 1093 4185 per
1120 4115 1368 4185 gratiam
1399 4112 1711 4169 donabatur

95 4208 169 4256 aut
195 4202 575 4275 interpretatio
606 4203 1023 4276 Scripturarum
1052 4210 1100 4259 et
1132 4204 1391 4274 inspectio
1421 4204 1701 4268 mentium,

94 4298 169 4345 aut
188 4294 464 4363 praedictio
507 4291 761 4364 temporis
798 4293 1042 4348 secuturi
1066 4310 1085 4357 ;
1113 4300 1172 4348 ut
1198 4292 1417 4364 Agabus
1435 4290 1704 4358 cernebat,

94 4384 235 4451 quiet
257 4386 454 4456 famem
474 4388 765 4442 instantem
794 4384 1064 4457 praedixit
1084 4384 1228 4446 (Act.
1270 4399 1352 4448 xI,
1381 4385 1475 4453 28)
1507 4390 1558 4438 et
1589 4398 1706 4453 quae

93 4469 244 4529 beatus
266 4476 470 4531 Paulus
510 4477 571 4530 in
597 4474 950 4547 Jerosolgmis
984 4490 1247 4545 passurus
1276 4479 1429 4541 esset,
1462 4480 1512 4528 et
1550 4471 1707 4526 verbo

93 4559 425 4631 denuntiavit,
457 4572 507 4621 et
537 4564 691 4636 signo
718 4581 866 4620 zona
897 4566 1019 4633 ejus
1047 4562 1278 4617 ostendit
1317 4562 1425 4634 (Id.
1471 4578 1587 4626 xm,
1614 4560 1705 4626 10,

96 4651 181 4718 11).
208 4651 347 4708 Inter
373 4655 625 4709 Pastores
654 4653 968 4725 specialiter
991 4660 1039 4707 et
1065 4651 1315 4707 Doctores
1333 4651 1462 4721 quid
1482 4652 1706 4705 intersit

92 4735 356 4809 dignoscere
398 4742 536 4808 volo,
585 4743 715 4814 quia
764 4741 1073 4814 praepositis
1108 4740 1362 4796 Ecclesiae
1418 4746 1706 4810 utrumque

92 4842 248 4885 nomen
282 4831 521 4888 adscribi
554 4832 706 4886 solet.

152 4930 222 4982 10.
265 4929 393 4985 ltem
441 4929 579 5001 quod
605 4930 689 4983 ait
718 4927 789 4983 ad
818 4927 1157 4992 Timotheum,
1203 4948 1222 4977 ι
1269 4926 1491 4982 Obsecro
1529 4926 1708 4997 igitur

89 5016 291 5082 primum
311 5019 548 5074 omnium
574 5018 701 5089 ﬁeri
719 5016 1125 5081 obsecrationes,
1147 5016 1440 5079 orationes,
1464 5015 1709 5087 postula-

87 5104 249 5170 tiones,
288 5108 605 5178 gratiarum
639 5106 877 5161 actiones
911 5121 1014 5177 pro
1042 5104 1287 5159 omnibus
1316 5104 1634 5161 hominibus
1674 5125 1703 5159 ι)

89 5190 122 5259 (l
151 5193 277 5250 Tim.
310 5213 369 5261 ιι,
399 5197 473 5267 1),
495 5212 671 5268 quaeso
688 5210 922 5266 exponas
941 5193 1096 5261 mihi,
1139 5194 1276 5265 quod
1313 5194 1605 5249 discrimen
1635 5195 1707 5249 sit

88 5280 136 5333 in
163 5282 250 5339 hac
268 5285 579 5342 diversitate
606 5284 909 5348 verborum,
939 5299 1062 5338 cum
1092 5283 1274 5339 omnia
1310 5283 1446 5337 mihi
1475 5300 1594 5355 quae
1621 5301 1708 5356 ge-

87 5372 232 5427 renda
252 5373 416 5441 dixit,
446 5374 713 5431 orationis
740 5372 925 5444 ofﬁcio
947 5373 1227 5427 convenire
1248 5371 1558 5428 videantur.

152 5472 224 5525 11.
252 5472 381 5528 Item
407 5473 541 5546 quod
567 5472 640 5528 ad
671 5473 931 5529 Romanos
954 5471 1057 5536 ait,
1098 5470 1373 5542 interrogo
1400 5476 1455 5525 et
1493 5488 1619 5543 rogo
1644 5478 1706 5528 ut

87 5556 317 5617 edisseras
348 5564 511 5635 mihi;
540 5563 766 5619 multum
782 5562 926 5617 enim
950 5561 1201 5617 caecutire
1226 5577 1305 5615 me
1329 5561 1511 5630 fateor
1536 5560 1592 5615 in
1610 5561 1706 5618 hac

89 5646 305 5717 Apostoli
316 5653 576 5708 sententia
589 5652 651 5706 de
662 5652 699 5708 Ι
700 5651 874 5707 udaeis
883 5650 1021 5724 quod
1030 5650 1133 5716 ait,
1151 5670 1174 5700 α
1196 5649 1501 5705 Secundum
1516 5650 1695 5706 Evan-

90 5735 262 5805 gelium
275 5740 478 5812 quidem
491 5742 712 5798 inimici
722 5749 949 5815 propter
960 5757 1077 5805 vos;
1097 5738 1381 5795 secundum
1398 5738 1707 5796 electionem

1879 715 2041 782 Deus,
2071 722 2172 789 qui
2190 738 2366 777 omnes
2391 723 2631 778 homines
2654 725 2831 779 salvos
2869 726 2995 795 ﬁeri
3026 729 3159 791 vult,
3193 737 3240 783 et
3270 732 3341 785 ad
3370 736 3526 804 agni-

1876 805 2071 862 tionem
2096 810 2349 865 veritatis
2369 812 2554 867 venire
2588 813 2627 882 (Ι
2666 813 2807 867 Tim.
2837 830 2894 879 ιι,
2921 816 2997 884 4),
3027 833 3198 886 capax
3224 836 3327 873 non
3352 822 3524 889 fuerit

1872 896 2246 965 acquisitionis
2284 901 2590 970 utriusque,
2624 901 2737 954 nisi
2764 901 2998 956 alterum
3027 920 3127 973 pro
3156 906 3326 961 altero
3356 911 3525 978 possi-

1871 981 2019 1038 deret
2046 1001 2062 1039 :
2088 985 2276 1042 deinde
2310 1007 2337 1039 «
2366 989 2673 1044 charissimi
2690 998 2917 1060 propter
2942 1000 3127 1061 patres
3156 993 3183 1047 ?
3213 1014 3239 1046 »
3266 996 3325 1049 Si
3356 1016 3382 1048 «
3407 999 3526 1052 cha—

1870 1071 2097 1142 rissimi,
2151 1096 2172 1123 ι
2204 1078 2464 1145 quomodo
2494 1084 2595 1132 aut
2625 1078 2761 1132 unde
2802 1096 2906 1133 non
2944 1080 3187 1149 credant,
3235 1090 3284 1137 et
3316 1084 3526 1142 inimici

1868 1159 1979 1215 Deo
1999 1178 2102 1217 esse
2136 1166 2428 1234 persistant
2450 1167 2477 1221 ?
2508 1188 2535 1218 «
2568 1169 2781 1235 Nonne,
2810 1186 2839 1220 ›
2882 1171 3089 1241 inquit,
3118 1195 3137 1221 ι
3174 1174 3273 1244 qui
3298 1176 3524 1233 oderant

1867 1255 1937 1316 te,
1979 1250 2139 1315 Deus,
2172 1254 2392 1310 oderam
2426 1255 2566 1319 illos,
2607 1263 2656 1310 et
2680 1273 2844 1327 super
2875 1258 3126 1314 inimicos
3154 1268 3271 1316 tuos
3303 1264 3523 1321 tabesce-

1866 1336 1984 1392 bam
2028 1361 2052 1410 ,-
2091 1345 2327 1413 perfecto
2354 1344 2481 1398 odio
2511 1346 2730 1399 oderam
2780 1346 2903 1401 illos
2928 1347 2955 1401 ‘l
2993 1364 3026 1404 »
3077 1348 3231 1404 Certe
3262 1352 3354 1405 hoc
3388 1361 3519 1423 puto

1860 1432 2091 1496 paterna
2114 1446 2211 1484 vox
2236 1430 2477 1501 loquitur
2502 1432 2572 1486 ad
2585 1433 2799 1488 Filium
2821 1451 2919 1504 per
2932 1437 3248 1507 prophetam
3265 1441 3322 1493 in
3344 1442 3517 1498 eodem

1859 1515 2080 1584 psalmo,
2102 1518 2193 1572 ubi
2216 1536 2383 1590 supra
2404 1521 2465 1575 de
2482 1530 2644 1591 parte
2670 1522 3005 1579 credentium
3018 1526 3235 1581 dixerat
3264 1545 3282 1593 ;
3306 1550 3328 1577 α
3372 1531 3515 1586 Mihi

1858 1611 2035 1660 autem
2078 1606 2248 1663 nimis
2279 1609 2623 1679 honoriﬁcati
2651 1618 2775 1665 sunt
2817 1613 2981 1666 amici
3025 1616 3127 1678 tui,
3182 1616 3325 1671 Deus
3354 1622 3515 1674 nimis

1855 1694 2191 1763 confortatus
2228 1704 2303 1751 est
2330 1698 2679 1768 principatus
2712 1715 2901 1755 eorum
2943 1722 2967 1750 υ
3012 1702 3185 1773 (Psal.
3231 1720 3510 1773 cxxxvm,

1856 1782 1945 1845 21,
1988 1786 2075 1848 2'2,
2112 1785 2219 1855 i7).
2251 1786 2393 1851 Quid
2418 1793 2597 1842 autem
2630 1787 2745 1842 illis
2772 1788 2987 1858 prodest
3018 1790 3088 1844 ad
3116 1792 3363 1857 salutem,
3392 1812 3509 1866 qua

1855 1872 2075 1926 nonnisi
2102 1890 2200 1943 per
2226 1874 2387 1944 ﬁdem
2414 1883 2462 1930 et
2486 1878 2726 1947 gratiam
2755 1877 2969 1933 Christi
2998 1882 3238 1950 capitur,
3271 1883 3322 1936 si
3348 1900 3508 1955 prop-

1853 1965 1937 2013 ter
1963 1960 2121 2030 ﬁdem
2150 1970 2371 2032 patrum
2400 1964 2715 2019 charissimi
2755 1964 2863 2020 Deo
2889 1967 3000 2019 sint
3031 1968 3054 2021 ?
3091 1968 3183 2022 cui
3212 1969 3341 2023 bono
3368 1972 3507 2027 dili-

1848 2054 2055 2117 guntur
2108 2068 2237 2122 quos
2289 2070 2486 2108 necesse
2526 2060 2601 2109 est
2645 2060 2872 2125 propter
2920 2056 3012 2110 hoc
3048 2055 3325 2124 damnari,
3370 2063 3509 2131 quod

1843 2146 2069 2208 propter
2094 2156 2246 2195 suam
2279 2142 2657 2212 inﬁdelitatem
2680 2161 2714 2196 a
2734 2142 3141 2212 Prophetarum
3165 2154 3215 2201 et
3245 2150 3500 2217 patriar-

1845 2225 2069 2281 charum
2097 2236 2383 2298 parentum
2402 2230 2505 2300 ﬁde
2525 2230 2907 2300 discrepantes,
2932 2232 3149 2287 inimici
3168 2244 3296 2290 sunt
3325 2237 3505 2293 Evan-

1841 2314 1980 2385 gelia
2011 2316 2225 2373 Christi
2254 2318 2281 2372 ‘l
2314 2319 2379 2374 Si
2405 2336 2529 2390 ergo
2562 2319 2881 2374 charissimi
2910 2320 3037 2383 Deo,
3071 2324 3328 2392 quomodo
3355 2328 3505 2396 peri-

1844 2402 1973 2459 bunt
2002 2404 2030 2459 ?
2056 2412 2104 2459 et
2139 2407 2191 2461 si
2236 2424 2341 2461 non
2380 2409 2625 2473 credunt,
2667 2409 2919 2478 quomodo
2951 2426 3055 2464 non
3100 2412 3354 2481 peribunt
3385 2414 3412 2469 ?
3442 2418 3499 2470 St

1840 2500 2065 2564 propter
2118 2502 2298 2564 patres
2325 2499 2442 2550 sine
2480 2512 2575 2551 suo
2622 2498 2814 2551 merito
2863 2496 3200 2568 diliguntur,
3242 2505 3495 2574 quomodo

1847 2589 1895 2637 et
1918 2590 2140 2653 propter
2154 2592 2337 2655 patres
2350 2602 2455 2640 non
2476 2585 2834 2641 salvabuntur
2852 2603 2871 2652 ;
2898 2586 2987 2642 sed
3006 2588 3108 2643 etsi
3126 2591 3343 2659 fuerint
3362 2593 3495 2660 Noe,

1849 2670 2076 2737 Daniel,
2105 2680 2154 2727 et
2178 2673 2278 2728 Job
2308 2674 2365 2727 in
2412 2675 2590 2729 medio
2619 2691 2824 2740 eorum,
2865 2675 3006 2746 ﬁlios
3036 2677 3231 2748 impios
3258 2696 3364 2734 non
3392 2682 3499 2736 sal-

1844 2760 2067 2826 vabunt,
2100 2763 2206 2816 soli
2228 2762 2371 2817 salvi
2406 2770 2566 2818 erunt
2598 2764 2816 2835 (Ezech.
2852 2780 2973 2830 xlv,
3016 2768 3104 2831 14,
3142 2770 3231 2838 16)
3257 2768 3284 2824 ?

1912 2865 1999 2919 12.
2032 2866 2225 2922 Adhuc
2240 2867 2394 2922 aliud
2412 2868 2692 2925 obscurius
2723 2869 2857 2923 mihi
2880 2886 3008 2924 erue
3032 2869 3094 2923 de
3112 2871 3415 2944 profundo,
3445 2883 3495 2931 et

1840 2952 1899 3007 in
1930 2954 2123 3009 vadum
2144 2955 2354 3025 profer.
2384 2958 2451 3011 In
2472 2956 2723 3028 Epistola
2747 2957 3136 3013 Colossensium
3166 2962 3383 3017 omnino
3412 2966 3490 3017 in-

1835 3041 2080 3116 telligere
2104 3061 2209 3098 non
2237 3061 2447 3115 possum
2462 3045 2599 3116 quod
2629 3046 2732 3113 ait,
2768 3063 2797 3097 c
2828 3046 2994 3101 Nemo
3022 3064 3110 3101 vos
3136 3048 3371 3115 seducat,
3404 3069 3494 3106 vo-

1835 3115 1946 3186 lens
1963 3134 2024 3187 in
2050 3133 2364 3189 humilitate
2376 3142 2425 3189 et
2448 3115 2712 3206 religione
2732 3134 3068 3205 angelorum,
3094 3153 3211 3207 quae
3227 3154 3330 3193 non
3352 3140 3494 3195 vidit

1829 3220 2137 3286 ambulans,
2150 3222 2376 3292 frustra
2402 3224 2627 3293 inflatus
2649 3240 2807 3279 sensu
2827 3225 3013 3279 carnis
3038 3242 3171 3289 suae,
3204 3234 3254 3281 et
3282 3244 3387 3282 non
3416 3236 3493 3283 te-

1827 3325 1957 3364 nens
1975 3319 2136 3381 caput
2176 3332 2205 3365 υ
2234 3312 2459 3385 (Coloss.
2489 3329 2545 3379 ιι,
2586 3316 2666 3377 18,
2699 3314 2788 3382 19)
2821 3313 2921 3383 ;de
2953 3313 3143 3385 quibus
3172 3315 3379 3387 angelis
3406 3318 3491 3373 di-

1824 3398 1905 3452 cit
1940 3416 1955 3452 :
1994 3400 2045 3454 si
2074 3399 2136 3455 de
2169 3401 2416 3457 inimicis
2446 3409 2496 3457 et
2527 3402 2709 3470 malis,
2741 3419 2859 3473 qum
2888 3402 3111 3458 illorum
3140 3404 3357 3475 religio,
3390 3414 3486 3461 aut

1823 3502 1942 3557 quw
1972 3488 2278 3560 humilitas,
2309 3497 2358 3547 et
2388 3492 2515 3563 quis
2546 3492 2619 3546 sit
2650 3492 2911 3562 magister
2938 3491 3266 3548 seductionis
3297 3493 3481 3565 hujus,

1820 3577 1917 3645 qui
1934 3594 2030 3647 per
2056 3578 2324 3636 obtentum
2352 3581 2523 3636 nescio
2552 3580 2703 3651 cujus
2722 3580 2981 3651 angelica
2998 3580 3300 3651 religionis,
3324 3586 3485 3654 quasi

1823 3665 1937 3717 visa
1956 3672 2009 3720 et
2039 3675 2316 3737 comperta
2330 3669 2511 3724 doceat
2530 3686 2649 3740 quae
2678 3686 2786 3723 non
2811 3668 2949 3723 vidit
2980 3670 3008 3725 ‘l
3034 3668 3160 3724 Sine
3186 3670 3347 3727 dubio
3369 3674 3479 3729 hae-

1819 3754 1998 3816 retici,
2019 3757 2116 3825 qui
2150 3756 2435 3812 doctrinas
2458 3757 2851 3813 daemoniorum
2876 3764 2924 3811 et
2953 3767 3266 3829 sequuntur
3293 3770 3343 3816 et
3356 3780 3479 3832 pro-

1816 3850 1988 3907 munt,
2011 3846 2273 3916 conceptis
2297 3845 2366 3899 ab
2384 3862 2566 3901 eorum
2590 3846 2798 3917 spiritu
2823 3845 3325 3914 adinventionibus,
3352 3868 3474 3921 quae

1814 3946 1922 3986 non
1950 3933 2205 3989 viderunt
2227 3934 2808 4006 phantasmata,quasi
2838 3935 2952 3990 visa
2980 3935 3261 4006 ﬁngentes,
3288 3944 3337 3991 et
3361 3955 3477 4009 pes-

1814 4019 2000 4090 tiferis
2026 4022 2487 4095 disputationibus
2514 4024 2571 4078 in
2600 4024 2766 4079 corda
2790 4024 2927 4079 male
2953 4024 3179 4081 credula
3205 4028 3476 4083 seminan—

1814 4124 1890 4175 (es
1920 4110 1963 4181 (Ι
1998 4113 2140 4168 Tim.
2176 4130 2251 4179 IV,
2291 4118 2337 4179 1,
2370 4115 2449 4182 2),
2480 4114 2539 4169 hi
2562 4120 2687 4168 sunt
2724 4115 2822 4185 qui
2848 4130 2955 4169 non
2986 4119 3164 4168 tenent
3206 4122 3385 4185 caput,
3416 4116 3476 4171 id

1812 4205 1887 4253 est
1914 4201 2196 4258 Christum
2213 4203 2413 4275 fontem
2439 4202 2715 4269 veritatis,
2749 4204 2902 4276 cujus
2921 4202 3184 4259 doctrinae
3208 4204 3473 4275 quidquid

1811 4288 2152 4357 adversatur,
2187 4293 2438 4349 insanum
2488 4299 2584 4347 est.
2625 4292 2699 4347 Et
2752 4293 2813 4347 hi
2839 4294 2967 4348 caeci
2996 4293 3161 4348 duces
3207 4309 3474 4349 caecorum

1814 4377 2032 4446 (Matth.
2061 4397 2157 4444 xv,
2202 4382 2311 4450 14).
2352 4382 2413 4436 de
2436 4380 2630 4451 quibus
2658 4401 2681 4433 ‹(
2705 4380 2817 4435 dici
2854 4388 2983 4451 puto
3001 4401 3021 4437 :
3051 4381 3137 4437 Me
3165 4381 3472 4452 derelique-

1812 4468 2161 4537 runtfontem
2184 4486 2337 4540 aquae
2365 4472 2521 4534 vivae,
2545 4476 2595 4525 et
2617 4468 2876 4537 foderunt
2897 4469 3004 4523 sibi
3032 4468 3178 4524 lacus
3206 4470 3471 4525 contritas

1812 4553 1906 4624 qui
1926 4571 2030 4609 non
2056 4563 2233 4611 tenent
2261 4572 2456 4627 aquam
2491 4577 2519 4605 »
2546 4555 2687 4626 (Jer.
2718 4571 2777 4620 ιι,
2828 4556 2931 4626 13).

1892 4676 1972 4727 13.
1994 4668 2197 4724 Deinde
2220 4668 2626 4741 insubsequenti
2650 4668 2824 4739 capite
2844 4668 3047 4739 adjecit
3079 4687 3099 4724 :
3133 4691 3160 4718 «
3182 4669 3265 4727 Ne
3290 4671 3471 4743 tetige-

1812 4761 1963 4828 ritis,
2018 4775 2179 4829 neque
2206 4757 2581 4829 gustaveritis,
2627 4772 2796 4829 neque
2825 4759 3315 4830 contrectaveritis,
3351 4778 3469 4831 quae

1812 4857 1937 4907 sunt
1967 4848 2155 4904 omnia
2186 4847 2243 4901 in
2270 4847 2561 4902 interitum
2595 4848 2709 4918 ipso
2738 4863 2841 4902 usu
2868 4847 3155 4902 secundum
3196 4858 3470 4919 praecepta

1813 4947 1862 4995 et
1900 4938 2181 4993 doctrinas
2208 4936 2503 5002 hominum,
2535 4938 2808 4991 rationem
2851 4936 3061 5007 quidem
3104 4936 3354 4990 habentia
3385 4954 3469 4991 sa-

1813 5028 2035 5100 pientiae
2068 5025 2125 5079 in
2149 5026 2530 5096 superstitione
2558 5031 2608 5079 et
2636 5024 2970 5092 humilitate,
3004 5024 3074 5077 ad
3098 5041 3202 5078 non
3241 5040 3465 5095 parcen-

1811 5118 1939 5172 dum
1967 5115 2200 5186 corpori,
2230 5130 2335 5169 non
2366 5114 2425 5168 in
2455 5114 2650 5168 honore
2666 5112 2850 5184 aliquo
2873 5112 2944 5167 ad
2972 5112 3315 5165 saturitatem
3346 5127 3468 5165 car-

1813 5207 1899 5261 nis
1930 5228 1957 5253 »
2022 5204 2239 5275 (Coloss.
2295 5220 2355 5268 ιι,
2395 5203 2601 5274 21-23).
2638 5203 2767 5269 Quae
2808 5209 2931 5256 sunt
2986 5200 3114 5263 ista,
3165 5200 3362 5270 quibus
3414 5206 3465 5256 et

1811 5295 2073 5349 rationem
2117 5293 2400 5365 sapientiae
2432 5294 2598 5347 inesse
2642 5298 2877 5346 testatur
2906 5290 3163 5359 magister
3188 5289 3460 5356 veritatis,

1812 5391 1864 5439 et
1894 5391 2071 5438 tamen
2124 5382 2291 5454 ipsam
2321 5382 2597 5437 veritatem
2628 5379 2923 5451 religionis
2962 5378 3129 5432 inesse
3157 5378 3380 5451 abnegat
3436 5380 3467 5435 ‘t

1811 5472 1968 5527 Anne
1995 5472 2138 5541 forte
2183 5471 2244 5525 de
2282 5470 2481 5526 talibus
2529 5470 2792 5541 loquitur,
2828 5466 2890 5521 de
2928 5465 3118 5539 quibus
3161 5468 3239 5523 ad
3285 5468 3465 5525 Timo-

1812 5560 1993 5616 theum
2012 5559 2144 5614 dicit
2173 5577 2189 5613 :
2221 5580 2249 5611 «
2282 5559 2544 5614 Habentes
2567 5565 2743 5613 autem
2775 5557 2998 5628 speciem
3012 5556 3254 5627 pietatis,
3288 5558 3464 5613 virtu-

1814 5656 1918 5705 tem
1941 5650 2055 5718 ejus
2084 5648 2399 5719 abnegantes
2432 5666 2460 5701 ›
2493 5647 2557 5717 (ΙΙ
2593 5647 2731 5701 Tim.
2765 5662 2844 5711 ιιι,
2878 5650 2931 5714 5)
2960 5646 2988 5700 ‘l
3018 5646 3164 5716 Rogo
3194 5663 3317 5717 ergo
3344 5664 3465 5717 spe-

1812 5737 2034 5795 cialiter
2055 5738 2166 5793 haec
2197 5736 2439 5809 capitula
2472 5736 2576 5792 duo
2596 5735 2657 5794 de
2687 5735 3071 5793 Colossensium
3094 5734 3337 5805 Epistola
3364 5750 3465 5803 per
