4074 6158
512 200 620 258 467

511 328 733 401 singula
764 326 905 382 mihi
943 323 1103 380 verba
1142 322 1417 389 dissolvas,
1458 321 1590 394 quia
1632 319 1996 378 laudabilibus
2025 334 2169 374 exsc-

509 418 717 474 cranda
740 414 1083 488 permiscuit.
1114 412 1257 478 Quid
1280 420 1353 468 est
1384 412 1526 469 enim
1553 418 1661 466 tam
1683 409 1970 475 laudabile,
2005 424 2165 481 quam

509 509 658 563 ratio
676 506 979 576 sapientia,
1003 510 1053 557 et
1075 502 1206 575 quid
1222 510 1330 557 tam
1352 501 1712 563 exsecrabile,
1730 516 1887 571 quam
1901 498 2165 570 supersti-

512 596 587 651 tio
613 593 821 649 erroris
851 593 879 647 τ
913 592 1218 647 Humilitas
1243 608 1441 663 quoque
1461 598 1509 646 et
1536 590 1645 645 Deo
1666 590 1889 661 placita,
1918 592 1967 643 et
1984 585 2167 642 maxi-

508 700 588 739 me
612 684 670 738 in
698 699 827 737 vera
852 682 1120 753 religione
1150 680 1468 745 laudabilis,
1499 696 1618 735 cum
1642 680 1856 733 ratione
1879 674 2161 747 sapientia

509 772 646 845 ipsis
674 772 859 836 datur,
892 771 953 825 de
983 787 1207 841 quorum
1237 769 1501 824 doctrinis
1525 774 1575 822 et
1605 767 1812 822 actibus
1834 766 2044 821 dicitur
2073 781 2164 819 no-

511 861 610 925 bis,
658 882 681 912 s
726 861 808 917 Ne
840 860 1143 931 tetigeritis,
1174 876 1342 931 neque
1370 857 1741 929 gustaveritis,
1793 872 1914 927 qua
1944 861 2070 909 sunt
2103 854 2164 908 in

512 951 801 1007 interitum
833 972 860 1000 »
889 948 1026 1019 (Col.
1056 965 1117 1018 ιι,
1143 949 1233 1012 21,
1264 950 1377 1020 22),
1397 948 1527 1018 quia
1556 964 1662 1001 non
1681 954 1806 1000 sunt
1837 962 1902 999 ex
1931 945 2040 999 Deo
2069 960 2086 997 :
2112 950 2164 999 et

510 1056 659 1095 omne
680 1039 817 1111 quod
838 1055 941 1093 non
966 1044 1040 1092 est
1062 1054 1125 1091 ex
1146 1037 1270 1108 ﬁde,
1302 1044 1577 1106 peccatum
1605 1042 1678 1090 est
1710 1035 2022 1104 (Rom.x1v,
2046 1032 2158 1104 23).

510 1128 654 1183 Deus
675 1136 851 1182 autem
890 1126 1174 1195 dissipavit
1198 1124 1427 1179 consilia
1452 1124 1783 1193 sapientium
1835 1122 1945 1191 (Ps.
1979 1137 2160 1186 xxx",

510 1219 622 1289 10),
649 1220 747 1288 qui
792 1217 900 1271 Deo
942 1215 1101 1270 stulti
1127 1220 1255 1270 sunt
1295 1231 1394 1285 per
1424 1213 1773 1285 prudentiam
1806 1211 2011 1279 carnis,
2043 1226 2161 1281 qua

506 1324 612 1361 non
638 1313 807 1377 potest
848 1305 956 1376 legi
984 1304 1089 1359 Dei
1118 1320 1223 1359 esse
1252 1303 1488 1375 subjecta
1519 1302 1695 1373 (Rom.
1753 1316 1867 1367 vm,
1914 1304 1970 1368 7)
2010 1318 2031 1355 :
2059 1299 2162 1354 scit

504 1395 647 1450 enim
675 1395 1025 1465 cogitationes
1052 1392 1345 1458 hominum,
1369 1393 1623 1462 quoniam
1654 1406 1805 1444 vana
1832 1396 1961 1444 sunt
1983 1386 2156 1459 (Psal.

502 1499 659 1550 xcux,
702 1484 808 1554 11).
852 1481 1075 1549 Qualem
1122 1482 1515 1547 humilitatem,
1558 1479 1865 1552 qualemque
1892 1479 2160 1533 rationem

500 1574 783 1644 sapientia
811 1572 1195 1644 superstitioni
1226 1588 1290 1626 ex
1321 1570 1592 1625 hominum
1634 1569 1895 1625 doctrinis
1922 1566 2159 1622 venienti

500 1664 672 1717 inesse
698 1662 867 1726 dicat,
908 1662 1152 1733 requiro.
1196 1660 1270 1714 Et
1305 1659 1449 1731 quod
1493 1659 1603 1725 ait,
1641 1677 1669 1709 «
1695 1658 1782 1712 Ad
1810 1673 1915 1711 non
1935 1671 2159 1727 parcen-

499 1750 627 1806 dum
654 1751 891 1821 corpori,
924 1766 1029 1804 non
1058 1750 1118 1803 in
1144 1749 1341 1803 honore
1370 1748 1556 1819 aliquo
1581 1748 1657 1802 ad
1675 1747 2017 1802 saturitatem
2042 1761 2159 1799 car-

504 1840 592 1895 nis
625 1860 648 1887 »
678 1838 783 1911 (Id.
818 1838 911 1910 23)
946 1855 961 1903 ;
992 1854 1220 1909 prorsus
1250 1837 1362 1892 hac
1384 1853 1582 1907 parum
1616 1835 1888 1904 intelligo,
1925 1835 2055 1905 quia
2097 1834 2160 1888 in

504 1929 681 1984 eadem
705 1930 972 1983 sententia
992 1945 1184 1999 magna
1204 1928 1348 1983 mihi
1372 1927 1587 1982 videtur
1614 1943 1718 1981 esse
1738 1926 1995 1981 discretio
2016 1926 2157 1980 enim

503 2034 619 2073 eum
644 2018 710 2072 de
734 2018 1067 2073 abstinentia
1084 2017 1328 2088 qualibet
1350 2016 1474 2086 ﬁcta
1504 2016 1587 2070 vel
1602 2014 1813 2078 inutili,
1838 2014 2015 2085 qualis
2029 2013 2158 2069 solet

502 2107 573 2162 ab
603 2107 879 2163 hareticis
901 2106 1173 2176 affectari,
1208 2106 1298 2160 hoc
1317 2104 1514 2169 dicere,
1552 2123 1580 2155 «
1607 2105 1677 2159 ad
1698 2121 1803 2159 non
1828 2102 2156 2175 parcendum

502 2196 755 2268 corpori;
787 2218 813 2245 »
826 2195 962 2267 quod
981 2202 1158 2250 autem
1182 2193 1399 2265 adjecit,
1420 2210 1449 2247 α
1465 2209 1573 2248 non
1605 2194 1665 2247 in
1695 2192 1892 2248 honore
1920 2192 2101 2264 aliquo
2125 2211 2154 2243 »

501 2286 629 2357 quia
651 2286 828 2340 sancti
854 2284 1031 2355 operis
1057 2283 1301 2354 speciem,
1334 2299 1439 2337 non
1479 2284 1540 2336 in
1568 2282 1674 2352 ﬁde
1703 2283 1955 2337 veritatis
1998 2297 2156 2335 exer-

500 2380 688 2439 centes,
723 2373 931 2428 nullius
956 2372 1145 2443 gloria
1175 2372 1370 2426 honore
1396 2372 1481 2426 vel
1507 2372 1697 2442 fructu
1719 2376 1908 2440 agunt,
1931 2370 2071 2441 quod
2095 2370 2155 2424 in

499 2480 693 2534 magna
716 2462 923 2516 erroris
943 2460 1196 2531 perversi
1217 2458 1624 2530 reprehensione
1635 2458 1944 2528 conﬁciunt,
1973 2466 2154 2513 trans-

494 2554 793 2623 ﬁgurantes
818 2568 870 2605 se
909 2551 966 2605 in
996 2549 1280 2605 ministros
1315 2548 1573 2620 iustitia.
1609 2547 1708 2603 Sed
1755 2548 1892 2618 quod
1923 2548 2149 2619 adjecit,

500 2662 528 2693 (ι
540 2640 611 2695 ad
648 2641 993 2696 saturitatem
1022 2638 1228 2703 carnis,
1246 2638 1633 2693 »eontrarium
1660 2637 1794 2691 mihi
1818 2636 2035 2692 videtur
2064 2636 2152 2692 illi

495 2730 633 2802 quod
681 2729 836 2795 dicit,
892 2748 921 2781 «
951 2727 1022 2783 ad
1060 2744 1166 2782 non
1208 2725 1540 2798 parcendum
1566 2726 1787 2797 corpori
1816 2743 1836 2780 :
1877 2747 1907 2779 »
1936 2724 2153 2781 videtur

494 2820 642 2875 enim
671 2818 810 2873 mihi
833 2816 930 2873 ille
957 2833 1069 2873 non
1106 2832 1329 2888 parcere
1357 2816 1589 2887 corpori,
1621 2815 1715 2888 qui
1751 2831 1972 2870 carnem
2005 2815 2151 2885 jeju-

496 2910 607 2964 niis
631 2908 830 2972 domat,
858 2907 999 2962 sicut
1025 2905 1309 2977 Apostolus
1330 2904 1493 2971 dicit,
1528 2926 1556 2955 α
1589 2904 1841 2960 Lividum
1865 2904 2009 2975 facio
2033 2920 2151 2959 cor-

493 3015 595 3071 pus
625 3014 823 3062 meum,
856 3002 905 3051 et
934 2997 995 3050 in
1031 2997 1344 3051 servitutem
1371 2994 1557 3066 redigo
1588 3015 1616 3044 »
1647 2995 1688 3065 (I
1732 2994 1856 3049 Cor.
1884 3010 1966 3063 1x,
1998 2996 2089 3061 27)
2133 3009 2147 3060 ;

497 3105 532 3143 a
577 3104 677 3159 quo
702 3103 865 3159 opere
893 3085 1163 3141 saturitas
1186 3084 1372 3140 carnis
1399 3083 1583 3139 aliena
1629 3090 1707 3139 est
1738 3104 1758 3141 :
1787 3083 1901 3138 nisi
1930 3086 2070 3153 forte
2098 3090 2149 3138 et

498 3178 670 3248 ipsam
700 3174 1015 3231 saturanda
1050 3173 1237 3228 carnis
1257 3188 1466 3238 curam,
1497 3189 1614 3244 qua
1643 3172 1877 3227 maxime
1906 3170 2147 3226 observa-

494 3267 629 3321 tiam
653 3264 934 3336 religionis
960 3262 1426 3334 pratendentibus
1452 3261 1711 3333 probrosa
1758 3268 1853 3324 est.
1885 3277 1991 3315 non
2019 3277 2150 3331 par-

494 3370 614 3411 cere
639 3353 857 3424 corpori
867 3352 1031 3417 dixit,
1046 3351 1331 3406 secundum
1345 3350 1485 3406 illud
1512 3350 1803 3405 honestatis
1824 3357 2148 3420 praceptum

491 3443 628 3515 quod
655 3441 798 3498 alibi
836 3441 993 3509 dicit,
1042 3447 1106 3496 ut
1136 3440 1498 3511 unusquisque
1534 3455 1696 3494 suum
1739 3455 1831 3492 vas
1854 3439 2147 3511 honoriﬁce

488 3531 755 3604 possidere
807 3530 1021 3585 noverit
1049 3530 1098 3599 (Ι
1143 3529 1312 3584 Thess.
1352 3544 1429 3593 Iv,
1464 3527 1539 3598 4),
1572 3535 1633 3583 ut
1682 3527 1913 3584 hostiam
1946 3527 2141 3593 vivam,

485 3622 785 3693 placentem
817 3620 925 3676 Deo
971 3634 1123 3675 suum
1180 3634 1374 3691 corpus
1402 3617 1647 3674 exhibeat
1691 3618 1868 3683 (Rom.
1903 3633 2003 3681 xu,
2068 3618 2139 3689 i),

487 3726 595 3764 non
620 3710 681 3764 in
707 3711 1057 3765 saturitatem
1076 3709 1283 3773 carnis,
1313 3707 1448 3780 quia
1476 3705 1734 3763 distensio
1758 3706 2000 3777 corporis
2019 3705 2141 3760 ani-

485 3816 586 3856 ma
606 3799 944 3855 sobrietatem
970 3805 1147 3865 necat,
1190 3804 1237 3853 et
1269 3797 1498 3853 inimica
1534 3802 1609 3852 est
1634 3795 1893 3852 castitati.

560 3890 709 3947 CAP.
740 3889 827 3946 Ill.
857 3920 922 3929 —
952 3889 1040 3943 14.
1076 3891 1254 3945 Restat
1294 3893 1352 3943 ut
1399 3886 1614 3958 aliquid
1640 3892 1692 3941 et
1716 3886 1778 3940 de
1817 3883 2142 3956 euangelicis

489 3977 615 4033 locis
635 3994 912 4049 suggeram
940 3976 1285 4032 Beatitudini
1310 3982 1421 4031 tua
1448 3992 1464 4029 .'
1490 3992 1597 4030 non
1616 3975 1825 4047 quidem
1837 3981 2039 4044 quanta
2071 3973 2140 4027 le-

486 4065 632 4138 genti
644 4083 744 4137 per
772 4068 944 4121 otium
962 4081 1241 4120 occurrere
1270 4065 1439 4119 solent
1459 4064 1575 4135 (nec
1602 4064 1745 4118 enim
1767 4079 1911 4117 nunc
1936 4062 2139 4117 vocabit

487 4154 731 4226 dispersa
767 4172 863 4226 per
889 4153 1055 4208 libros
1079 4169 1339 4225 quarere,
1382 4160 1482 4208 aut
1504 4154 1563 4207 in
1592 4151 2001 4208 reminiscendis
2024 4167 2140 4206 me-

486 4244 718 4300 moriam
745 4243 1053 4313 ventilare),
1079 4243 1169 4297 sed
1196 4242 1278 4297 vel
1301 4257 1507 4311 pauca,
1536 4258 1653 4312 qua
1695 4241 1771 4296 ad
1808 4241 1992 4295 horam
2024 4240 2138 4295 dic-

489 4332 714 4388 tationis
746 4334 907 4406 hujus
946 4334 1007 4387 in
1050 4338 1279 4387 mentem
1310 4331 1555 4394 veniunt,
1580 4329 1913 4386 sciscitabor.
1951 4329 2026 4383 De
2055 4345 2138 4383 re-

483 4422 842 4479 surrectionis
888 4422 1069 4495 forma
1112 4437 1218 4477 non
1268 4420 1550 4492 grandem,
1599 4420 1689 4474 sed
1745 4418 1961 4489 plenam
2010 4418 2137 4489 ﬁdei

485 4511 844 4567 instructione
869 4509 1175 4581 epistolam,
1199 4526 1305 4580 qua
1324 4508 1571 4564 secunda
1592 4507 1984 4563 consultationi
2008 4522 2136 4561 mea

484 4600 611 4656 dum
642 4600 974 4670 Carthagini
990 4600 1254 4656 hiemares
1284 4601 1303 4635 ¹
1336 4598 1706 4669 rescripseras,
1738 4598 1790 4651 si
1816 4596 1971 4651 habes
1997 4596 2136 4651 rela-

484 4696 595 4744 tam
637 4689 698 4742 in
733 4689 958 4754 schedis,
1001 4706 1126 4761 rogo
1154 4694 1214 4743 ut
1244 4688 1450 4751 mittas,
1492 4694 1587 4742 aut
1617 4693 1757 4742 certe
1784 4694 1996 4741 retexas
2020 4701 2137 4742 eam

482 4777 621 4834 mihi
645 4796 661 4848 ;
688 4778 825 4848 quod
853 4778 958 4833 tibi
966 4778 1133 4849 facile
1160 4783 1255 4833 est.
1282 4777 1427 4834 Nam
1452 4777 1557 4831 etsi
1571 4782 1780 4847 scripta
1806 4791 1911 4829 non
1936 4780 2132 4840 exstat,

480 4867 608 4940 quia
628 4867 771 4937 [orte
801 4865 978 4921 brevis
1005 4867 1248 4937 epistola,
1276 4874 1335 4921 ut
1366 4865 1737 4921 tumultuaria
1766 4864 1866 4919 tibi
1888 4864 2037 4920 inter
2067 4863 2136 4916 li-

481 4956 602 5012 bros
631 4963 753 5012 tuos
785 4954 973 5010 haberi
1018 4962 1207 5027 spreta
1251 4956 1344 5024 sit,
1387 4970 1585 5009 renova
1622 4971 1735 5008 eam
1791 4952 1929 5007 mihi
1959 4951 2136 5007 eodem

479 5062 635 5103 sensu
664 5052 968 5119 promptam
992 5045 1054 5100 de
1083 5045 1332 5101 thesauro
1360 5043 1544 5101 cordis
1574 5043 1676 5109 tui,
1704 5050 1751 5098 et
1779 5043 1932 5097 mitte
1957 5041 2027 5096 ad
2056 5058 2135 5096 me

540 5257 553 5287 ¹
580 5255 703 5304 Mss.
737 5254 1286 5321 quindecimbabent,
1311 5253 1666 5321 exhiemarem.
1697 5252 1794 5300 Alii
1827 5265 1949 5321 cum
1978 5250 2131 5321 Edd.,

480 5314 774 5380 hiemarem'.
800 5318 899 5369 Sed
920 5318 1190 5368 credimus
1207 5316 1515 5380 legendum,
1537 5315 1807 5380 hiemares.
1836 5314 2133 5380 Quqippeqad

485 5377 623 5453 lippo
647 5380 850 5453 Paulini
875 5382 1190 5453 petitionem
1210 5376 1888 5453 respondensfiuguslinus
1912 5376 2133 5453 iu_epist.

481 5441 589 5494 149.
623 5455 675 5489 n.
712 5444 759 5498 2,
787 5440 970 5493 scribit
1007 5459 1017 5490 :
1049 5462 1072 5489 «
1105 5443 1271 5492 Simul
1299 5440 1461 5491 etiam
1497 5440 1767 5495 miseram,
1800 5442 1935 5489 sicut
1961 5441 2135 5503 jusse-

482 5519 508 5547 α
537 5516 640 5556 ras,
667 5508 721 5569 et
740 5505 890 5569 illius
915 5506 1153 5569 epistola
1194 5506 1519 5568 exemplum,
1547 5515 1711 5566 quem
1744 5502 2133 5569 tuaAChuritati

483 5581 509 5611 α
539 5564 682 5641 apud
729 5564 1103 5641 Carthaginem
1150 5568 1215 5618 de
1250 5564 1533 5641 corporum
1569 5564 1975 5641 resurrectione
2026 5578 2133 5614 res-

478 5642 505 5675 ι
540 5630 853 5691 cripserum,
883 5630 972 5678 ubi
999 5630 1064 5678 de
1094 5644 1193 5680 usu
1230 5630 1595 5679 membrorum
1626 5631 1810 5679 exortu
1845 5632 1958 5677 erat
1992 5641 2136 5691 qua-

482 5707 506 5739 α
534 5690 654 5740 stio.
685 5690 941 5753 »;Quibus
979 5691 1157 5743 verbis
1188 5693 1472 5761 designare
1506 5691 1718 5743 videtur
1741 5690 2024 5761 epistolam
2054 5691 2131 5748 95,

1793 192 1854 251 S.
1898 190 2284 250 AUGUSTINI
2323 190 2651 251 EPISCOPI

3771 216 3862 276 488

2270 320 2419 375 inter
2454 321 2572 377 alia
2601 338 2851 395 responsa
2892 341 3011 396 qua
3040 324 3232 381 reddes
3258 326 3414 395 mihi,
3464 339 3521 388 ut
3545 350 3698 406 spero,
3721 358 3865 411 ρτεε.

2272 415 2417 500 tante
2446 412 2584 500 mihi
2610 429 2673 468 ac
2712 414 2814 469 tibi
2841 422 3187 470 commeatum
3231 415 3440 473 dierum
3471 421 3689 493 Christo,
3717 438 3866 500 utea,

2268 515 2370 569 quo
2400 498 2551 554 labor
2585 508 2713 557 tuus
2744 503 2805 558 in
2831 519 2913 558 me
2938 504 3264 575 fructi/lcet,
3307 508 3578 579 accipiam,
3613 498 3869 578 secundum

2272 585 2384 641 hac
2419 588 2661 659 capitula
2701 591 3150 662 Scripturarum,
3199 593 3267 648 de
3305 595 3489 665 quibus
3528 606 3591 664 te,
3631 604 3717 673 qui
3748 608 3870 664 vides

2269 675 2431 745 quasi
2465 692 2562 746 per
2595 679 2611 714 ¹
2644 678 2837 747 Deum,
2882 680 3239 751 interrogavi,
3271 689 3331 737 ut
3359 684 3569 741 audiam
3606 691 3726 759 quid
3756 695 3808 749 in
3832 704 3872 752 te

2270 762 2351 818 vel
2378 780 2445 817 ex
2472 771 2521 819 te
2558 767 2699 821 mihi
2733 767 2987 839 loquatur
3014 769 3178 825 Deus.

2342 853 2430 908 45.
2484 854 2595 911 Hoc
2622 864 2809 913 autem
2841 875 2969 928 rogo
3013 858 3191 914 lucere
3221 860 3355 914 mihi
3396 862 3589 933 facias,
3626 883 3718 937 quo
3750 872 3875 927 modo

2269 941 2351 996 vel
2369 959 2474 1012 qua
2494 946 2715 1001 ratione
2739 946 3003 1002 Dominus
3025 955 3140 1019 post
3159 951 3596 1008 resurrectionem
3622 955 3697 1010 vel
3718 958 3877 1014 mulis-

2269 1030 2441 1097 ribus,
2470 1049 2588 1103 qua
2644 1036 2842 1105 prima
2880 1036 2951 1091 ad
2972 1036 3280 1108 sepulcrum
3309 1048 3584 1106 venerunt,
3626 1045 3701 1099 vel
3721 1052 3879 1116 postea

2268 1118 2387 1173 illis
2413 1119 2614 1177 duobus
2638 1123 2697 1177 in
2714 1124 2827 1190 via,
2849 1123 3038 1180 deinde
3064 1124 3369 1196 Discipulis
3394 1128 3526 1191 suis,
3565 1137 3610 1185 et
3629 1148 3725 1186 non
3746 1136 3876 1205 agni-

2268 1213 2357 1261 tus
2409 1209 2501 1273 sit,
2553 1218 2604 1265 et
2659 1213 2879 1281 agnitus
2921 1213 3073 1285 (Luc.
3113 1230 3273 1279 xx1v,
3318 1215 3428 1285 16).
3466 1216 3530 1271 In
3561 1218 3726 1274 eodem
3758 1224 3876 1279 enim

2267 1312 2489 1367 corpore
2534 1302 2860 1367 resurrexit,
2908 1302 2968 1356 in
2992 1319 3093 1374 quo
3142 1309 3194 1358 et
3218 1319 3415 1373 passus
3438 1313 3530 1360 est.
3561 1307 3629 1362 Et
3651 1312 3874 1379 quomodo

2267 1402 2375 1441 non
2404 1387 2585 1443 eadem
2610 1397 2727 1445 erat
2777 1391 3009 1459 ejusdem
3032 1392 3277 1463 corporis
3321 1394 3501 1465 forma
3537 1412 3647 1466 qua
3672 1398 3834 1469 fuerat
3857 1402 3879 1453 ‘l

2266 1481 2365 1530 aut
2390 1477 2445 1530 si
2486 1477 2662 1533 eadem
2694 1485 2833 1547 erat,
2865 1481 3125 1551 quomodo
3170 1498 3278 1537 non
3305 1483 3677 1553 agnoscebatur
3702 1486 3762 1541 ab
3805 1488 3877 1542 his

2265 1565 2358 1635 qui
2387 1582 2500 1621 eam
2532 1574 2797 1624 noverant
2838 1568 2865 1625 ‘l
2911 1569 3062 1625 Illud
3085 1587 3209 1626 vero
3231 1574 3554 1628 sacramenti
3592 1590 3691 1630 esse
3729 1576 3878 1646 credo,

2266 1653 2405 1724 quod
2441 1655 2538 1725 qui
2577 1657 2637 1711 in
2662 1657 2753 1711 via
2790 1657 3194 1714 ambulantibus
3242 1677 3350 1715 non
3375 1661 3561 1730 fuerat
3584 1664 3808 1733 agnitus,
3831 1666 3879 1720 in

2264 1743 2532 1815 fractione
2562 1747 2722 1817 panis
2745 1747 3011 1803 revelatus
3042 1757 3136 1805 est.
3166 1749 3405 1821 ldipsum
3443 1758 3614 1806 tamen
3641 1757 3725 1809 tuo
3748 1770 3878 1810 sensu

2266 1832 2385 1887 volo
2412 1839 2608 1898 tenere,
2640 1852 2747 1889 non
2771 1852 2909 1891 meo.

2345 1926 2425 1977 16.
2458 1925 2528 1977 Et
2555 1923 2693 1994 quod
2710 1924 2783 1978 ad
2806 1925 3047 1981 Mariam
3068 1926 3169 1991 ait,
3203 1945 3233 1978 (ι
3259 1927 3391 1983 Noli
3414 1944 3496 1983 me
3519 1935 3743 2001 tangere,
3765 1946 3877 1985 non-

2267 2011 2400 2066 dum
2449 2013 2593 2067 enim
2644 2014 2861 2069 ascendi
2907 2014 2978 2069 ad
3034 2016 3255 2071 Patrem
3301 2037 3327 2067 »
3397 2018 3577 2087 (Joan.
3622 2035 3717 2085 xx,
3756 2020 3874 2087 l7):

2264 2101 2318 2153 si
2352 2101 2592 2156 cominus
2617 2108 2847 2157 stantem
2885 2120 2991 2158 non
3032 2104 3313 2161 sinebatur
3344 2107 3629 2178 attingere,
3659 2108 3877 2178 quomodo

2265 2205 2382 2244 eum
2429 2197 2670 2262 tangeret
2726 2207 2845 2247 cum
2892 2192 3208 2250 ascendisset
3235 2196 3307 2249 ad
3347 2196 3585 2262 Patrem,
3625 2197 3727 2252 nisi
3759 2198 3879 2269 forte

2262 2277 2390 2347 ﬁdei
2412 2280 2664 2351 profectu
2696 2286 2746 2335 et
2776 2282 2967 2336 mentis
3013 2299 3249 2348 ascensu,
3298 2301 3409 2355 qua
3439 2279 3589 2340 Deus
3622 2285 3812 2341 homini
3829 2285 3879 2353 ﬁt

2265 2366 2585 2438 longinquus
2603 2377 2697 2425 aut
2717 2370 3022 2440 proximus,
3044 2377 3095 2425 et
3118 2372 3569 2428 illadubitaverit
3594 2376 3614 2409 ²
3634 2374 3692 2430 de
3716 2373 3880 2429 Chris-

2264 2463 2332 2524 to,
2364 2473 2518 2527 quem
2536 2459 2890 2515 hortulanum
2923 2466 3212 2530 putaverat
3242 2462 3269 2517 ‘l
3293 2462 3421 2517 Ideo
3437 2462 3686 2532 fortassis
3709 2462 3875 2517 audire

2260 2548 2483 2611 meruit,
2517 2568 2544 2596 «
2572 2547 2711 2604 Noli
2736 2564 2815 2602 me
2844 2555 3082 2619 tangere.
3128 2570 3155 2602 ι)
3192 2550 3433 2623 Indigna
3475 2553 3616 2607 enim
3631 2551 3879 2623 judicaba-

2262 2640 2357 2688 tur
2384 2641 2444 2688 ut
2469 2642 2732 2707 tangeret
2760 2654 2926 2693 manu
2951 2638 3252 2705 Christum,
3271 2657 3435 2712 quem
3459 2641 3670 2696 necdum
3691 2639 3783 2712 ﬁde
3806 2657 3880 2711 ap-

2257 2723 2638 2794 prehenderat,
2668 2742 2761 2781 nec
2790 2726 3133 2783 intellexerat
3162 2729 3369 2797 Deum,
3400 2746 3523 2785 cum
3567 2728 3877 2785 hortulanum

2253 2819 2512 2884 putasset,
2545 2814 2607 2868 de
2668 2831 2766 2886 quo
2800 2816 2964 2886 paulo
3004 2824 3133 2872 ante
3180 2818 3246 2872 ab
3303 2819 3540 2891 Angelis
3588 2818 3820 2875 audierat
3863 2836 3880 2872 :

2263 2922 2288 2954 α
2316 2901 2466 2965 Quid
2492 2903 2743 2973 quaritis
2797 2905 3061 2961 viventem
3103 2923 3222 2961 cum
3252 2908 3490 2964 mortuis
3515 2928 3541 2961 ››
3574 2908 3722 2979 (Luc.
3753 2923 3876 2973 xxiv,

2260 2991 2313 3063 6)
2352 2990 2380 3046 ?
2406 3010 2435 3043 «
2466 2992 2601 3048 Noli
2628 3011 2654 3043 »
2682 3009 2806 3064 ergo
2833 3013 2860 3045 α
2892 3010 2972 3049 me
3002 3000 3237 3066 tangere,
3265 2997 3399 3068 quia
3427 3019 3456 3048 ››
3490 2997 3590 3053 tibi
3622 3018 3646 3048 α
3679 2995 3880 3052 nondum

2258 3080 2475 3136 ascendi
2501 3081 2573 3135 ad
2599 3082 2839 3148 Patrem,
2872 3103 2900 3135 »
2934 3085 3030 3155 qui
3056 3085 3230 3141 adhuc
3258 3093 3479 3143 tantum
3509 3088 3657 3143 homo
3676 3085 3877 3153 videor;

2250 3177 2433 3241 postea
2470 3188 2549 3225 me
2587 3178 2789 3242 tanges,
2839 3189 2957 3227 cum
2985 3173 3057 3229 ad
3106 3176 3500 3246 agnoscendum
3537 3193 3615 3232 me
3652 3173 3879 3231 credendo

2254 3259 2650 3316 conscenderis.

2325 3348 2411 3404 17.
2448 3348 2524 3403 De
2572 3349 2688 3404 illis
2724 3349 2887 3405 etiam
2917 3351 3212 3409 beatissimi
3239 3353 3514 3411 Simeonis
3561 3353 3730 3410 verbis
3767 3350 3877 3425 quid

2252 3439 2477 3503 sentias,
2509 3438 2735 3494 edissere
2775 3439 2930 3509 mihi,
2958 3448 3022 3496 ut
3042 3458 3235 3513 sequar
3256 3459 3476 3499 sensum
3501 3452 3693 3500 tuum:
3716 3442 3879 3515 quibus

2250 3542 2369 3581 cum
2382 3526 2453 3580 ad
2478 3528 2763 3584 videndum
2782 3545 2847 3583 ex
2868 3530 3088 3585 oraculo
3118 3532 3218 3587 Dei
3249 3532 3545 3588 Christum
3568 3540 3746 3604 agente
3772 3529 3876 3600 Spi-

2248 3616 2368 3669 ritu
2395 3617 2623 3671 venisset
2654 3618 2718 3671 in
2745 3618 3015 3688 templum,
3050 3624 3101 3675 et
3136 3628 3416 3691 acceptum
3453 3623 3584 3677 sinu
3612 3618 3879 3676 benedixis-

2246 3710 2321 3760 set
2349 3704 2615 3775 infantem
2648 3706 2959 3771 Dominum,
2989 3709 3075 3764 ait
3123 3708 3198 3762 ad
3240 3710 3486 3766 Mariam
3524 3730 3545 3766 :
3581 3732 3601 3762 ι
3636 3711 3769 3765 Ecce
3806 3707 3874 3760 his

2247 3794 2458 3863 positus
2477 3801 2552 3849 est
2584 3795 2644 3849 in
2674 3794 2902 3850 ruinam
2953 3803 3010 3852 et
3053 3800 3512 3855 resurrectionem
3537 3799 3810 3854 multorum
3833 3796 3880 3849 in

2247 3882 2439 3949 Israel,
2470 3890 2519 3939 et
2546 3884 2607 3939 in
2624 3885 2839 3953 signum
2866 3886 2957 3941 cui
2978 3886 3390 3943 contradicetur
3423 3905 3437 3956 ;
3478 3896 3529 3943 et
3554 3894 3695 3943 tuam
3723 3884 3878 3956 ipsius

2244 3972 2876 4043 animampertransibit
2906 3973 3147 4045 gladius,
3180 3982 3240 4031 ut
3271 3977 3592 4032 revelentur
3618 3975 3878 4031 multorum

2244 4060 2486 4114 cordium
2516 4061 2863 4132 cogitationes
2900 4081 2928 4115 ιο
2981 4062 3091 4134 (Id.
3149 4080 3206 4134 ιι,
3243 4067 3333 4130 34,
3373 4070 3487 4131 35).
3527 4060 3791 4135 Numquid
3827 4058 3879 4113 de

2240 4149 2486 4219 passione
2514 4150 2738 4215 Maria,
2779 4166 2919 4222 qua,
2956 4168 3224 4223 nusquam
3256 4154 3477 4225 scripta
3521 4161 3617 4219 est,
3656 4153 3744 4207 hoc
3770 4166 3877 4221 pro-

2240 4238 2484 4307 phetasse
2506 4238 2799 4294 credendus
2819 4247 2896 4294 est
2923 4238 2951 4294 ‘l
2976 4257 3050 4295 an
3075 4258 3198 4296 vero
3228 4241 3291 4297 de
3319 4251 3572 4299 materno
3600 4242 3709 4313 ejus
3741 4238 3874 4307 olfec-

2245 4332 2322 4391 tu,
2354 4344 2454 4398 quo
2477 4334 2663 4398 postea
2678 4327 2736 4383 in
2767 4334 2996 4399 tempore
3013 4331 3283 4401 passionis
3302 4333 3564 4387 assistens
3592 4330 3762 4397 cruci,
3787 4342 3877 4399 qua

2244 4416 2336 4471 hoc
2353 4423 2473 4471 erat
2503 4416 2667 4487 ﬁxum
2691 4417 2828 4487 quod
2857 4419 2979 4489 ipsa
3004 4427 3302 4491 pepererat,
3338 4428 3709 4477 maternorum
3730 4418 3875 4472 visce-

2242 4522 2368 4561 rum
2396 4504 2581 4561 dolore
2610 4506 2822 4577 conﬁxa
2844 4514 2954 4577 est,-
2972 4516 3021 4563 et
3049 4511 3287 4565 animam
3318 4509 3501 4576 illius,
3526 4509 3628 4565 illa
3647 4524 3757 4581 qua
3780 4505 3875 4576 ejus

2240 4594 2527 4650 secundum
2572 4611 2786 4651 carnem
2835 4596 3019 4667 ﬁlium
3075 4600 3191 4669 ipsa
3226 4605 3501 4670 spectante
3553 4596 3873 4670 confoderat,

2242 4683 2422 4738 crucis
2449 4684 2762 4754 rhomphaa
2790 4687 3108 4756 penetrabat
3139 4688 3167 4741 ?
3214 4686 3381 4743 Video
3400 4689 3549 4743 enim
3579 4695 3627 4744 et
3658 4688 3714 4742 in
3749 4679 3879 4739 Psal-

2242 4773 2352 4827 mis
2378 4771 2441 4826 de
2462 4772 2655 4842 Ioseph
2668 4773 2748 4827 ita
2767 4773 2971 4829 dictum
2991 4792 3115 4841 esse,
3145 4794 3173 4825 «
3200 4777 3659 4832 Humiliaverunt
3680 4776 3735 4828 in
3754 4787 3875 4826 com-

2235 4859 2465 4933 pedibus
2503 4860 2654 4932 pedes
2691 4865 2806 4931 ejus
2853 4879 2871 4926 ;
2903 4863 3118 4933 ferrum
3144 4865 3489 4934 pertransiit
3520 4865 3755 4919 animam
3779 4858 3876 4930 ejus

2246 4970 2273 5002 «
2320 4951 2492 5020 (Psal.
2547 4966 2654 5017 Civ,
2687 4950 2824 5018 18.),
2856 4953 2993 5008 sicut
3028 4952 3085 5007 in
3130 4953 3443 5024 Evangelia
3482 4954 3627 5009 dixit
3651 4952 3870 5007 Simeon,

2244 5057 2274 5092 ‹
2315 5040 2387 5095 Et
2416 5044 2565 5095 tuam
2605 5040 2779 5111 ipsius
2815 5042 3057 5097 animam
3102 5043 3468 5114 pertransibit
3494 5042 3709 5115 gladius
3738 5038 3877 5112 (Luc.

2244 5143 2305 5197 ll,
2331 5128 2440 5198 33).
2473 5148 2501 5182 η
2536 5129 2658 5183 Νοη
2698 5131 2800 5195 ait,
2837 5129 3089 5196 Carnem,
3116 5132 3210 5187 sed
3267 5155 3294 5183 α
3326 5134 3577 5188 animam
3619 5154 3668 5196 υ,
3700 5131 3754 5184 in
3790 5142 3880 5197 qua

2241 5218 2460 5290 pietatis
2479 5218 2692 5288 affectio
2710 5219 3040 5285 continetur,
3068 5228 3116 5276 et
3142 5220 3349 5277 doloris
3373 5222 3595 5278 aculeus
3622 5217 3771 5293 quasi
3785 5216 3882 5288 gla-

2240 5418 2294 5490 iu
2315 5432 2435 5491 qua,
2467 5432 2521 5467 ιι.
2544 5418 2591 5474 7,
2617 5418 2682 5468 de
2701 5418 3063 5490 membrorum
3082 5420 3269 5471 ofﬁciis
3297 5426 3421 5493 post
3455 5418 3877 5471 resurrectionem

2241 5480 2467 5530 disserit.
2499 5495 2617 5530 uua
2645 5482 2870 5530 emstole.
2899 5483 2965 5530 ad
2996 5482 3276 5530 Paulinum
3300 5498 3355 5530 in
3384 5484 3541 5530 Italia
3569 5490 3877 5530 commoran-

2241 5482 2467 5536 disserit,
2499 5495 2617 5544 quae
2645 5482 2870 5543 epistola.
2899 5483 2965 5532 ad
2996 5482 3276 5533 Paulinum
3298 5482 3355 5533 in
3384 5484 3541 5536 Italia
3569 5490 3858 5534 commorat)

2240 5547 2347 5592 tem
2378 5544 2576 5607 scripta
2600 5547 2681 5592 est
2709 5545 2918 5594 circiter
2952 5546 3113 5595 ﬁnem
3140 5561 3226 5595 an.
3255 5548 3365 5596 408.
3416 5602 3421 5607 ξ

2303 5625 2317 5652 ¹
2347 5623 2444 5689 gis.
2463 5638 2508 5689 Aa
2529 5625 2581 5672 et
2606 5636 2745 5689 unus
2766 5637 2794 5673 e
2820 5626 3011 5689 Vatia,
3047 5627 3193 5689 quasi
3218 5628 3383 5675 Deum
3415 5622 3755 5689 interrogavi.

2299 5689 2319 5720 ³
2342 5684 2430 5736 Sic
2461 5685 2580 5735 Mss.
2615 5687 2872 5753 quinque.
2908 5684 3294 5754 [dubitaverat].
3622 5684 3664 5691 ’”
