4074 6164
139 250 226 307 469
1330 237 1741 295 EPISTOLARl

1882 239 2171 302 CLASSIS
2197 248 2263 303 ll.

131 373 239 430 dius
261 376 512 444 operatur
551 385 568 435 ;
617 384 737 425 cum
775 373 873 423 aut
909 364 1095 438 aliqua
1137 366 1320 421 carnis
1362 380 1474 419 suae
1530 364 1744 434 injuria

131 463 367 535 afﬁcitur
390 481 413 531 ;
446 467 502 515 ut
533 458 751 529 Ioseph,
778 457 874 529 qui
902 472 1009 511 non
1035 455 1255 519 mortis,
1282 454 1371 509 sed
1402 454 1744 525 injuriarum

127 550 329 624 pertulit
353 548 642 621 passiones,
668 547 730 601 in
755 563 967 601 servum
992 544 1259 608 venditus,
1286 550 1334 598 et
1364 544 1424 597 in
1453 560 1602 597 reum
1627 544 1742 594 vin-

125 641 330 703 culatus,
368 645 418 693 et
442 636 654 691 carceri
678 635 838 690 datus
866 650 877 689 :
910 640 1007 689 aut
1035 649 1155 689 cum
1180 631 1478 702 affectionis
1504 634 1741 686 interna:

124 726 336 784 tristitia
363 726 446 781 vel
464 723 643 779 dolore
664 723 957 779 cruciatur
986 739 1005 787 ;
1034 729 1094 776 ut
1116 720 1177 775 in
1205 720 1413 787 Maria,
1445 734 1608 791 quam
1634 718 1743 773 uti-

122 834 202 889 que
225 814 292 869 ad
316 828 527 870 crucem
552 812 795 878 Domini,
824 812 886 866 in
914 827 1015 882 quo
1038 818 1165 865 tunc
1202 810 1292 865 sui
1323 816 1534 864 tantum
1560 823 1742 878 corpo-

122 907 190 961 ris
228 903 396 975 ﬁlium
433 901 722 973 cogitabat,
761 908 1011 955 materna
1037 916 1185 954 mens
1212 900 1469 961 duaerat,
1509 904 1571 951 ut
1622 912 1742 951 cum

122 994 312 1050 vidisset
326 998 617 1055 mortuum,
634 990 870 1045 humana
898 989 1217 1060 inﬁrmitate
1236 988 1461 1060 lugeret,
1487 985 1742 1056 sepelien-

123 1084 323 1153 dumque
350 1080 642 1150 colligeret,
682 1078 828 1133 nihil
868 1078 977 1132 sibi
1005 1078 1066 1132 de
1124 1078 1298 1148 ipsius
1350 1074 1741 1130 resurrectione

119 1186 437 1245 praesumens,
468 1171 597 1240 quia
626 1169 642 1205 ³
675 1167 1038 1223 subsecutum
1064 1165 1454 1222 admirationis
1480 1164 1633 1235 ﬁdem
1681 1163 1741 1216 in

118 1260 260 1316 oculis
280 1260 457 1331 posita
496 1258 763 1330 passionis
802 1273 963 1328 pwna
1005 1256 1261 1311 ceccabat.
1305 1253 1558 1321 Quamvis
1595 1269 1742 1308 eam-

118 1351 212 1405 dem
239 1348 533 1403 adstantem
557 1348 712 1402 cruci
745 1362 858 1402 sum
899 1345 1162 1401 Dominus
1200 1361 1311 1400 non
1340 1342 1621 1398 morientis
1650 1342 1742 1394 in-

118 1441 348 1510 ﬁmitate
379 1436 660 1509 trepidans
688 1436 990 1492 consolatus
1026 1436 1120 1501 sit,
1152 1435 1241 1489 sed
1277 1435 1471 1505 ipsam,
1497 1439 1603 1504 qua
1631 1430 1741 1486 obi-

122 1528 193 1581 bat
215 1527 401 1592 volens,
434 1526 497 1580 in
542 1532 793 1596 potestate
840 1523 1035 1579 habens
1064 1530 1305 1585 mortem,
1339 1521 1495 1593 plena
1537 1523 1740 1575 virtute

120 1616 337 1681 viventis,
369 1622 418 1671 et
448 1614 757 1670 constantia
785 1615 1159 1668 resurrecturi
1188 1612 1249 1667 de
1284 1628 1437 1667 cruce
1466 1609 1738 1673 admonet,

120 1706 271 1760 dicens
295 1704 356 1759 de
415 1704 572 1759 beato
609 1702 847 1775 apostolo
872 1704 1097 1768 Joanne,
1125 1724 1152 1753 ‹‹
1188 1701 1422 1764 Mulier,
1454 1713 1568 1755 ecce
1591 1697 1741 1770 ﬁlius

118 1802 255 1858 tuus;
296 1794 570 1865 vitemque
609 1792 701 1846 illi
727 1791 924 1847 ibidem
964 1790 1298 1856 consistenti,
1325 1811 1351 1838 ‹‹
1394 1789 1530 1844 Ecce
1567 1793 1743 1842 mater

121 1889 197 1937 tua
224 1900 251 1937 ι
274 1882 451 1953 (Ιοαη.
475 1898 601 1948 xu,
625 1885 715 1947 26,
750 1885 863 1949 27).
886 1880 1010 1936 Iam
1040 1879 1245 1937 scilicet
1270 1878 1336 1933 ab
1361 1879 1593 1933 humana
1622 1876 1741 1947 fra-

117 1972 296 2043 gilitate
322 1989 428 2043 qua
456 1979 581 2027 erat
618 1978 781 2026 natus
828 1986 897 2026 ea:
933 1971 1158 2042 femina,
1183 1986 1285 2039 per
1308 1968 1489 2023 crucis
1521 1973 1739 2021 mortem

119 2061 384 2133 demigrans
422 2062 482 2116 in
522 2063 883 2117 aeternitatem
920 2060 1029 2116 Dei
1059 2059 1265 2127 Patris,
1299 2058 1506 2129 delegat
1562 2056 1741 2111 homi-

119 2152 167 2205 ni
188 2152 309 2221 jura
334 2150 563 2221 pietatis
608 2151 881 2214 humanm,
912 2156 960 2204 et
996 2165 1060 2203 ea:
1088 2146 1380 2219 discipulis
1412 2153 1431 2183 ²
1458 2146 1573 2200 suis
1610 2144 1738 2198 adv.

117 2239 447 2295 lescentiorem
483 2238 661 2310 eligit,
713 2245 792 2319 ut.
818 2238 1192 2294 convenienter
1243 2238 1477 2307 assignet
1530 2233 1743 2305 virgini

117 2328 321 2398 apostolo
358 2329 631 2401 virginem
662 2334 909 2395 matrem,
940 2327 1050 2381 duo
1076 2327 1291 2398 pariter
1320 2328 1377 2379 in
1407 2324 1587 2379 eadem
1617 2339 1737 2377 sen-

116 2420 255 2472 tentia
282 2418 465 2472 docens
506 2439 523 2478 :
555 2418 787 2487 [ormam
809 2416 1031 2488 pietatis
1073 2416 1383 2487 relinquens
1413 2413 1583 2477 nobis,
1614 2428 1739 2467 eum

114 2514 171 2562 est
195 2507 252 2562 de
277 2514 446 2562 matre
493 2507 783 2571 sollicitus,
827 2512 888 2561 ut
918 2522 1086 2578 quam
1129 2503 1463 2576 relinquebat
1492 2516 1738 2573 corpore,

116 2612 198 2649 non
218 2596 547 2667 relinqueret
579 2612 736 2662 cura,
763 2595 852 2649 sed
899 2612 988 2649 nec
1017 2610 1235 2665 corpore
1266 2593 1585 2655 relicturus,
1608 2589 1741 2661 quia

113 2701 239 2754 quem
258 2686 595 2750 morientem,
629 2700 753 2739 mea;
781 2690 899 2740 erat
931 2684 1117 2739 visura
1144 2682 1442 2737 redivivum
1467 2703 1487 2751 ,-
1521 2687 1568 2735 et
1601 2677 1743 2733 illud

114 2775 223 2844 quod
242 2774 308 2829 ad
333 2774 507 2846 ﬁdem
526 2775 772 2830 omnium
790 2774 1115 2845 pertineret,
1147 2772 1497 2842 saluti/erum
1522 2767 1743 2841 pietatis

113 2876 199 2916 sua
220 2863 645 2919 sacramentium
672 2878 905 2917 sarcana
932 2861 1114 2916 divini
1141 2860 1355 2914 ratione
1391 2858 1614 2913 consilii
1646 2854 1743 2911 sub

114 2950 187 3005 hac
216 2968 322 3007 voce
364 2952 696 3024 consignans
730 2953 773 3017 ³,
810 2958 870 3006 ut
909 2950 1015 3005 alii
1052 2957 1279 3005 matrem
1326 2947 1597 3019 delegaret
1640 2959 1741 3017 pro

114 3046 252 3096 matre
281 3041 606 3107 habendam,
636 3049 684 3097 et
729 3041 845 3097 cice
884 3058 990 3096 sua
1023 3038 1426 3098 consolandam,
1469 3044 1625 3107 atque
1654 3033 1745 3088 illi

112 3130 313 3185 vicissim
340 3147 549 3187 novum
574 3130 756 3203 ﬁlium
785 3129 901 3185 vice
927 3129 1173 3200 corporis
1194 3127 1283 3183 sui
1309 3128 1577 3191 traderet,
1613 3125 1740 3188 imo,

112 3225 156 3272 ut
177 3218 779 3291 itadixerim,gigneret
804 3238 822 3275 .'
852 3236 953 3290 quo
972 3217 1270 3273 ostenderet
1295 3233 1408 3271 eam
1431 3220 1643 3286 praeter
1664 3228 1737 3280 se,

113 3308 187 3377 qui
207 3324 264 3361 ea:
309 3325 371 3363 ea
412 3308 635 3380 virgine
664 3314 824 3363 natus
853 3314 1006 3373 esset,
1040 3322 1133 3361 nec
1164 3304 1404 3360 habuisse
1430 3302 1625 3374 ﬁlium,
1653 3317 1747 3359 nec

115 3395 279 3453 habere
305 3410 325 3469 ;
353 3399 487 3470 quia
515 3414 610 3453 nec
638 3397 891 3454 Salvator
911 3399 1191 3467 tantopere
1214 3410 1402 3450 curam
1421 3392 1483 3448 de
1506 3392 1698 3448 solatio
1725 3391 1746 3427 ‘

117 3482 345 3542 habuisset
372 3489 513 3559 ejus,
546 3503 600 3541 se
630 3486 726 3542 illi
750 3486 943 3542 unicus
966 3502 1069 3540 non
1097 3485 1309 3555 fuisset.

176 3595 244 3647 18.
283 3593 378 3649 Sed
406 3594 691 3649 redeamus
747 3592 820 3648 ad
865 3592 1025 3648 verba
1072 3590 1352 3655 Simeonis,
1394 3588 1454 3643 in
1517 3603 1745 3660 quorum

113 3680 317 3738 clausula
333 3683 668 3739 intellectum
681 3700 854 3737 meum
874 3681 1110 3753 caligare
1121 3683 1300 3751 fateor
1324 3700 1343 3736 :
1365 3702 1391 3729 κ
1423 3679 1495 3734 Et
1521 3685 1694 3742 tuam,
1710 3697 1741 3733 ia

119 3769 283 3841 inquit,
318 3794 340 3823 α
368 3775 615 3828 animam
638 3771 1007 3844 pertransibit
1031 3774 1245 3841 framea
1280 3788 1307 3820 »
1340 3767 1420 3823 vel
1453 3788 1481 3821 ί(
1505 3766 1741 3837 gladius,

118 3865 163 3911 ut
179 3860 466 3918 revelentur
492 3862 799 3918 multorum
824 3860 1071 3917 cordium
1091 3858 1463 3930 cogitationes.
1490 3874 1519 3909 ›
1541 3854 1741 3911 Secun-

116 3946 218 4003 dum
244 3950 479 4007 litteram
512 3951 609 4007 hoc
636 3951 773 4006 mihi
788 3951 1010 4022 penitus
1033 3949 1319 4005 obscurum
1348 3952 1423 4002 est
1453 3963 1466 4013 ;
1493 3946 1623 4017 quia
1647 3960 1742 4003 nec

115 4033 318 4096 Mariam
346 4040 718 4097 beatissimam
756 4056 977 4113 usquam
1036 4038 1256 4111 legimus
1291 4035 1539 4103 occisam,
1588 4041 1648 4091 ut
1677 4035 1739 4092 de

117 4129 354 4197 0Ot‘pot'ali
380 4129 570 4202 gladio
597 4138 812 4185 sanctus
834 4129 928 4184 ille
958 4130 1007 4183 ei
1029 4129 1279 4199 futuram
1299 4127 1600 4196 passionem
1610 4142 1741 4196 pro-

116 4213 318 4283 phetasse
347 4219 627 4275 videatur.
657 4219 767 4275 Sed
803 4226 852 4273 et
885 4218 1023 4289 quod
1050 4217 1299 4289 subjecit,
1338 4238 1365 4265 α
1399 4215 1469 4271 Ut
1504 4214 1739 4270 revelen-

119 4308 195 4357 tur
220 4308 515 4364 multorum
546 4308 789 4363 cordium
816 4307 1183 4378 cogitationes.
1216 4306 1481 4363 Serutans
1514 4324 1543 4357 »
1570 4305 1737 4369 enim,

120 4391 293 4463 inquit,
322 4415 350 4448 α
386 4396 555 4453 corda
585 4403 633 4451 et
660 4413 809 4451 renes
834 4397 976 4451 Deus
1018 4414 1046 4448 ι
1076 4394 1246 4467 (Psal.
1286 4411 1389 4459 vn,
1424 4395 1537 4463 10).
1572 4393 1647 4447 Et
1677 4392 1740 4448 de

114 4482 285 4547 futuro
301 4486 522 4558 judicio
550 4485 834 4557 Apostolus
857 4485 959 4549 ait,
991 4485 1121 4557 quia
1149 4491 1274 4540 tunc
1307 4505 1331 4536 ι
1365 4482 1740 4554 manifestabit

120 4570 231 4628 Deus
257 4583 441 4647 operta
478 4576 738 4632 sordium
766 4582 812 4631 et
844 4574 1050 4631 occulta
1079 4574 1423 4630 tenebrarum
1459 4594 1483 4624 ι
1516 4574 1560 4639 (1
1613 4571 1738 4628 Cor.

123 4676 191 4726 iV,
232 4668 301 4735 5).
322 4666 516 4721 Itidem
545 4664 853 4737 Apostolus,
882 4664 1262 4736 spiritualiter
1298 4678 1609 4731 exprimens
1644 4676 1741 4714 ar-

120 4765 191 4805 ma
212 4754 460 4822 caelestia,
488 4755 679 4827 quibus
700 4756 758 4809 in
783 4754 1039 4809 interiori
1062 4759 1242 4807 nostro
1253 4752 1538 4806 debeamus
1562 4765 1740 4803 arma-

122 4839 182 4905 ri,
196 4842 428 4912 gladium
452 4846 685 4917 spiritus
713 4844 849 4899 dicit
879 4842 1095 4898 verbum
1120 4840 1223 4896 Dei
1258 4839 1471 4911 (Ephes.
1506 4854 1583 4903 v1,
1624 4838 1739 4910 t7);

122 4927 177 4981 de
222 4949 315 5002 quo
349 4934 421 4989 ad
464 4934 720 4989 Hebraeos
765 4933 868 4999 ait,
916 4954 943 4982 «
996 4931 1162 4987 Vivus
1211 4933 1286 4983 est
1326 4944 1497 4982 sermo
1533 4926 1647 4991 Dei,
1692 4932 1741 4981 et

123 5016 305 5088 efﬁcax,
334 5031 383 5078 et
406 5022 794 5095 penetrabilior
830 5020 975 5077 omni
1003 5018 1185 5091 gladio
1224 5016 1457 5089 ancipiti
1485 5033 1503 5080 ;
1530 5014 1742 5087 pertin-

119 5122 239 5174 gens,
272 5132 296 5161 ι
326 5112 527 5183 inquit,
557 5133 586 5166 ‹‹
608 5128 770 5183 usque
806 5109 877 5165 ad
905 5110 1222 5165 divisionem
1247 5106 1449 5161 animae
1480 5112 1529 5160 et
1573 5103 1740 5174 spiri-

124 5201 194 5250 ινα
228 5220 254 5247 ιι
275 5199 457 5270 (Hebr.
491 5217 566 5263 ιγ.
604 5202 717 5271 12),
749 5207 804 5255 et
843 5199 1057 5269 reliqua
1084 5214 1203 5269 qua
1237 5196 1393 5251 nosti.
1430 5193 1573 5260 Quid
1619 5209 1744 5263 ergo

122 5286 321 5353 mirum,
361 5292 410 5344 si
438 5292 596 5347 istius
625 5289 774 5345 verbi
805 5289 981 5361 ignita
1020 5288 1120 5353 vis,
1180 5292 1230 5342 et
1258 5284 1516 5356 ancipitis
1568 5281 1746 5353 gladii

173 5481 190 5549 ξ
216 5480 336 5549 μεθ.
372 5498 479 5549 ses,
508 5499 676 5549 quam.
710 5480 1135 5549 Αιίῇ-οίξῑομᾳιιαξ

174 5544 190 5574 ⁸
218 5543 335 5612 Mss.
362 5538 597 5612 quinque
626 5566 637 5595 :
674 5549 757 5596 Ex
777 5538 1045 5607 discipulis
1075 5540 1446 5591 adolescentior
1477 5539 1600 5596 suis,
1627 5538 1747 5587 ado-

130 5602 447 5682 bice'ntiqrém
467 5602 625 5682 eligit.
662 5675 671 5682 _
732 5670 786 5682 Η
849 5670 859 5681 .

177 5669 193 5699 ³
222 5668 299 5718 Sic
322 5670 445 5721 Mss.
475 5668 696 5737 aliquot.
732 5668 1062 5744 [designans].
1476 5728 1485 5738 .
1568 5728 1578 5738 θ
1654 5727 1664 5737 ι

179 5731 193 5758 ι
224 5730 321 5758 Παλ
379 5734 461 5758 Δ...
507 5736 577 5758 υ..
615 5738 661 5758 ..ι
686 5734 886 5758 ..μιν-ηδ
915 5732 1016 5758 υιη.
1079 5742 1251 5758 ρει-η...
1274 5728 1662 5758 Αιιηιηιιηηηη

224 5730 341 5782 Bad.
367 5734 484 5785 Am.
506 5728 593 5788 Er.
613 5738 664 5785 et
685 5728 889 5799 aliquot
913 5728 1057 5789 Mss.)
1077 5742 1256 5781 curam
1272 5728 1601 5780 desolationis
1618 5728 1745 5792 ejus.

3399 249 3507 303 470

1840 369 2247 435 ‘penetrabilior
2304 372 2446 428 acies
2488 380 2539 428 et
2587 373 2765 427 sancti
2798 372 2995 443 Ioseph
3027 372 3178 440 olim,
3227 379 3279 427 et
3323 380 3505 443 postea

1855 455 2021 512 beatae
2048 460 2249 516 Mariae
2278 464 2515 517 animam
2538 462 2897 533 pertransivit
2927 462 2955 517 ?
2979 462 3112 515 Nam
3156 478 3319 533 neque
3344 463 3400 516 in
3432 462 3505 516 ιι-

1854 544 1960 600 lius
1996 564 2170 620 neque
2204 566 2257 604 in
2294 551 2455 621 hujus
2484 568 2710 621 corpore
2737 552 2948 621 ferrum
2973 551 3235 605 transisse
3259 551 3504 621 cognovi—

1850 650 1987 690 mus.
2020 637 2192 709 Atque
2216 647 2277 694 ut
2301 641 2475 709 magis
2500 647 2680 710 pateat
2712 639 2790 694 ibi
2812 640 3135 709 Prophetam
3166 641 3382 709 ferrum
3400 657 3503 710 pro

1850 724 1998 779 verbi
2028 726 2210 797 gladio
2231 730 2486 798 posuisse,
2518 728 2710 784 statim
2735 728 3075 798 subsequente
3114 730 3383 783 versiculo
3413 729 3496 783 ait

1848 812 2031 868 Sermo
2078 815 2303 871 Domini
2352 819 2551 888 ignivit
2590 818 2768 871 illum.
2807 838 2830 867 ν
2885 816 3068 871 Sermo
3098 817 3238 871 enim
3293 820 3393 872 De:
3450 824 3502 872 et

1850 902 1992 973 ignis
2018 910 2072 959 et
2106 906 2324 976 gladius
2350 914 2444 971 est,
2483 906 2651 962 Verbo
2674 907 2789 976 ipso
2827 907 2939 960 Deo
2968 912 3257 977 utrumque
3295 906 3500 961 dicente

1848 991 1916 1047 de
1939 1009 1991 1047 se
2042 1010 2054 1046 :
2100 1013 2126 1045 «
2168 995 2351 1066 Ignem
2394 1016 2422 1045 »
2488 996 2647 1061 enim,
2690 995 2890 1066 inquit,
2948 1015 2970 1045 «
3008 995 3137 1049 veni
3198 995 3410 1049 mittere
3443 997 3504 1049 in

1849 1088 2055 1137 terram
2089 1100 2102 1146 ;
2134 1091 2182 1138 et
2212 1084 2344 1154 quid
2367 1084 2481 1139 volo
2520 1085 2628 1138 nisi
2678 1091 2735 1139 ut
2763 1086 2883 1154 jam
2922 1083 3245 1137 accendatur
3284 1104 3310 1133 »
3346 1084 3498 1147 (Luc.

1849 1185 1947 1232 xu,
1981 1171 2070 1243 49)
2101 1171 2130 1226 ‘l
2167 1173 2301 1228 Item
2324 1173 2463 1228 alibi
2486 1174 2621 1228 dicit
2648 1193 2667 1229 :
2700 1194 2727 1224 ‹‹
2760 1172 2883 1228 Non
2914 1167 3040 1227 veni
3062 1189 3236 1243 pacem
3262 1172 3497 1239 mittere,

1846 1258 1936 1313 sed
1958 1259 2197 1329 gladium
2228 1282 2255 1311 »
2307 1263 2521 1323 (Matth.
2582 1278 2639 1327 x,
2675 1262 2785 1333 34).
2844 1261 2999 1316 Vides
3029 1278 3153 1315 cum
3198 1278 3358 1315 unam
3392 1264 3498 1316 vim

1846 1346 2107 1404 doctrinae
2135 1366 2247 1405 suae
2274 1351 2483 1405 diverso
2510 1352 2651 1421 ignis
2676 1358 2723 1404 et
2748 1350 2920 1421 gladii
2940 1349 3150 1404 nomine
3179 1349 3495 1420 designasse.

1848 1438 1963 1491 Aut
2004 1440 2256 1508 quomodo
2305 1441 2507 1495 Maria
2558 1440 2715 1494 illata
2764 1455 2869 1509 per
2897 1439 3146 1509 gladium
3191 1442 3366 1509 passio
3416 1440 3499 1494 vel

1849 1525 2134 1582 tribulatio
2159 1536 2428 1599 perstaret
2467 1529 2494 1584 ?
2532 1529 2720 1599 Itaque
2764 1529 2855 1582 hoc
2878 1530 3016 1581 scire
3045 1528 3222 1598 cupio,
3262 1528 3393 1598 quid
3426 1529 3498 1583 ad

1847 1615 2087 1671 Mariam
2094 1619 2421 1686 pertineret,
2444 1624 2503 1672 ut
2531 1618 2910 1671 revelarentur
2934 1616 3227 1671 multorum.
3253 1616 3497 1672 cordium

1848 1705 2196 1775 cogitationes
2224 1723 2243 1772 ;
2283 1712 2381 1760 aut
2418 1706 2517 1761 ubi
2561 1707 2820 1776 apparuit
2849 1706 2976 1775 quia
3007 1721 3071 1759 ea:
3109 1722 3164 1759 eo
3202 1705 3337 1775 quod
3378 1706 3499 1759 ani-

1848 1811 1988 1849 mam
2009 1795 2145 1863 ejus,
2179 1796 2286 1849 sive
2325 1793 2573 1849 carnalis
2614 1795 2672 1848 in
2699 1795 2875 1865 ferro,
2910 1794 3019 1847 sive
3043 1794 3357 1864 spiritualis
3384 1795 3499 1865 gla-

1846 1883 1969 1937 dius
2000 1884 2057 1937 in
2084 1884 2240 1938 verbo
2266 1884 2367 1938 Dei
2390 1884 2775 1955 pertransivit,
2817 1882 3013 1938 exinde
3042 1883 3341 1938 multorum
3386 1901 3502 1938 cor-

1846 1972 1997 2027 dium
2022 1972 2363 2043 cogitationes
2393 1973 2640 2027 revelata:
2664 1981 2807 2027 sunt.
2856 1972 3078 2042 Expone
3117 1989 3239 2043 ergo
3269 1974 3498 2027 maxime

1844 2061 1908 2115 de
1935 2061 2110 2116 verbis
2164 2061 2424 2116 Simeonis
2462 2060 2757 2117 clausulam
2804 2061 2960 2124 mihi,
3002 2062 3129 2131 quia
3169 2060 3347 2115 lucere
3392 2078 3496 2115 non

1846 2150 2034 2204 dubito
2056 2157 2253 2205 sanctae
2291 2150 2492 2204 animae
2518 2157 2647 2217 tuae,
2683 2165 2801 2220 qua:
2823 2150 2890 2203 de
2920 2148 3199 2203 interioris
3224 2149 3370 2204 oculi
3392 2165 3495 2219 pu-

1847 2240 2012 2294 ritate
2040 2240 2244 2294 meruit
2266 2238 2720 2293 illuminationem
2740 2237 2983 2305 Spiritus
3001 2238 3194 2301 sancti,
3220 2254 3321 2307 per
3349 2255 3498 2308 quem

1845 2328 2090 2382 scrutari
2126 2335 2174 2382 et
2197 2329 2464 2397 inspicere
2484 2326 2645 2398 possit
2669 2328 2833 2382 etiam
2857 2327 2976 2381 alta
3008 2326 3130 2391 Dei,
3166 2326 3310 2381 Deus
3341 2328 3496 2382 mise-

1847 2424 2040 2472 reatur
2089 2416 2190 2471 mei
2229 2434 2331 2488 per
2364 2418 2635 2471 orationes
2665 2422 2805 2481 tuas,
2863 2423 2915 2470 et
2968 2415 3239 2470 illuminet
3294 2416 3501 2471 vultum

1846 2522 2003 2561 suum
2033 2523 2191 2577 super
2221 2523 2301 2561 me
2327 2522 2426 2577 per
2448 2508 2727 2562 lucernam
2751 2504 2903 2560 verbi
2928 2505 3031 2570 tui,
3061 2511 3241 2559 sancte
3266 2490 3498 2570 domine,

1849 2595 2146 2650 beatissime
2173 2595 2357 2666 frater
2386 2596 2445 2649 in
2468 2595 2694 2650 Domino
2709 2594 2933 2650 Christo
2949 2595 3220 2663 unanime,
3244 2596 3502 2665 magister

1846 2701 1993 2740 meus
2030 2685 2089 2739 in
2118 2684 2219 2755 ﬁde
2249 2685 2521 2750 veritatis,
2571 2689 2621 2739 et
2649 2690 2926 2755 susceptor
2952 2698 3100 2738 meus
3124 2682 3183 2738 in
3212 2683 3502 2739 visceribus

1847 2774 2141 2830 charitatis
2172 2776 2213 2828 ί.

2290 2915 2628 2973 EPISTOLA
2668 2915 2850 2971 cxxu
2892 2919 2908 2933 ·
2948 2916 3050 2986 (α).

1852 3042 2191 3113 Augustinus
2216 3041 2359 3095 clero
2385 3048 2435 3095 et
2466 3040 2663 3111 populo
2692 3040 3029 3111 Hipponensi
3058 3047 3275 3095 excusat
3305 3041 3505 3097 absen-

1926 3132 2057 3186 tiam
2085 3147 2256 3193 suam,
2290 3129 2590 3186 adhortans
2619 3136 2677 3184 ut
2725 3130 2785 3183 in
2813 3128 3152 3183 sublevandis
3177 3129 3509 3200 pauperibus

1923 3221 2083 3275 solito
2102 3221 2212 3275 sint
2230 3219 2547 3287 alacriores,
2571 3218 2633 3273 ob
2663 3217 2995 3290 afﬂictiones
3019 3219 3399 3289 temporarias.

1852 3362 2257 3421 Dilectissimis
2277 3361 2558 3419 fratribus
2577 3361 2923 3418 conclericis
2937 3366 2994 3418 et
3010 3362 3303 3419 universae
3326 3362 3507 3435 plebi,

1926 3454 2293 3517 AUGUSTINUS,
2324 3453 2385 3506 in
2416 3450 2671 3506 Domino
2700 3450 2977 3507 salutem.

1933 3594 1978 3643 t.
2004 3590 2065 3641 In
2090 3585 2298 3657 primis
2320 3589 2457 3656 peto
2479 3584 2827 3641 charitatem
2849 3590 3129 3657 vestram,
3149 3590 3206 3640 et
3232 3600 3336 3658 per
3356 3585 3513 3643 Chri-

1854 3681 2013 3732 stum
2033 3677 2305 3740 obsecro,
2330 3689 2404 3730 ne
2422 3690 2528 3729 vos
2546 3689 2679 3730 mea
2696 3674 3001 3730 contristet
3016 3674 3288 3731 absentia
3308 3691 3518 3747 corpo-

1853 3766 2016 3821 ralis.
2034 3767 2181 3820 Nam
2200 3763 2428 3834 spiritu.
2446 3767 2502 3819 et
2522 3763 2718 3818 cordis
2741 3761 2958 3819 affectu
2978 3768 3120 3833 puto
3132 3779 3238 3818 vos
3260 3779 3382 3819 non
3403 3765 3515 3819 du-

1850 3854 1909 3911 bi
1920 3860 2039 3910 tare
2054 3852 2215 3909 nullo
2231 3850 2412 3907 modo
2427 3867 2521 3907 me
2534 3867 2570 3907 a
2581 3851 2753 3907 vobis
2767 3866 2944 3922 posse
2959 3850 3283 3917 discedere;
3298 3867 3513 3922 quam-

1852 3945 1937 3999 vis
1952 3959 2045 3999 me
2057 3941 2322 4013 amplius
2340 3941 2855 4013 contristet,quam
2870 3939 3017 3996 forte
3032 3955 3139 3996 vos
3157 3939 3517 4012 ipsos,quod

1850 4031 2172 4094 inﬁrmitas
2205 4045 2340 4086 mea
2367 4028 2641 4086 sufﬁcere
2663 4044 2785 4085 non
2805 4033 3000 4101 potest
3024 4027 3305 4085 omnibus
3331 4028 3511 4094 curis,

1845 4137 1999 4195 quas
2019 4120 2093 4175 de
2118 4135 2213 4175 me
2244 4119 2493 4188 exigunt
2524 4117 2798 4173 membra
2824 4116 3055 4182 Christi,
3084 4117 3310 4189 quibus
3341 4132 3436 4172 me
3456 4121 3514 4173 et

1850 4202 2021 4266 timor
2039 4209 2168 4279 ejus
2194 4213 2249 4263 et
2277 4207 2539 4265 charitas
2562 4206 2781 4262 servire
2811 4206 3141 4278 compellit.
3175 4206 3328 4264 Illud
3356 4207 3515 4263 enim

1848 4298 2080 4356 noverit
2127 4297 2369 4353 Dilectio
2419 4297 2634 4362 veStra,
2691 4311 3005 4369 nunquam
3054 4311 3151 4352 me
3205 4296 3516 4354 absentem

1849 4389 2030 4445 fuisse
2058 4388 2370 4443 licentiosa
2391 4385 2684 4455 libertate,
2705 4385 2810 4441 sed
2839 4387 3180 4441 necessaria
3211 4372 3515 4457 servitute,

1850 4494 1982 4550 quas
2015 4492 2173 4549 saepe
2210 4479 2450 4531 sanctos
2481 4475 2691 4529 fratres
2729 4480 2782 4529 et
2820 4473 3081 4543 collegas
3116 4489 3301 4540 meos,
3335 4474 3516 4530 etiam

1849 4566 2084 4622 labores
2098 4565 2358 4620 marinos
2372 4562 2875 4619 ettransmarinos
2889 4550 3514 4633 compulitsustinere;

1851 4672 1887 4712 a
1906 4655 2129 4727 quibus
2158 4669 2252 4708 me
2276 4667 2513 4723 semper
2538 4666 2658 4707 non
2683 4650 2986 4706 indevotio
3016 4650 3250 4716 mentis,
3288 4652 3391 4707 sed
3412 4652 3518 4707 mi-

1850 4760 1961 4798 nus
1994 4742 2209 4798 idonea
2240 4740 2519 4796 valetudo
2558 4739 2828 4810 corporis
2860 4729 3185 4795 excusavit.
3237 4740 3514 4807 Proinde,

1850 4829 2461 4894 dilectissimilratres,
2483 4828 2565 4883 sic
2589 4831 2859 4899 agite,ut,
2882 4829 3047 4901 quod
3070 4830 3150 4885 ait
3172 4830 3514 4902 Apostolus,

1848 4922 1959 4976 sive
1987 4919 2278 4976 adveniens
2306 4926 2353 4973 et
2385 4918 2575 4973 videns
2596 4934 2702 4989 vos,
2735 4919 2845 4974 sive
2872 4918 3081 4985 absens,
3104 4920 3323 4974 audiam
3352 4919 3414 4973 de
3432 4936 3517 4972 vo-

1850 5009 1950 5074 bis,
1973 5012 2103 5082 quia
2129 5010 2291 5063 statis
2312 5008 2370 5062 in
2397 5024 2503 5063 uno
2530 5007 2757 5078 spiritu,
2782 5024 2887 5063 uno
2912 5008 3094 5063 animo
3121 5008 3515 5063 collaborantes

1848 5100 1981 5171 ﬁdei
2004 5096 2319 5169 evangelicae
2352 5097 2524 5168 (Phil.
2558 5113 2596 5163 ι,
2630 5099 2740 5169 27).
2779 5097 2835 5153 Si
2867 5113 2974 5153 vos
3004 5096 3205 5168 aliqua
3242 5094 3515 5152 molestia

1853 5187 2202 5261 temporalis
2232 5186 2510 5257 exagitat,
2538 5186 2671 5258 ipsa
2694 5201 2802 5241 vos
2833 5186 3026 5254 magis
3054 5184 3379 5239 admonere
3410 5182 3515 5239 de-

1850 5279 1950 5336 bet
1977 5275 2497 5351 quemadmodum
2528 5275 2601 5330 de
2634 5273 2735 5331 illa
2764 5274 2882 5329 vita
2913 5273 3171 5343 cogitare
3213 5272 3504 5339 debeatis,

1914 5476 1929 5507 ι
1965 5473 2023 5521 In
2050 5472 2179 5521 Mss.
2217 5468 2464 5533 pluribus
2483 5467 2697 5531 legitur,
2722 5465 2989 5533 charitatis
3015 5465 3229 5517 Christi.

1916 5536 1937 5555 ⁸
1964 5533 2168 5583 Collata
2188 5528 2311 5582 cum
2337 5547 2385 5579 a.
2417 5530 2495 5584 bl.
2523 5528 2568 5579 c'.
2602 5543 2678 5578 cc.
2702 5545 2759 5595 g,
2798 5544 2884 5595 εἶ.
2906 5528 2949 5595 j._
2976 5543 3104 5595 n._r,
3126 5544 3180 5595 is,
3214 5533 3252 5579 t,
3277 5544 3357 5580 vc.
3384 5544 3512 5595 qua.

1857 5607 1979 5649 tuor
2009 5596 2087 5659 sb.
2118 5598 2352 5659 quatuor
2377 5608 2428 5642 ν.
2456 5596 2509 5643 et
2549 5605 2669 5641 cum
2702 5591 2822 5659 Am:
2845 5591 2973 5659 Bad.
3009 5592 3091 5641 Er.
3123 5594 3243 5659 Lov.

1919 5661 1989 5722 ta)
2017 5655 2159 5707 Alias
2190 5659 2279 5706 138
2316 5672 2326 5705 :
2360 5670 2479 5720 quae
2502 5658 2682 5705 autem
2713 5656 2800 5705 122
2834 5658 2967 5713 erat,
2996 5669 3140 5706 nunc
3166 5657 3272 5707 111.
3305 5655 3513 5721 Scripta

3502 5734 3519 5766 3

1857 5724 1999 5779 circa
2017 5733 2105 5772 an.
2129 5722 2242 5771 410.
