4074 6164
230 131 320 186 41³

220 255 354 312 dem
392 254 716 313 hiemalem
766 256 1151 328 asperitatem
1189 274 1384 331 pana
1435 277 1584 317 mea
1635 266 1868 318 tantum

218 361 456 399 causam
511 347 854 417 putaverit;
906 346 1085 412 absit,
1135 349 1489 406 charissimi.
1523 350 1676 418 Quid
1707 350 1868 406 enim

211 449 385 505 grave
417 449 490 489 ac
525 435 854 501 molestum,
885 435 972 490 vel
1013 436 1190 492 etiam
1220 439 1611 509 periculosum
1641 439 1868 495 habent

207 523 414 578 imbres
466 524 588 589 isti,
621 524 781 597 quod
824 540 943 580 non
988 525 1130 581 mihi
1162 526 1545 583 subeundum
1577 545 1647 584 ac
1675 528 1868 584 feren-

204 613 345 669 dum
377 613 514 679 fuit,
546 620 611 670 ut
640 614 714 669 ad
739 630 849 671 vos
883 617 1169 682 venirem,
1205 622 1367 673 tanta
1394 618 1453 673 in
1487 619 1660 674 tantis
1690 618 1864 674 malis

201 702 416 758 nostris
445 702 682 770 solatia,
714 705 774 760 in
805 705 916 760 hac
943 706 1324 777 generatione
1348 712 1613 763 tortuosa
1639 723 1708 763 ac
1738 723 1863 778 per-

203 806 387 856 versa,
423 797 552 846 tam
585 792 858 848 ardenter
878 809 1131 849 accensa
1155 794 1230 849 de
1261 812 1499 852 summo
1524 796 1748 851 lumine
1777 795 1862 852 lu-

196 880 378 945 mina,
404 886 694 952 suscepta
721 881 1058 938 humilitate
1097 883 1400 949 sublimia,
1431 891 1486 940 et
1515 890 1860 957 contempta

196 967 459 1024 claritate
511 970 818 1027 clariora?
866 972 1050 1027 Simul
1097 973 1278 1029 etiam
1333 974 1556 1030 fruerer
1605 974 1858 1030 carnalis

192 1057 395 1128 patria
426 1075 587 1114 mea
610 1065 732 1116 tam
759 1060 1048 1132 spirituali
1081 1061 1373 1128 felicitate,
1397 1079 1532 1134 qua
1553 1079 1656 1119 vos
1678 1064 1856 1120 etiam

191 1153 519 1217 prasentes
550 1147 774 1204 habere
804 1149 1019 1205 meruit
1047 1173 1059 1206 :
1112 1150 1186 1206 de
1229 1152 1451 1223 quibus
1483 1151 1852 1218 absentibus,

190 1250 320 1290 cum
351 1234 415 1290 id
447 1237 621 1309 quod
648 1238 769 1293 nati
799 1239 957 1306 estis,
989 1244 1044 1296 et
1071 1240 1240 1311 quod
1263 1240 1455 1310 gratia
1484 1241 1689 1296 Christi
1716 1241 1855 1297 facti

187 1324 341 1390 estis,
371 1325 642 1391 audiret,
694 1327 971 1398 quamvis
996 1328 1283 1384 charitate
1314 1329 1598 1394 crederet,
1627 1336 1848 1397 tamen,

184 1427 253 1467 ne
288 1428 412 1469 non
442 1416 813 1483 crederetur,
835 1433 1077 1473 narrare
1103 1418 1352 1474 forsitan
1372 1418 1707 1475 verebatur.

249 1504 300 1554 2.
337 1502 556 1558 Dicam
599 1505 773 1576 igitur
824 1521 1008 1578 quare
1057 1522 1177 1561 non
1212 1508 1495 1571 venerim,
1546 1512 1599 1563 et
1629 1508 1850 1580 quibus

187 1588 355 1645 malis
386 1606 424 1646 a
456 1596 631 1648 tanto
660 1593 824 1649 bono
856 1593 1178 1665 impeditus
1209 1595 1322 1650 sim
1357 1612 1370 1661 ;
1408 1603 1468 1650 ut
1499 1611 1620 1652 non
1652 1597 1848 1652 solum

181 1694 213 1732 a
243 1680 413 1734 vobis
447 1681 719 1746 veniam,
753 1682 856 1737 sed
884 1682 1061 1738 etiam
1103 1685 1312 1740 vestris
1342 1685 1737 1751 orationibus,
1771 1686 1847 1740 ab

183 1766 273 1822 illo
302 1768 410 1838 qui
451 1769 516 1824 in
556 1770 722 1825 vobis
763 1771 930 1843 quod
956 1773 1009 1826 ei
1065 1773 1256 1827 vivitis
1285 1779 1586 1843 operatur,
1621 1789 1850 1830 merear

183 1856 690 1915 misericordiam.
715 1860 972 1930 Populus
993 1861 1408 1933 Hipponensis,
1429 1863 1522 1917 cui
1548 1879 1631 1918 me
1657 1864 1848 1919 Domi-

182 1959 286 1999 nus
311 1961 566 2003 servum
587 1948 770 2014 dedit,
804 1965 938 2005 cum
965 1966 1034 2005 ex
1063 1965 1285 2020 magna
1311 1955 1367 2006 et
1397 1966 1547 2021 pene
1579 1967 1649 2006 ex
1682 1952 1846 2007 omni

186 2039 340 2104 parte
362 2037 445 2091 ita
479 2036 762 2092 inﬁrmus
790 2039 881 2102 sit,
910 2046 972 2094 ut
995 2054 1272 2110 pressura
1298 2039 1474 2094 etiam
1496 2039 1731 2096 levioris
1750 2041 1846 2095 tri-

181 2121 504 2181 bulationis
541 2126 734 2198 possit
759 2129 1014 2197 graviter
1042 2133 1352 2197 agrotare,
1386 2144 1544 2183 nunc
1572 2134 1692 2184 tam
1723 2147 1845 2186 ma-

183 2227 294 2280 gna
324 2213 713 2271 tribulatione
745 2217 1012 2282 caditur,
1048 2222 1109 2273 ut
1147 2217 1380 2273 etiamsi
1410 2235 1529 2273 non
1562 2219 1643 2274 sic
1691 2225 1845 2275 esset

183 2301 472 2368 infirmus,
501 2305 602 2360 vix
628 2321 764 2361 eam
786 2322 923 2361 cum
950 2306 1151 2378 aliqua
1174 2308 1362 2363 salute
1386 2309 1569 2364 animi
1595 2308 1843 2365 sustine-

179 2395 274 2446 ret.
304 2394 454 2448 Eum
486 2397 696 2449 autem
728 2394 910 2450 modo
940 2411 1076 2450 cum
1100 2412 1404 2466 regressus
1431 2413 1588 2462 sum,
1616 2399 1843 2469 pericu-

181 2479 462 2538 losissime
481 2483 960 2540 scandalizatum
978 2486 1242 2557 comperi
1268 2485 1341 2541 de
1369 2487 1642 2543 absentia
1665 2503 1798 2544 mea
1819 2505 1830 2543 :

186 2570 379 2624 vestris
418 2577 652 2638 autem,
686 2573 759 2628 de
805 2590 1066 2645 quorum
1098 2575 1389 2646 spirituali
1433 2577 1646 2632 robore
1695 2592 1838 2647 gau-

184 2656 384 2713 demus
406 2661 468 2714 in
499 2662 777 2732 Domino,
800 2662 964 2718 sanis
990 2663 1183 2734 utique
1213 2664 1488 2721 faucibus
1508 2666 1670 2737 sapit
1691 2681 1838 2738 quo-

184 2746 353 2802 modo
383 2748 618 2804 dictum
642 2751 735 2816 sit,
770 2751 908 2818 Quis
933 2752 1297 2820 inﬁrmatur,
1327 2760 1378 2810 et
1401 2770 1505 2825 ego
1532 2772 1646 2810 non
1676 2757 1835 2822 inﬁr-

184 2850 298 2890 mor
321 2837 349 2889 ?
379 2840 520 2908 quis
548 2840 1023 2909 scandalizatur,
1056 2849 1108 2898 et
1141 2858 1244 2912 ego
1275 2859 1394 2898 non
1426 2860 1569 2899 uror
1601 2845 1666 2915 (ll
1696 2845 1834 2900 C’or.

183 2938 252 2986 xi,
283 2928 424 2997 29)?
477 2929 810 2984 Prasertim
851 2931 1140 3001 quoniam
1193 2932 1360 2987 multi
1394 2938 1532 2987 sunt
1578 2933 1695 2998 hic,
1727 2933 1838 3003 qui

185 3011 548 3072 detrahendo
593 3018 783 3084 nobis,
843 3025 1188 3076 caterorum
1239 3021 1475 3077 animos
1520 3037 1551 3076 a
1612 3022 1835 3093 quibus

184 3101 334 3174 diligi
359 3105 662 3172 videmur,
693 3107 985 3163 adversus
1009 3124 1118 3163 nos
1147 3111 1494 3181 perturbare
1516 3115 1830 3175 conantur,

187 3197 240 3245 ut
261 3191 458 3250 locum
493 3195 551 3249 in
580 3197 664 3250 eis
703 3196 946 3253 diabolo
977 3198 1216 3254 faciant.
1251 3202 1394 3255 Cum
1430 3204 1628 3254 autem
1679 3198 1831 3253 iras-

184 3286 379 3337 cuntur
391 3283 573 3339 nobis
590 3284 664 3339 de
685 3301 943 3357 quorum
963 3287 1153 3342 salute
1171 3287 1519 3360 satagimus,
1542 3303 1829 3359 magnum

183 3368 283 3425 illis
309 3373 630 3429 consilium
657 3375 1019 3441 vindicandi,
1048 3384 1133 3432 est
1157 3376 1339 3432 libido
1372 3378 1685 3442 moriendi,
1711 3392 1829 3431 non

183 3456 230 3511 in
257 3475 524 3533 corpore,
578 3463 680 3518 sed
711 3464 772 3518 in
815 3464 1006 3533 corde,
1046 3465 1146 3520 ubi
1179 3465 1358 3521 {unus
1405 3466 1634 3522 occulte
1664 3466 1829 3538 prius

182 3561 276 3602 suo
296 3557 510 3619 putore
536 3552 805 3618 sentitur,
837 3569 1021 3624 quam
1044 3560 1249 3609 nostra
1278 3555 1635 3625 cogitatione
1665 3570 1826 3626 pros-

182 3635 392 3705 picitur.
431 3641 576 3696 Huic
609 3657 758 3697 mea
781 3641 1162 3697 sollicitudini
1187 3644 1392 3713 procul
1421 3644 1606 3700 dubio
1634 3643 1824 3700 liben-

186 3726 256 3778 ter
284 3725 636 3795 ignoscitis;
669 3731 1003 3801 prasertim
1033 3732 1322 3802 quoniam
1369 3733 1414 3787 si
1447 3749 1827 3788 succensere-

184 3811 258 3876 tis.
298 3821 350 3871 et
397 3816 632 3872 velletis
673 3817 894 3883 ulcisci,
931 3818 1074 3874 nihil
1106 3819 1352 3876 fortasse
1385 3821 1623 3890 gravius
1665 3821 1825 3876 inve-

181 3900 360 3960 niretis
376 3922 570 3977 quam
593 3906 652 3961 id
669 3907 830 3978 quod
854 3908 1066 3978 patior,
1088 3924 1226 3964 cum
1245 3924 1351 3964 vos
1368 3910 1677 3978 Thagasta
1701 3926 1821 3966 non

186 3988 355 4048 video.
406 3997 594 4066 Spero
625 3999 824 4050 autem
883 3997 1087 4053 vestris
1128 3997 1372 4068 adjutus
1424 3999 1820 4067 orationibus,

183 4082 324 4147 quod
353 4083 507 4139 mihi
547 4083 625 4139 ad
675 4100 777 4140 vos
827 4085 1193 4158 ubicumque
1242 4086 1300 4142 in
1339 4086 1532 4143 Africa
1574 4087 1820 4154 fueritis,

188 4171 364 4227 venire
395 4173 757 4245 quantocius
788 4176 1163 4246 concedetur,
1195 4191 1332 4230 cum
1364 4175 1477 4231 hoc
1511 4192 1632 4246 quo
1664 4193 1822 4234 nunc

187 4254 444 4316 detentus
476 4278 631 4326 sum,
675 4264 1052 4335 praterierit;
1106 4265 1152 4318 si
1192 4265 1319 4320 hac
1357 4265 1559 4321 civitas
1597 4266 1657 4320 in
1701 4283 1822 4338 qua

186 4340 541 4415 laboramus,
572 4351 758 4421 digna
786 4368 906 4407 non
938 4359 1044 4420 est,
1071 4354 1214 4424 quia
1239 4369 1348 4409 nec
1377 4370 1488 4426 ego
1519 4355 1714 4410 audeo
1737 4357 1821 4410 di-

186 4444 346 4496 BUam
374 4445 610 4512 putare,
651 4457 787 4513 qua
818 4441 1133 4497 nobiscum
1174 4442 1248 4498 de
1284 4448 1475 4499 vestra
1502 4445 1820 4515 prasentia

183 4521 507 4583 collatetur.

630 4616 870 4676 EPISTO
880 4619 966 4674 LA
1007 4619 1202 4675 CXXV'
1246 4619 1351 4691 (a).

185 4698 307 4757 Cum
339 4705 677 4774 Hipponem
699 4709 780 4763 ad
798 4707 1172 4763 invisendum
1197 4709 1598 4780 Augustinum
1623 4711 1816 4767 venis-

240 4798 312 4846 set
330 4793 641 4863 Pinianus,
656 4795 852 4866 ibique
865 4797 1145 4853 reisacra:
1164 4797 1488 4864 interesset,
1506 4799 1696 4856 subito
1711 4817 1815 4869 po-

237 4885 360 4946 puli
376 4884 632 4940 tumultu
655 4886 734 4940 ad
744 4885 1174 4956 presbyterium
1186 4889 1524 4955 postulatus
1538 4891 1693 4958 fuit;
1710 4905 1815 4946 nec

237 4973 472 5029 evadere
493 4975 814 5042 permissus
834 4976 1019 5030 donec
1038 4978 1302 5045 jurasset
1323 4993 1440 5033 non
1461 4992 1520 5032 se
1540 4978 1816 5045 Hippone

236 5058 635 5129 discessurum,
659 5071 834 5135 atque
857 5064 907 5119 si
927 5066 1154 5134 quando
1174 5065 1272 5120 illi
1287 5067 1368 5121 ad
1385 5065 1813 5134 suscipiendum

237 5149 570 5207 clericatum
598 5153 930 5209 consentire
953 5154 1292 5222 placuisset,
1328 5156 1564 5210 nonnisi
1587 5155 1649 5210 in
1679 5156 1812 5224 ipsa

234 5236 595 5308 Hipponensi
605 5241 872 5298 Ecclesia
889 5247 1287 5315 suscepturum
1297 5243 1404 5300 hoc
1419 5245 1811 5301 munus.Con-

224 5432 248 5462 "
271 5435 448 5499 Epistt.
475 5437 651 5505 QXXV
681 5441 733 5488 et
761 5438 958 5488 CXXVI
979 5440 1394 5504 recognovimus
1420 5439 1488 5488 ad
1511 5440 1591 5490 cb.
1617 5439 1696 5490 sb.
1725 5455 1805 5505 vc.

176 5490 367 5548 duos'v.
401 5505 455 5550 et
489 5501 617 5549 Lov.

224 5560 284 5632 (a)
307 5563 444 5612 Alias
475 5565 565 5611 224
599 5577 612 5610 :
644 5577 764 5632 qua
791 5567 972 5615 autem
1001 5565 1087 5614 125
1120 5569 1249 5623 erat,
1287 5579 1430 5615 nunc
1464 5566 1571 5615 259.
1600 5565 1807 5632 Scripta

177 5622 309 5678 Paulo
332 5632 453 5691 post
482 5622 834 5691 superiorem,

1456 132 1976 192 EPISTOLARUM
2014 131 2306 196 CLASSIS,
2340 133 2438 191 III.

3525 131 3634 190 474

2049 261 2244 331 questi
2259 260 2458 316 suntA
2472 257 3064 331 lbinaﬁliiqueipsius
3082 257 3251 330 (puta
3264 257 3562 314 Pinianus
3578 264 3631 315 et

2045 350 2329 416 Melania)
2359 351 2766 420 Hipponenses
2796 349 3056 420 pecunia
3085 347 3410 416 cupiditate
3433 347 3624 404 virum

2044 439 2408 508 praedivitem
2458 441 2760 495 vindicare
2809 438 2919 493 sibi
2949 437 3244 507 sategisse,
3280 437 3626 508 nulliusque

2045 528 2264 598 vigoris
2286 544 2401 584 esse
2427 527 2698 584 volebant
2715 529 3127 596 juramentum
3151 527 3207 580 vi
3231 531 3502 597 metuque
3527 541 3628 582 ex-

2045 625 2286 674 tortum.
2333 618 2519 685 Quam
2572 615 2641 671 ob
2673 632 2913 672 causam
2953 615 3327 685 Augustinus
3374 614 3454 669 ad
3481 616 3624 683 Aly-

2039 708 2203 777 pium
2244 707 2445 763 scribit
2487 706 2774 778 quomodo
2803 703 3234 773 suspicionibus
3265 709 3318 758 et
3367 705 3623 773 querelis

2038 797 2164 852 istis
2193 797 2266 852 sit
2294 795 2745 857 occurrendum,
2780 808 2969 864 quave
2997 793 3282 862 religione
3321 792 3624 848 exsolven-

2038 887 2177 941 dum
2201 889 2618 956 juramentum
2652 883 2858 938 datum
2891 898 2924 937 a
2961 881 3232 936 Piniano.

1969 975 2220 1030 Domino
2243 973 2597 1029 beatissimo
2622 978 2677 1028 et
2703 970 3119 1026 venerabiliter
3132 969 3490 1025 charissimo
3507 968 3622 1026 fra-

2038 1064 2107 1118 tri
2129 1069 2186 1118 et
2217 1061 2628 1118 consacerdoti
2653 1066 2885 1128 ALYPIO,
2918 1066 2975 1115 et
3002 1060 3104 1130 qui
3132 1065 3321 1113 tecum
3347 1063 3486 1113 sunt
3507 1057 3620 1114 fra-

2037 1153 2241 1223 tribus,
2277 1156 2643 1215 Aucusrmus,
2673 1155 2728 1204 et
2753 1149 2853 1219 qui
2885 1163 3121 1203 mecum
3150 1146 3532 1212 suntfratres,
3559 1148 3619 1202 in

2030 1241 2283 1297 Domino
2308 1241 2578 1296 salutem.

2031 1332 2081 1385 1.
2120 1330 2396 1386 Dolemus
2427 1329 2677 1402 quidem
2708 1325 2981 1400 graviter,
3023 1340 3132 1380 nec
3173 1323 3296 1379 ﬁeri
3329 1329 3520 1396 potest
3557 1330 3618 1380 ut

1958 1419 2468 1491 parvipendamus
2516 1417 2682 1490 quod
2712 1417 2771 1471 in
2812 1415 3059 1485 injurias
3106 1413 3446 1469 Sanctitatis
3497 1419 3613 1470 tua

1957 1512 2217 1584 populus
2249 1509 2644 1582 Hipponensis
2694 1510 2857 1562 tanta
2890 1503 3214 1570 clamavit;
3269 1504 3374 1558 sed
3426 1504 3614 1559 multo

1957 1601 2198 1670 gravius
2232 1598 2560 1653 dolendum
2608 1601 2717 1661 est,
2756 1596 2930 1649 frater
2956 1593 3133 1658 bone,
3170 1592 3307 1647 talia
3338 1593 3411 1646 de
3439 1590 3615 1647 nobis

1955 1689 2301 1752 existimari,
2336 1703 2520 1758 quam
2563 1685 2662 1740 illa
2693 1683 2958 1741 clamari.
3015 1682 3267 1748 Quando
3313 1683 3471 1736 enim
3504 1696 3614 1736 nos

1955 1779 2254 1834 credimur
2285 1777 2608 1848 cupiditate
2649 1773 2943 1846 pecunia,
2978 1788 3097 1827 non
3129 1770 3443 1826 dilectione
3476 1772 3612 1840 jus-

1955 1868 2093 1924 titia
2122 1881 2324 1922 servos
2354 1865 2448 1920 Dei
2468 1864 2616 1920 velle
2644 1863 2916 1926 retinere,
2950 1876 3152 1917 nonne
3173 1860 3501 1930 optandum
3527 1863 3614 1915 est

1957 1962 2018 2013 ut
2060 1956 2165 2028 qui
2194 1955 2309 2010 hoc
2342 1953 2609 2018 credunt,
2640 1951 2940 2007 occultum
2975 1949 3170 2005 cordis
3203 1949 3290 2002 sui
3325 1964 3466 2002 voce
3501 1953 3612 2002 tes-

1955 2050 2164 2110 tentur,
2197 2061 2266 2100 ac
2299 2045 2382 2099 sic
2414 2043 2636 2115 aliqua,
2681 2041 2729 2096 si
2770 2039 2893 2095 ﬁeri
2939 2043 3150 2110 potest,
3180 2042 3344 2092 tanto
3376 2037 3610 2106 majora

1949 2135 2220 2191 remedia
2262 2133 2663 2206 requirantur,
2711 2146 2895 2202 quam
2926 2134 2989 2183 ut
3022 2127 3176 2183 taciti
3207 2131 3451 2198 pereant
3482 2141 3610 2196 per-

1952 2223 2190 2280 niciosis
2229 2221 2673 2294 suspicionibus
2704 2218 2974 2274 venenati
3015 2216 3041 2270 ?
3075 2218 3447 2285 Quapropter
3478 2231 3609 2272 ma-

1951 2315 2039 2381 gis
2090 2311 2488 2383 satagendum
2538 2314 2643 2375 est,
2689 2307 2846 2362 unde
2894 2307 3073 2361 etiam
3104 2307 3460 2376 priusquam
3494 2305 3607 2361 hoc

1947 2400 2111 2456 ﬁeret
2141 2401 2317 2457 locuti
2350 2414 2580 2461 sumus,
2609 2395 2917 2469 quomodo
2949 2391 3382 2466 persuadeatur
3410 2391 3608 2446 homi-

1946 2491 2147 2556 nibus,
2181 2489 2404 2562 quibus
2444 2503 2556 2542 nos
2617 2485 2694 2541 ad
2746 2481 3090 2555 exemplum
3139 2481 3434 2536 bonorum
3467 2494 3608 2550 ope-

1945 2595 2078 2634 rum
2111 2579 2374 2650 prabere
2401 2573 3035 2648 pracipimur,falsum
3065 2586 3195 2626 esse
3216 2568 3381 2641 quod
3413 2568 3606 2638 suspi-

1945 2674 2174 2737 cantur,
2209 2683 2385 2739 quam
2421 2664 2725 2736 quomodo
2772 2661 3063 2731 arguendi
3105 2661 3244 2724 sint,
3275 2659 3379 2730 qui
3410 2656 3608 2728 suspi-

1945 2759 2146 2812 ciones
2186 2773 2326 2811 suas
2358 2755 2604 2809 vocibus
2638 2752 2955 2822 verbisque
2994 2749 3315 2804 declarant.

2015 2850 2065 2899 2.
2094 2845 2346 2900 Proinde
2368 2859 2480 2913 ego
2503 2848 2723 2896 sancta
2742 2839 2967 2894 Albinae
2987 2854 3107 2892 non
3128 2851 3472 2902 succenseo,
3494 2850 3604 2892 nec

1945 2934 2316 3004 arguendam
2359 2932 2589 3004 judico,
2635 2929 2737 2983 sed
2788 2944 2823 2982 a
2861 2927 2958 2981 tali
3009 2925 3352 2996 suspicione
3387 2940 3604 2980 sanan-

1942 3025 2107 3079 dam.
2145 3025 2306 3089 Qua,
2339 3020 2480 3092 quia
2521 3033 2641 3072 non
2689 3018 2746 3071 in
2797 3031 2994 3069 meam
3031 3030 3352 3084 personam
3387 3013 3601 3068 eadem

1940 3113 2125 3168 verba
2176 3111 2386 3166 direxit
2429 3112 2471 3174 ¹,
2514 3109 2618 3164 sed
2648 3111 2943 3177 tanquam
2991 3103 3066 3157 de
3117 3101 3602 3172 Hipponensibus

1939 3207 2151 3273 questa
2176 3207 2282 3266 est,
2316 3199 2482 3272 quod
2518 3195 2859 3269 aperuerint
2889 3191 3273 3264 cupiditatem
3306 3206 3502 3254 suam,
3536 3206 3599 3246 se

1937 3307 2059 3346 non
2081 3290 2412 3353 clericatus,
2443 3289 2548 3342 sed
2581 3285 2849 3359 pecunia
2893 3297 3079 3338 causa
3109 3279 3418 3335 hominem
3451 3277 3602 3334 divi-

1938 3385 2075 3448 tem,
2123 3385 2302 3451 atque
2332 3376 2680 3448 hujusmodi
2710 3373 2980 3447 pecunia
3029 3373 3504 3440 contemptorem
3544 3370 3602 3423 et

1935 3470 2278 3541 largitorem
2306 3468 2470 3540 apud
2517 3483 2577 3522 se
2623 3472 2819 3521 tenere
2850 3461 3112 3518 voluisse
3142 3477 3155 3528 ;
3200 3462 3400 3514 tamen
3430 3456 3596 3530 quod

1934 3559 2007 3614 de
2039 3559 2214 3615 nobis
2260 3557 2527 3621 senserit,
2572 3571 2724 3627 pene
2764 3550 3047 3608 clamavit
3080 3566 3092 3603 :
3143 3563 3253 3603 nec
3289 3547 3424 3618 ipsa
3466 3552 3598 3601 tan-

1933 3653 2083 3712 tum,
2130 3664 2336 3703 verum
2367 3647 2546 3702 etiam
2586 3642 2776 3698 sancti
2807 3640 2909 3695 ﬁlii
2942 3640 3091 3708 ejus,
3123 3637 3228 3708 qui
3267 3636 3381 3693 hoc
3412 3636 3591 3691 etiam

1933 3737 2069 3808 ipsa
2094 3737 2188 3791 die
2218 3737 2276 3791 in
2308 3735 2514 3792 abside
2546 3733 2840 3788 dixerunt.
2876 3731 2988 3783 Hos
3011 3742 3174 3795 ergo,
3209 3729 3272 3780 ut
3301 3723 3446 3789 dixi,
3467 3740 3593 3780 ma-

1931 3829 2019 3897 gis
2053 3825 2361 3882 sanandos
2395 3823 2473 3878 ab
2521 3819 2870 3891 hujusmodi
2905 3815 3372 3886 suspicionibus,
3400 3829 3589 3885 quam

1930 3921 2173 3990 propter
2196 3917 2309 3971 has
2341 3910 2682 3983 arguendos
2709 3905 3000 3965 existimo.
3032 3904 3138 3960 Ubi
3168 3903 3327 3957 enim
3359 3901 3534 3957 nobis
3553 3917 3589 3990 a

1929 3989 2116 4078 spinis
2164 4004 2383 4062 talibus
2427 4000 2714 4058 securitas
2769 4001 2823 4053 et
2852 3994 3087 4067 requies
3127 3991 3454 4065 praparari
3492 3989 3586 4046 vel

1930 4096 2179 4167 praeberi
2209 4098 2422 4167 potest,
2457 4092 2503 4147 si
2534 4090 2824 4146 adversus
2846 4101 2956 4140 nos
2986 4084 3046 4138 in
3076 4087 3200 4137 tam
3228 4081 3451 4136 sanctis
3482 4095 3588 4135 no-

1926 4186 2142 4257 bisque
2173 4181 2540 4239 charissimis
2586 4177 2868 4234 cordibus
2899 4171 3121 4229 nostris
3152 4169 3447 4242 pullulare
3483 4185 3584 4241 po-

1926 4279 2089 4332 tuere
2119 4274 2147 4328 ?
2172 4274 2250 4328 De
2283 4278 2336 4329 te
2365 4272 2588 4344 quippe
2619 4265 2959 4338 imperitum
2985 4261 3192 4332 vulgus
3223 4260 3337 4315 hoc
3361 4259 3545 4314 sensit
3570 4275 3584 4324 ;

1926 4364 2000 4420 de
2035 4362 2232 4428 nobis,
2265 4361 2496 4418 lumina
2529 4356 2798 4414 Ecclesia
2833 4371 2845 4408 :
2882 4353 3038 4407 unde
3068 4349 3214 4420 quid
3246 4349 3438 4416 magis
3480 4346 3584 4401 do-

1926 4454 2174 4508 lendum
2211 4453 2298 4515 sit,
2335 4450 2511 4504 vides.
2551 4449 2877 4515 Utrumque
2909 4443 3112 4495 autem
3141 4451 3261 4491 non
3291 4450 3580 4491 accusan-

1924 4543 2070 4599 dum
2103 4556 2337 4600 censeo,
2372 4537 2474 4592 sed
2508 4533 2888 4590 sanandum:
2922 4527 3198 4584 homines
3228 4524 3384 4579 enim
3414 4526 3573 4588 sunt,

1923 4637 1980 4688 et
2008 4631 2082 4687 de
2113 4627 2456 4686 hominibus
2479 4624 2639 4691 talia,
2669 4623 2799 4676 licet
2824 4618 2992 4684 falsa,
3019 4630 3139 4671 non
3171 4619 3368 4669 tamen
3394 4612 3579 4668 incre-

1923 4721 2130 4776 dibilia
2161 4716 2562 4787 suspicantur.
2615 4714 2756 4767 Nam
2793 4709 2994 4780 utique
3044 4719 3164 4761 non
3199 4718 3389 4775 usque
3423 4702 3578 4758 adeo

1921 4809 2219 4880 desipiunt
2243 4805 2385 4861 tales
2408 4801 2703 4864 homines,
2726 4802 2788 4854 ut
2808 4797 3051 4852 credant
3072 4792 3366 4867 populum
3399 4808 3574 4848 suam

1919 4898 2257 4954 desiderare
2315 4893 2633 4965 pecuniam
2697 4904 2711 4953 ;
2767 4885 3099 4959 prasertim
3158 4883 3287 4953 jam
3346 4880 3574 4951 experti

1919 4986 2080 5058 quod
2110 4984 2252 5040 nihil
2275 5000 2346 5039 ex
2368 4998 2439 5037 ea
2466 4979 2726 5052 pOpulus
2755 4972 3167 5046 Thagastensis
3198 4969 3426 5058 accepit
3455 4988 3466 5026 :
3490 4969 3573 5024 sic

1918 5057 2061 5146 ergo
2081 5081 2138 5131 et
2168 5071 2586 5144 Hipponensis.
2608 5071 2823 5122 Verum
2846 5064 3037 5121 omnis
3063 5062 3186 5116 hac
3205 5057 3428 5113 invidia
3449 5072 3572 5114 non

1919 5165 2028 5220 nisi
2062 5165 2119 5219 in
2156 5163 2399 5219 clericos
2431 5164 2661 5222 aestuat,
2698 5155 3075 5223 maximeque
3115 5150 3172 5204 in
3228 5148 3568 5220 episcopos,

1917 5270 2176 5328 quorum
2229 5252 2462 5306 videtur
2510 5246 2860 5319 praminere
2905 5241 3270 5303 dominatus,
3329 5236 3432 5311 qui
3488 5237 3572 5294 uti

1916 5344 2150 5415 fruique
2170 5342 2348 5397 rebus
2371 5337 2641 5393 Ecclesia
2670 5341 2955 5404 tanquam
2983 5344 3362 5400 possessores
3385 5331 3440 5383 et
3465 5327 3567 5384 do-

1917 5433 2061 5487 mini
2093 5430 2526 5486 existimantur.
2561 5424 2644 5478 Ad
2676 5424 2851 5477 istam
2881 5417 3264 5490 Cupiditatem
3299 5422 3418 5472 tam
3460 5433 3564 5472 no-

1910 5521 2075 5578 xiam
2106 5524 2285 5590 atque
2314 5514 2699 5576 mortiferam,
2748 5511 2796 5565 si
2841 5508 2964 5564 ﬁeri
3010 5512 3224 5579 potest,
3258 5507 3338 5564 mi
3367 5507 3562 5580 Alypi,

1973 5627 1988 5661 ί
2016 5626 2162 5681 Lov.,
2198 5624 2403 5674 dixerit.
2427 5623 2494 5670 At
2522 5621 2665 5676 Mss.,
2702 5617 2910 5668 direxit.
