4074 6164
482 327 604 369 non
637 311 1004 368 mdiﬁcentur
1032 324 1138 381 per
1179 323 1286 364 nos
1317 307 1557 364 inﬁrmi.
1606 309 1934 366 Recordare
1985 306 2129 380 quid

476 400 657 458 locuti
701 400 1005 467 fuerimus,
1037 404 1358 470 antequam
1395 399 1504 454 ista
1536 400 1794 464 tentatio,
1830 416 1965 471 quas
1997 397 2131 469 plus

481 492 556 546 ad
582 493 695 546 hoc
725 489 900 560 cogit,
927 488 1239 543 accideret.
1277 490 1355 543 Ex
1383 489 1496 543 hoc
1522 490 1717 560 potius
1747 488 2128 552 conferendo,

480 581 804 649 adjuvante
835 578 1109 648 Domino;
1130 576 1440 648 providere
1468 593 1788 642 conemur;
1820 594 1928 633 nec
1954 577 2129 632 nobis

479 667 735 722 sufficiat
780 673 986 722 nostra
1017 667 1407 731 conscientia,
1448 668 1589 738 quia
1630 683 1749 723 non
1784 667 1914 723 talis
1945 682 2133 721 causa

477 762 561 811 est
596 755 698 811 ubi
725 756 941 812 debeat
974 756 1100 811 sola
1128 756 1420 811 sufﬁcere.
1447 756 1500 812 Si
1533 757 1689 811 enim
1715 759 1863 811 servi
1893 758 1988 812 Dei
2013 772 2130 812 non

477 845 711 917 reprobi
747 862 984 911 sumus,
1015 846 1060 899 si
1084 845 1305 917 aliquid
1330 845 1490 914 viget
1519 847 1578 900 in
1595 847 1768 902 nobis
1801 846 1956 901 illius
1985 848 2132 917 igni-

479 935 594 990 culi
622 951 744 1007 quo
767 935 1022 989 charitas
1045 950 1165 989 non
1197 935 1408 1006 quierit
1432 951 1566 1006 quae
1594 952 1704 992 sua
1736 941 1905 1003 sunt;
1937 937 2132 1008 provi-

478 1023 618 1078 dere
645 1023 847 1095 utique
869 1023 1161 1078 debemus
1191 1025 1369 1088 bona,
1404 1040 1524 1080 non
1543 1025 1735 1080 solum
1765 1042 1959 1082 coram
1989 1028 2128 1093 Deo,

479 1112 584 1167 sed
607 1113 785 1167 etiam
807 1128 1007 1168 coram
1027 1112 1390 1178 hominibus,
1417 1128 1490 1168 ne
1509 1113 1884 1186 tranquillam
1911 1131 2131 1188 aquam

477 1201 753 1257 bibentes
805 1201 861 1255 in
917 1207 1120 1256 nostra
1167 1201 1551 1268 conscientia,
1585 1203 1834 1274 pedibus
1876 1205 2130 1262 incautis

477 1305 653 1358 agere
697 1290 1148 1354 convincamur,
1196 1295 1257 1345 ut
1289 1307 1431 1346 oves
1473 1292 1789 1348 dominicae
1830 1294 2130 1352 turbidam

479 1379 708 1434 bibant.

550 1472 605 1523 3.
631 1471 776 1524 Nam
804 1473 966 1539 quod
985 1468 1298 1540 scripsisti,
1323 1469 1394 1524 de
1427 1485 1640 1540 genere
1664 1471 1982 1542 jurationis
2010 1474 2130 1529 vio-

479 1557 666 1612 lenter
697 1562 958 1622 extortae,
985 1564 1047 1613 ut
1076 1559 1224 1613 inter
1242 1574 1351 1614 nos
1380 1559 1774 1630 requiramus,
1802 1563 2052 1618 obsecro
2076 1570 2130 1619 te

480 1661 553 1701 ne
579 1662 673 1701 res
705 1646 1104 1701 lucidissimas
1131 1647 1450 1718 disputatio
1484 1655 1684 1703 nostra
1717 1649 1890 1706 faciat
1918 1652 2131 1707 obscu-

475 1751 596 1791 ras.
642 1735 696 1791 Si
745 1737 904 1790 enim
944 1741 1102 1791 certa
1148 1753 1308 1791 mors
1353 1738 1755 1805 intentaretur,
1811 1746 1871 1795 ut
1901 1742 2124 1813 aliquid

482 1824 748 1880 illicitum
784 1841 852 1879 ac
898 1824 1190 1880 nefarium
1243 1842 1447 1881 servus
1491 1827 1584 1881 Dei
1637 1844 1697 1882 se
1745 1829 1972 1900 juraret
1997 1848 2127 1886 esse

479 1914 795 1979 facturum,
837 1914 988 1969 mori
1038 1915 1213 1970 malle
1261 1932 1443 1988 quam
1471 1917 1671 1988 jurare
1702 1918 2008 1985 debuerat,
2056 1936 2129 1976 ne

473 2004 832 2075 jurationem
863 2003 1082 2058 scelere
1126 2005 1413 2076 impleret.
1460 2009 1626 2062 Nunc
1657 2024 1796 2064 vero
1837 2025 1971 2064 cum
2002 2015 2130 2066 tan-

478 2091 791 2147 tummodo
832 2093 1034 2164 p0puli
1068 2095 1696 2164 perseverantissimus
1754 2099 1998 2164 clamor,
2051 2100 2126 2155 ad

478 2181 707 2236 nullum
742 2180 906 2236 nefas
933 2181 1236 2238 hominem
1270 2191 1523 2252 cogeret,
1556 2186 1661 2240 sed
1690 2186 1763 2242 ad
1797 2187 1855 2242 id
1882 2188 2045 2259 quod
2079 2189 2126 2244 si

477 2270 661 2335 ﬁeret,
694 2269 847 2326 licite
875 2271 1039 2326 ﬁeret
1067 2289 1078 2337 ;
1112 2288 1369 2344 cumque
1401 2281 1760 2330 metueretur
1780 2277 2026 2348 quidem
2054 2294 2127 2333 ne

477 2359 662 2431 aliqui
690 2359 923 2430 perditi,
956 2361 1058 2431 qui
1088 2360 1447 2416 multitudini
1471 2363 1646 2418 etiam
1681 2364 1975 2420 bonorum
2011 2368 2129 2439 ple-

477 2463 733 2519 rumque
766 2448 1108 2513 miscentur,
1141 2451 1455 2505 occasione
1505 2452 1809 2508 seditionis
1856 2461 1911 2509 et
1950 2457 2126 2528 quasi

471 2537 649 2606 justas
677 2537 1103 2603 indignationis
1130 2538 1387 2603 inventa,
1419 2540 1475 2593 in
1499 2540 1761 2612 aliquam
1794 2543 1914 2598 vim
1954 2545 2132 2600 scele-

477 2629 668 2679 ratam
721 2625 1066 2695 rapinarum
1119 2625 1443 2696 cupiditate
1495 2638 1974 2702 prorumperent,
2026 2635 2126 2690 sed

480 2717 679 2767 tamen
704 2712 848 2767 illud
867 2713 1030 2785 quod
1056 2715 1433 2771 metuebatur
1457 2724 1607 2773 esset
1629 2719 1916 2776 incertum
1955 2739 1967 2787 ;
1992 2725 2127 2794 quis

477 2807 721 2856 censeat
752 2809 992 2874 propter
1016 2803 1258 2869 incerta,
1290 2821 1407 2860 non
1449 2807 1581 2862 dico
1613 2807 1839 2865 damna
1869 2817 1924 2866 et
1952 2828 2129 2883 quas-

478 2889 623 2945 libet
649 2891 892 2961 injurias
937 2892 1297 2963 corporales,
1333 2895 1435 2950 sed
1469 2902 1708 2968 propter
1746 2899 1938 2969 ipsam
1974 2918 2128 2957 mor-

477 2983 592 3034 tem
643 2981 994 3046 cavendam,
1050 2986 1275 3038 certum
1331 2985 1646 3055 perjurium
1702 2987 1918 3043 debere
1967 3007 2128 3046 com-

476 3068 628 3124 mitti
658 3069 685 3123 ?
711 3071 915 3125 Nescio
946 3071 1082 3142 quis
1109 3071 1202 3126 ille
1229 3074 1487 3142 Regulus
1514 3075 1657 3131 nihil
1702 3076 1760 3131 in
1812 3078 2126 3150 Scripturis

474 3157 693 3213 sanctis
719 3158 792 3212 de
819 3157 1118 3231 impietate
1135 3160 1296 3217 falsae
1319 3162 1634 3233 jurationis
1660 3167 1947 3234 audierat,
1982 3169 2126 3225 nihil

473 3246 547 3302 de
580 3248 870 3303 Zachariae
900 3248 1052 3304 falce
1082 3251 1098 3285 ¹
1133 3249 1440 3316 didicerat,
1475 3259 1530 3308 et
1560 3255 1842 3310 nimirum
1890 3258 2126 3314 Cartha—

474 3337 827 3405 ginensibus
858 3352 977 3391 non
1025 3354 1129 3407 per
1173 3349 1549 3397 sacramenta
1589 3341 1818 3410 Christi,
1871 3347 1972 3401 sed
2021 3363 2127 3419 per

471 3425 817 3481 daemonum
852 3425 1670 3499 inquinamentajuraverat;
1704 3438 1758 3487 et
1781 3439 1976 3489 tamen
2007 3452 2127 3491 cer-

473 3513 739 3569 tissimos
771 3515 1068 3570 cruciatus
1121 3521 1177 3572 et
1220 3517 1500 3573 horrendi
1550 3521 1806 3592 exempli
1850 3529 2122 3590 mortem,

474 3618 596 3657 non
621 3609 681 3658 ut
704 3603 933 3674 juraret
961 3607 1273 3662 necessitta
1299 3609 1653 3679 epertimuit,
1683 3611 1784 3666 sed
1809 3611 1993 3668 libera
2022 3630 2121 3668 vo-

473 3691 699 3747 luntate
758 3693 900 3765 quia
942 3694 1260 3765 juraverat,
1301 3713 1374 3752 ne
1425 3698 1717 3769 pejeraret
1769 3702 2017 3774 excepit.
2060 3703 2124 3759 Et

473 3784 744 3838 Romana
785 3789 923 3839 tunc
962 3783 1060 3839 illa
1105 3800 1357 3842 censura
1403 3789 1588 3843 noluit
1635 3788 1877 3855 habere,
1912 3806 2031 3846 non
2064 3791 2123 3846 in

473 3887 725 3928 numero
773 3879 1138 3941 sanctorum,
1192 3876 1295 3930 sed
1337 3877 1395 3931 in
1453 3892 1704 3934 numero
1755 3885 2118 3946 sanctorum,

474 3976 584 4016 nec
628 3962 688 4017 in
748 3962 964 4018 caelesti
998 3964 1208 4034 gloria,
1251 3965 1349 4019 sed
1391 3967 1448 4020 in
1484 3969 1739 4022 terrestri
1784 3969 1967 4035 curia,
2001 3986 2122 4026 non

471 4050 666 4105 solum
704 4067 806 4105 eos
856 4052 958 4124 qui
991 4059 1154 4107 metu
1185 4054 1389 4108 mortis
1421 4055 1872 4128 crudeliumque
1916 4073 2123 4129 paena-

474 4153 608 4194 rum
638 4139 1010 4210 apertissime
1038 4142 1324 4212 pejerare,
1358 4159 1539 4213 quam
1569 4145 1644 4200 ad
1670 4146 1966 4202 immanes
1990 4148 2127 4202 hos-

473 4231 560 4282 tes
599 4244 862 4284 remeare
889 4229 1216 4286 maluerant
1245 4253 1254 4296 ;
1287 4231 1391 4286 sed
1413 4233 1596 4288 etiam
1626 4233 1793 4290 illum
1825 4239 1925 4310 qui
1959 4245 2124 4295 reatu

472 4317 712 4389 perjurii
745 4334 805 4373 se
828 4325 1138 4390 putaverat
1164 4319 1529 4387 absolutum,
1553 4323 1694 4395 quia
1726 4332 1856 4396 post
1882 4327 2127 4396 juratio-

469 4423 607 4462 nem
647 4407 783 4464 ﬁcta
819 4407 1018 4464 nescio
1050 4425 1172 4480 qua
1202 4411 1549 4466 necessitate
1581 4413 1853 4469 redierat.
1881 4418 1964 4471 lta
2006 4433 2126 4474 non

468 4497 867 4562 attenderunt,
895 4499 996 4570 qui
1024 4514 1160 4552 eum
1190 4504 1396 4555 senatu
1431 4501 1804 4572 pepulerunt,
1831 4505 1974 4577 quid
2003 4506 2128 4578 ipse

465 4586 728 4656 jurando
751 4589 1087 4659 cogitasset,
1118 4589 1222 4644 sed
1248 4589 1394 4661 quid
1418 4589 1496 4645 ab
1528 4590 1628 4646 illo
1655 4592 1874 4665 quibus
1895 4595 2128 4665 jurave-

466 4680 558 4730 rat
579 4682 1006 4747 exspectarent.
1030 4676 1144 4732 Nec
1175 4677 1442 4747 legerant
1463 4679 1624 4749 quod
1649 4696 1760 4735 nos
1789 4697 2128 4756 usquequa-

467 4778 585 4834 que
613 4770 967 4820 cantamus:
1006 4765 1306 4836 Quijurat
1337 4769 1610 4835 proximo
1640 4784 1761 4836 suo,
1793 4777 1847 4826 et
1884 4788 2001 4828 non
2034 4775 2129 4830 de.

465 4853 808 4924 cipit(Psal.
828 4869 942 4920 xiv,
975 4857 1052 4923 4).
1079 4855 1351 4910 Solemus
1378 4855 1529 4921 haec,
1564 4860 1838 4928 quamvis
1860 4861 1916 4915 in
1941 4861 2128 4917 homi-

461 4944 642 4999 nibus
690 4959 726 4999 a
758 4943 965 4998 Christi
999 4943 1189 5014 gratia
1221 4949 1278 4997 et
1310 4945 1553 5001 nomine
1594 4946 1824 5017 alienis,
1878 4965 2010 5004 cum
2042 4952 2127 5007 in-

522 5053 537 5084 ¹
565 5051 722 5117 Lov.,
741 5051 814 5117 _de
850 5051 1116 5117 Zachariae
1138 5051 1402 5117 volumine
1426 5065 1445 5117 ,j
1473 5052 1537 5117 de
1568 5067 1674 5117 quo
1698 5054 1896 5103 scilicet
1917 5055 1970 5103 in
2005 5057 2125 5106 Vul-

462 5115 857 5181 gata,_Za_char.
890 5129 1020 5181 _cap_.
1059 5115 1086 5161 5
1119 5117 1183 5162 At
1217 5115 1338 5181 Mss.
1377 5115 1507 5181 Cdd.
1548 5115 1682 5178 quos
1736 5118 1998 5180 inspicere
2030 5135 2128 5181 per

462 5190 575 5244 nos
592 5177 757 5244 licuit,
783 5177 1115 5244 Sprbonicus
1133 5177 1607 5244 etvetustissimus
1634 5177 1959 5244 optimusque
1981 5177 2122 5232 notae

460 5238 793 5306 Corbeiensis
821 5241 1038 5295 habent,
1085 5240 1144 5287 de
1178 5240 1446 5306 Zachariae
1495 5242 1625 5303 falce
1657 5238 1686 5306 ;ί
1709 5238 1887 5306 quam"
1912 5257 2123 5306 germa-

462 5313 586 5348 nam
617 5301 895 5368 lectionem
933 5319 1048 5352 esse
1091 5317 1198 5352 non
1227 5301 1536 5354 dubitamus
1568 5301 1798 5368 ;quip‘pe
1843 5301 1964 5353 cuin
2004 5323 2120 5363 Lxx,

497 5376 687 5431 uorum
737 5367 1037 5431 versionem
1073 5371 1332 5429 perpetuo
1364 5368 1609 5431 sequitur
1654 5367 2007 5431 Augustinus,
2047 5371 2122 5419 sic

501 5424 1214 5500 aclieriam‘interpretentur
1242 5443 1252 5476 :
1281 5444 1368 5500 ego
1387 5424 1476 5478 or'é
1501 5424 1770 5500 drepanon
1797 5424 2118 5500 petemenon,

460 5484 570 5597 fio
599 5487 742 5536 video
774 5484 954 5550 falcem
991 5491 1266 5548 volantem,
1299 5484 1419 5548 etc.,
1453 5484 1618 5540 omnis
1649 5494 1736 5554 fur
1758 5484 1816 5541 αἱ)
1846 5493 1940 5542 hoc
1968 5484 2122 5558 usque

547 5555 762 5597 mortem
788 5553 1051 5597 punietur.
1076 5558 1120 5597 et
1138 5568 1303 5597 omnis
1328 5557 1565 5597 narium:
1589 5569 1649 5597 ex
1674 5556 1763 5597 hac
1787 5557 2117 5597 cruciabili"-

547 5555 762 5598 mortem
786 5553 1052 5611 punietur,
1076 5558 1120 5600 et
1138 5568 1303 5617 omnis
1326 5557 1565 5617 perjurus
1589 5553 1653 5603 ex
1674 5556 1763 5604 hoc
1787 5553 2119 5607 crueiabitur.

461 5611 876 5682 Chrysgstomus
911 5628 1124 5682 quoque
1170 5615 1241 5682 ibi
1285 5611 1511 5681 legebat,
1553 5618 1748 5682 falcem,
1781 5623 1841 5668 ut
1874 5624 2022 5682 patet
2055 5635 2118 5671 ex

459 5673 606 5725 hom.
634 5676 680 5730 9,
717 5673 784 5723 ad
816 5673 942 5735 popI
983 5673 1222 5724 Antioch.

1760 181 1822 238 S.
1866 178 2253 237 AUGUSTINI
2293 181 2610 240 EPISCOPI

3754 195 3853 254 4'16

2237 309 2395 379 genti
2427 309 2828 368 admiratione
2859 311 3108 369 laudare
3141 329 3154 380 ;
3182 317 3239 370 et
3267 315 3464 372 adhuc
3497 316 3553 373 in
3581 319 3752 377 Libris
3777 323 3860 378 di-

2237 399 2390 454 vinis
2448 400 2877 473 inquirendum
2936 409 3243 473 putamus,
3306 409 3502 460 utrum
3559 408 3860 481 aliquando

2237 487 2391 543 licite
2420 489 2769 561 pejeremus,
2807 490 2908 546 ubi
2941 492 3136 558 nobis,
3162 509 3236 548 ne
3261 493 3505 564 jurandi
3535 495 3791 554 facilitate
3811 501 3860 556 in

2238 578 2565 648 perjurium
2597 579 3007 650 prolabamur,
3043 581 3219 637 etiam
3257 589 3618 656 praeceptum
3665 593 3749 642 est
3801 604 3864 644 ne

2233 667 2504 737 juremus
2538 671 2550 726 l
3927 674 3932 680 ’

2309 759 2366 812 4.
2417 755 2562 811 Illud
2605 772 2750 813 sane
2792 759 3119 815 rectissime
3157 759 3272 815 dici
3303 776 3424 815 non
3473 762 3732 832 ambigo,
3761 779 3866 822 non

2239 845 2570 901 secundum
2603 848 2786 902 verba
2808 846 3086 918 jurantis,
3107 850 3209 904 sed
3235 850 3566 906 secundum
3597 859 3869 924 exspecta-

2239 934 2458 990 tionem
2483 935 2637 990 illius
2663 936 3030 1008 cuijuratur,
3065 954 3248 1010 quam
3275 939 3438 994 novit
3466 940 3559 994 ille
3588 943 3687 1013 qui
3710 942 3868 1012 jurat,

2237 1023 2760 1094 ﬁdemjurationis
2811 1026 3064 1097 impleri.
3117 1031 3263 1084 Nam
3314 1029 3502 1084 verba
3549 1029 3870 1089 difﬁcillime

2237 1113 2772 1184 comprehendunt,
2809 1116 3066 1171 maxime
3100 1116 3370 1181 breviter,
3407 1120 3753 1175 sententiam
3785 1136 3870 1176 cu-

2230 1202 2329 1274 jus
2371 1218 2406 1257 a
2441 1203 2680 1274 jurante
2731 1203 2881 1259 ﬁdes
2926 1206 3197 1274 exigitur.
3257 1207 3423 1263 Unde
3466 1207 3684 1278 perjuri
3735 1216 3870 1274 sunt,

2237 1290 2363 1362 qui,
2395 1292 2644 1347 servatis
2673 1292 2886 1358 verbis,
2916 1295 3422 1366 exspectationem
3450 1311 3656 1351 eorum
3677 1298 3873 1368 quibus

2233 1382 2496 1452 juratum
2525 1388 2612 1436 est
2646 1381 3009 1454 deceperunt
3039 1404 3051 1448 ;
3108 1389 3164 1439 et
3195 1385 3419 1455 perjuri
3452 1401 3574 1440 non
3606 1392 3754 1451 sunt,
3785 1388 3873 1458 qui

2236 1471 2413 1526 etiam
2448 1471 2642 1526 verbis
2676 1487 2795 1526 non
2828 1473 3098 1539 servatis,
3133 1472 3276 1528 illud
3309 1475 3472 1546 quod
3516 1474 3594 1530 ab
3635 1475 3714 1529 eis
3754 1492 3873 1532 cum

2230 1563 2500 1630 jurarent
2546 1567 2954 1632 exspectatum
3013 1566 3120 1626 est,
3180 1562 3597 1632 impleverunt.
3649 1563 3872 1618 Proinde

2237 1648 2378 1720 quia
2420 1648 2832 1718 Hipponenses
2883 1655 3157 1705 sanctum
3207 1651 3524 1707 Pinianum
3581 1667 3696 1708 non
3742 1653 3870 1707 sicut

2236 1736 2612 1801 damnatum,
2652 1737 2756 1792 sed
2787 1738 2934 1793 sicut
2965 1739 3386 1796 charissimum
3433 1739 3867 1796 inhabitatorem

2237 1841 2359 1879 sure
2383 1825 2636 1881 civitatis
2659 1825 2878 1881 habere
2911 1827 3244 1894 voluerunt,
3267 1829 3376 1884 etsi
3399 1829 3596 1886 verbis
3615 1830 3737 1899 ejus
3765 1844 3868 1884 non

2237 1914 2379 1970 satis
2412 1915 2838 1985 comprehendi
2893 1916 3104 1986 potuit,
3161 1932 3352 1988 usque
3384 1918 3540 1973 adeo
3595 1923 3782 1972 tamen
3820 1917 3869 1972 in

2236 2010 2520 2075 promptu
2549 2009 2636 2059 est
2665 2004 2811 2075 quid
2842 2005 2920 2060 ab
2965 2004 3063 2060 illo
3097 2007 3598 2078 exspectaverint,
3644 2012 3703 2062 ut
3729 2005 3869 2078 quod

2238 2107 2395 2146 nunc
2435 2098 2568 2161 post
2593 2092 2958 2163 jurationem
3017 2094 3240 2149 absens
3270 2099 3379 2163 est,
3437 2095 3732 2150 neminem
3763 2110 3868 2149 mo-

2236 2185 2374 2236 veat
2401 2197 2607 2236 eorum
2641 2182 2741 2252 qui
2765 2184 2976 2238 audire
3003 2190 3346 2255 potuerunt,
3377 2189 3539 2241 certa
3560 2199 3693 2240 eum
3713 2198 3870 2238 causa

2237 2269 2643 2340 profecturum
2668 2287 2826 2340 esse,
2855 2289 2992 2328 cum
3024 2273 3325 2329 voluntate
3344 2274 3656 2330 redeundi.
3689 2278 3762 2328 Ac
3782 2288 3870 2343 per

2237 2359 2349 2413 hoc
2394 2359 2665 2430 perjurus
2697 2377 2803 2415 nec
2843 2362 2969 2432 erit,
3014 2378 3120 2416 nec
3171 2363 3244 2417 ab
3287 2363 3374 2418 eis
3409 2362 3729 2435 putabitur,
3774 2360 3869 2416 nisi

2235 2459 2440 2503 eorum
2463 2451 2968 2519 exspectationem
2993 2451 3292 2522 deceperit
3318 2468 3330 2507 :
3368 2469 3489 2508 non
3519 2459 3710 2507 autem
3737 2449 3869 2505 deci-

2237 2537 2375 2606 piet,
2407 2538 2518 2592 nisi
2549 2544 2652 2593 aut
2675 2538 3034 2595 voluntatem
3066 2539 3383 2595 mutaverit
3408 2541 3573 2612 apud
3601 2555 3698 2595 eos
3723 2537 3868 2594 habi-

2236 2625 2423 2690 tandi,
2459 2631 2560 2681 aut
2589 2626 2916 2698 aliquando
2955 2628 3294 2684 discesserit
3343 2629 3472 2684 sine
3513 2627 3869 2701 dispositione

2235 2713 2522 2770 redeundi
2559 2731 2572 2782 ;
2605 2717 2768 2787 quod
2808 2717 2961 2772 absit
3009 2717 3087 2773 ab
3140 2718 3264 2788 ejus
3321 2718 3592 2774 moribus
3643 2723 3696 2772 et
3748 2715 3865 2777 ﬁde,

2234 2819 2422 2874 quam
2450 2805 2675 2860 Christo
2701 2811 2756 2859 et
2781 2805 3055 2861 Ecclesiae
3085 2807 3350 2862 debitam
3383 2813 3598 2864 servat.
3633 2810 3787 2870 Nam,
3812 2807 3870 2859 ut

2234 2892 2504 2947 omittam
2532 2894 2695 2964 quod
2727 2911 2960 2949 mecum
2993 2896 3169 2960 nosti,
3199 2913 3384 2968 quam
3417 2899 3490 2952 sit
3520 2893 3866 2952 tremendum

2233 2981 2307 3036 de
2357 2981 2620 3053 perjurio
2675 2982 2946 3039 divinum
2973 2984 3271 3056 judicium
3304 3004 3317 3053 ;
3351 2986 3505 3042 illud
3549 2989 3698 3041 certe
3742 2983 3865 3047 scio,

2234 3069 2378 3126 nulli
2400 3087 2510 3127 nos
2536 3072 2819 3144 deinceps
2843 3090 3193 3129 succensere
3219 3074 3436 3130 debere
3480 3075 3580 3148 qui
3607 3074 3767 3130 nobis
3788 3073 3866 3141 ju-

2233 3159 2505 3216 rantibus
2531 3176 2649 3216 non
2681 3161 3016 3226 crediderit,
3044 3163 3090 3218 si
3127 3163 3258 3219 talis
3289 3165 3395 3219 viri
3417 3164 3739 3236 perjurium
3761 3176 3864 3217 non

2235 3249 2416 3304 modo
2447 3265 2622 3321 aequo
2654 3251 2858 3307 animo
2885 3251 3222 3319 ferendum,
3253 3269 3460 3310 verum
3491 3255 3666 3310 etiam
3691 3251 3867 3306 defen-

2232 3337 2494 3393 dendum
2512 3341 3057 3406 putabimus.Quod
3073 3347 3175 3398 eta
3189 3342 3364 3398 nobis
3389 3343 3539 3399 etab
3553 3343 3651 3398 illo
3665 3343 3866 3398 avertat

2232 3425 2388 3482 illius
2412 3428 2836 3495 misericordia,
2864 3430 2966 3501 qui
2999 3431 3148 3485 eruit
3168 3447 3203 3487 a
3230 3433 3557 3488 tentatione
3585 3434 3862 3503 sperantes

2232 3515 2291 3570 in
2323 3532 2404 3570 se.
2441 3518 2600 3573 Sicut
2623 3532 2764 3588 ergo
2795 3519 2853 3573 in
2881 3520 3340 3576 commonitorio
3371 3518 3744 3592 rescripsisti,
3769 3518 3864 3572 im-

2233 3603 2392 3675 pleat
2429 3607 2792 3676 promissum
2831 3623 2953 3677 quo
2993 3607 3072 3664 ita
3111 3624 3172 3663 se
3211 3608 3487 3680 promisit
3517 3610 3589 3665 ab
3631 3609 3862 3678 Hippone

2231 3707 2354 3747 non
2381 3709 2776 3760 recessurum,
2808 3697 3320 3767 quemadmodum
3354 3714 3466 3770 ego
3497 3698 3584 3754 vel
3609 3696 3715 3769 ipsi
3746 3694 3860 3765 Hip-

2232 3799 2529 3854 ponenses
2548 3800 2665 3840 non
2699 3785 3057 3853 recedimus,
3084 3788 3306 3860 quibus
3327 3794 3530 3844 tamen
3553 3794 3605 3844 et
3628 3783 3859 3844 abeundi

2233 3879 2288 3928 et
2317 3873 2609 3929 redeundi
2643 3873 2891 3930 facultas
2922 3882 3009 3931 est
3045 3875 3233 3932 libera
3265 3893 3278 3932 :
3326 3877 3438 3932 nisi
3470 3878 3635 3949 quod
3664 3875 3747 3931 his
3774 3870 3863 3944 qui

2227 3962 2528 4032 juratione
2567 3977 2686 4017 non
2741 3962 3099 4028 detinentur,
3133 3966 3312 4021 etiam
3369 3967 3620 4021 omnino
3665 3969 3716 4020 et
3763 3959 3861 4016 mi-

2234 4051 2447 4120 grandi
2475 4056 2530 4106 et
2557 4066 2675 4106 non
2703 4051 2992 4108 redeundi
3019 4053 3143 4108 sine
3175 4053 3413 4126 perjurii
3441 4061 3609 4111 reatu
3632 4055 3861 4126 potestas

2234 4145 2342 4195 est.

2308 4234 2357 4283 5.
2389 4229 2640 4284 Clericos
2668 4245 2811 4285 sane
2845 4234 3073 4287 nostros
3097 4231 3188 4287 vel
3209 4231 3415 4288 fratres
3437 4232 3497 4288 in
3531 4225 3860 4289 monasterio

2235 4319 2609 4383 constitutos,
2640 4320 2958 4390 participes
2986 4319 3076 4376 vel
3106 4319 3438 4377 hortatores
3470 4322 3648 4378 fuisse
3684 4321 3862 4375 contu-

2239 4407 2553 4463 meliarum
2603 4413 2860 4472 tuarum,
2897 4415 3092 4464 utrum
3139 4410 3380 4482 probari
3412 4411 3621 4482 possit,
3652 4409 3857 4479 ignoro.

2239 4498 2381 4550 Nam
2423 4512 2558 4550 cum
2600 4495 2714 4551 hoc
2753 4498 3124 4568 quaesissem,
3162 4498 3388 4554 dictum
3429 4505 3517 4554 est
3549 4513 3725 4554 unum
3757 4500 3859 4549 tan-

2239 4585 2552 4640 tummodo
2597 4585 3149 4655 Carthaginensium
3194 4590 3208 4624 ¹
3254 4588 3327 4643 de
3370 4588 3725 4644 monasterio
3761 4582 3859 4638 cla-

2239 4690 2436 4728 masse
2468 4691 2605 4729 cum
2649 4675 2893 4745 populo,
2926 4691 3062 4731 cum
3095 4676 3260 4732 illum
3293 4677 3700 4749 presbyterum
3726 4677 3859 4745 pete-

2238 4767 2385 4828 rent,
2413 4779 2530 4818 non
2555 4779 2691 4818 cum
2715 4765 2770 4817 in
2794 4769 2845 4818 te
2868 4765 3114 4833 indigna
3131 4765 3445 4836 jactarent.
3469 4765 3719 4838 Adjunxi
3740 4760 3857 4817 huic

2237 4851 2503 4922 epistolas
2535 4852 2720 4923 ipsius
2754 4853 3169 4924 promissionis
3217 4855 3582 4927 exemplum,
3615 4871 3677 4910 ex
3715 4851 3857 4906 char-

2237 4940 2356 4996 tula
2387 4941 2596 4996 eadem
2632 4941 3002 5008 translatum,
3037 4959 3221 5014 quam
3265 4944 3392 5014 ipse
3424 4940 3774 5014 subscripsit,
3811 4939 3856 4990 ei

2237 5045 2330 5085 me
2363 5029 2708 5102 inspiciente
2735 5030 3142 5086 emendatum.

2719 5119 3052 5176 EPISTOLA
3095 5121 3296 5177 cxxv1
3331 5121 3409 5196 (α)

2232 5208 2515 5277 Ejusdem
2549 5209 2889 5277 argumenti
2926 5225 3057 5264 cum
3085 5213 3381 5278 superiore
3409 5227 3422 5266 :
3457 5211 3688 5267 Albinae
3713 5203 3854 5262 scili-

2305 5305 2391 5353 cet
2422 5298 2790 5366 Augustinus
2817 5299 3056 5366 exponit
3101 5301 3388 5371 quomodo
3419 5316 3511 5358 res
3541 5297 3697 5370 apud
3727 5295 3851 5359 Ηὶρ·

2300 5401 2512 5455 panem
2553 5386 2712 5442 circa
2761 5387 3084 5444 Pinianum
3114 5395 3279 5459 gesta
3309 5389 3513 5458 fuerit,
3547 5381 3850 5458 expostula-

2295 5557 2309 5622 t
2340 5554 2469 5622 Mss.
2494 5567 2700 5622 omnes,
2735 5554 3204 5618 Carthaginensem.
3584 5621 3619 5622 κν
3679 5616 3702 5622 _
3761 5614 3768 5622 ι

2293 5619 2363 5681 (α)
2393 5616 2538 5665 Alias
2577 5617 2668 5665 225
2702 5632 2712 5664 :
2765 5632 2883 5681 quae
2914 5614 3093 5668 autem
3131 5621 3220 5671 126
3245 5624 3372 5677 erat,
3402 5633 3545 5671 nunc
3573 5621 3645 5668 20.
3675 5614 3850 5676 Scripta

2230 5678 2392 5744 paulo
2418 5682 2542 5742 post
2571 5678 2917 5744 superiorem.
