4074 6164
221 227 298 281 4³η
1420 223 1815 281 EPISTOLAR

1965 221 2255 278 CLASSIS
2296 222 2391 280 III.

276 348 518 404 tionibus
549 348 675 418 ejus
695 352 749 405 et
775 349 936 405 mute
961 350 1256 419 conceptis
1284 348 1714 421 suspicionibus
1742 365 1833 407 sa-

269 438 570 505 tis/aciem.

206 527 447 584 Domina:
479 532 696 582 sanctas
727 542 797 582 ac
827 529 1149 584 venerabili
1181 527 1418 586 famulae
1451 529 1549 585 Dei
1587 533 1829 594 Ausum,

505 616 867 681 AUGUSTINUS,
900 617 959 670 in
991 618 1243 672 Domino
1270 619 1534 674 salutem.

259 708 304 761 l.
336 703 602 759 Dolorem
637 705 818 760 animi
854 708 956 770 tui,
989 722 1170 777 quem
1207 711 1259 761 te
1292 706 1505 762 scribis
1532 706 1830 778 explicare

196 809 300 848 non
333 808 526 863 posse,
555 794 851 848 consolari
873 810 1118 866 aequum
1142 801 1249 858 est,
1275 810 1396 850 non
1421 811 1676 865 augere;
1703 801 1764 850 ut
1782 795 1829 850 si

193 882 302 939 ﬁeri
331 888 538 952 potest,
569 897 849 937 sanemus
880 883 1253 954 suspiciones
1294 890 1450 952 tuas,
1485 901 1604 941 non
1648 889 1709 940 ut
1745 884 1828 940 eis

192 988 281 1044 pro
295 977 492 1026 nostra
506 987 688 1027 causa
699 973 1438 1037 succensendo,venerand
1449 991 1536 1029 um
1551 991 1654 1030 cor
1666 981 1825 1029 tuum

190 1066 236 1116 et
262 1063 371 1115 Deo
395 1059 665 1116 dicatum
693 1061 954 1131 amplius
983 1063 1394 1134 peturbemus.
1427 1067 1642 1120 Sancto
1666 1063 1827 1120 fratri

188 1154 392 1213 nostro,
416 1149 539 1204 tilio
580 1154 683 1204 tuo
710 1151 979 1216 Piniano,
1009 1152 1206 1207 nullus
1245 1152 1318 1208 ab
1345 1152 1826 1224 Hipponensibus

190 1247 368 1294 metus
393 1239 603 1292 mortis
634 1239 899 1307 ingestus
917 1241 1275 1304 est,etiamsi
1296 1241 1441 1297 forte
1460 1243 1588 1312 ipse
1605 1242 1713 1297 tale
1726 1242 1825 1297 ali-

185 1327 312 1398 quid
327 1327 699 1382 timuit.Nam
714 1333 770 1384 et
790 1344 897 1384 nos
918 1330 1334 1385 metuebamus
1350 1346 1422 1385 ne
1435 1330 1512 1385 ab
1526 1330 1826 1401 aliquibus

184 1415 432 1486 perditis,
467 1416 572 1486 qui
587 1431 744 1487 saepe
759 1417 1119 1472 multitudini
1133 1418 1365 1474 occulta
1383 1419 1826 1488 conspiratione

185 1504 510 1569 miscentur,
547 1504 606 1559 in
641 1504 958 1561 violentam
977 1512 1464 1577 prorumperetur
1484 1507 1822 1571 audaciam,

186 1594 481 1648 occasione
505 1593 812 1649 seditionis
840 1594 1079 1650 inventa
1104 1611 1291 1666 quam
1309 1595 1466 1651 velut
1483 1596 1647 1664 justa
1677 1597 1828 1652 indi-

184 1683 444 1749 gnatione
476 1681 876 1738 concitarent.
907 1684 1041 1745 Sed,
1069 1684 1221 1738 sicut
1244 1690 1378 1756 post
1399 1684 1607 1738 audire
1636 1685 1825 1756 potui-

183 1787 320 1833 mus,
352 1770 500 1826 nihil
533 1771 698 1827 talea
719 1787 1027 1844 quoquam
1046 1772 1275 1829 dictum
1297 1773 1485 1828 estvel
1521 1774 1820 1830 molitum:

182 1857 271 1913 sed
292 1874 422 1914 vere
454 1859 516 1915 in
531 1860 770 1916 fratrem
797 1875 998 1916 meum
1013 1861 1292 1932 Alypium
1313 1862 1498 1918 multa
1521 1867 1826 1918 contume-

183 1946 315 2002 liosa
341 1952 394 2002 et
428 1948 681 2018 indigna
695 1948 1060 2015 clamabant,
1081 1966 1250 2022 aquo
1270 1951 1635 2020 tamingenti
1658 1956 1824 2006 reatu

185 2035 392 2092 utinam
427 2053 539 2108 per
568 2037 720 2093 illius
743 2039 1042 2094 orationes
1067 2040 1675 2095 mereanturabsolvi.
1705 2043 1823 2110 Ego

183 2130 361 2180 autem
387 2133 530 2196 post
567 2127 792 2198 primos
812 2143 1018 2183 eorum
1043 2128 1356 2191 clamores,
1383 2144 1519 2183 cum
1540 2130 1623 2184 eis
1647 2129 1821 2184 dixis-

182 2229 290 2268 sem
317 2218 390 2268 de
421 2214 527 2270 illo
555 2215 735 2271 invito
764 2232 881 2272 non
909 2216 1246 2271 ordinando
1276 2233 1400 2286 qua
1426 2217 1551 2288 jam
1573 2218 1824 2288 promis-

183 2301 329 2357 sione
360 2303 680 2368 detinerer,
715 2310 894 2377 atque
922 2305 1276 2375 adjecissem
1303 2306 1466 2377 quod
1482 2305 1530 2360 si
1557 2306 1820 2362 meatide

182 2390 374 2447 violata
404 2393 580 2448 illum
598 2393 887 2450 haberent
903 2393 1332 2465 presbyterum,
1359 2411 1451 2448 me
1467 2396 1819 2466 episcopum

181 2495 283 2536 non
312 2480 627 2547 haberent,
662 2482 735 2538 ad
771 2488 972 2538 nostra
994 2483 1299 2548 subsellia,
1327 2483 1518 2539 relicta
1543 2484 1717 2539 turba
1738 2500 1822 2539 re-

180 2569 404 2625 dieram.
433 2575 589 2627 Tum
619 2572 696 2627 illi
729 2572 1170 2644 aliquantulum
1198 2575 1511 2643 inopinata
1541 2589 1673 2629 mea
1704 2590 1821 2629 res-

182 2660 444 2728 ponsione
461 2662 724 2716 cunctati
742 2666 919 2733 atque
935 2661 1179 2726 turbati,
1201 2662 1358 2716 velut
1384 2662 1630 2717 ﬂamma
1649 2668 1818 2718 vento

181 2748 466 2817 paululum
490 2750 956 2821 pressa,deinde
971 2758 1278 2822 caaperunt
1311 2752 1495 2805 multo
1514 2751 1818 2806 ardentius

182 2837 416 2903 excitari,
447 2839 863 2895 existimantes
893 2840 1018 2894 fieri
1050 2856 1228 2910 posse
1253 2845 1312 2894 ut
1341 2840 1431 2893 vel
1466 2839 1609 2893 mihi
1630 2847 1819 2895 extor-

181 2932 437 2996 queretur
459 2927 611 2982 illud
637 2944 756 2984 non
789 2944 1026 2984 servare
1070 2929 1452 2999 promissum,
1487 2929 1575 2983 vel
1611 2945 1702 2984 me
1737 2934 1816 2984 te-

181 3020 330 3069 nente
353 3017 638 3086 promissi
655 3017 858 3083 ﬁdem,
877 3016 948 3073 ab
966 3017 1080 3073 alio
1105 3019 1391 3089 episcopo
1415 3017 1813 3072 ordinaretur.

179 3101 432 3161 Dicebam
471 3122 595 3176 ego
627 3107 850 3179 quibus
875 3114 1168 3179 poteram,
1199 3106 1301 3178 qui
1333 3107 1408 3162 ad
1441 3122 1552 3160 nos
1583 3107 1639 3160 in
1665 3106 1819 3161 absi-

179 3191 295 3248 dem
319 3194 742 3251 honoratiores
771 3201 826 3251 et
856 3197 1159 3267 graviores
1185 3195 1602 3262 ascenderant,
1634 3211 1742 3249 nec
1782 3211 1817 3250 a

180 3283 431 3351 promissi
463 3283 592 3339 ﬁde
621 3301 714 3340 me
732 3301 907 3356 posse
938 3285 1250 3350 dimoveri,
1287 3300 1394 3339 nec
1427 3283 1504 3339 ab
1519 3283 1635 3338 alio
1663 3283 1817 3354 epis-

184 3384 314 3441 copo
344 3372 402 3427 in
433 3372 688 3428 ecclesia
722 3373 863 3428 mihi
898 3373 1134 3437 tradita,
1176 3372 1284 3428 nisi
1328 3389 1422 3426 me
1454 3372 1816 3442 interrogato

185 3473 240 3513 ac
265 3461 652 3530 permittente,
690 3478 863 3532 posse
894 3461 1155 3518 ordinari
1190 3482 1201 3530 ;
1230 3462 1394 3533 quod
1423 3460 1467 3515 si
1517 3460 1816 3531 permitte-

185 3562 309 3613 rem,
342 3550 504 3605 aﬁde
529 3551 922 3606 nihilominus
948 3549 1594 3606 deviarem.Addebam
1612 3551 1810 3616 etiam,

184 3636 305 3692 nihil
334 3654 432 3693 eos
462 3639 637 3705 velle,
671 3640 716 3694 si
744 3640 1120 3695 ordinaretur
1147 3640 1387 3703 invitus,
1420 3639 1533 3693 nisi
1571 3646 1631 3693 ut
1655 3639 1814 3694 ordi-

185 3731 336 3780 natus
365 3727 738 3784 abscederet.
769 3729 850 3783 Illi
869 3730 982 3784 hoc
1002 3745 1176 3798 posse
1191 3727 1451 3783 ﬁerinon
1471 3727 1812 3782 credebant.

186 3814 459 3871 Multitudo
489 3833 635 3872 vero
667 3834 774 3888 pro
800 3818 1088 3887 gradibus
1121 3818 1462 3881 constituta,
1516 3817 1816 3872 horrendo

186 3909 231 3956 et
255 3906 847 3974 perseverantissimo
875 3907 1209 3962 clamorum
1243 3905 1478 3961 fremitu
1514 3907 1572 3960 in
1603 3907 1815 3962 eadem

186 3992 458 4051 voluntate
506 3996 856 4067 persistens,
904 3997 1160 4052 incertos
1227 3994 1411 4050 animi
1468 3995 1815 4066 consiliique

187 4078 426 4139 faciebat.
453 4088 620 4140 Tunc
647 4085 746 4140 illa
781 4085 840 4140 in
894 4084 1133 4140 fratrem
1183 4100 1382 4138 meum
1414 4083 1664 4151 indigna
1695 4082 1814 4138 cla-

187 4170 502 4239 mabantur,
538 4179 676 4228 tunc
708 4189 742 4228 a
770 4173 946 4229 nobis
984 4172 1257 4244 graviora
1299 4171 1680 4228 timebantur.

243 4267 269 4320 2
297 4270 875 4342 Sedquamvistanto
905 4277 1064 4325 motu
1091 4269 1294 4343 pOpuli
1327 4275 1381 4324 et
1404 4275 1566 4325 tanta
1590 4274 1816 4340 pertur-

186 4355 392 4414 batione
406 4359 681 4415 Ecclesiae
697 4374 1206 4431 permoverer,nec
1221 4358 1380 4412 aliud
1397 4374 1504 4413 con
1516 4356 1815 4428 stipationi

185 4444 251 4500 illi
281 4447 587 4510 dixissem,
636 4448 749 4503 nisi
778 4465 913 4504 eum
947 4464 1038 4502 me
1080 4447 1328 4502 invitum
1388 4446 1663 4501 ordinare
1695 4462 1812 4501 non

186 4549 490 4605 posse;nec
518 4538 566 4592 si
592 4544 791 4594 tamen
820 4537 1116 4594 adductus
1135 4553 1290 4601 sum,
1315 4535 1460 4607 quia
1482 4543 1534 4589 et
1556 4536 1669 4590 hoc
1685 4551 1817 4606 pro-

185 4621 440 4682 miseram
470 4643 593 4682 non
625 4643 718 4683 me
759 4627 936 4682 fuisse
978 4626 1293 4691 facturum,
1331 4629 1388 4677 ut
1422 4623 1644 4694 aliquid
1665 4623 1715 4677 ei
1743 4623 1815 4678 de

186 4723 552 4794 suscipiendo
567 4723 936 4794 presbyterio
960 4723 1273 4777 suaderem
1296 4720 1484 4791 :quod
1507 4719 1552 4773 si
1577 4735 1816 4789 persua-

182 4807 298 4864 dere
314 4815 661 4882 potuissem,
678 4814 931 4882 nonjam
946 4809 1565 4867 ordinareturiuvitus.
1579 4808 1814 4863 Servavi

185 4900 468 4974 utriusque
485 4902 894 4972 promissionis
907 4901 1234 4964 ﬁdem,non
1252 4899 1443 4953 solum
1460 4896 1814 4967 illiusquam

179 4987 286 5056 jam
310 4991 532 5063 populo
560 4991 954 5063 patefeceram
974 5009 986 5057 ;
1007 5005 1210 5044 verum
1227 4985 1572 5042 etiamillius
1607 4986 1666 5038 in
1694 4999 1815 5055 qua

183 5091 289 5133 uno
318 5086 481 5146 teste,
514 5086 806 5152 quantum
834 5080 908 5135 ad
933 5079 1207 5134 homines
1228 5078 1451 5140 attinet,
1481 5073 1809 5129 detinebar.

186 5166 676 5242 Servavi,inquam
693 5169 873 5224 ﬁdem
896 5165 1457 5238 promissionis,non
1473 5162 1812 5234 jurationis,

185 5252 232 5307 in
264 5262 418 5313 tanto
446 5257 919 5330 periculo;quod
940 5254 1635 5322 licetfalso,sicutpostea
1655 5267 1815 5306 com-

186 5345 850 5413 perimus,metuebatur,
871 5344 1151 5400 omnibus
1168 5341 1619 5412 tamen,siquod
1634 5345 1811 5409 esset,

187 5434 973 5508 communiterimpendebat:
990 5439 1181 5489 eterat
1197 5437 1388 5486 metus
1405 5430 1530 5500 ipse
1547 5445 1814 5484 commu-

189 5520 288 5584 nis,
314 5540 380 5579 ac
412 5533 648 5597 propter
673 5525 982 5581 ecclesiam
1032 5523 1090 5578 in
1123 5538 1244 5594 qua
1283 5536 1519 5575 eramus
1553 5519 1812 5573 maxime

189 5616 786 5681 metuens,abscedere
801 5611 1287 5686 cogitabam.Sed
1306 5608 1690 5666 metuendum
1708 5607 1814 5662 fuit

189 5715 252 5756 ne
282 5704 466 5777 magis
481 5722 571 5763 me
590 5706 836 5763 absente
856 5703 966 5762 tale
989 5701 1214 5776 aliquid
1230 5699 1444 5758 faceret
1472 5703 1525 5753 et
1544 5712 1812 5754 reveren-

3487 223 3594 281 478

1943 348 2024 403 tia
2043 347 2260 418 minor,
2295 354 2349 406 et
2380 350 2552 405 dolor
2577 349 2900 406 ardentior.
2941 350 3156 406 Deinde
3178 350 3224 406 si
3247 366 3381 406 cum
3414 351 3592 408 fratre

1937 437 2148 508 Alypio
2162 438 2523 494 discederem
2539 455 2641 510 per
2654 440 2933 512 populum
2950 441 3594 509 constipatum,caven-

1937 526 2086 581 dum
2110 526 2214 580 fuit
2235 543 2306 582 ne
2321 527 2644 598 quisquam
2667 529 2726 583 in
2746 545 2882 583 eum
2899 544 3145 583 manum
3165 530 3395 584 mittere
3409 530 3591 586 aude-

1937 621 2050 671 ret:
2087 617 2135 670 si
2167 621 2364 672 autem
2381 617 2506 672 sine
2536 616 2652 682 illo,
2683 634 2813 689 quae
2841 617 3006 672 frons
3027 623 3178 672 esset
3201 618 3593 674 existimatio-

1937 705 2050 769 nis,
2083 705 2130 760 si
2160 705 2306 776 quid
2357 705 2407 760 ei
2444 705 2709 762 fortassis
2738 706 3054 771 accideret,
3106 713 3158 761 et
3187 706 3420 762 viderer
3451 723 3590 764 eum

1935 799 2251 865 propterea
2281 794 2634 863 deseruisse,
2675 800 2735 850 ut
2753 794 2965 850 furenti
2984 795 3206 866 populo
3223 795 3546 852 traderetur
3562 798 3589 852 ?

2007 886 2059 937 3.
2077 884 2230 938 Inter
2250 883 2361 938 hos
2384 890 2564 939 aestus
2591 899 2754 938 meos
2786 899 3153 955 gravemque
3182 899 3514 949 maerorem,
3535 890 3590 940 et

1934 971 2154 1027 nullius
2176 973 2402 1028 consilii
2422 973 3042 1044 respirationem,ecce
3058 979 3297 1044 repente
3315 979 3492 1045 atque
3506 973 3590 1028 in-

1933 1060 2175 1131 Opinate
2207 1067 2445 1116 sanctus
2488 1061 2644 1116 ﬁlius
2668 1067 2867 1116 noster
2893 1062 3168 1116 Pinianus
3195 1062 3362 1116 mittit
3397 1062 3472 1116 ad
3496 1077 3590 1116 me

1934 1165 2164 1204 servum
2191 1151 2308 1214 Dei,
2333 1151 2434 1221 qui
2465 1150 2609 1205 mihi
2641 1150 2881 1215 diceret,
2934 1166 3073 1204 eum
3103 1166 3163 1205 se
3189 1151 3338 1205 velle
3367 1151 3591 1221 p0pulo

1930 1238 2151 1308 jurare,
2184 1239 2343 1309 quod
2381 1239 2426 1292 si
2454 1243 2607 1294 esset
2636 1238 2946 1294 ordinatus
2991 1239 3229 1304 invitus,
3271 1255 3342 1295 ex
3397 1239 3592 1295 Africa

1933 1326 2179 1383 omnino
2199 1327 2527 1382 discederet
2553 1344 2566 1393 ;
2590 1327 2789 1392 credo,
2809 1329 3153 1383 existimans
3171 1343 3291 1393 eos,
3319 1329 3592 1400 quando-

1933 1415 2174 1486 quidem
2193 1417 2456 1486 pejerare
2471 1431 2590 1470 non
2604 1421 2826 1486 posset,
2856 1432 2972 1472 non
2989 1417 3115 1486 jam
3133 1417 3375 1471 ulterius
3412 1417 3592 1472 infru-

1933 1511 2138 1557 ctuosa
2175 1505 2616 1571 perseverantia
2645 1505 3032 1571 clamaturos,
3064 1506 3138 1559 ad
3167 1505 3587 1576 expellendum

1932 1592 2388 1648 hinchominem
2401 1609 2600 1665 ,quem
2617 1593 2825 1648 saltem
2842 1593 3197 1648 deberemus
3212 1595 3430 1648 habere
3447 1594 3588 1648 vici-

1933 1697 2098 1738 num.
2132 1681 2268 1736 Mihi
2290 1688 2515 1747 autem,
2550 1682 2694 1753 quia
2733 1682 3051 1738 videbatur
3076 1681 3589 1738 vehementiorem

1931 1786 2140 1825 eorum
2155 1770 2422 1825 dolorem
2439 1777 2573 1841 post
2591 1771 3112 1841 hancjurationem
3129 1771 3310 1825 fuisse
3327 1779 3590 1825 metuen-

1931 1859 2100 1926 dum,
2119 1859 2280 1930 apud
2298 1875 2390 1914 me
2410 1860 2619 1914 tacitus
2638 1859 2861 1928 habui;
2905 1865 2959 1914 et
2981 1860 3122 1930 quia
3145 1859 3322 1914 simul
3343 1860 3590 1931 petierat

1932 1954 1992 2002 ut
2018 1948 2094 2002 ad
2120 1963 2257 2002 eum
2301 1948 2584 2011 venirem,
2610 1964 2728 2002 non
2753 1947 2977 2003 distuli.
3002 1948 3147 2002 Cum
3173 1948 3315 2002 mihi
3346 1948 3590 2003 dixisset

1929 2035 2044 2091 hoc
2060 2036 2782 2106 ipsum,continuoetillud
2798 2037 3585 2106 adjunxiteidemjurationi,

1929 2124 2093 2194 quod
2115 2124 2427 2192 inihi,duui
2445 2125 2520 2179 ad
2545 2140 2672 2178 eum
2691 2140 3006 2195 pergo,per
3023 2125 3204 2179 alium
3227 2124 3586 2179 Deiservum

1930 2212 2422 2278 mandaverat,de
2438 2213 2752 2283 praesentia
2769 2213 3250 2276 scilicetsua,siei
3274 2212 3587 2267 clericatus

1930 2301 2230 2356 sarcinam
2263 2301 2480 2356 nolenti
2498 2301 2694 2356 nullus
2712 2303 3063 2373 imponeret.
3085 2302 3182 2356 Hic
3195 2316 3307 2368 ego
3330 2300 3388 2354 in
3408 2301 3586 2356 tantis

1929 2390 2218 2459 angustiis
2249 2390 2581 2461 quasiaura
2604 2390 2864 2460 spirante
2891 2397 3208 2455 recreatus,
3238 2389 3384 2445 nihil
3414 2390 3465 2444 ei
3494 2405 3588 2445 re-

1929 2479 2146 2550 spondi
2171 2479 2304 2546 ;sed
2328 2480 2403 2534 ad
2421 2479 2660 2533 fratrem
2685 2479 2963 2550 Alypium
2987 2480 3180 2548 gradu
3200 2479 3586 2535 concitatiore

1928 2569 2169 2639 perrixi,
2198 2568 2528 2640 eiquequid
2544 2568 2758 2623 dixerit
2789 2567 2930 2622 dixi.
2967 2567 3174 2632 Atille,
3200 2572 3262 2622 ut
3286 2567 3583 2634 existimo,

1927 2656 2200 2710 devitans
2227 2656 2459 2727 nequid
2485 2672 2546 2710 se
2572 2662 2810 2712 auctore
2825 2656 3008 2722 fieret,
3030 2656 3190 2711 unde
3214 2673 3316 2711 vos
3334 2655 3588 2726 putabat

1927 2745 2170 2810 offendi,
2193 2746 2349 2799 Hinc
2363 2761 2470 2809 me,
2489 2744 2704 2816 inquit,
2721 2761 2887 2801 nemo
2900 2747 3191 2801 consulat.
3215 2747 3342 2810 Quo
3357 2745 3583 2809 audito,

1927 2833 2002 2888 ad
2021 2834 2303 2904 populum
2323 2833 2767 2888 tumultuantem
2783 2835 3028 2905 perrexi,
3042 2835 3314 2904 factoque
3331 2833 3585 2895 silentio,

1926 2921 2073 2993 quid
2098 2923 2461 2992 promissum
2486 2927 2790 2976 essetcuui
2816 2923 3207 2992 promissione
3231 2921 3582 2992 etiamjura~

1927 3009 2102 3065 tionis
2134 3009 2450 3080 aperui.llli
2477 3025 2612 3064 vero
2631 3010 2732 3080 qui
2764 3010 2959 3063 solum
2983 3009 3111 3079 ejus
3143 3009 3585 3080 presbyterium

1926 3098 2946 3170 cogitabantatquecupiebant,uon
2964 3099 3044 3152 ita
3059 3103 3115 3153 ut
3133 3099 3404 3168 putabam
3420 3096 3588 3168 quod

1925 3185 2195 3243 oblatum
2210 3185 2905 3258 fueratacceperunt;sed
2920 3187 3065 3241 inter
3081 3202 3141 3240 se
3155 3185 3585 3257 aliquantulum

1925 3275 2336 3342 mussitantes,
2355 3276 2682 3347 petiverunt
2697 3281 2758 3330 ut
2776 3275 3094 3330 adderetur
3113 3275 3308 3329 eidem
3335 3274 3588 3344 promis-

1927 3365 2078 3420 sioni
2126 3365 2620 3436 atquejurationi,
2655 3363 3224 3436 utsiquandoilliad
3261 3362 3587 3433 suscipien-

1925 3454 2071 3510 dum
2104 3454 2440 3510 clericatum
2475 3454 2806 3509 consentire
2835 3454 3173 3525 placuisset,
3210 3468 3331 3508 non
3379 3452 3493 3506 nisi
3525 3451 3585 3507 in

1922 3542 2058 3614 ipsa
2087 3542 2709 3614 Hipponensiecclesia
2727 3559 2836 3598 con
2847 3543 3106 3598 sentiret.
3128 3541 3312 3596 Retuli
3325 3540 3400 3597 ad
3419 3555 3582 3606 eum;

1921 3633 2046 3688 sine
2086 3631 2461 3687 dubitatione
2509 3633 2736 3687 annuit.
2800 3632 3146 3686 Renuntiavi
3197 3630 3338 3696 illis,
3401 3629 3582 3686 laetati

1919 3725 2089 3786 sunt;
2132 3727 2188 3775 et
2219 3736 2356 3775 mox
2387 3720 2750 3789 jurationem
2792 3720 3114 3790 pollicitam
3153 3722 3579 3790 poposcerunt.

1993 3812 2047 3864 4.
2083 3809 2307 3864 Reverti
2329 3809 2406 3862 ad
2435 3808 2625 3862 filium
2653 3814 2944 3872 nostrum,
2971 3823 3230 3876 eumque
3251 3807 3446 3861 inveni
3467 3806 3584 3860 ﬂu-

1923 3903 2224 3953 ctuantem
2239 3897 2604 3969 quibusnam
2619 3897 2814 3952 verbis
2831 3894 3258 3967 comprehendi
3275 3893 3585 3964 possetilla

1924 4002 2052 4042 cum
2063 3986 2081 4057 j
2095 3986 2362 4042 uratione
2375 3985 2702 4058 promissio,
2715 3990 2953 4056 propter
2965 3984 3348 4040 necessitates
3361 3983 3584 4038 irruen-

1924 4081 2029 4141 tes,
2063 4092 2197 4147 quas
2223 4081 2617 4146 possenteum
2653 4081 2713 4129 ut
2745 4073 3090 4129 abscederet
3129 4087 3360 4142 cogere.
3395 4070 3584 4128 Simul

1924 4164 2104 4221 etiam
2119 4163 2264 4236 quid
2281 4164 2512 4220 timeret
2529 4163 2808 4230 ostendit,
2829 4179 2902 4218 ne
2921 4163 3057 4236 quis
3071 4160 3582 4218 irruissethostilis

1925 4253 2218 4322 incursus,
2237 4253 2336 4326 qui
2353 4254 2851 4308 essetdicessione
2865 4253 3165 4308 vitandus.
3186 4250 3429 4306 Volebat
3441 4249 3583 4306 addi

1925 4347 2134 4397 sancta
2169 4343 2435 4411 Melania,
2469 4348 2523 4398 et
2547 4343 2698 4397 aeris
2723 4342 2977 4396 morbidi
3002 4340 3409 4396 causationem
3434 4357 3450 4408 ;
3476 4339 3581 4394 sed

1925 4431 2080 4486 illius
2102 4432 2490 4502 responsione
2524 4431 2882 4501 reprehensa
2909 4435 3014 4484 est.
3066 4432 3181 4498 Ego
3207 4433 3407 4483 autem
3435 4426 3576 4491 dixi,

1926 4536 2170 4590 gravem
2187 4520 2263 4574 ab
2277 4520 2374 4574 illo
2389 4526 2440 4574 et
2455 4535 2574 4574 non
2589 4517 3093 4573 contemnendam
3109 4532 3355 4571 causam
3377 4531 3579 4570 neces-

1926 4610 2114 4664 sitatis
2131 4609 2580 4678 ingestam,quae
2593 4609 2750 4662 cives
2764 4607 2942 4662 etiam
2957 4606 3249 4675 emigrare
3265 4603 3580 4675 compelle-

1925 4704 2008 4753 ret
2028 4713 2040 4749 :
2059 4697 2161 4752 sed
2186 4696 2232 4750 si
2256 4697 2381 4751 haec
2403 4697 2625 4768 populo
2647 4693 3344 4764 dicerentur,timendum
3358 4707 3490 4749 esse
3503 4708 3578 4748 ne

1926 4787 2080 4842 male
2096 4802 2204 4839 nos
2217 4786 2472 4840 ominari
2487 4786 2848 4850 videremur;
2872 4785 2916 4839 si
2933 4791 3130 4839 autem
3154 4783 3266 4838 sub
3282 4781 3542 4853 generali
3557 4783 3574 4819 ί

1924 4873 2286 4929 necessitatis
2304 4874 2546 4929 nomine
2560 4874 3061 4938 ﬁeretexcusatio,
3077 4889 3196 4928 non
3213 4873 3322 4928 nisi
3338 4870 3580 4927 fraudu-

1923 4967 2144 5019 lentam
2168 4964 2582 5018 necessitatem
2603 4964 3048 5034 putari.Placuit
3063 4968 3263 5017 tamen
3285 4965 3345 5014 ut
3366 4959 3439 5014 de
3461 4958 3576 5012 hac

1923 5069 1983 5108 re
1999 5052 2202 5124 populi
2227 5051 2497 5107 animum
2511 5052 2917 5123 experiremur
2943 5069 2955 5118 ;
2978 5056 3032 5105 et
3047 5049 3189 5104 nihil
3206 5048 3365 5103 aliud
3385 5061 3572 5118 quam

1923 5141 1982 5196 id
2016 5141 2176 5213 quod
2208 5146 2634 5213 putaveramus
2677 5140 3030 5195 invenimus.
3066 5141 3210 5192 Nam
3265 5151 3404 5189 cum
3442 5135 3575 5206 ejus

1922 5231 2107 5286 verba
2130 5246 2165 5285 a
2191 5230 2446 5285 diacono
2490 5229 2648 5284 dicta
2671 5228 3075 5292 recitarentur,
3110 5230 3166 5279 et
3193 5223 3400 5280 omnia
3443 5223 3574 5295 pla-

1923 5320 2184 5374 cuissent
2217 5336 2230 5386 ;
2267 5319 2364 5373 ubi
2389 5333 2610 5373 nomen
2637 5315 2995 5386 interpositae
3019 5312 3384 5369 necessitatis
3414 5314 3576 5369 inso-

1921 5409 2071 5473 nuit,
2103 5407 2387 5463 continuo
2408 5406 2784 5462 reclamatum
2814 5408 2920 5469 est,
2966 5401 3403 5474 promissioque
3444 5402 3573 5457 dis-

1923 5497 2146 5568 plicuit.
2173 5496 2430 5550 tumultu
2445 5493 2988 5555 recrudescente,et
3027 5490 3171 5546 nihil
3198 5491 3359 5546 aliud
3382 5507 3570 5563 quam

1921 5586 2130 5642 fraude
2163 5600 2368 5640 secum
2396 5583 2492 5654 agi
2526 5582 2748 5654 populo
2799 5582 3190 5656 existimante.
3223 5581 3394 5647 Quod
3431 5596 3572 5638 cum

1983 5703 1996 5734 ¹
2029 5700 2111 5750 Sic
2132 5700 2256 5751 Mss.
2285 5699 2350 5765 [si
2376 5704 2544 5747 tamen
2576 5698 2666 5748 sub
2689 5698 2997 5750 necessitatis
3027 5695 3282 5761 nomine].
