4074 6164
513 161 617 218 479

512 291 761 342 sanctus
790 287 946 345 ﬁlius
968 295 1168 347 noster
1186 291 1442 360 vidisset,
1467 296 1799 368 jussitinde
1821 299 2034 356 auferri
2052 315 2158 354 no-

502 391 653 431 men
685 378 1067 443 necessitatis,
1102 397 1465 456 rursumque
1495 386 1573 442 ad
1601 387 1866 445 latitiam
1895 387 2155 462 populus

512 465 816 520 remeavit.

584 557 633 606 FS.
670 555 733 608 Et
761 569 895 608 cum
925 555 1335 616 lassitudinem
1368 579 1740 631 excusarem,
1783 566 1910 623 sine
1938 581 2031 622 me
2079 565 2156 622 ad

511 641 747 711 plebem
780 646 1062 701 accedere
1087 648 1303 715 noluit;
1333 653 1511 708 simul
1541 656 2080 711 accessimus.Dixit
2105 655 2154 710 ei

509 745 644 800 qua
658 745 694 785 a
715 731 971 788 diacono
985 736 1185 793 audita
1199 745 1365 796 erant
1381 758 1443 796 se
1461 744 1806 812 mandasse,
1830 746 1918 814 sej
1931 760 2154 809 urasse,

506 833 698 890 eaque
712 837 772 876 se
786 837 913 876 esse
928 822 1646 904 facturum,continuoque
1658 835 1860 889 omnia
1874 849 1944 889 eo
1956 838 2158 889 tenore

507 923 631 979 quo
657 908 998 977 dictaverat,
1017 923 1363 984 prosecutus
1393 925 1497 975 est.
1524 924 1895 994 Responsum
1910 928 2020 991 est,
2042 925 2158 978 Deo

510 998 1072 1071 gratias,etpetitum
1093 1009 1350 1062 uttotum
1368 1011 1650 1080 scriptum
1666 1011 2155 1066 subscriberetur.

511 1085 857 1144 Dimisimus
898 1092 1377 1161 catechumenos,
1431 1100 1834 1172 continuoque
1866 1099 2156 1171 scriptum

512 1175 880 1246 subscripsit.
908 1180 1126 1237 Deinde
1145 1184 1258 1254 peti
1283 1187 1570 1256 capimus
1598 1204 1706 1244 nos
1729 1189 2016 1261 episcopi,
2035 1205 2157 1245 non

509 1265 751 1318 vocibus
807 1269 1033 1338 populi,
1063 1272 1168 1326 sed
1191 1278 1389 1330 tamen
1421 1292 1455 1332 a
1482 1277 1707 1350 populo
1738 1293 1843 1349 per
1871 1279 2158 1334 honestos

515 1352 1190 1432 ﬁdeles,utnosquoque
1216 1363 1752 1422 subscriberemus.
1783 1369 1850 1423 At
1883 1368 1984 1422 ubi
2010 1366 2157 1439 capi

510 1441 904 1511 subscribere,
938 1454 1143 1504 sancta
1184 1450 1436 1509 Melania
1492 1456 1866 1511 contradixit.
1923 1456 2158 1512 Miratus

511 1546 645 1585 sum
672 1547 856 1602 quare
884 1539 1002 1590 tam
1036 1553 1186 1604 sero,
1217 1541 1385 1612 quasi
1418 1545 1883 1613 promissionem
1920 1544 2083 1600 illam
2104 1549 2160 1600 et

504 1620 866 1688 jurationem
885 1639 1014 1689 nos,
1032 1641 1150 1681 non
1167 1629 1622 1699 subscribendo,
1639 1633 1829 1689 facere
1848 1649 2160 1706 possemus

510 1707 822 1766 infectam:
857 1713 955 1767 sed
989 1719 1187 1772 tamen
1219 1719 1628 1792 obtemperavi
1648 1745 1658 1787 ;
1679 1739 1748 1779 ac
1767 1725 1851 1779 sic
1875 1725 2161 1780 remansit

512 1812 647 1853 mea
673 1814 792 1854 non
826 1801 1001 1872 plena
1030 1805 1405 1879 subscriptio,
1459 1827 1567 1866 nec
1600 1812 1751 1868 ultra
1787 1813 1959 1868 nobis
1990 1812 2159 1884 quis-

509 1902 695 1959 quam
722 1893 785 1943 ut
811 1891 1329 1952 subscriberemus
1359 1902 1586 1971 putavit
1606 1902 1979 1957 instandum.

582 1977 748 2042 6.Qui
763 1985 959 2035 autem
977 1983 1092 2038 alio
1104 1984 1201 2040 die
1217 1993 1608 2062 posteaquam
1625 1992 1822 2063 ipsum
1835 1991 2161 2048 dicessisse

507 2064 1293 2138 didicerunt,fuerintmotus
1307 2078 1626 2151 vellingua
1641 2080 1843 2136 homin
1855 2097 2162 2152 um,quan-

513 2157 636 2210 tum
662 2158 808 2211 satis
823 2159 1141 2218 arbitratus
1155 2181 1307 2220 sum.
1324 2167 1631 2225 Sanctitati
1647 2174 1855 2226 vestra
1880 2186 1984 2240 per
1999 2185 2158 2225 com-

512 2245 896 2302 monitorium
925 2249 1199 2308 intimare
1225 2256 1740 2330 curavi.Quisquis
1759 2259 1958 2331 itaque
1986 2259 2156 2314 vobis

509 2335 910 2392 contrariahis
923 2355 1058 2410 qua
1073 2345 1332 2410 narravi,
1356 2345 1502 2401 forte
1534 2349 1810 2413 narravit,
1831 2353 1931 2403 aut
1954 2349 2161 2403 menti-

508 2426 620 2489 tur,
654 2428 758 2479 aut
778 2425 1013 2482 fallitur.
1031 2430 1322 2494 Quadam
1340 2436 1496 2490 enim
1516 2452 1650 2507 qua
1676 2436 1819 2492 mihi
1850 2437 1928 2492 ad
1950 2453 2157 2492 curam

509 2526 628 2567 non
659 2514 953 2583 pertinere
974 2518 1103 2574 visa
1133 2525 1289 2587 sunt,
1324 2525 1766 2593 pratermisisse
1794 2542 1891 2581 me
1923 2527 2112 2581 sentio
2143 2544 2156 2595 ;

509 2599 675 2655 nulla
695 2605 894 2657 tamen
910 2603 1060 2662 falsa
1077 2607 1574 2668 dixisse.Proinde
1595 2619 1834 2670 sanctus
1851 2615 2007 2670 ﬁlius
2022 2630 2159 2670 nos-

510 2692 596 2743 ter
621 2689 929 2759 Pinianus,
971 2696 1136 2766 quod
1158 2714 1252 2754 me
1277 2707 1564 2770 prasente
1591 2719 1660 2758 ac
1685 2704 2158 2775 permittenteju-

506 2779 744 2844 raverit,
775 2796 977 2838 verum
1001 2793 1088 2840 est
1115 2805 1126 2842 :
1160 2789 1323 2858 quod
1351 2797 1548 2846 autem
1563 2807 1662 2847 me
1680 2794 2156 2864 pracipienteju-

505 2869 737 2936 raverit,
769 2868 986 2928 falsum
1015 2879 1122 2929 est.
1158 2877 1276 2932 Scit
1302 2879 1446 2950 ipse,
1481 2882 1674 2938 sciunt
1699 2882 1847 2938 servi
1880 2883 1977 2938 Dei
2002 2898 2156 2954 quos

508 2956 585 3010 ad
613 2973 707 3013 me
730 2960 910 3027 misit,
928 2963 1123 3032 primo
1142 2973 1384 3023 sanctus
1405 2970 2158 3028 Barnabas.deinde'l‘ima-

504 3043 646 3114 sius,
664 3063 766 3119 per
778 3065 957 3121 quem
973 3053 1151 3110 etiam
1179 3055 1253 3111 de
1275 3060 1674 3129 promissione
1698 3061 2019 3132 prasentia
2034 3076 2156 3116 sua

508 3134 652 3190 mihi
677 3140 1005 3198 mandavit.
1040 3143 1174 3215 Ipse
1214 3162 1456 3219 quoque
1485 3150 1742 3221 populus
1768 3152 1786 3186 ¹
1821 3151 1892 3206 ad
1913 3150 2157 3223 presby-

505 3224 740 3292 terium,
774 3244 895 3284 non
929 3231 998 3286 ad
1048 3233 1476 3304 jusjurandum
1503 3238 1823 3295 clamando
1854 3239 2105 3308 cogebat
2135 3259 2147 3299 :

503 3314 608 3369 sed
633 3315 904 3373 oblatum
930 3320 1042 3375 sibi
1070 3337 1190 3378 non
1221 3327 1466 3396 respuit,
1495 3343 1564 3383 ea
1586 3344 1690 3400 spe
1717 3345 1839 3400 quo
1863 3335 2062 3399 posset
2094 3330 2152 3385 in

502 3402 715 3460 eodem
747 3407 910 3476 apud
933 3423 1042 3464 nos
1071 3410 1378 3470 habitante
1407 3415 1680 3472 voluntas
1704 3417 1849 3483 fieri,
1877 3433 1996 3490 quo
2016 3433 2152 3473 con-

503 3492 746 3548 sentiret
771 3494 848 3549 ad
880 3497 1341 3568 ordinationem,
1359 3519 1430 3558 ne
1444 3505 1596 3559 sicut
1603 3506 1920 3576 juraverat.
1943 3506 1991 3561 si
2007 3507 2150 3562 invi-

503 3583 598 3633 tus
621 3582 1016 3653 ordinaretur,
1032 3587 1399 3648 abscederet.
1419 3597 1494 3649 Ac
1509 3610 1614 3666 per
1626 3596 1735 3650 hoc
1748 3601 1803 3651 et
1815 3595 1892 3651 illi
1912 3601 2153 3668 propter

502 3683 653 3740 opus
684 3672 784 3728 Dei
837 3673 1245 3735 clamaverunt
1286 3681 1506 3755 (neque
1550 3683 1705 3739 enim
1763 3685 2151 3741 sanctificatio

500 3760 853 3833 presbyterii
893 3779 1014 3820 non
1047 3773 1131 3822 est
1161 3785 1313 3841 opus
1348 3771 1470 3843 Dei)
1510 3790 1522 3840 ;
1557 3777 1613 3829 et
1642 3774 1806 3846 quod
1841 3780 2048 3846 postea
2076 3774 2149 3832 de

499 3850 801 3918 promissa
823 3857 1136 3923 prasentia
1165 3859 1439 3927 gratulati
1480 3878 1602 3918 non
1630 3868 1787 3930 sunt,
1820 3864 1930 3919 nisi
1962 3864 2150 3920 adde-

499 3942 659 3992 retur
679 3941 844 4011 quod
878 3945 925 3998 si
949 3947 1194 4016 quando
1221 3948 1297 4004 ad
1329 3952 1780 4023 suscipiendum
1809 3953 2148 4009 clericatum

499 4029 836 4085 consentire
884 4032 1070 4098 vellet,
1105 4037 1342 4092 nonnisi
1373 4037 1433 4093 in
1479 4041 1843 4111 Hipponensi
1899 4042 2150 4099 ecclesia

500 4117 875 4185 consentiret,
893 4121 1032 4176 satis
1048 4124 1108 4177 iu
1137 4131 1418 4198 promptu
1438 4133 1522 4183 est
1544 4131 1708 4202 quod
1733 4131 1909 4186 etiam
1929 4132 2001 4187 de
2019 4133 2150 4204 ipsa

498 4202 626 4292 ejus
657 4209 819 4276 apud
850 4223 913 4264 se
939 4209 1304 4268 habitatione
1346 4218 1734 4292 speraverint,
1775 4202 2148 4292 ideoque—ab

496 4291 598 4348 illo
625 4296 822 4366 operis
853 4298 949 4353 Dei
981 4300 1274 4358 desiderio
1302 4319 1421 4359 non
1453 4291 1846 4364 recesserunt.

569 4384 619 4437 7.
651 4385 968 4450 Quomodo
989 4405 1130 4459 ergo
1153 4391 1297 4447 dicis
1315 4393 1429 4450 hoc
1450 4411 1552 4451 eos
1566 4396 1777 4453 fecisse
1803 4399 2148 4470 turpissimo

496 4474 763 4561 appetitu
779 4477 1077 4546 pecunia?
1090 4481 1434 4555 Primoquia
1447 4485 1521 4540 ad
1539 4485 1768 4557 plebem
1781 4504 1918 4561 qua
1931 4489 2148 4544 clama-

499 4559 615 4627 bat,
650 4565 898 4621 omnino
913 4583 1030 4623 non
1055 4571 1308 4640 pertinet
1342 4588 1354 4626 :
1386 4573 1538 4629 sicut
1559 4576 1717 4631 enim
1735 4559 1903 4649 plebs
1926 4579 2146 4651 Thaga-

497 4652 705 4706 stensis
719 4653 793 4709 de
819 4655 909 4709 his
936 4673 1071 4728 qua
1089 4660 1422 4717 contulistis
1438 4665 1708 4721 Ecclesia
1730 4666 2142 4736 Thagastensi,

494 4752 616 4794 non
647 4740 823 4797 habet
861 4744 972 4799 nisi
994 4748 1286 4815 gaudium
1315 4750 1452 4806 boni
1487 4755 1682 4824 Operis
1723 4756 1898 4812 vestri
1927 4779 1937 4821 ;
1975 4758 2058 4813 sic
2091 4762 2147 4812 et

495 4829 891 4901 Hipponensis
905 4839 956 4888 et
981 4836 1551 4904 cujuslibetalterius
1580 4842 1714 4909 loci,
1739 4845 1836 4900 ubi
1864 4846 1937 4901 de
1961 4862 2146 4903 mam-

492 4935 678 4977 mona
707 4919 1040 4994 iniquitatis
1064 4927 1291 4982 Domini
1314 4938 1608 5002 praecepta
1626 4933 1868 5001 fecistis,
1889 4935 1978 4990 vel
2003 4938 2143 4993 estis

492 5009 856 5082 ubicumque
871 5011 1103 5070 facturi.
1116 5018 1238 5070 Non
1255 5032 1395 5087 ergo
1411 5022 1659 5092 populus
1680 5028 1739 5076 ut
1753 5025 1825 5079 de
1843 5030 2007 5080 tanto
2023 5027 2142 5082 viro

493 5099 764 5156 Ecclesia
820 5102 1158 5160 consuleret
1205 5123 1327 5163 sua
1374 5109 1793 5168 ardentissime
1839 5113 2142 5184 ﬂagitans,

493 5201 668 5243 suum
697 5192 1108 5260 pecuniarium
1147 5197 1421 5266 quaesivit
1446 5202 1835 5257 commodum
1876 5219 1911 5259 a
1943 5206 2138 5277 vobis;

493 5277 596 5330 sed
629 5285 889 5335 vestrum
918 5285 1183 5354 pecunia
1206 5291 1618 5358 contemptum
1640 5289 1916 5346 dilexitin
1945 5294 2137 5350 vobis.

495 5364 640 5419 Nam
684 5368 731 5421 si
763 5369 823 5422 in
858 5387 951 5424 me
1005 5371 1357 5437 dilexerunt,
1384 5377 1549 5448 quod
1581 5379 1898 5435 audierant
1927 5387 2138 5453 paucis

492 5452 761 5519 agellulis
786 5460 1046 5527 paternis
1063 5466 1441 5536 contemptis,
1474 5467 1549 5522 ad
1568 5468 1664 5522 Dei
1679 5452 1938 5526 liberam
1954 5476 2140 5530 servi-

493 5543 678 5596 tutem
697 5558 790 5598 me
803 5545 985 5602 fuisse
1002 5565 1377 5620 conversum,
1395 5571 1587 5627 neque
1602 5556 1662 5612 in
1676 5557 2140 5621 hocinviderunt

557 5666 569 5695 ¹
601 5665 761 5723 Lov.,
784 5667 1123 5729 populusnon
1146 5675 1215 5723 ad
1229 5678 1620 5741 presbyterium.
1653 5683 1821 5736 abest.
1849 5687 2137 5740 nonaMss.

1779 176 1842 233 S.
1889 171 2284 231 AUGUSTINI
2323 171 2650 228 EPISCOPI
3782 176 3878 234 480

2277 297 2549 353 Ecclesia
2575 298 2986 369 Thagastensi,
3000 314 3134 372 qua
3151 298 3406 355 carnalis
3423 300 3609 371 patria
3635 311 3874 374 meaest;

2269 387 2374 442 sed
2415 404 2550 442 cum
2594 388 2693 444 illa
2733 388 3073 444 clericatum
3143 389 3284 445 mihi
3328 405 3448 445 non
3509 390 3880 462 imposuisset,

2268 477 2514 548 quando
2547 483 2888 549 potuerunt,
2907 479 3254 534 habendum
3277 480 3620 535 invaserunt
3647 496 3658 535 :
3681 489 3880 553 quanto

2267 565 2616 634 ﬂagrantius
2644 567 2700 622 in
2725 572 2928 624 nostro
2959 568 3204 624 Piniano
3233 584 3436 624 amare
3451 574 3756 639 potuerunt
3777 576 3882 627 tan-

2268 659 2390 710 tam
2423 656 2630 711 mundi
2662 656 2841 728 hujus
2856 658 3261 728 cupiditatem,
3285 661 3484 713 tantas
3497 664 3884 729 opes,tantam

2268 760 2459 815 spem,
2489 749 2649 802 tanta
2689 748 3077 802 conversione
3125 753 3472 818 superatam
3519 751 3692 819 atque
3718 748 3886 805 calca-

2268 838 2392 889 tam
2408 833 2421 890 l
2440 837 2557 904 Ego
2571 836 2793 908 quippe
2807 836 3136 891 secundum
3155 837 3480 892 multorum
3496 853 3732 892 sensum
3745 853 3886 893 com-

2268 924 2610 995 parantium
2642 926 3003 997 semetipsos
3065 925 3479 997 sibimetipsis,
3523 941 3638 980 non
3667 926 3884 982 divitias

2267 1012 2588 1081 dimisisse,
2623 1017 2726 1070 sed
2759 1015 2836 1070 ad
2856 1014 3094 1071 divitias
3126 1015 3329 1071 videor
3348 1015 3597 1070 venisse.
3628 1011 3731 1070 Vix
3748 1017 3886 1071 enim

2268 1102 2559 1174 vigesima
2589 1103 2884 1174 particula
2915 1120 3006 1159 res
3029 1120 3166 1160 mea
3189 1110 3439 1175 paterna
3465 1104 3776 1159 existimari
3799 1120 3890 1175 po-

2268 1192 2459 1257 test,in
2475 1195 2922 1264 comparatione
2937 1193 3287 1264 pradiorum
3304 1193 3738 1266 Ecclesia,qua
3750 1208 3889 1250 nunc

2269 1281 2624 1337 utdominus
2652 1283 2954 1338 existimor
2981 1282 3305 1355 possidere.
3325 1285 3388 1338 ln
3406 1282 3886 1355 qualibetautem,

2269 1370 2530 1426 maxime
2556 1371 2964 1428 Africanarum
2981 1372 3399 1436 Ecclesiarum,
3422 1372 3520 1428 hic
3543 1377 3757 1438 noster,
3785 1386 3888 1428 non

2267 1459 2401 1516 dico
2416 1461 2742 1532 presbyter,
2761 1462 2866 1517 sed
2895 1461 3214 1533 episcopus
3242 1462 3334 1526 sit,
3357 1466 3742 1531 comparatus
3765 1460 3892 1531 pris-

2271 1549 2405 1604 tinis
2437 1549 2651 1621 Opibus
2679 1550 3069 1615 suis,etiamsi
3092 1552 3294 1607 animo
3316 1550 3681 1606 dominantis
3710 1549 3884 1618 egerit,

2271 1640 2687 1710 pauperrimus
2713 1641 2838 1695 erit.
2872 1641 3044 1697 Multo
3074 1654 3216 1711 ergo
3257 1639 3546 1712 liquidius
3567 1645 3623 1694 et
3647 1637 3889 1694 securius

2269 1728 2327 1782 in
2357 1728 2470 1784 hoc
2492 1736 2728 1785 amatur
2757 1729 3080 1786 christiana
3111 1735 3452 1801 paupertas,
3489 1729 3549 1784 in
3588 1743 3708 1800 quo
3752 1726 3892 1782 nulla

2271 1833 2468 1874 rerum
2501 1819 2864 1890 ampliorum
2891 1819 3297 1892 potestputari
3320 1817 3643 1890 cupiditas.
3679 1819 3788 1872 Hoc
3807 1831 3892 1871 ac-

2270 1907 2469 1962 cendit
2497 1907 2732 1964 animos
2764 1909 2986 1981 populi,
3014 1909 3126 1964 hoc
3149 1910 3207 1963 in
3231 1909 3403 1964 illam
3418 1907 3753 1962 violentiam
3777 1920 3892 1976 per-

2272 1998 2742 2053 severantissimi
2758 1998 3034 2054 clamoris
3055 1998 3256 2054 erexit.
3280 1997 3411 2053 Non
3438 2011 3541 2052 eos
3566 1995 3744 2067 turpis
3757 1993 3890 2065 cupi-

2271 2086 2466 2141 ditatis
2491 2087 2734 2159 insuper
2748 2103 3119 2152 accusemus,
3145 2087 3251 2142 sed
3285 2086 3480 2157 magis
3505 2086 3726 2141 bonum
3747 2081 3889 2154 quod

2269 2175 2381 2247 ipsi
2396 2191 2515 2231 non
2546 2176 2786 2242 habent,
2812 2177 3018 2232 saltem
3051 2177 3108 2231 in
3129 2177 3260 2232 aliis
3273 2176 3520 2245 diligere
3539 2175 3661 2230 sine
3675 2173 3889 2228 crimine

2271 2265 2710 2336 permittamus.
2750 2270 2897 2322 Nam
2928 2267 3034 2321 etsi
3064 2266 3281 2322 fuerint
3303 2261 3758 2321 illimultitudini
3783 2275 3893 2332 per»

2272 2354 2438 2409 mixti
2464 2357 2669 2428 inopes
2694 2355 2785 2410 vel
2813 2355 3089 2422 mendici,
3123 2355 3225 2428 qui
3253 2355 3434 2410 simul
3463 2352 3810 2413 clamabant,
3845 2352 3890 2405 et

2268 2443 2341 2498 de
2369 2450 2566 2500 vestra
2613 2445 2930 2501 venerabili
2979 2429 3380 2500 redundantia
3410 2441 3749 2511 indigentia
3786 2453 3890 2493 sua

2268 2533 2754 2604 supplementum
2811 2536 3170 2606 sperabant;
3213 2549 3322 2589 nec
3359 2535 3503 2602 ista,
3556 2537 3614 2587 ut
3643 2528 3889 2595 arbitror,

2266 2622 2559 2693 cupiditas
2591 2624 2779 2696 turpis
2805 2629 2909 2680 est.

2333 2731 2595 2786 8.Restat
2608 2746 2748 2801 ergo
2766 2737 2823 2786 ut
2836 2731 2940 2787 iste
2955 2731 3221 2799 pecunia
3236 2729 3608 2805 turpissimus
3622 2722 3887 2801 appetitus

2265 2833 2334 2873 ex
2364 2817 2678 2891 obliquoin
2693 2819 2957 2885 clericos,
2985 2818 3385 2877 etmaximein
3411 2813 3885 2893 episcopumdirt-

2264 2914 2454 2979 gatur.
2483 2912 2596 2965 Nos
2611 2911 2769 2966 enim
2793 2911 2970 2966 rebus
3012 2911 3279 2966 Ecclesia
3301 2911 3598 2966 dominari
3619 2905 3886 2963 existima-

2265 3013 2418 3062 mur,
2437 3013 2543 3052 nos
2559 2999 2774 3070 opibus
2790 3000 2923 3057 frui.
2937 3000 3245 3056 Postremo
3266 2998 3563 3072 quidquid
3577 2998 3648 3052 de
3662 2995 3778 3052 istis
3790 3007 3884 3048 nos

2263 3087 2626 3158 accepimus,
2646 3104 2755 3144 nos
2770 3089 2861 3144 vel
2874 3089 3070 3146 adhuc
3086 3089 3493 3160 possidemus,
3513 3088 3602 3142 vel
3621 3090 3677 3140 ut
3691 3081 3886 3156 placuit

2261 3177 2674 3248 erogavimus;
2705 3179 2852 3234 nihil
2879 3179 3014 3234 inde
3043 3179 3442 3251 populoextra
3457 3177 3787 3233 clericatum
3806 3169 3880 3226 vel

2259 3273 2422 3321 extra
2446 3269 2870 3324 monasterium
2885 3269 3224 3334 constituto,
3239 3267 3348 3324 nisi
3367 3263 3739 3339 paucissimis
3754 3261 3884 3318 indi-

2261 3355 2533 3424 gentibus
2551 3356 2744 3427 largiti
2774 3360 3136 3414 sumus.Non
3156 3373 3297 3427 ergo
3318 3357 3455 3414 dico
3469 3358 3611 3430 quia
3627 3351 3708 3409 vel
3723 3354 3775 3408 in
3788 3365 3880 3406 nos

2262 3445 2517 3501 maxime
2549 3462 2577 3501 a
2615 3446 2781 3502 vobis
2799 3447 3040 3503 diciista
3057 3447 3407 3513 debuerunt,
3425 3439 3880 3502 verumtamenin

2259 3549 2369 3590 nos
2383 3535 2539 3590 solos
2557 3535 2914 3592 credibiliter
2925 3535 3038 3591 dici
3056 3539 3394 3608 potuerunt.
3417 3535 3572 3602 Quid
3585 3547 3720 3604 ergo
3731 3529 3878 3587 facie-

2258 3622 2434 3678 mus?
2461 3641 2723 3697 quanOs,
2749 3624 3259 3696 siapudinimicos
3281 3641 3402 3681 non
3431 3638 3766 3697 possumus,
3789 3617 3880 3715 sal:

2259 3718 2375 3768 tem
2403 3714 2563 3786 apud
2593 3730 2697 3770 vos
2731 3716 2958 3770 ratione
3014 3731 3343 3787 purgamus
3368 3713 3397 3769 ?
3428 3717 3538 3770 Res
3564 3712 3688 3768 hac
3716 3708 3878 3766 animi

2258 3807 2364 3869 est,
2399 3803 2558 3858 intus
2582 3809 2687 3868 est,
2719 3804 2923 3876 procul
2955 3804 3031 3860 ab
3075 3805 3261 3860 oculis
3293 3809 3522 3860 secreta
3548 3797 3878 3893 mortalium,

2259 3892 2378 3946 Deo
2411 3893 2830 3949 tantummodo
2861 3900 3002 3950 nota
3032 3900 3140 3951 est.
3184 3893 3337 3960 Quid
3386 3907 3530 3965 ergo
3562 3895 3752 3958 restat,
3782 3886 3877 3942 nisi

2259 3982 2444 4036 Deum
2474 3983 2671 4038 testari
2702 3983 2794 4038 cui
2827 3991 2965 4040 nota
2987 3982 3118 4040 est?
3145 3985 3288 4038 Cum
3311 3998 3454 4055 ergo
3489 3982 3561 4037 de
3592 3979 3758 4037 nobis
3782 3976 3878 4030 ista

2258 4071 2500 4136 sentitis,
2535 4086 2654 4127 non
2688 4072 3005 4144 pracipitis
3037 4072 3222 4146 (quod
3255 4072 3441 4128 multo
3473 4070 3691 4162 melius
3710 4071 3804 4162 est:
3827 4066 3879 4162 fl

2257 4159 2419 4232 quod
2445 4160 2588 4215 mihi
2624 4161 2682 4215 in
2714 4161 2963 4233 epistola
2989 4167 3088 4218 tua
3111 4167 3402 4234 tanquam
3433 4157 3727 4233 culpabile
3751 4154 3878 4223 obji-

2257 4248 2536 4304 ciendum
2569 4251 2832 4322 putasti),
2863 4251 2966 4306 sed
3006 4251 3253 4306 omnino
3285 4249 3497 4320 cogitis
3513 4254 3575 4304 ut
3597 4249 3875 4320 juremus;

2259 4353 2379 4393 non
2434 4339 2718 4394 intentato
2751 4344 2913 4394 metu
2966 4340 3171 4395 mortis
3231 4340 3426 4395 carnis
3457 4343 3697 4401 nostra,
3735 4327 3875 4405 quod

2256 4425 2514 4499 pOpulus
2548 4427 2941 4499 Hipponensis
2963 4430 3166 4484 fecisse
3180 4434 3421 4501 putatus
3451 4435 3556 4492 est,
3587 4424 3875 4480 sedinten-

2258 4521 2378 4572 tato
2404 4521 2564 4571 metu
2593 4516 2799 4572 mortis
2825 4518 3276 4574 existimationis
3307 4524 3545 4583 nostra,
3569 4529 3699 4589 qua
3722 4521 3874 4584 prop-

2255 4607 2341 4659 ter
2370 4603 2640 4661 inﬁrmos
2695 4605 2918 4678 quibus
2977 4622 3087 4662 nos
3119 4607 3384 4678 prabere
3432 4607 3509 4661 ad
3558 4597 3873 4671 exemplum

2255 4692 2554 4749 bonorum
2581 4711 2828 4766 operum
2861 4695 3286 4768 qualicumque
3317 4693 3754 4750 conservatione
3797 4699 3874 4738 co-

2254 4798 2488 4844 namur,
2521 4785 2698 4840 etiam
2727 4785 2856 4840 vita
2889 4784 3085 4840 carnis
3119 4785 3298 4856 hujus
3331 4786 3531 4857 utique
3556 4788 3870 4856 praeponen-

2254 4871 2333 4927 da
2363 4877 2468 4927 est.

2325 4974 2375 5026 9.
2413 4973 2824 5028 Verumtamen
2849 4974 3020 5029 vobis
3047 4990 3158 5031 nos
3181 4975 3259 5030 ita
3290 4975 3637 5048 cogentibus
3658 4977 3714 5027 ut
3737 4969 3873 5040 jure-

2255 5075 2535 5125 mus,non
2554 5064 3157 5131 succensemus,sicut
3171 5080 3269 5120 vos
3285 5062 3751 5136 Hipponensibus
3765 5069 3874 5110 suc-

2253 5150 2504 5204 censetis
2544 5151 2785 5207 Creditis
2799 5153 2958 5206 enim
2975 5158 3261 5225 tanquam
3277 5153 3548 5210 homines
3561 5153 3632 5208 de
3643 5144 3870 5205 homini-

2254 5240 2387 5304 bus,
2402 5238 2512 5294 etsi
2534 5256 2603 5295 ea
2616 5257 2745 5311 qua
2760 5243 2816 5295 in
2833 5242 3006 5296 nobis
3024 5257 3144 5298 non
3162 5252 3317 5307 sunt,
3335 5259 3454 5299 non
3470 5250 3664 5299 tamen
3677 5253 3740 5293 ea
3752 5246 3869 5307 quae

2254 5327 2309 5381 in
2335 5328 2506 5384 nobis
2521 5345 2647 5383 esse
2663 5346 2779 5384 non
2796 5336 3066 5402 possunt.
3088 5332 3368 5388 Sananda
3382 5333 3490 5387 ista
3506 5331 3563 5386 in
3583 5329 3864 5390 vobis,UOD

2250 5418 2593 5474 accusanda
2615 5425 2748 5474 sunt
2771 5435 2784 5486 ;
2801 5425 2856 5474 et
2882 5424 3085 5476 nostra
3101 5421 3410 5493 purganda
3423 5421 3592 5476 vobis
3606 5424 3689 5473 est
3706 5415 3863 5474 fama,

2249 5506 2295 5561 si
2318 5511 2405 5561 est
2422 5507 2668 5562 Domino
2695 5515 2946 5580 purgata
2961 5509 3342 5567 conscientia.
3366 5510 3473 5576 Qui
3489 5510 3723 5565 fortasse
3737 5515 3863 5575 pra!-

2252 5595 2454 5661 stabit,
2473 5594 2959 5669 sicutantequam
2976 5599 3283 5656 accidisset
3314 5600 3422 5662 ista
3439 5596 3690 5660 tentatio,
3711 5606 3808 5661 ego
3820 5591 3866 5642 et

2250 5683 2428 5742 frater
2442 5701 2612 5741 meus
2626 5687 2873 5760 Alypius
2905 5687 3180 5746 collocuti
3215 5705 3446 5758 sumus,
3472 5703 3586 5746 non
3611 5690 3668 5754 ut
3692 5679 3863 5749 solum
