4074 6164
201 121 290 193 ‘M-
1417 123 1922 188 EPISTOLARUM
1958 128 2245 192 CLASSIS
2275 137 2371 195 ΙΙΙ.

187 260 344 320 vobis
358 258 717 317 charissimis
734 256 1163 314 commembris
1178 257 1410 322 nostris,
1426 272 1632 313 verum
1649 257 1828 312 etiam

181 352 313 423 ipsis
344 348 765 405 inimicissimis
779 347 1156 404 notissimum
1179 346 1304 412 ﬁat,
1335 346 1502 402 nulla
1531 362 1641 400 nos
1665 346 1829 417 cupi-

181 439 354 496 ditate
367 437 632 511 pecunia
646 437 706 492 in
719 436 900 492 rebus
912 435 1322 491 ecclesiasticis
1335 433 1827 500 sordidari.Quod

177 529 362 585 donec
394 527 516 592 ﬁat,
562 527 611 582 si
635 526 924 582 Dominus
967 523 1220 581 donabit
1249 530 1309 578 ut
1350 524 1474 588 fiat,
1497 538 1633 578 ecce
1664 538 1825 578 nunc

173 617 400 672 interim
415 614 579 687 quod
597 615 868 684 cogimur
883 614 1154 678 facimus,
1189 628 1263 667 ne
1295 610 1475 668 vestri
1489 611 1683 666 cordis
1703 626 1823 666 me-

172 705 429 761 dicinam
457 704 513 759 in
552 703 990 776 quantamlibet
1014 718 1247 757 moram
1281 702 1564 773 temporis
1585 699 1819 755 differa-

173 793 494 850 mus.Deus
523 791 684 848 testis
695 791 984 855 est,istam
1000 807 1242 847 omnem
1259 807 1456 846 rerum
1471 788 1824 844 ecclesiasti-

170 899 370 939 carum
387 881 892 954 procurationem,
911 896 1104 952 quaru
1115 897 1170 935 ω
1190 879 1412 936 credim
1425 894 1491 933 ur
1505 894 1706 934 amare
1721 878 1824 932 do-

169 973 484 1039 minatum,
504 975 743 1043 propter
762 970 1105 1024 servitutem
1126 984 1313 1040 quam
1337 967 1530 1024 debeo
1551 966 1823 1022 charitati

167 1062 411 1119 fratrum
444 1067 502 1116 et
530 1060 726 1116 timori
768 1058 888 1125 Dei,
923 1058 1174 1114 tolerare
1207 1074 1320 1124 me,
1351 1073 1470 1114 non
1493 1056 1823 1122 amare;ita

170 1157 328 1215 utea,
360 1151 408 1205 si
426 1147 809 1206 salvoofﬁcio
827 1147 1298 1219 possim,carere
1324 1145 1680 1201 desiderem.
1707 1148 1822 1200 Nec

167 1239 324 1297 aliud
356 1255 456 1294 me
479 1238 556 1293 de
605 1237 783 1292 fratre
809 1253 943 1292 meo
983 1236 1196 1308 Alypio
1237 1235 1473 1299 sentire,
1510 1233 1636 1306 ipse
1667 1237 1820 1289 Deus

166 1329 318 1385 testis
343 1333 456 1384 est.
476 1331 702 1383 Tamen
729 1325 879 1381 etde
901 1326 998 1380 illo
1021 1326 1186 1381 aliter
1211 1323 1522 1380 sentiendo
1536 1325 1819 1395 populus,

166 1423 231 1482 et,
264 1419 436 1490 quod
467 1422 558 1472 est
588 1414 854 1487 gravius,
888 1414 1301 1486 Hipponensis,
1335 1414 1395 1468 in
1429 1418 1620 1469 tantas
1647 1417 1734 1468 est
1755 1413 1824 1467 il-

165 1509 270 1562 lius
288 1503 1157 1578 praecipitatusinjurias:etde
1185 1503 1359 1558 nobis
1385 1518 1491 1557 vos
1513 1503 1703 1556 sancti
1724 1501 1822 1557 Dei

165 1601 213 1652 et
232 1595 392 1669 pleni
427 1594 768 1650 visceribus
782 1592 1200 1648 misericordiae
1215 1592 1354 1648 talia
1375 1589 1694 1654 credendo,
1715 1606 1826 1645 no-

167 1685 316 1742 mine
346 1683 633 1757 ejusdem
656 1681 1000 1755 populi,qui
1034 1681 1107 1736 ad
1131 1696 1381 1736 causam
1405 1679 1823 1749 hujuscemodi

165 1773 513 1845 cupiditatis
537 1772 782 1828 omnino
809 1786 928 1826 non
947 1770 1215 1842 pertinet,
1239 1785 1349 1824 nos
1370 1774 1614 1838 tangere
1645 1774 1824 1840 atque

168 1863 498 1919 admonere
513 1860 803 1925 voluistis;
822 1861 1022 1931 utique
1037 1859 1111 1914 ad
1140 1873 1248 1914 nos
1287 1856 1697 1926 corrigendos,
1721 1872 1824 1912 ne-

167 1968 271 2025 que
301 1952 476 2007 enim
508 1949 670 2015 odio,
691 1949 854 2021 quod
880 1947 1090 2003 absita
1121 1947 1319 2002 vobis:
1347 1946 1506 2001 unde
1538 1961 1658 2001 non
1681 1945 1826 2001 iras-

165 2044 228 2105 ci,
253 2041 359 2097 sed
389 2040 626 2110 gratias
648 2052 824 2109 agere
844 2036 1056 2101 debeo,
1088 2035 1252 2108 quod
1284 2051 1394 2090 nec
1428 2034 1824 2090 verecundius

166 2145 264 2186 nec
291 2129 549 2185 liberius
581 2141 756 2196 agere
772 2125 1071 2198 potuistis,
1103 2129 1165 2180 ut
1189 2125 1473 2196 episcopo
1501 2139 1622 2179 non
1650 2124 1827 2195 quasi

165 2218 504 2275 conviciose
556 2215 915 2286 objiceretis,
959 2212 1125 2286 quod
1182 2212 1546 2276 sentiebatis,
1607 2211 1708 2266 sed
1753 2226 1822 2266 ex

163 2308 401 2380 obliquo
446 2303 905 2374 intelligendum
935 2301 1368 2374 relinqueretis.

228 2419 310 2470 lO.
340 2417 466 2469 Nec
491 2411 811 2467 molestum
849 2408 924 2463 sit
951 2405 1343 2474 vobis,utvos
1369 2405 1524 2462 velut
1540 2412 1827 2476 gravatos

162 2501 554 2570 arbitremini,
596 2499 742 2571 quia
767 2496 1096 2568 jurandum
1130 2497 1358 2568 putavi.
1411 2497 1612 2566 Neque
1661 2495 1821 2550 enim

161 2592 460 2663 gravabat
487 2587 827 2662 Apostolus,
861 2590 962 2642 aut
990 2601 1095 2641 eos
1128 2600 1342 2657 parum
1379 2583 1668 2654 diligebat
1695 2584 1825 2656 qui-

162 2683 266 2738 bus
290 2681 542 2738 dicebat
571 2694 582 2733 :
622 2679 760 2734 Non
786 2677 850 2731 in
894 2690 1157 2732 sermone
1187 2673 1556 2730 adulationis
1590 2673 1821 2742 fuimus

162 2773 318 2841 apud
343 2785 471 2835 vos,
504 2768 656 2824 sicut
681 2766 841 2822 scitis
867 2787 886 2835 ,-
916 2780 1014 2820 nec
1045 2765 1106 2819 in
1127 2762 1425 2819 occasione
1453 2763 1819 2831 cupiditatis,

164 2864 307 2918 Deus
342 2861 514 2916 testis
562 2863 642 2913 est
670 2856 716 2926 (Ι
746 2855 940 2911 Thess.
983 2869 1042 2920 ιι,
1073 2853 1149 2924 5).
1182 2851 1276 2907 Rei
1317 2851 1541 2924 quippe
1600 2859 1822 2924 apertae

164 2952 320 3023 ipsos
351 2955 540 3005 testes
565 2944 840 3001 adhibuit
873 2959 886 3010 ;
941 2942 1022 2998 rei
1051 2949 1248 2998 autem
1302 2941 1550 2997 occulta:
1615 2956 1822 3013 quem,

165 3040 269 3096 nisi
296 3041 498 3095 Deum
523 3039 552 3091 ?
571 3034 618 3089 si
643 3048 787 3103 ergo
817 3031 910 3088 ille
934 3032 1142 3087 merito
1167 3036 1252 3087 est
1276 3029 1495 3084 veritus
1518 3045 1589 3085 ne
1616 3030 1826 3086 huma-

164 3147 236 3185 na
264 3126 616 3201 ignorantia
655 3123 724 3178 de
751 3122 852 3177 illo
907 3120 1136 3192 aliquid
1185 3119 1298 3175 tale
1356 3119 1615 3184 sentiret,
1652 3119 1825 3189 cujus

167 3219 330 3275 labor
356 3216 645 3274 omnibus
671 3213 731 3267 in
762 3216 1046 3284 promptu
1074 3216 1220 3276 erat,
1252 3208 1416 3280 quod
1443 3208 1553 3262 nisi
1587 3223 1828 3264 summa

168 3308 521 3364 necessitate
551 3319 587 3360 a
618 3299 854 3375 populis
915 3299 1136 3372 quibus
1166 3298 1420 3368 gratiam
1462 3296 1671 3352 Christi
1701 3297 1824 3352 dis-

172 3395 488 3469 pensabat,
522 3393 581 3448 in
636 3406 779 3446 usus
809 3403 950 3444 suos
981 3386 1207 3458 aliquid
1240 3401 1361 3441 non
1393 3385 1687 3450 sumebat,
1722 3403 1829 3442 cm-

173 3494 285 3543 tera
314 3500 464 3540 vero
496 3497 606 3537 suo
632 3479 812 3536 victui
841 3476 1182 3533 necessaria
1204 3475 1326 3530 suis
1357 3475 1640 3530 manibus
1671 3481 1829 3531 tran-

172 3575 398 3646 sigebat
447 3575 716 3645 :quanto
757 3566 954 3638 magis
998 3565 1172 3621 nobis
1209 3565 1610 3621 laborandum
1642 3570 1734 3620 est
1767 3571 1829 3621 ut

169 3666 467 3728 credatur,
501 3660 603 3733 qui
636 3664 692 3714 et
724 3659 930 3713 merito
962 3655 1283 3710 sanctitatis
1314 3659 1370 3709 et
1398 3655 1608 3710 virtute
1641 3654 1826 3710 animi

171 3752 338 3823 longe
366 3753 635 3822 impares
667 3763 898 3811 sumus,
931 3760 1038 3800 nec
1064 3742 1290 3815 aliquid
1317 3743 1393 3798 ad
1425 3743 1828 3799 sustentacula

172 3845 342 3914 hujus
379 3841 514 3896 vitae
541 3835 776 3910 operari
804 3836 1020 3890 nostris
1065 3831 1348 3888 manibus
1375 3846 1735 3903 possumus;
1771 3838 1828 3888 et

174 3933 216 3986 si
266 3945 612 4004 possemus,
684 3925 860 3981 tantis
900 3920 1418 3993 occupationibus,
1479 3936 1634 3991 quas
1689 3926 1828 4019 tunc

175 4020 295 4076 illos
323 4033 450 4076 non
477 4017 656 4072 credo
678 4014 864 4070 fuisse
881 4025 1222 4084 perpessos,
1252 4024 1642 4081 nequaquam
1675 4014 1830 4064 sine-

174 4125 373 4165 remur
402 4107 431 4163 ?
481 4109 609 4162 Non
649 4118 791 4174 ergo
819 4100 1062 4157 ulterius
1118 4100 1179 4154 in
1205 4098 1315 4154 hac
1373 4114 1553 4154 causa
1605 4098 1830 4171 populo

175 4199 520 4262 christiano,
561 4209 697 4266 quae
726 4189 986 4248 Ecclesia
1018 4194 1106 4244 est
1137 4188 1257 4250 Dei.
1313 4187 1630 4258 objiciatur
1658 4203 1834 4260 pecu-

176 4289 281 4342 niae.
305 4284 695 4358 turpissimus
724 4280 1040 4354 appetitus.
1064 4277 1453 4334 Tolerabilius
1472 4277 1631 4333 enim
1660 4277 1833 4333 nobis

175 4375 474 4447 objicitur,
506 4373 566 4428 in
597 4387 748 4444 quos
770 4369 950 4441 hujus
976 4366 1415 4438 maliquamvis
1439 4366 1610 4433 falsa,
1637 4374 1836 4424 tamen

179 4463 518 4520 verisimilis
537 4460 800 4533 suspicio
831 4459 1043 4514 cadere
1077 4456 1284 4526 potuit,
1305 4472 1491 4527 quam
1523 4455 1654 4523 illis,
1683 4473 1836 4528 quos

176 4555 250 4610 ab
280 4555 400 4610 hoc
418 4552 686 4624 appetitu
714 4555 769 4605 et
790 4548 1129 4619 suspicione
1162 4551 1394 4601 constat
1424 4561 1552 4601 esse
1583 4544 1833 4603 alienos.

253 4667 336 4718 tt.
407 4664 706 4728 Denegare
738 4662 936 4712 autem
982 4653 1347 4725 jurationem
1401 4651 1666 4724 qualibet
1721 4653 1838 4710 ﬁde

180 4751 459 4824 praeditas
509 4754 758 4811 mentes,
799 4749 1030 4817 quanto
1073 4743 1271 4812 magis
1325 4741 1443 4796 fide
1488 4742 1832 4810 christiana,

180 4857 298 4897 non
329 4841 467 4895 dico
497 4835 727 4909 aliquid
749 4832 1110 4891 contrarium
1161 4831 1534 4896 confirmare,
1566 4831 1671 4886 sed
1711 4848 1837 4888 om-

180 4931 322 4987 nino
354 4929 629 4984 dubitare
651 4925 742 4981 fas
773 4939 890 4980 non
916 4931 1022 4978 est.
1056 4925 1131 4977 De
1152 4936 1277 4993 qua
1302 4936 1363 4975 re
1389 4919 1534 4991 quid
1563 4921 1833 4988 sentiam,

179 5020 342 5084 satis,
374 5021 438 5072 ut
490 5015 764 5079 arbitror,
806 5014 865 5068 in
913 5010 1163 5083 epistola
1215 5025 1398 5081 quam
1459 5007 1536 5063 ad
1593 5007 1836 5066 fratrem

182 5124 382 5164 meum
453 5102 686 5176 scripsi,
739 5101 1083 5174 plenissime
1121 5097 1350 5169 aperui.
1393 5093 1643 5168 Scripsit
1688 5098 1835 5154 mihi

182 5196 476 5252 Sanctitas
505 5200 604 5250 tua
636 5209 649 5248 :
690 5191 758 5247 Si
787 5197 892 5247 aut
945 5203 1048 5259 ego
1078 5193 1182 5244 aut
1261 5185 1665 5256 Hipponenses
1727 5186 1836 5246 hoc

182 5293 434 5352 censent,
471 5291 535 5339 ut
548 5279 955 5352 jurejurando
973 5277 1250 5334 violenter
1272 5291 1348 5333 ea:
1374 5283 1524 5332 torto
1558 5278 1834 5344 satisﬁat.

181 5377 265 5431 Tu
289 5377 447 5431 enim
474 5376 616 5446 ipsa
635 5370 779 5443 quid
811 5384 1020 5424 censes
1050 5367 1077 5423 ?
1107 5365 1376 5437 plaeetne
1409 5366 1530 5429 tibi,
1567 5371 1628 5420 ut
1657 5366 1837 5423 etiam

181 5471 334 5520 certa
375 5468 566 5521 morte
619 5459 988 5524 imminente,
1021 5455 1187 5529 quod
1239 5460 1380 5511 tunc
1412 5455 1670 5511 inaniter
1717 5471 1838 5511 me-

186 5557 476 5618 tuebatur,
502 5565 723 5607 nomen
757 5550 983 5604 Domini
1021 5547 1115 5602 Dei
1150 5547 1239 5600 sui
1269 5544 1328 5600 in
1361 5543 1658 5600 fallaciam
1689 5544 1840 5601 chri-

181 5648 411 5701 stianus
433 5648 731 5708 assumat,
753 5643 938 5695 Deum
963 5653 1139 5694 suum
1162 5641 1372 5691 testem
1395 5633 1631 5691 falsitati
1647 5635 1835 5691 chris-

3478 153 3585 210 482

1938 258 2134 316 tianus
2179 263 2458 323 adhibeat
2492 269 2520 325 7
2550 269 2654 335 Qui
2712 272 2974 343 profecto
3006 277 3053 331 si
3103 283 3313 347 praeter
3338 280 3587 351 juratio-

1937 363 2076 404 nem
2106 352 2183 406 ad
2213 353 2429 412 falsum
2460 359 2862 417 testimonium
2896 371 3081 420 morte
3113 368 3460 427 imminente
3493 388 3584 429 co-

1937 441 2196 502 geretur,
2233 439 2530 497 maculare
2563 444 2744 499 vitam
2792 463 2959 503 suam
2999 451 3193 521 magis
3249 455 3454 512 timere
3485 457 3586 513 de-

1935 520 2062 576 buit
2092 540 2277 594 quam
2308 527 2498 584 finire.
2529 533 2772 588 Hostiles
2819 534 2968 592 inter
2997 554 3056 594 se
3109 520 3270 596 acies
3295 548 3348 598 et
3388 561 3586 603 arma-

1937 614 2190 675 taa,certe
2211 616 2589 685 apertissima
2603 622 2808 677 mortis
2831 624 3578 702 intentationeconﬂigunt;

1935 705 1988 754 et
2031 705 2229 757 tamen
2280 720 2419 761 cum
2476 708 2728 764 invicem
2771 711 2977 782 jurant
3027 716 3347 775 laudamus
3405 721 3587 779 ﬁdem

1936 796 2264 858 servantes,
2306 794 2575 852 fallentes
2605 804 2804 855 autem
2842 805 3050 860 merito
3098 807 3480 866 detestamur.
3523 812 3589 869 Ut

1935 884 2131 935 autem
2160 882 2448 952 jurarent,
2481 888 2627 958 quid
2661 896 2923 963 utraeque
2967 895 3045 949 ab
3098 897 3410 966 alterutris,
3466 903 3582 959 nisi

1933 969 2124 1023 occidi
2161 971 2252 1026 vel
2282 975 2414 1046 capi
2469 977 2791 1036 timuerunt
2822 983 2849 1038 ‘2
2873 985 2953 1038 Ac
2985 1000 3091 1055 per
3120 987 3231 1042 hoc
3265 989 3352 1044 vel
3384 993 3585 1047 mortis

1933 1056 2021 1111 vel
2059 1060 2410 1130 captivitatis
2442 1069 2604 1120 metu
2635 1073 2874 1124 extorta:
2898 1073 3187 1143 jurationi
3232 1077 3344 1133 nisi
3375 1095 3588 1151 parea-

1934 1151 2046 1210 tur,
2078 1149 2190 1202 nisi
2223 1150 2370 1206 fides
2396 1169 2529 1224 quae
2561 1155 2641 1210 ibi
2678 1157 2820 1214 data
2851 1167 2941 1216 est
2989 1149 3390 1237 custodiatur,
3430 1185 3591 1241 sacri

1932 1235 2089 1305 legii,
2116 1239 2356 1309 perjurii
2396 1241 2643 1299 crimine
2694 1247 3048 1318 detinentur,
3098 1254 3275 1309 etiam
3311 1235 3454 1311 tales
3479 1235 3586 1312 ho:

1936 1325 2126 1378 mines
2149 1327 2252 1397 qui
2303 1331 2495 1399 magis
2532 1338 2798 1390 metuunt
2849 1338 3138 1408 pejerare,
3180 1358 3364 1412 quam
3395 1345 3586 1399 homi-

1935 1427 2072 1467 nem
2105 1416 2369 1472 occidere
2418 1441 2428 1471 :
2459 1426 2513 1475 et
2546 1437 2654 1476 nos
2687 1429 2884 1479 utrum
2931 1427 3238 1499 implenda
3287 1433 3358 1486 sit
3385 1439 3591 1490 exorta

1929 1501 2149 1571 juratio
2171 1521 2479 1564 servorum
2513 1509 2636 1576 Dei,
2671 1528 2915 1569 munere
2956 1519 3281 1574 sanctitatis
3326 1523 3593 1591 praeemi-

1937 1593 2227 1658 nentium,
2258 1599 2692 1654 monachorum
2727 1601 2803 1656 ad
2830 1603 3251 1674 perfectionem
3273 1611 3590 1667 mandato-

1936 1693 2067 1733 rum
2120 1681 2327 1738 Christi
2385 1700 2585 1742 rerum
2649 1690 2826 1744 etiam
2887 1707 3130 1748 suarum
3178 1696 3592 1756 distributione

1936 1771 2324 1842 currentium,
2383 1776 2558 1846 quasi
2619 1776 3009 1851 disceptaturi
3064 1787 3346 1856 ponimus
3396 1803 3592 1859 quaes-

1936 1859 2180 1914 tionem.

2030 1965 2116 2020 12.
2152 1968 2295 2022 Nam
2325 1969 2469 2039 quid
2520 1971 2723 2038 exsilii,
2759 1974 2846 2029 vel
2873 1975 3325 2048 deportationis,
3361 1988 3464 2039 aut
3494 1999 3593 2039 re-

1938 2051 2251 2122 legationis
2293 2058 2550 2123 nomine,
2607 2063 2901 2130 promissa
2935 2065 3032 2122 illa
3080 2072 3397 2137 praesentia
3437 2088 3588 2143 pras-

1940 2149 2243 2212 gravatur,
2297 2145 2549 2202 obsecro
2603 2155 2655 2203 te
2706 2147 2900 2207 ?Puto
2954 2157 3117 2225 quod
3159 2160 3588 2232 presbyterium

1941 2246 2061 2288 non
2089 2238 2174 2288 est
2205 2233 2499 2290 exsilium.
2533 2238 2651 2292 Hoc
2691 2255 2832 2308 ergo
2863 2248 3062 2298 noster
3104 2245 3366 2317 eligeret,
3394 2266 3585 2321 quam

1941 2322 2085 2378 illud
2117 2323 2390 2379 exsilium
2416 2324 2444 2380 ?
2490 2325 2653 2381 Absit
2687 2343 2723 2381 a
2753 2329 2946 2394 nobis,
2997 2337 3058 2387 ut
3089 2334 3171 2389 sic
3203 2341 3447 2393 sanctus
3481 2339 3592 2394 Dei

1943 2418 1998 2468 et
2027 2412 2203 2468 nobis
2232 2412 2617 2469 charissimus
2670 2415 3026 2475 defendatur
3059 2437 3072 2477 :
3129 2424 3304 2490 absit,
3334 2425 3586 2500 inquam

1943 2511 2007 2563 nt
2032 2503 2266 2558 dicatur
2291 2502 2571 2558 maluisse
2597 2506 2874 2562 exsilium
2905 2525 3090 2581 quam
3123 2513 3590 2586 presbyterium,

1934 2600 2037 2652 aut
2069 2592 2356 2650 maluisse
2384 2593 2708 2664 periurium
2728 2611 2914 2667 quam
2937 2601 3229 2658 exsilium.
3265 2603 3399 2659 Haec
3426 2605 3594 2660 dice-

1932 2700 2080 2750 rem,
2120 2685 2168 2738 si
2191 2697 2325 2737 vere
2357 2697 2393 2738 a
2419 2683 2609 2747 nobis,
2636 2691 2737 2740 aut
2763 2702 2799 2741 a
2827 2689 3051 2757 papulo
3071 2690 3292 2761 juratio
3315 2693 3368 2748 ei
3387 2694 3588 2752 fuisset

1934 2778 2163 2830 extorta
2194 2772 2607 2843 promittendae
2637 2778 2969 2844 praesentiae
3003 2794 3016 2843 ;
3067 2796 3228 2837 nunc
3261 2798 3398 2838 vero
3462 2799 3585 2840 non

1934 2864 2164 2917 extorta
2193 2864 2279 2916 est
2308 2859 2453 2914 dum
2483 2869 2818 2930 negaretur,
2848 2866 2952 2920 sed
2979 2866 3124 2923 dum
3151 2868 3454 2927 oﬂerretur
3480 2889 3591 2928 ac-

1933 2957 2124 3022 cepta.
2161 2951 2226 3003 Et
2249 2947 2362 3002 hoc
2380 2965 2451 3004 ea
2468 2965 2592 3020 spe,
2626 2951 2775 3006 sicut
2801 2969 2988 3024 supra
3013 2956 3294 3023 diximus,
3323 2961 3464 3032 quia
3482 2977 3589 3033 per

1933 3038 2096 3094 illam
2136 3036 2519 3109 praesentiam
2549 3037 2839 3094 creditum
2866 3047 2972 3107 est,
2997 3059 3134 3098 eum
3162 3046 3340 3101 etiam
3373 3048 3449 3103 ad
3473 3049 3592 3104 cle-

1934 3128 2187 3183 ricatum
2219 3124 2672 3196 suscipiendum
2720 3144 2897 3200 posse
2946 3131 3420 3190 desiderantibus
3451 3152 3591 3193 con-

1937 3217 2173 3272 sentire.
2207 3218 2506 3270 Postremo
2532 3217 2843 3288 quodlibet
2866 3220 2940 3274 de
2967 3221 3141 3278 nobis
3161 3223 3250 3278 vel
3271 3224 3345 3280 de
3376 3226 3591 3299 Hippo-

1937 3304 2223 3361 nensibus
2255 3303 2562 3372 sentiatur,
2589 3303 2764 3376 longe
2796 3307 2911 3364 alia
2938 3316 3024 3366 est
3045 3327 3251 3368 eorum
3275 3330 3460 3371 causa
3481 3317 3590 3388 qui

1937 3395 2237 3465 coegerint
2259 3393 2478 3464 jurare,
2513 3410 2694 3466 quam
2729 3411 2937 3455 eorum
2968 3402 3092 3472 qui,
3117 3418 3238 3458 non
3272 3404 3406 3460 dico
3456 3412 3598 3462 coe-'

1936 3484 2146 3556 gerint,
2164 3482 2266 3538 sed
2291 3483 2587 3540 suaserint
2603 3485 3026 3560 pejerare.lpse
3038 3492 3213 3548 etiam
3228 3493 3302 3550 de
3320 3509 3442 3567 quo
3465 3495 3588 3565 agi-

1937 3578 2049 3642 tur,
2084 3571 2460 3627 considerare
2489 3587 2606 3627 non
2666 3581 2895 3645 renuat,
2926 3583 3124 3635 utrum
3151 3582 3223 3636 sit
3251 3587 3443 3653 pejus,
3475 3584 3589 3641 sub

1936 3661 2200 3734 quolibet
2250 3661 2461 3716 timore
2525 3662 2972 3732 jusjurandum,
3030 3684 3107 3724 an
3169 3677 3400 3729 remoto
3454 3673 3587 3747 ipso

1937 3750 2149 3808 timore
2181 3750 2302 3820 perj
2315 3749 2530 3803 urium.

2019 3861 2074 3912 I3
2089 3900 2102 3913 .
2132 3857 2250 3911 Deo
2268 3855 2508 3924 gratias,
2533 3856 2677 3928 quia
2697 3873 2818 3914 non
2841 3859 3010 3917 aliter
3032 3864 3443 3936 Hipponenses
3456 3884 3598 3940 pro-

1941 3947 2190 4002 missum
2222 3944 2378 4000 circa
2423 3961 2480 4000 se
2516 3945 2748 4018 impleri
2814 3950 3092 4017 sentiunt,
3126 3971 3311 4026 quam
3343 3961 3404 4012 ut
3435 3957 3595 4014 adsit

1939 4035 2245 4091 voluntate
2260 4033 2590 4103 habitandi,
2619 4040 2675 4091 et
2706 4043 2801 4094 eat
2831 4053 2952 4110 quo
2976 4057 3223 4099 necesse
3250 4043 3426 4102 fuerit
3454 4063 3594 4103 cum

1941 4122 2328 4195 dispositione
2343 4122 2646 4180 redeundi.
2664 4127 2810 4182 Nam
2826 4128 2873 4182 si
2890 4129 3070 4187 verba
3079 4131 3394 4202 jurationis
3412 4141 3596 4192 atten-

1943 4211 2149 4267 derent
2188 4216 2244 4266 et
2297 4211 2620 4282 exigerent,
2661 4218 2784 4271 tam
2816 4217 2978 4273 nullo
3012 4221 3192 4277 modo
3241 4240 3447 4280 servus
3489 4225 3596 4281 Dei

1945 4300 2235 4359 recedere,
2251 4316 2434 4372 quam
2449 4300 2567 4357 ullo
2591 4303 2772 4359 modo
2785 4305 2987 4362 debuit
3006 4311 3292 4381 pejerare.
3322 4313 3429 4368 Sed
3447 4314 3596 4384 quia

1946 4390 2168 4446 crimen
2185 4405 2380 4444 eorum
2397 4396 2694 4455 esset,non
2708 4393 2842 4449 dico
2859 4395 3032 4452 talem
3050 4400 3370 4468 virum,sed
3385 4417 3595 4472 quem-

1947 4479 2088 4534 libet
2113 4479 2418 4534 hominem
2449 4479 2531 4534 sic
2559 4485 2783 4548 tenere;
2816 4499 2922 4539 nec
2953 4485 3065 4556 ipsi
3094 4488 3272 4544 aliam
3291 4496 3598 4561 exspecta-

1948 4571 2169 4626 tionem
2184 4585 2243 4623 se
2256 4567 2541 4624 habuisse
2555 4571 2978 4640 probaverunt,
2992 4577 3094 4648 qui
3109 4577 3415 4634 audientes
3432 4581 3598 4653 quod

1947 4657 2244 4713 rediturus
2271 4656 2626 4714 abscesserit
2655 4661 2931 4728 gratulati
2963 4671 3119 4732 sunt,
3155 4682 3261 4722 nec
3292 4668 3450 4725 aliud
3477 4670 3592 4726 illis

1947 4761 2125 4802 verax
2147 4745 2367 4816 juratio
2397 4745 2592 4811 debet,
2625 4763 2809 4819 quam
2841 4752 2896 4806 id
2929 4754 3094 4824 quod
3121 4756 3199 4812 ab
3226 4756 3325 4813 illa
3355 4775 3596 4831 exspec-

1949 4839 2244 4890 taverunt.
2273 4835 2424 4900 Quid
2455 4840 2763 4893 estautem
2795 4842 2960 4912 quod
2981 4843 3209 4909 dicitur,
3265 4862 3405 4903 eum
3431 4849 3594 4919 jura-

1948 4923 2106 4979 tione
2120 4939 2216 4978 ore
2231 4939 2338 4979 suo
2351 4939 2655 4996 expressa,
2672 4931 3083 5002 exceptionem
3113 4935 3318 4993 fecisse
3341 4939 3599 4995 necessia

1949 5013 2118 5070 tatis?
2142 5014 2453 5079 Quasinon
2467 5030 2569 5071 ore
2591 5017 2826 5074 suohoc
2839 5035 3076 5077 rursum
3094 5024 3596 5094 jusseritauferri.

1949 5106 2114 5159 Certe
2143 5103 2221 5158 ad
2278 5103 2563 5174 populum
2605 5107 2853 5178 quando
2884 5109 3012 5181 ipse
3042 5111 3273 5167 locutus
3311 5117 3416 5177 est,
3451 5118 3594 5171 tunc

1947 5193 2124 5248 etiam
2150 5192 2575 5263 interponeret:
2625 5197 2789 5267 quod
2838 5198 2887 5252 si
2934 5198 3186 5266 fecisset,
3221 5216 3338 5257 non
3390 5202 3597 5276 utique

1947 5281 2425 5351 responderetur,
2461 5282 2579 5338 Deo
2593 5284 2814 5352 gratias
2831 5303 2848 5356 ς
2884 5286 2985 5341 sed
3018 5287 3275 5345 adillam
3305 5290 3598 5347 rediretur

1944 5368 2429 5425 reclamationem
2463 5386 2598 5442 quas
2624 5371 2778 5428 facta
2809 5372 3016 5440 fuerat,
3045 5377 3291 5447 quando
3311 5380 3393 5435 sic
3415 5396 3448 5434 a
3471 5379 3599 5437 dia.

1946 5472 2099 5513 cono
2123 5459 2433 5515 recitatum
2478 5464 2585 5514 est.
2634 5463 2697 5516 Et
2721 5463 3022 5534 numquid
3052 5464 3130 5520 ad
3159 5482 3286 5523 rem
3319 5470 3593 5540 pertinet,

1945 5541 2066 5602 sive
2140 5545 2485 5620 interposita
2526 5548 2599 5604 sit
2654 5551 2734 5606 ad
2766 5554 3168 5612 recedendum
3225 5560 3593 5616 necessitatis

1944 5639 2267 5702 excusatio,
2300 5638 2424 5696 sive
2448 5653 2572 5696 non
2596 5640 2671 5698 sit
2696 5639 2724 5698 ‘i
2748 5642 2902 5699 Nihil
2931 5644 3011 5702 ab
3037 5645 3136 5704 illo
3157 5648 3321 5707 aliud
3348 5664 3590 5722 exspec-
