4074 6164
493 145 600 199 487

564 275 617 327 8.
648 245 887 326 Possem
920 265 1094 321 etiam
1119 276 1225 332 pro
1257 256 1501 314 modulo
1544 271 1680 311 meo
1708 255 1953 310 eosdem
1983 255 2142 325 ipsos

492 361 850 434 pertinentes
888 355 962 410 ad
999 353 1305 406 dexteram
1344 360 1715 417 regnumque
1750 343 2036 400 cmlorum
2082 341 2141 396 in

492 451 613 505 suis
640 445 925 517 gradibus
956 439 1297 509 meritisque
1327 437 1709 504 distinguere,
1744 440 1921 504 atque
1952 436 2142 486 osten-

491 539 630 594 dere
647 551 764 607 quo
786 531 1015 588 differat
1040 529 1156 584 vita
1181 524 1512 596 conjugalis
1535 524 1684 578 ﬁlios
1703 521 2142 594 procreantium

490 632 730 699 patrum
764 628 1145 688 matrumque
1169 614 1447 677 familias,
1472 617 1882 668 verumtamen
1904 609 2142 678 religio-

491 730 695 770 sorum
727 728 796 766 ac
827 712 1084 782 piorum,
1128 707 1204 761 ab
1234 721 1305 759 ea
1337 705 1455 759 vita
1483 704 1498 737 ί
1533 717 1719 773 quam
1759 716 1862 755 vos
1897 703 2012 754 Deo
2043 715 2142 753 vo-

488 803 677 866 vistis,
731 801 778 854 si
832 813 992 854 nunc
1041 796 1117 851 ad
1168 810 1298 849 eam
1355 791 1685 846 vovendam
1729 788 2139 844 exhortandus

489 909 652 949 esses
684 910 697 959 ;
731 889 834 944 sed
874 886 1018 958 quia
1053 886 1177 955 jam
1214 881 1443 946 vovisti,
1473 880 1600 950 jam
1652 884 1704 932 te
1751 876 2135 941 obstrinxisti,

489 983 651 1039 aliud
686 979 792 1034 tibi
824 978 1013 1032 facere
1064 989 1183 1028 non
1225 972 1380 1025 licet.
1417 973 1765 1040 Priusquam
1813 982 1979 1020 esses
2021 967 2138 1021 voti

489 1089 649 1134 reus,
679 1068 932 1124 liberum
960 1064 1065 1118 fuit
1084 1077 1204 1133 quo
1226 1075 1384 1114 esses
1415 1057 1653 1112 inferior
1679 1073 1693 1120 ;
1723 1055 2000 1127 quamvis
2018 1070 2137 1108 non

487 1163 562 1216 sit
593 1154 948 1230 gratulanda
997 1152 1240 1207 libertas
1285 1165 1406 1220 qua
1448 1146 1510 1202 ﬁt
1569 1152 1631 1199 ut
1681 1160 1800 1198 non
1851 1143 2138 1198 debeatur

485 1248 650 1322 quod
685 1263 822 1301 cum
857 1243 1021 1297 lucro
1057 1239 1338 1294 redditur.
1374 1239 1538 1291 Nunc
1572 1249 1708 1288 vero
1739 1233 1884 1304 quia
1910 1237 2138 1287 tenetur

483 1320 648 1409 apud
682 1339 864 1392 Deum
898 1330 1142 1401 sponsio
1171 1334 1292 1390 tua,
1320 1340 1441 1380 non
1469 1331 1520 1378 te
1551 1323 1626 1377 ad
1658 1337 1945 1390 magnam
1969 1320 2136 1390 justi-

487 1429 627 1484 tiam
669 1424 871 1486 invito,
907 1419 1012 1474 sed
1039 1436 1074 1474 a
1103 1432 1324 1486 magna
1351 1414 1656 1485 iniquitate
1690 1411 1978 1465 deterreo.
2008 1410 2134 1464 Non

485 1518 645 1571 enim
680 1513 809 1568 talis
831 1511 967 1568 eris.
1012 1509 1059 1562 si
1086 1522 1205 1562 non
1235 1504 1437 1559 feceris
1478 1501 1640 1572 quod
1670 1498 1896 1562 vovisti,
1941 1498 2133 1569 qualis

486 1604 835 1665 mansisses,
868 1601 916 1652 si
949 1596 1093 1651 nihil
1122 1595 1235 1650 tale
1263 1593 1543 1647 vovisses.
1577 1591 1765 1644 Minor
1796 1588 1955 1642 enim
1999 1594 2133 1641 tunc

485 1708 669 1756 esses,
698 1706 817 1745 non
847 1687 1013 1759 pejor
1042 1701 1053 1739 ε
1090 1683 1270 1738 modo
1297 1687 1494 1736 autem
1530 1684 1712 1741 tanto,
1747 1676 1909 1748 quod
1941 1674 2128 1730 absitl

482 1771 779 1844 miserior,
813 1778 860 1832 si
888 1775 1066 1830 fidem
1105 1777 1219 1827 Deo
1250 1768 1514 1839 fregeris,
1543 1772 1768 1838 quanto
1799 1765 2049 1828 beatior,
2083 1763 2132 1818 si

483 1868 860 1944 persolveris.
915 1868 1028 1920 Nec
1086 1862 1219 1915 ideo
1269 1865 1322 1915 te
1375 1858 1604 1913 vovisse
1657 1855 1960 1927 paeniteat,
2011 1854 2132 1907 imo

482 1960 677 2032 gaude
697 1958 823 2029 jam
849 1954 948 2010 tibi
974 1967 1094 2007 non
1112 1951 1283 2005 licere
1300 1947 1464 2020 quod
1485 1962 1623 2000 cum
1650 1951 1752 2000 tuo
1778 1944 2132 2000 detrimento

479 2051 757 2107 licuisset.
793 2044 1126 2114 Aggredere
1156 2041 1352 2109 itaque
1378 2035 1731 2106 intrepidus,
1764 2038 1819 2088 et
1849 2033 2007 2087 dicta
2029 2032 2133 2086 im-

482 2140 576 2210 ple
606 2136 776 2192 factis
809 2153 823 2200 ;
867 2135 994 2204 ipse
1040 2127 1370 2199 adjuvabit,
1426 2125 1529 2197 qui
1575 2129 1711 2178 vota
1749 2129 1851 2176 tua
1889 2122 2128 2193 expetit.

483 2227 639 2283 Felix
681 2230 768 2280 est
800 2219 1118 2277 necessitas
1139 2233 1273 2290 qua;
1305 2218 1363 2270 in
1389 2214 1634 2270 meliora
1663 2211 1983 2283 compellit.

547 2318 603 2371 9.
636 2317 762 2370 Una
790 2311 915 2367 sola
944 2325 1072 2364 esse
1098 2322 1284 2362 causa
1311 2309 1530 2375 posset,
1559 2317 1681 2372 qua
1707 2307 1760 2356 te
1792 2301 1847 2355 id
1879 2315 2001 2372 quo
2027 2316 2131 2357 vo-

479 2403 633 2471 visti,
676 2418 794 2456 non
844 2398 1036 2453 solum
1083 2410 1201 2450 non
1246 2394 1641 2456 hortaremur,
1693 2405 1900 2443 verum
1948 2391 2128 2445 etiam

477 2492 932 2564 prohiberemus
965 2484 1231 2554 implere,
1261 2482 1307 2535 si
1341 2482 1487 2535 forte
1521 2486 1621 2533 tua
1651 2481 1780 2548 conj
1796 2495 1870 2532 ux
1901 2481 2014 2534 hoc
2047 2487 2130 2534 te-

477 2597 616 2636 cum
655 2579 954 2648 suscipere
988 2573 1168 2628 animi
1206 2587 1310 2624 seu
1350 2569 1544 2624 carnis
1578 2566 1920 2622 infirmitate
1964 2583 2130 2622 recu-

477 2676 654 2725 saret.
681 2670 829 2722 Nam
851 2669 907 2719 et
937 2661 1204 2717 vovenda
1231 2658 1369 2714 talia
1402 2673 1519 2711 non
1548 2662 1679 2711 sunt
1704 2672 1739 2711 a
1769 2657 2126 2728 conjugatis,

475 2759 590 2814 nisi
621 2774 692 2812 ex
717 2769 1018 2810 consensu
1038 2759 1093 2806 et
1115 2749 1417 2805 voluntate
1447 2746 1752 2802 communi
1779 2762 1791 2800 :
1818 2751 1874 2801 et
1905 2748 1952 2800 si
1982 2762 2128 2817 prae-

475 2863 724 2920 propere
754 2845 974 2900 factum
1007 2841 1198 2904 fuerit,
1236 2837 1427 2906 magis
1449 2841 1536 2891 est
1565 2835 1916 2905 corrigenda
1948 2841 2127 2890 teme-

472 2939 616 2994 ritas
666 2950 850 3008 quam
896 2929 1293 3004 persolvenda
1343 2925 1679 2997 promissio.
1726 2927 1925 2995 Neque
1963 2925 2123 2980 enim

473 3030 627 3082 Deus
672 3024 870 3093 exigit,
908 3021 958 3076 si
987 3021 1122 3092 quis
1153 3033 1225 3073 ex
1252 3016 1445 3071 alieno
1472 3013 1700 3084 aliquid
1735 3015 1976 3079 voverit,
2020 3014 2124 3069 sed

469 3116 666 3189 potius
712 3126 1000 3182 usurpare
1047 3111 1201 3162 vetat
1232 3106 1511 3160 alienum.
1559 3104 1764 3158 Divina
1793 3103 2017 3174 quippe
2049 3103 2123 3157 de

464 3203 580 3261 hac
610 3219 672 3259 re
699 3219 802 3274 per
831 3198 1175 3271 Apostolum
1208 3200 1300 3249 est
1329 3193 1560 3264 prolata
1587 3193 1878 3247 sententia
1913 3211 1925 3250 :
1962 3193 2126 3248 Uxor

466 3310 584 3350 non
619 3293 792 3348 habet
830 3293 1173 3357 potestatem
1206 3284 1470 3352 corporis
1519 3282 1632 3346 sui,
1665 3282 1768 3336 sed
1801 3280 1935 3344 vir;
1966 3282 2124 3337 simi-

469 3372 604 3438 liter
628 3387 682 3437 et
714 3381 807 3435 vir
836 3393 954 3432 non
987 3375 1160 3430 habet
1196 3377 1538 3441 potestatem
1574 3370 1839 3438 corporis
1869 3371 1981 3437 sui,
2020 3371 2121 3426 sed

465 3470 679 3527 mulier
700 3487 719 3523 :
750 3482 959 3522 sexum
990 3462 1234 3518 nomine
1273 3461 1537 3530 corporis
1571 3459 1956 3530 nuncupavit.
2007 3460 2120 3515 Sed

467 3575 605 3614 cum
648 3558 808 3612 illam
839 3560 959 3610 tam
994 3559 1267 3625 paratam
1312 3564 1442 3604 esse
1488 3549 1734 3603 audiam
1775 3549 1893 3602 Deo
1923 3549 2120 3603 dicare

466 3646 916 3709 continentiam,
940 3649 1000 3698 ut
1025 3657 1094 3697 eo
1118 3641 1246 3695 solo
1263 3638 1646 3710 impediatur,
1675 3637 1723 3691 si
1747 3637 1827 3691 ibi
1847 3637 2120 3693 debitum

467 3737 712 3793 reddere
762 3730 1060 3804 conjugali
1105 3733 1236 3801 jure
1289 3726 1665 3798 compellitur
1705 3742 1717 3791 ;
1770 3727 1952 3781 ambo
2004 3730 2119 3782 Deo

464 3828 692 3883 reddite
712 3825 877 3898 quod
901 3823 1080 3877 ambo
1100 3819 1354 3882 vovistis,
1385 3824 1442 3872 ut
1469 3816 1544 3872 illi
1566 3817 1935 3887 persolvatur
1953 3816 2119 3888 quod

465 3917 544 3973 ab
575 3917 853 3972 alterutro
885 3927 1006 3967 non
1037 3909 1289 3980 exigitis.
1329 3908 1384 3964 Si
1415 3905 1778 3961 continentia
1808 3905 1984 3960 virtus
2010 3911 2116 3970 est,

464 4006 632 4060 sicuti
665 4010 770 4068 est,
803 4017 907 4057 cur
946 4000 1024 4055 ad
1072 4015 1204 4053 eam
1254 3998 1331 4052 sit
1371 3995 1704 4066 promptior
1748 4010 1922 4049 sexus
1954 3993 2120 4049 inﬁr-

463 4095 636 4158 mior,
661 4107 799 4147 cum
822 4091 1007 4144 virtus
1037 4102 1072 4141 a
1095 4088 1215 4141 viro
1245 4085 1440 4156 potius
1467 4082 1891 4153 cognominata
1921 4083 2117 4137 videa-

463 4190 576 4243 tur,
614 4181 766 4236 sicut
797 4176 1125 4233 similitudo
1173 4173 1448 4230 vocabuli
1482 4173 1774 4227 resonat?
1816 4172 1941 4228 Noli
1973 4187 2114 4242 ergo

461 4275 551 4327 vir
590 4270 910 4326 abhorrere
953 4283 986 4322 a
1037 4266 1239 4319 virtute
1281 4278 1470 4335 quam
1523 4261 1729 4316 mulier
1768 4269 1858 4316 est
1905 4266 2115 4332 parata

461 4361 785 4431 suscipere.
817 4359 898 4413 Sit
937 4361 1130 4410 vester
1159 4367 1484 4408 consensus
1522 4351 1748 4406 oblatio
1780 4351 1859 4405 ad
1905 4366 2115 4422 super-

460 4467 608 4506 num
626 4449 808 4504 altare
830 4445 1141 4508 Creatoris,
1161 4449 1214 4498 et
1242 4444 1394 4497 victa
1415 4440 1918 4510 concupiscentia,
1953 4447 2114 4495 tanta

460 4541 669 4595 fortius
714 4543 939 4610 quanto
970 4534 1227 4589 sanctius
1261 4530 1559 4586 vinculum
1602 4531 1926 4585 charitatis.
1962 4532 2115 4585 Gau-

459 4631 710 4684 deamus
741 4627 814 4680 de
841 4625 1011 4680 vobis
1041 4624 1098 4678 in
1144 4620 1476 4677 abundanti
1517 4620 1707 4689 gratia
1750 4619 1981 4689 Christi,
2011 4620 2115 4674 do-

460 4719 605 4775 mini
651 4715 852 4771 eximii
894 4713 1222 4783 meritoque
1255 4709 1632 4766 honorabiles
1670 4713 1726 4764 et
1752 4708 2112 4766 desiderabi-

455 4808 543 4866 les
577 4807 698 4862 lilii.

889 4890 1217 4946 EPISTOLA
1249 4887 1499 4944 CXXVIII
1535 4888 1673 4959 '(a).

456 4984 807 5046 Marcellini
836 4982 1022 5038 edicto
1078 4977 1413 5034 collationis
1465 4977 1629 5046 apud
1683 4977 2107 5047 Carthaginem

530 5075 813 5132 habenda:
859 5070 1220 5127 conditiones
1247 5067 1658 5135 praescribenti
1687 5066 2022 5122 consentire
2047 5081 2107 5123 se

523 5168 888 5235 proﬁtentur
917 5157 1174 5229 episcopi
1216 5155 1540 5224 catholici;
1587 5156 1651 5210 id
1707 5155 1883 5211 etiam
1943 5157 2109 5212 ultro

519 5328 529 5354 ¹
565 5326 685 5375 Bad.
720 5327 840 5376 Am,
879 5322 962 5370 Er.
1000 5323 1051 5369 et
1079 5319 1209 5372 Mss.
1241 5320 1489 5376 quatuor,
1520 5331 1551 5363 a
1577 5314 1725 5364 beata
1758 5316 1887 5368 vita.

517 5390 532 5406 ’
565 5389 746 5450 Epistt.
776 5383 1100 5450 CXXYlIl-et
1122 5379 1319 5450 CXXIX
1350 5381 1451 5428 huc
1478 5379 1748 5450 translatio
1775 5381 1901 5450 sunt.
1926 5392 1988 5427 ex
2019 5379 2110 5450 Ac;

453 5452 518 5520 tis
570 5441 868 5520 collationis
895 5446 1387 5520 Carthaginensis‘:
1441 5442 1540 5520 nisi
1577 5441 1719 5504 quod
1759 5443 1902 5503 prior
1938 5445 2110 5491 exstat

452 5505 697 5578 étiamin
722 5511 856 5578 libro
877 5505 1144 5578 do_Gesti£1
1166 5521 1289 5578 cum
1327 5505 1576 5578 Emerito.

517 5581 585 5644 ia)
608 5572 831 5644 [Adscita
850 5583 918 5644 ex
935 5570 1090 5644 Tom.
1118 5571 1167 5627 7,
1188 5585 1240 5632 p.
1264 5571 1287 5616 1
1313 5587 1323 5618 :
1354 5582 1474 5632 qua:
1499 5568 1787 5644 auteranS
1809 5571 1938 5626 erat,
1966 5581 2112 5618 nunc

455 5638 570 5705 us.
607 5633 812 5693 Scripta
843 5643 938 5683 an.
972 5631 1095 5680 Im.

1764 127 1824 184 s.
1867 119 2254 184 AUGUSTINI
2294 117 2620 182 EPISCOPI
3745 113 3834 198 iss

2318 250 2685 320 pollicentes,
2739 258 2859 306 non
2896 244 3304 320 postulatum:
3351 258 3413 310 ut
3455 256 3559 311 sibi
3607 269 3839 319 servetur

2320 341 2690 409 episcopatus
2709 340 2758 394 si
2784 340 2926 396 victi
2940 341 3194 410 fuerint,
3218 357 3340 396 cum
3372 346 3555 401 tamen
3583 350 3746 405 velint
3769 354 3842 408 di-

2319 429 2605 500 gnitatem
2646 430 2960 485 donatistis
2988 429 3271 499 episcopis
3316 432 3484 489 etiam
3514 435 3666 493 victis
3701 455 3842 498 suam

2319 522 2528 592 cuique
2549 519 2841 590 integram
2864 533 3117 575 manere.

2249 609 2589 664 Honorabili
2630 625 2698 664 ac
2729 608 3116 663 dilectissimo
3147 608 3286 673 ﬁlio,
3319 609 3442 665 viro
3471 611 3767 672 clarissimo
3800 625 3845 675 et

2320 698 2624 768 spectabili
2653 698 2891 753 tribuno
2931 703 2987 751 et
3021 697 3270 762 notario,
3306 701 3659 767 MARCELLINO,
3704 707 3845 760 Avas-

2320 803 2460 850 LlUS,
2499 789 2790 850 SILVANUS,
2825 794 2878 842 et
2907 786 3162 842 universi
3202 786 3463 859 epis00pi
3489 790 3755 848 catholici.

2316 897 2368 951 1.
2399 893 2478 964 (α)
2506 895 2706 948 Edicto
2739 892 3198 962 Spectabilitatis
3223 897 3357 963 tuae,
3389 909 3506 965 quo
3527 903 3725 954 nostrae
3752 902 3846 957 col-

2244 982 2480 1038 lationis
2517 981 2920 1054 tranquillitati
2949 981 3251 1053 quietique
3291 985 3613 1053 servandae,
3652 992 3702 1042 et
3727 992 3847 1044 veri-

2244 1072 2351 1127 tati
2401 1070 2854 1126 manifestandaa
2894 1070 3358 1142 muniendaeque
3397 1074 3714 1130 consultum
3755 1083 3846 1146 est,

2243 1161 2298 1216 in
2329 1159 2611 1216 omnibus
2634 1175 2744 1215 nos
2773 1159 3126 1225 consentire,
3161 1159 3311 1213 sicut
3337 1159 3644 1217 admonere
3672 1163 3850 1235 digna-

2245 1256 2338 1305 tus
2377 1266 2459 1313 es,
2511 1265 2615 1320 per
2651 1249 2763 1303 has
2807 1247 3024 1303 litteras
3069 1247 3416 1303 intimamus
3450 1265 3462 1314 ;
3504 1250 3610 1305 hoc
3651 1258 3746 1317 est,
3789 1254 3850 1309 de

2243 1339 2374 1395 loco
2404 1344 2460 1394 et
2504 1345 2766 1408 tempore
2807 1337 2992 1408 ipsius
3037 1337 3393 1402 collationis,
3437 1343 3489 1393 et
3539 1338 3602 1393 de
3632 1356 3851 1397 numero

2242 1445 2449 1484 eorum
2466 1443 2618 1499 quos
2641 1432 2965 1498 praesentes
2984 1442 3111 1480 esse
3133 1425 3448 1497 oportebit.
3479 1429 3852 1486 Consentimus

2240 1518 2416 1572 etiam
2449 1522 2510 1571 ut
2529 1516 2589 1570 hi
2617 1515 2834 1584 quibus
2857 1515 3201 1569 conferendi
3231 1515 3574 1584 delegamus
3599 1517 3851 1584 ofﬁcium,

2241 1605 2629 1660 subscribant
2644 1602 3161 1674 prosecutionibus
3180 1603 3301 1657 suis
3317 1609 3517 1676 :inque
3535 1605 3626 1660 illo
3644 1608 3851 1679 scripto,

2239 1710 2360 1766 quo
2383 1695 2465 1748 eis
2495 1694 2608 1748 hoc
2635 1708 2853 1747 munus
2887 1692 3276 1762 imponimus,
3303 1699 3614 1765 ratumque
3645 1711 3745 1749 nos
3769 1695 3855 1751 ha-

2238 1782 2468 1838 bituros
2491 1782 2650 1853 quod
2665 1782 2888 1852 egerint
2905 1780 3272 1851 pollicemur,
3291 1781 3740 1854 subscriptiones
3752 1800 3855 1839 om-

2239 1874 2401 1927 nium
2454 1878 2723 1926 nostrum
2779 1885 2899 1924 non
2933 1869 3128 1925 solum
3168 1870 3394 1926 habeas
3427 1870 3625 1937 factas,
3676 1889 3853 1928 verum

2239 1961 2415 2016 etiam
2447 1976 2586 2014 cum
2613 1958 2764 2013 ﬁunt
2794 1959 2919 2028 ipse
2953 1959 3279 2028 perspicias
3311 1974 3323 2022 ;
3353 1958 3706 2014 admonituri
3734 1976 3856 2032 quo-

2238 2066 2374 2122 que,
2403 2049 2654 2103 Domino
2685 2047 3033 2117 adjuvante,
3068 2046 3359 2118 populum
3387 2047 3775 2118 christianum,
3807 2056 3856 2104 ut

2238 2156 2274 2195 a
2298 2138 2627 2194 collationis
2653 2138 2806 2199 loco,
2839 2135 3057 2207 quietis
3107 2140 3163 2190 et
3211 2137 3646 2208 tranquillitatis
3675 2139 3852 2207 gratia,

2238 2244 2410 2283 suum
2426 2227 2714 2282 abstineat
2733 2225 2976 2279 omnino
2993 2229 3376 2290 conventum,
3396 2229 3454 2280 et
3470 2241 3538 2281 ea
3553 2242 3679 2298 quae
3701 2241 3858 2296 agun-

2238 2321 2350 2381 tur,
2402 2331 2522 2371 non
2554 2332 2688 2370 cum
2717 2321 2995 2384 aguntur,
3027 2312 3231 2368 audire
3273 2314 3523 2381 festinet,
3565 2316 3662 2370 sed
3712 2332 3855 2370 cons-

2236 2408 2423 2478 cripta
2454 2411 2516 2459 ut
2545 2409 2887 2472 cognoscat,
2921 2407 3240 2473 exspectet,
3275 2404 3426 2460 sicut
3450 2420 3520 2460 ea
3547 2410 3598 2461 te
3627 2404 3857 2478 prolatu-

2236 2512 2368 2552 rum
2400 2495 2682 2549 omnibus
2715 2491 3056 2564 promisisti.

2306 2588 2358 2638 2.
2388 2583 2490 2638 Illo
2515 2582 2714 2649 etiam,
2745 2582 2987 2635 veritate
3017 2579 3247 2646 confisi,
3283 2595 3398 2637 nos
3432 2581 3662 2638 vinculo
3684 2582 3858 2639 condi-

2235 2675 2406 2729 tionis
2437 2670 2887 2740 obstringimus,
2923 2675 2986 2723 ut
3011 2668 3058 2723 si
3092 2668 3264 2724 nobis
3292 2670 3330 2724 ii
3366 2686 3502 2725 cum
3525 2671 3728 2742 quibus
3755 2674 3856 2740 agi~

2238 2779 2371 2818 mus
2421 2762 2831 2816 demonstrare
2881 2759 3200 2830 potuerint,
3233 2775 3375 2814 cum
3419 2761 3740 2816 secundum
3774 2761 3855 2816 Dei

2236 2851 2525 2923 promissa
2552 2847 2757 2920 populi
2783 2847 3084 2902 christiani
3115 2863 3548 2921 usquequaque
3570 2848 3854 2904 crescendo

2229 2940 2356 3010 jam
2402 2953 2686 3007 magnam
2714 2941 2942 3007 partem
2969 2936 3132 2990 orbis
3170 2936 3509 3007 implerent,
3542 2943 3596 2993 et
3633 2936 3689 2993 in
3714 2943 3855 2993 caite-

2233 3045 2362 3084 ram
2421 3027 2807 3082 dilatarentur
2858 3024 3250 3094 implendam,
3309 3025 3513 3082 subito
3571 3028 3855 3082 Ecclesiam

2235 3117 2462 3181 Christi,
2491 3115 2690 3170 nescio
2721 3130 3002 3186 quorum,
3033 3130 3186 3185 quos
3217 3113 3314 3169 isti
3347 3121 3649 3181 accusant,
3682 3131 3856 3188 pecca-

2232 3211 2501 3262 catorum
2533 3204 2769 3275 periisse
2808 3203 3102 3272 contagio,
3153 3210 3209 3257 et
3252 3203 3310 3258 in
3358 3204 3490 3260 sola
3533 3206 3856 3260 remansisse

2232 3301 2398 3366 parte
2428 3293 2673 3357 Donati;
2715 3295 2763 3345 si
2808 3291 2941 3355 hoc,
2979 3296 3040 3347 ut
3069 3291 3294 3346 dictum
3339 3299 3449 3362 est,
3481 3293 3855 3348 demonstrare

2235 3393 2549 3464 potuerint,
2572 3390 2765 3445 nullos
2786 3387 2947 3460 apud
2970 3405 3070 3443 eos
3092 3388 3352 3444 honores
3380 3390 3729 3462 episcopalis
3745 3407 3855 3446 mu-

2233 3482 2388 3536 neris
2414 3479 2810 3551 requiremus,
2859 3478 2962 3531 sed
2995 3493 3203 3532 eorum
3244 3493 3589 3548 sequemur,
3619 3495 3719 3550 pro
3747 3480 3856 3534 sola

2231 3575 2452 3625 aeterna
2473 3569 2678 3637 salute,
2710 3566 3048 3631 consilium,
3080 3565 3301 3637 quibus
3331 3569 3480 3622 tanti
3511 3569 3753 3638 gratiam
3776 3567 3858 3622 be-

2230 3659 2426 3714 neficii
2472 3673 2578 3728 pro
2623 3656 2861 3726 cognita
2891 3654 3135 3710 veritate
3165 3654 3547 3711 debebimus.
3601 3657 3655 3713 Si
3685 3661 3854 3711 autem

2230 3763 2338 3802 nos
2368 3746 2563 3818 potius
2585 3744 2950 3799 valuerimus
2973 3744 3286 3799 ostendere
3310 3745 3633 3800 Ecclesiam
3657 3743 3854 3809 Christi,

2229 3836 2502 3891 omnium
2547 3849 2665 3888 non
2719 3831 2912 3888 solum
2957 3831 3397 3898 Africanarum,
3447 3850 3649 3890 verum
3700 3835 3855 3889 etiam

2230 3924 2764 3981 transmarinarum
2789 3921 3253 3992 provinciarum,
3282 3922 3723 3994 multarumque
3739 3936 3855 3993 gen-

2231 4013 2377 4068 tium
2417 4013 2606 4083 spatia
2651 4010 3017 4066 feracissima
3042 4011 3410 4082 populorum
3448 4013 3620 4084 copia
3643 4013 3765 4085 jam
3791 4018 3858 4066 te-

2290 4130 2360 4190 (a)
2391 4127 2726 4190 Marcellinus
2753 4127 2806 4174 in
2830 4126 3056 4190 Africam
3091 4125 3157 4190 ab
3187 4126 3422 4176 Honorio
3455 4129 3666 4186 missus,
3693 4130 3746 4176 ut
3772 4125 3859 4175 col-

2224 4191 2481 4240 lationem
2508 4189 2805 4239 Catholicos
2845 4189 2984 4237 inter
3021 4191 3071 4237 et
3103 4189 3404 4238 Donatistas
3435 4191 3501 4239 de
3534 4193 3642 4239 suis
3672 4193 3859 4239 contro-

2225 4255 2410 4302 versiis
2441 4252 2730 4315 ineundam
2763 4257 2989 4308 curaret,
3026 4251 3276 4315 evulgato
3306 4252 3361 4300 in
3400 4254 3590 4315 primis
3627 4254 3856 4315 rescripto

2224 4316 2564 4379 Imperatoris
2590 4328 2653 4364 ea
2686 4314 2749 4362 de
2787 4327 2856 4379 re
2882 4315 2982 4379 ipsi
3021 4313 3146 4362 dato
3163 4313 3462 4372 Ravennae,
3496 4316 3580 4364 die
3613 4317 3665 4364 14
3697 4313 3857 4379 seuit

2224 4376 2401 4428 oct’ob.
2437 4379 2642 4426 Varane
2672 4390 2780 4440 cos.
2829 4376 2899 4440 (id
2937 4379 3014 4440 est
3044 4390 3129 4440 an.
3176 4379 3305 4440 410),
3351 4379 3426 4425 uti
3467 4379 3705 4440 rescripti
3741 4377 3859 4439 ejus-

2225 4443 2344 4490 dem
2377 4441 2742 4502 fragmentum
2769 4439 2822 4486 in
2859 4439 2984 4487 Cod.
3015 4439 3212 4487 Theod.
3246 4439 3278 4486 l.
3311 4441 3384 4495 t6,
3418 4442 3501 4489 tit.
3536 4443 3586 4488 11
3623 4439 3856 4488 subnota-

2225 4508 2327 4558 tur,
2347 4501 2522 4552 emisit
2546 4504 2658 4564 ipse
2685 4501 2919 4566 edictum
2942 4502 3138 4566 duplex
3167 4514 3309 4550 anno
3341 4503 3643 4566 insequenti
3673 4519 3684 4566 ς
3708 4513 3855 4550 unum

2224 4565 2952 4630 quoipraastituitutriusque
2990 4564 3416 4630 partisﬂepiscopi
3456 4564 3596 4615 intra
3628 4565 3760 4613 diem
3787 4576 3858 4612 ca-

2223 4627 2503 4678 lendarum
2554 4628 2826 4690 juniarum
2878 4627 3183 4690 conferendi
3219 4627 3382 4676 Causa
3423 4630 3858 4690 congregarentur

2222 4692 2536 4754 Carthagine
2559 4688 2575 4744 ξ
2599 4689 2824 4754 alterum
2853 4703 2960 4751 quo
2976 4689 3087 4754 jam
3117 4690 3468 4754 praesentibus
3491 4688 3856 4754 apud‘Cartlia-

2222 4756 2400 4817 ginem
2422 4751 2698 4817 fepiscopis
2730 4752 3052 4813 praescripsit
3076 4751 3253 4800 locum
3287 4751 3616 4817 modumque
3645 4751 3856 4817 collatio-

2221 4813 2322 4871 nis,
2372 4813 2669 4864 admonens
2721 4818 2781 4862 ut
2832 4827 2970 4878 pars
3009 4817 3251 4878 utraque
3290 4813 3562 4878 rescriptis
3607 4813 3850 4877 proderet,

2222 4883 2403 4928 utrum
2435 4875 2861 4941 placerentuquae
2893 4875 3064 4924 edicto
3115 4875 3545 4941 continebantur,
3580 4875 3643 4926 ex
3674 4879 3856 4941 Augus:

2221 4943 2332 4992 tino
2376 4936 2449 4989 in'
2475 4942 2620 4988 Brev.
2654 4936 2830 4988 collat.
2875 4952 2952 4987 cc.
3000 4941 3028 4985 2
3077 4942 3130 4986 et
3171 4940 3222 4991 3.
3273 4939 3406 5002 Huic
3440 4953 3568 4999 ergo
3600 4936 3854 5002 posteriori

2221 5005 2391 5053 edicto
2419 5003 2661 5053 catholici
2693 5001 3081 5065 rescripserunt
3109 5001 3410 5064 epistolam,
3438 5001 3706 5065 quam’hic
3735 5001 3856 5065 inter

2220 5067 2638 5130 Augustinianas
2667 5060 2873 5130 idcirco'
2911 5060 3172 5130 edendam
3219 5060 3544 5130 curavimus,
3583 5065 3705 5130 quia
3747 5060 3853 5109 stilo

2220 5126 2489 5194 sensuque
2521 5132 2632 5194 tota
2661 5127 2820 5194 refert
2843 5127 3202 5194 Angustinuui
3233 5140 3244 5172 :
3282 5128 3367 5194 cui
3402 5128 3478 5194 de
3501 5126 3854 5194 omnibuspro

2258 5205 2347 5242 ace
2377 5187 2616 5241 Ecclesiae
2642 5191 2805 5253 gestis
2824 5187 3059 5251 palmam
3086 5201 3118 5237 a
3146 5188 3577 5253 Dominoudatam
3605 5202 3718 5253 esse
3742 5187 3854 5253 dicit

2260 5255 2509 5309 ossidius,
2546 5248 2670 5316 cap:
2697 5253 2761 5316 l3,
2787 5268 2798 5309 ;
2824 5248 2959 5316 quia
2995 5255 3229 5316 «totum
3260 5251 3390 5301 illud
3409 5253 3641 5316 bonum,
3677 5248 3849 5316 inquit.

2220 5335 2246 5366 ι
2282 5332 2375 5381 per
2421 5309 2664 5366 sanctum
2713 5309 2866 5381 illuni
2899 5314 3189 5381 hominem,
3235 5314 3639 5363 consulentibus
3675 5309 3850 5381 nostris

2219 5397 2243 5426 α
2277 5373 2537 5443 epiSCOpis
2564 5378 2836 5443 etgpariter
2862 5376 3246 5443 satagentibus,
3277 5381 3329 5443 et
3343 5381 3651 5443 coeptumet
3671 5373 3851 5443 perfec-

2222 5397 2243 5426 ι
2277 5393 2537 5443 episcopis
2564 5393 2614 5427 et
2679 5393 2836 5426 ἶΠῚῐΘῐ*
2862 5393 3246 5439 εᾶιθεθηῑιουε.
3277 5393 3329 5426 et
3343 5393 3576 5438 C(Bplllll)
3601 5393 3651 5424 el
3709 5393 3850 5422 enec-

2222 5461 2245 5488 «
2280 5447 2520 5506 ιυωθεζτ
2554 5457 2577 5487 »
2614 5393 2747 5506 trino
2773 5440 2837 5488 de
2863 5453 2917 5488 se
2947 5440 3060 5502 ipse
3090 5441 3420 5506 Augustinus
3445 5439 3496 5506 in
3533 5393 3850 5506 lib._Je_Ges-

2220 5507 2285 5555 tis
2333 5505 2526 5567 Pelagii
2577 5502 2780 5558 scribit,
2811 5506 2928 5550 tum
2968 5500 3031 5550 se
3077 5518 3100 5547 ι
3138 5500 3266 5567 cura
3298 5519 3320 5548 ιι
3367 5500 3850 5567 hujus_co_llationis

2221 5586 2245 5615 ι
2271 5568 2434 5616 fuisse
2455 5563 2948 5629 occupatissimum,
2975 5580 3007 5629 Α»
3038 5577 3160 5629 cum
3190 5566 3420 5629 primum
3443 5563 3733 5627 Pelagium
3783 5571 3854 5608 se-

2219 5631 2323 5680 mel
2353 5627 2659 5679 autiterum
2688 5629 2817 5677 vidit
2849 5627 3186 5692 Carthagine.
