4074 6164
99 233 328 293 nentem,
363 231 436 292 et,
475 227 625 281 sicut
649 223 937 296 scriptum
964 226 1072 290 est,
1105 225 1226 277 toto
1264 221 1492 280 mundo
1522 221 1724 276 fructi-

97 320 342 374 ﬁcantem
362 321 538 387 atque
552 321 936 378 crescentem,
958 311 1258 367 nullorum
1278 310 1594 366 hominum
1611 311 1721 366 sibi

92 405 529 462 commixtorum
555 404 812 477 peccatis
837 404 1026 473 perire
1053 401 1316 473 potuisse
1343 417 1354 453 :
1386 400 1431 452 si
1463 399 1720 471 denique

92 497 349 566 ipsorum,
399 509 554 566 quos
609 499 747 548 tunc
798 506 1080 547 accusare
1135 489 1470 552 voluerunt,
1521 489 1719 559 potius

91 599 248 655 quam
271 583 626 638 convincere
653 581 987 645 valuerunt,
1015 579 1408 651 quastionem
1433 577 1722 632 demons-

93 673 418 728 traverimus
445 687 576 726 esse
594 669 847 735 ﬁnitam,
878 669 1155 741 quamvis
1176 683 1296 722 non
1324 667 1381 721 in
1412 666 1495 721 eis
1531 666 1719 722 Eccle-

93 763 178 816 sia
207 776 387 816 causa
434 759 764 824 consistat;
796 763 852 814 et
898 757 1276 813 Cacilianum
1314 756 1714 821 innocentem,

93 851 196 906 illos
215 857 406 906 autem
440 848 738 904 violentos
761 854 815 902 et
841 846 1243 902 calumniosos
1267 860 1397 900 esse
1418 844 1716 914 judicatos

93 940 156 992 ab
181 953 242 993 eo
269 938 651 1008 imperatore,
681 935 755 992 ad
789 936 958 1006 cujus
989 949 1238 990 examen
1267 933 1714 988 criminationes

93 1044 211 1082 suas
245 1029 390 1082 ultro
420 1025 733 1082 acusando
783 1025 1070 1080 miserunt
1096 1039 1106 1078 :
1133 1028 1438 1094 postremo
1464 1023 1508 1078 si
1540 1023 1719 1094 quid-

90 1117 211 1188 quid
241 1116 308 1171 de
335 1115 600 1187 peccatis
643 1113 1050 1186 quorumlibet
1097 1113 1408 1167 hominum
1442 1113 1713 1168 dixerint.

91 1204 160 1259 vel
201 1203 477 1258 humanis
510 1203 908 1272 documentis,
965 1200 1053 1254 vel
1099 1200 1316 1255 divinis
1369 1199 1718 1271 probaveri-

90 1309 222 1357 mus,
252 1298 350 1346 aut
375 1307 589 1346 eorum
613 1290 1012 1346 innocentiam
1045 1288 1208 1344 falsis
1238 1289 1587 1343 criminibus
1609 1304 1717 1360 ap-

91 1381 321 1450 petitam,
357 1385 457 1434 aut
491 1379 700 1434 Christi
736 1378 1074 1441 Ecclesiam,
1104 1377 1274 1446 cujus
1303 1377 1712 1432 communioni

95 1470 449 1530 coharemus,
478 1468 654 1523 nullis
676 1483 882 1523 eorum
906 1466 1132 1521 delictis
1159 1481 1285 1520 esse
1307 1465 1669 1521 destructam
1699 1487 1711 1531 ;

96 1559 154 1611 sic
181 1557 300 1627 ejus
333 1557 655 1612 nobiscum
682 1561 919 1612 teneant
950 1555 1256 1620 unitatem,
1279 1561 1340 1610 ut
1365 1571 1484 1610 non
1513 1555 1712 1610 solum

96 1648 216 1701 viam
240 1645 440 1701 salutis
465 1646 798 1710 inveniant,
829 1644 930 1699 sed
956 1659 1064 1699 nec
1090 1644 1379 1699 honorem
1404 1644 1715 1716 episcopa-

96 1743 160 1788 tus
179 1736 459 1790 amittant.
493 1738 695 1807 Neque
723 1735 882 1788 enim
907 1734 965 1788 in
985 1734 1068 1788 eis
1094 1733 1309 1788 divina
1329 1735 1716 1789 Sacramenta

96 1823 336 1893 veritatis,
368 1823 472 1879 sed
505 1827 846 1879 commenta
877 1822 1126 1877 humani
1157 1823 1524 1878 detestamur
1554 1839 1716 1877 erro-

98 1912 434 1982 ris:quibus
480 1911 735 1967 sublatis
786 1910 1110 1966 fraternum
1156 1917 1362 1982 pectus
1410 1911 1711 1982 amplecti-

102 2017 216 2066 mur,
241 2001 573 2057 Christiana
601 2001 776 2056 nobis
809 2000 1094 2055 charitate
1117 2000 1522 2070 conjunctum,
1547 1999 1711 2070 quod

101 2106 219 2144 nunc
259 2090 533 2145 dolemus
583 2089 959 2144 dissensione
1009 2088 1308 2144 diabolica
1343 2094 1708 2159 separatum.

150 2178 191 2234 3.
217 2178 420 2233 Poterit
448 2179 682 2250 quippe
702 2177 1116 2249 unusquisque
1153 2182 1440 2239 nostrum,
1473 2177 1712 2232 honoris

105 2268 179 2320 sibi
217 2268 364 2322 socio
419 2267 721 2338 copulato,
771 2266 1034 2320 vicissim
1068 2266 1275 2320 sedere
1329 2265 1708 2332 eminentius,

105 2356 212 2410 sicut
241 2357 552 2427 peregrino
586 2356 872 2427 episcopo
893 2355 1064 2424 juxta
1093 2353 1436 2409 considente
1455 2354 1706 2423 collega.

106 2445 188 2498 Hoc
229 2461 354 2500 cum
401 2445 651 2500 alternis
707 2444 966 2500 basilicis
1025 2443 1299 2514 utrinque
1343 2443 1705 2509 conceditur,

106 2539 294 2605 uterque
337 2534 410 2588 ab
448 2534 739 2589 alterutro
770 2532 997 2588 honore
1050 2537 1256 2586 mutuo
1291 2534 1645 2604 pravenitur
1692 2552 1706 2599 ;

107 2621 209 2690 quia
227 2623 315 2677 ubi
337 2622 657 2694 praceptio
681 2621 983 2676 charitatis
998 2620 1327 2676 dilataverit
1353 2621 1555 2689 corda,
1576 2637 1710 2692 pos-

107 2710 248 2764 sessio
273 2712 429 2781 pacis
452 2727 579 2768 non
608 2710 666 2766 ﬁt
685 2716 964 2779 angusta,
997 2715 1058 2764 ut
1090 2725 1208 2764 uno
1229 2726 1435 2764 eorum
1460 2710 1709 2764 defunc-

108 2803 160 2860 to,
202 2798 462 2872 deinceps
503 2801 636 2869 jam
677 2798 926 2869 singulis
981 2798 1197 2867 singuli
1250 2798 1496 2869 pristino
1542 2815 1706 2854 more

109 2889 372 2944 succedant
417 2907 428 2944 :
468 2904 584 2944 nec
616 2904 840 2944 novum
876 2887 1102 2959 aliquid
1143 2887 1281 2953 ﬁet;
1316 2903 1456 2942 nam
1487 2888 1600 2943 hoc
1629 2887 1705 2942 ab

110 2973 250 3044 ipsius
291 2978 684 3050 separationis
718 2977 986 3040 exordio,
1030 2975 1089 3030 in
1140 2975 1226 3030 eis
1263 2977 1366 3048 qui
1420 2976 1706 3032 damnato

109 3064 295 3122 nefaria
319 3066 696 3122 discissionis
723 3081 920 3120 errore
946 3064 1184 3120 unitatis
1216 3065 1589 3120 dulcedinem
1617 3064 1705 3119 vel

111 3167 201 3208 sero
227 3162 556 3226 sapuerunt,
586 3154 882 3210 catholica
907 3154 1140 3209 dilectio
1168 3154 1502 3209 custodivit.
1529 3154 1703 3208 Autsi

113 3239 217 3296 forte
235 3245 522 3300 christiani
556 3243 765 3316 populi
802 3243 1054 3312 singulis
1087 3243 1454 3298 delectantur
1481 3244 1704 3314 episco-

114 3328 192 3397 pis,
215 3337 260 3386 et
289 3333 542 3388 duorum
573 3334 966 3397 consortium,
1000 3332 1280 3387 inusitata
1320 3348 1518 3386 rerum
1558 3331 1704 3386 facie

117 3419 303 3476 tolerare
317 3438 428 3478 non
455 3426 733 3493 possunt,
752 3422 984 3492 utrique
998 3422 1070 3475 de
1102 3420 1298 3476 medio
1322 3421 1695 3486 secedamus,

117 3512 152 3558 et
174 3509 402 3565 Ecclesiis
427 3512 484 3566 in
510 3509 768 3579 singulis
800 3510 1090 3565 damnata
1122 3509 1459 3566 schismatis
1490 3525 1694 3571 causa.

121 3593 156 3647 iu
174 3598 352 3655 unitate
382 3600 639 3672 paciﬁca
670 3599 1018 3667 constitutis,
1055 3598 1134 3654 ab
1161 3599 1251 3653 his
1273 3599 1376 3670 qui
1403 3599 1617 3670 singuli
1640 3600 1696 3653 in

123 3683 328 3742 Ecclesiis
343 3688 598 3760 singulis
617 3687 1012 3751 invenientur,
1043 3688 1260 3743 unitate
1273 3687 1428 3743 facta
1447 3704 1548 3759 per
1568 3688 1699 3744 loca

124 3780 390 3832 necessaria
438 3776 661 3847 singuli
706 3777 1143 3832 constituantur
1197 3778 1485 3848 episcopi.
1545 3777 1697 3846 Quid

125 3862 570 3922 enimdubitemus
600 3864 976 3937 Redemptori
1003 3871 1205 3921 nostro
1235 3866 1593 3920 sacriﬁcium
1627 3865 1698 3920 is-

126 3948 199 4003 tius
231 3953 560 4012 humilitatis
596 3953 808 4010 offerre
860 3956 886 4011 ?
934 3970 1009 4008 an
1045 3971 1182 4009 vero
1211 3954 1309 4009 ille
1341 3954 1414 4009 de
1445 3953 1607 4009 caelis
1638 3957 1697 4009 in

127 4043 328 4098 membra
355 4044 627 4101 humana
649 4043 981 4108 descendit,
1015 4048 1074 4098 ut
1093 4043 1360 4098 membra
1386 4044 1516 4113 ejus
1548 4059 1702 4098 esse-

128 4139 216 4182 mus
243 4137 317 4194 ;et
341 4149 464 4197 nos,
489 4149 566 4189 ne
599 4135 732 4204 ipsa
758 4132 885 4202 ejus
913 4131 1184 4187 membra
1216 4131 1437 4187 crudeli
1467 4132 1698 4187 divisio-

127 4228 173 4267 ne
191 4217 459 4288 lanientur,
483 4224 560 4278 de
577 4221 874 4276 cathedris
891 4220 1250 4276 descendere
1267 4220 1474 4276 formid
1485 4237 1578 4276 am
1591 4238 1657 4276 us
1673 4222 1700 4276 ?

128 4300 300 4376 Pmpter
320 4327 419 4366 nos
438 4309 1013 4375 nihilsufﬁcientius,
1031 4325 1217 4380 quam
1238 4310 1541 4365 christiani
1561 4310 1702 4366 ﬁde-

127 4388 182 4444 les
205 4402 248 4450 et
269 4397 596 4455 obedientes
623 4416 834 4453 sumus
872 4415 883 4452 ;
927 4399 1041 4454 hoc
1067 4415 1206 4470 ergo
1236 4415 1470 4470 semper
1494 4400 1697 4455 simus.

129 4478 336 4557 Episcopi
372 4494 569 4544 autem
602 4495 842 4559 propter
885 4487 1231 4542 christianos
1263 4487 1518 4558 populos
1549 4489 1703 4543 ordi-

130 4583 280 4626 namur
307 4594 317 4633 :
347 4577 502 4648 quod
529 4593 672 4646 ergo
696 4576 1032 4632 christianis
1068 4576 1298 4648 populis
1326 4576 1403 4632 ad
1439 4577 1702 4632 christia-

131 4669 228 4713 nam
254 4677 436 4730 pacem
467 4665 732 4737 prodest,
760 4665 875 4720 hoc
907 4665 980 4719 de
1013 4673 1213 4722 nostro
1241 4666 1592 4737 episcopatu
1619 4665 1702 4721 fa-

133 4744 315 4818 ciamus,
344 4753 397 4808 Si
428 4753 578 4810 servi
607 4753 779 4809 utiles
812 4770 1043 4819 sumus,
1077 4770 1180 4808 cur
1213 4755 1435 4809 Domini
1469 4755 1704 4809 aternis

135 4828 258 4889 lucris
285 4856 378 4909 pro
404 4843 618 4898 nOstris
662 4842 1088 4914 temporalibus
1121 4843 1590 4898 sublimitatibus
1617 4843 1705 4897 in-

134 4921 336 4982 Videmus
369 4929 394 4983 ?
424 4931 780 5003 Episcopalis
812 4931 1070 5000 dignitas
1121 4931 1478 4987 fructuosior
1527 4931 1704 4986 nobis

136 5011 261 5076 erit,si
275 5031 491 5090 gregem
513 5020 717 5076 Christi
735 5021 926 5090 magis
940 5020 1210 5092 deposita
1225 5021 1502 5090 colegerit
1531 5037 1704 5092 quam

136 5103 300 5159 retenta
338 5107 689 5179 disperserit.
770 5112 914 5164 Nam
977 5126 1098 5180 qua
1148 5109 1336 5165 fronte
1401 5111 1458 5165 in
1511 5109 1707 5165 futuro

138 5190 296 5245 seculo
322 5198 667 5265 promissum
698 5215 733 5254 a
754 5199 1012 5254 Christos
1038 5198 1381 5270 perabimus
1416 5198 1707 5254 honorem

139 5272 509 5371 sicliristianam
539 5286 594 5341 in
617 5287 729 5343 hoc
753 5287 971 5343 saculo
1004 5293 1204 5343 noster
1238 5287 1430 5344 honor
1460 5287 1710 5360 impedit

142 5372 360 5426 unitatem
381 5374 456 5444 (a)
485 5374 511 5428 ‘t

185 5533 235 5604 (al
259 5538 555 5611 augustinus
576 5546 835 5611 inAGestis
854 5559 982 5596 cum
1014 5547 1244 5611 Emerito
1269 5547 1406 5611 hanc
1435 5547 1714 5611 epistolam

144 5603 185 5639 ex
214 5603 384 5664 integro
410 5608 610 5657 recitari
631 5609 810 5672 jussit,
845 5623 1076 5673 cumque
1101 5610 1263 5660 verba
1283 5611 1372 5660 illa
1396 5603 1715 5674 legerentur,

365 5701 580 5762 Ρλτιιοι..
617 5707 857 5765 XXXIII.

1308 88 1812 153 EPISTOLARUM
1854 96 2143 154 CLASSIS
2184 94 2277 154 III.

3377 109 3482 168 490

1905 223 1957 277 4.
1990 223 2117 278 Hac
2149 227 2462 294 propterea
2491 223 2849 282 Prastantia
2881 232 2998 283 tua
3029 230 3344 288 scribenda
3375 250 3481 290 cu-

1831 311 2115 376 ravimus,
2160 316 2294 367 utet
2325 328 2430 384 per
2461 317 2512 368 te
2546 313 2917 371 innotescant
2940 319 3243 375 omnibus.
3270 322 3480 378 Postu-

1830 398 2026 455 lamus
2069 405 2130 455 ut
2161 400 2217 455 in
2247 401 2544 471 adjutorio
2571 404 2800 458 Domini
2829 404 2928 459 Dei
2961 408 3164 472 nostri,
3209 426 3331 482 quo
3372 413 3476 467 ad-

1828 493 2105 544 monente
2155 489 2266 545 ista
2298 490 2723 560 promittimus,
2757 497 2813 547 et
2850 509 2971 564 quo
3006 495 3333 566 adjuvante
3368 516 3476 557 nos

1829 576 2076 648 implere
2108 579 2680 648 posseconﬁdimus,
2707 581 2883 636 etiam
2908 588 3043 638 ante
3074 585 3474 655 collationem,

1832 665 1878 720 si
1919 666 2044 720 ﬁeri
2074 672 2284 738 potest,
2311 667 2493 723 corda
2519 668 2833 725 hominum
2857 671 2948 726 vel
2970 672 3226 742 inﬁrma,
3252 677 3342 732 vel
3372 678 3479 734 du-

1828 770 1915 820 ra,
1941 755 2040 826 pia
2061 756 2320 812 charitas
2351 761 2453 812 aut
2484 762 2669 826 sanet,
2697 764 2799 813 aut
2827 759 3066 816 edomet
3095 779 3108 829 ;
3138 779 3206 818 ac
3238 765 3318 820 sic
3345 767 3472 836 jam

1828 844 2094 916 paciﬁcis
2127 846 2429 901 mentibus
2461 860 2577 900 non
2601 847 2948 903 resistamus
2981 850 3478 911 manifestissima

1828 933 2078 997 veritati,
2097 938 2152 988 et
2175 934 2640 1005 disputationem
2663 940 2926 992 nostram
2957 938 3046 992 vel
3067 942 3477 1009 pracedamus

1827 1023 2166 1088 concordia,
2201 1022 2288 1077 vel
2323 1039 2669 1094 sequamur.
2717 1027 2916 1096 Neque
2947 1027 3106 1082 enim
3158 1029 3476 1102 desperare

1827 1109 2140 1180 debemus,
2178 1113 2224 1166 si
2267 1112 2534 1168 recolunt
2563 1113 2769 1168 beatos
2800 1130 2928 1169 esse
2976 1116 3281 1187 paciﬁcos,
3333 1138 3480 1193 quo-

1825 1199 1987 1254 niam
2014 1200 2124 1271 ipsi
2151 1200 2248 1254 ﬁlii
2278 1202 2376 1256 Dei
2412 1201 2786 1256 vocabuntur
2821 1204 3058 1274 (Matth.
3093 1222 3146 1270 v,
3177 1211 3252 1278 9),
3288 1211 3477 1267 multo

1825 1288 2065 1357 dignius
2098 1295 2154 1344 et
2195 1289 2425 1344 facilius
2456 1305 2556 1344 eos
2575 1290 2722 1345 velle
2752 1297 2812 1345 ut
2834 1308 2973 1363 pars
3000 1297 3208 1351 Donati
3245 1299 3474 1355 univer-

1827 1393 1892 1431 so
1937 1378 2060 1432 orbi
2095 1377 2420 1433 christiano
2473 1379 2903 1448 reconcilietur,
2933 1398 3117 1453 quam
3167 1387 3475 1443 universus

1825 1466 1987 1520 orbis
2010 1466 2366 1522 christianus
2389 1483 2422 1522 a
2451 1472 2614 1537 parte
2637 1468 2845 1524 Donati
2876 1470 3273 1542 rebaptizetur
3301 1493 3311 1528 :
3335 1493 3474 1533 cum

1823 1556 2153 1626 prasertim
2172 1555 2245 1611 de
2263 1556 2588 1611 Maximiani
2612 1557 2900 1627 sacrilego
2928 1564 2982 1614 et
3008 1561 3292 1619 damnato
3327 1567 3478 1620 schi-

1825 1649 2016 1698 smate
2058 1644 2381 1710 venientes,
2411 1660 2564 1716 quos
2599 1644 2776 1700 etiam
2807 1652 3174 1705 terrenarum
3214 1659 3477 1722 potesta-

1825 1737 1947 1788 tum
1984 1732 2362 1803 jussionibus
2403 1733 2751 1789 insectando
2805 1737 3129 1793 emendare
3169 1748 3472 1810 curarunt,

1821 1825 1988 1876 tanta
2023 1822 2336 1876 dilectione
2364 1823 2702 1893 quasierint
2739 1829 2799 1878 ut
2845 1841 2952 1880 nec
2992 1825 3367 1898 baptismum
3396 1833 3474 1888 ab

1821 1909 1905 1964 eis
1920 1910 2123 1965 datum
2141 1911 2474 1965 rescindere
2511 1911 2818 1975 auderent,
2853 1919 2908 1968 et
2933 1916 3232 1986 quosdam
3265 1934 3470 1976 eorum

1821 1997 2158 2063 damnatos,
2207 1999 2332 2053 sine
2381 1999 2498 2054 ulla
2529 1999 2774 2055 honoris
2815 2016 3024 2057 eorum
3075 2004 3472 2063 diminutione

1823 2087 2213 2158 susciperent,
2242 2087 2543 2158 quosdam
2572 2104 2707 2144 vero
2732 2089 2789 2142 in
2813 2089 2966 2145 illius
2997 2091 3474 2152 discissionisso-

1822 2176 2030 2231 cietate
2057 2175 2402 2245 impollutos
2429 2176 2608 2231 fuisse
2653 2183 2980 2234 censerent.
3025 2182 3290 2246 Quorum
3323 2184 3475 2241 inter

1821 2281 1882 2320 se
1908 2264 2244 2320 concordia
2269 2281 2384 2319 non
2418 2265 2751 2321 invidemus
2786 2282 2800 2332 ;
2843 2267 2944 2322 sed
2969 2284 3073 2324 eos
3105 2277 3258 2326 certe
3289 2289 3472 2344 opor-

1821 2359 1896 2409 tet
1925 2353 2224 2409 advertere
2256 2370 2440 2424 quam
2501 2355 2594 2425 pie
2629 2359 2789 2410 tanto
2825 2357 3021 2412 studio
3062 2375 3296 2416 ramum
3345 2379 3380 2418 a
3411 2380 3472 2420 se

1819 2443 2072 2498 fractum
2099 2443 2261 2498 radix
2294 2442 2586 2498 catholica
2612 2444 2875 2516 inquirit,
2909 2447 2956 2500 si
2983 2462 3179 2502 ramus
3220 2450 3346 2520 ipse
3399 2454 3472 2507 si-

1819 2531 2035 2586 militer
2062 2549 2096 2586 a
2121 2547 2182 2586 se
2214 2547 2470 2602 parvum
2492 2531 2763 2601 fragmen
2794 2534 3049 2590 incisum
3082 2535 3165 2591 sic
3195 2538 3471 2612 colligere

1817 2620 2132 2675 laboravit.
2169 2619 2264 2692 (Et
2296 2619 2419 2676 alia
2437 2622 2677 2690 manu):
2710 2621 3001 2693 Optamus
3035 2629 3108 2688 te,
3135 2626 3236 2691 ﬁli,
3263 2628 3322 2683 in
3357 2632 3471 2685 Do-

1817 2710 1983 2764 mino
2023 2709 2172 2764 bene
2224 2710 2443 2766 valere.
2499 2710 2770 2764 Aurelius
2823 2712 3142 2784 episcopus
3201 2717 3471 2774 Ecclesia

1817 2797 2121 2853 catholica
2149 2797 2651 2866 Carthaginensis,
2681 2799 2818 2854 huic
2849 2801 3114 2871 epistola
3145 2805 3472 2878 subscripsi

1819 2886 1986 2957 (Item
2018 2885 2143 2942 alia
2173 2887 2380 2953 manu)
2407 2902 2420 2941 :
2459 2884 2733 2942 Silvanus
2777 2903 2954 2944 senex
2985 2891 3258 2948 Ecclesia
3291 2896 3467 2951 Sum-

1817 2975 2029 3030 mensis
2051 2974 2398 3045 subscripsi.

2283 3063 2623 3118 EPISTOLA
2666 3064 2862 3121 CXXIX
2904 3066 3007 3137 (a).

1817 3151 2111 3210 Catholici
2121 3151 2372 3221 episcopi
2382 3151 2641 3208 Noton’a
2657 3154 2731 3224 (b)
2758 3155 3211 3214 Donatistarum
3227 3175 3465 3229 respon-

1886 3243 2047 3305 dent,
2076 3241 2471 3311 signiﬁcantes
2519 3242 2876 3299 Marcellino
2906 3260 2966 3300 se
3004 3245 3124 3301 illis
3153 3250 3470 3308 concedere

1888 3332 2046 3403 quod
2075 3331 2391 3400 petierant,
2424 3337 2488 3384 ut
2521 3331 2782 3387 universi
2809 3333 2909 3404 qui
2948 3344 3233 3392 venerant
3265 3354 3467 3396 eorum

1880 3421 2141 3490 episcopi
2156 3425 2477 3488 praesentes
2504 3427 2692 3476 essent
2715 3422 2773 3476 in
2796 3437 2859 3478 eo
2889 3424 3014 3480 loco
3039 3425 3138 3479 ubi
3162 3428 3467 3484 celebran-

1881 3510 1960 3566 da
1990 3516 2115 3565 erat
2143 3508 2379 3563 collatio
2413 3525 2426 3562 :
2460 3512 2582 3564 tum
2608 3510 2782 3565 etiam
2816 3513 3126 3569 catholica
3187 3516 3470 3574 Ecclesia

1881 3613 2111 3654 causam
2152 3597 2438 3652 adversus
2469 3613 2665 3653 eorum
2717 3600 2976 3658 schisma
3031 3604 3254 3662 validis
3283 3621 3464 3677 argu-

1884 3686 2096 3744 mentis
2119 3686 2444 3740 vindicant.

1810 3775 2150 3834 Honorabili
2196 3789 2265 3828 ac
2296 3773 2680 3829 dilectissimo
2720 3774 2836 3831 ﬁlio
2867 3777 2931 3834 V.
2961 3779 3017 3834 C.
3051 3783 3108 3833 et
3152 3783 3460 3852 spectabili

1882 3865 2119 3920 tribuno
2151 3867 2206 3918 et
2247 3862 2478 3918 notario
2510 3866 2878 3931 MARCELLINO,
2933 3868 3232 3937 Auasuvs,
3273 3872 3461 3927 SILVA-

1883 3971 2002 4019 sus,
2037 3958 2092 4007 et
2117 3951 2377 4006 universi
2405 3952 2667 4024 episcopi
2697 3953 2995 4010 catholici.

1885 4045 1936 4100 1.
1958 4041 2200 4096 Multum
2217 4056 2326 4096 nos
2354 4040 2636 4097 sollicitos
2652 4041 2908 4098 reddidit
2927 4046 3184 4115 Notoria,
3204 4048 3462 4106 vellitte-

1809 4150 1889 4190 ra
1928 4132 2168 4187 fratrum
2213 4135 2578 4194 nostrorum,
2611 4147 2765 4202 quos
2806 4134 3083 4204 cupimus
3115 4136 3189 4191 ad
3224 4138 3466 4194 catholi-

1811 4239 1945 4278 cam
1963 4236 2171 4293 pacem
2191 4235 2226 4274 a
2248 4219 2584 4290 perniciosa
2605 4220 2976 4277 dissensione
2995 4227 3278 4289 converti,
3298 4229 3464 4299 quod

1812 4312 2003 4368 edicto
2022 4307 2504 4372 Nobilitatistua,
2533 4324 2654 4379 quo
2681 4309 2869 4380 ipsius
2897 4311 3311 4382 disputationis
3327 4332 3461 4371 nos-

1813 4405 1916 4456 tra
1956 4397 2361 4470 tranquillitati
2391 4395 2693 4468 quietique
2744 4399 3070 4469 providisti,
3129 4404 3463 4459 consentire

1812 4489 2175 4555 noluerunt,-
2219 4501 2290 4540 ne
2320 4484 2469 4539 forte
2495 4486 2727 4540 etiamsi
2761 4502 2879 4541 non
2913 4504 3141 4555 omnes,
3177 4491 3355 4563 aliqui
3383 4498 3466 4548 ta-

1815 4593 1952 4634 men
1975 4591 2182 4630 eorum
2206 4590 2310 4645 per
2342 4573 2740 4628 multitudinis
2784 4576 3092 4631 tumultum
3130 4596 3235 4635 seu
3260 4581 3466 4653 strepi-

1811 4671 1962 4730 tum,
1996 4663 2396 4726 collationem,
2431 4679 2565 4733 qua
2610 4663 2856 4732 paciﬁca
2884 4669 2938 4718 et
2966 4673 3180 4736 pacata
3213 4684 3344 4726 esse
3367 4670 3468 4726 de-

1813 4756 1934 4819 bet,
1965 4751 2312 4823 impediant_
2347 4756 2534 4822 Atque
2561 4752 2788 4806 utinam
2829 4752 2992 4824 ipsos
3032 4770 3152 4811 non
3181 4765 3466 4828 pertentet

1817 4876 1872 4911 se
1905 4859 2100 4908 dixisse
2133 4858 2388 4922 meminit
2412 4858 2464 4904 in
2496 4858 2586 4906 lib.
2625 4857 2688 4922 de
2717 4859 2901 4907 iisdem
2936 4860 3104 4910 Gestis
3134 4877 3144 4910 :
3183 4879 3209 4909 α
3237 4865 3462 4922 Fratres,

1818 4941 1843 4971 ι
1881 4925 1923 4971 si
1960 4922 2246 4987 Dominum
2276 4920 2593 4987 cogitamus,
2624 4920 2771 4968 locus
2802 4922 2908 4987 iste
2940 4924 3114 4981 altior,
3148 4927 3362 4987 specula
3397 4920 3467 4974 vi-

1819 5004 1843 5032 ι
1874 4985 2063 5054 nitoris
2099 4987 2195 5054 est,
2247 4982 2665 5054 non_l'ustigium
2699 4985 3073 5054 superbientis.
3107 4982 3316 5054 Si'cum
3346 4989 3465 5054 volo

1819 5065 1844 5095 ‹
1875 5046 2478 5109 retinereepiscopatum
2502 5059 2707 5109 meum.
2731 5046 2980 5109 dispergo
3013 5062 3228 5109 gregem
3256 5051 3465 5108 Christi,

1820 5128 1844 5158 ι
1872 5108 2143 5172 quomodo
2168 5111 2256 5172 est
2278 5108 2740 5172 damnumggregis
2777 5108 2949 5157 honor
2975 5108 3201 5172 pastoris
3232 5112 3257 5158 9
3285 5130 3308 5156 is

1909 5125 2143 5158 uomoao
2168 5125 2248 5155 εει
2278 5125 2537 5154 damnum
2566 5125 2740 5170 gregis
2779 5125 2949 5157 nonor
2975 5125 3201 5172 pasrorts
3232 5125 3257 5158 Ὶ
3285 5130 3308 5156 ι

1872 5125 1953 5233 (zu)
1989 5170 2469 5218 Desiderabaturin
2505 5169 2677 5217 editis.
2704 5170 3023 5227 Quaautem
3055 5175 3143 5220 129
3167 5177 3294 5229 erat,
3325 5188 3468 5224 nunc

1819 5236 1896 5283 97.
1926 5235 2129 5296 Scripta
2157 5233 2343 5296 paulo_
2356 5236 2475 5292 post
2493 5233 2842 5296 superiorem.

1883 5298 1952 5361 (bi
1986 5294 2178 5361 Exstat
2203 5295 2290 5342 illa
2317 5294 2715 5361 Donatistarum
2739 5295 2958 5361 lrotoria
2983 5297 3033 5343 in
3065 5296 3468 5361 Carthaginensi

1821 5357 2102 5408 collatione
2158 5359 2201 5411 l.
2259 5371 2308 5404 n.
2346 5358 2418 5412 14,
2471 5369 2578 5418 qua
2613 5357 2857 5404 videlicet
2891 5358 3126 5407 secundo
3180 5357 3469 5412 Marcellini

1823 5422 1995 5471 edicto
2031 5419 2428 5482 respondentes,
2468 5423 2656 5467 notum
2678 5418 2880 5467 faciunt
2903 5434 2958 5467 se
2985 5434 3047 5468 ex
3083 5422 3307 5471 diversis
3340 5426 3470 5474 Afri-

1823 5498 1896 5534 ca
1929 5482 2169 5550 partibus
2203 5482 2549 5550 convolantes
2579 5483 2852 5550 ingressos
2893 5482 3054 5550 fuisse
3094 5483 3470 5550 Carthaginem

1825 5561 1891 5595 xv
1917 5546 2015 5594 cal.
2039 5544 2178 5606 jun.,
2221 5547 2517 5607 petuntque
2534 5547 2837 5607 utcunctos
2864 5545 2956 5607 qui
2980 5551 3252 5604 venerant,
3281 5544 3470 5602 adesse

1824 5605 2095 5660 collationi
2126 5607 2400 5669 pracipiat
2428 5605 2783 5656 Marcellinus.

2966 5706 3187 5779 (Seize.)
