4074 6164
593 134 688 201 ml

587 267 699 326 ista
729 266 1025 338 cogitatio,
1062 266 1116 321 et
1146 277 1255 319 nos
1285 262 1485 334 potius
1521 260 1685 319 fallat
1715 262 1828 319 ista
1850 262 2110 335 suspicio
2141 261 2153 317 l
2188 264 2245 317 et

589 358 725 414 ideo
749 358 799 412 si
815 357 991 411 velint
1021 368 1235 407 omnes
1267 368 1395 407 esse
1428 358 1769 423 praesentes,
1796 359 1858 407 ut
1886 366 2026 407 cum
2054 351 2139 406 eis
2166 351 2245 405 vi-

590 462 725 503 sum
772 444 961 508 fuerit,
1006 441 1383 511 congregatis
1413 440 1553 496 illuc
1611 441 1788 497 etiam
1833 441 2028 506 nobis,
2063 436 2244 494 simul

586 534 725 589 inde
752 531 1130 602 egrediamnr
1151 529 1481 585 concordes
1511 536 1688 601 atque
1720 530 1936 601 pacati,
1972 534 2030 584 et
2059 528 2245 583 schis-

590 620 807 677 matica
835 619 1128 674 divisione
1160 623 1445 685 correcta,
1471 619 1733 674 fraterno
1764 619 2002 673 unitatis
2032 617 2243 673 Christi

585 708 823 765 vinculo
846 708 1135 773 obstricti,
1164 706 1522 763 mirantibus
1549 712 1605 763 et
1626 706 2025 777 gaudentibus
2046 706 2242 761 omni-

586 798 700 855 bus
732 798 928 862 bonis,
961 796 1200 852 dolente
1222 802 1421 851 autem
1446 795 1573 851 solo
1600 795 1841 852 diabolo
1864 801 1918 852 et
1948 796 2242 851 similibus

587 887 735 958 erS,
778 887 999 959 pariter
1027 886 1086 939 in
1114 884 1433 940 Ecclesiam
1466 884 1538 939 ad
1583 885 1910 954 gratiarum
1944 884 2241 940 actionem

586 976 921 1047 laudesque
945 973 1065 1029 Deo
1091 972 1432 1029 reddendas
1462 972 1877 1029 ardentissima
1914 978 1970 1029 et
1998 973 2243 1030 lucidis-

588 1064 742 1120 sima
770 1064 1057 1119 charitate
1080 1074 1423 1132 pergamus.

658 1158 711 1209 2.
755 1152 907 1218 Quid
957 1151 1121 1206 enim
1163 1165 1453 1220 magnum
1484 1154 1591 1213 est,
1646 1150 1693 1204 si
1737 1150 1946 1206 oculus
1991 1155 2241 1223 pacatus

591 1241 876 1306 attendat,
910 1244 966 1295 et
992 1238 1277 1307 cogitatio
1305 1238 1627 1293 christiana
1654 1254 1773 1294 non
1796 1239 2029 1295 deserat
2054 1240 2244 1294 consi-

587 1332 795 1387 derare
819 1334 873 1385 et
908 1329 1126 1391 videre,
1146 1328 1391 1382 remotis
1410 1327 1692 1383 humanis
1719 1328 2244 1384 criminationibus

590 1435 692 1475 seu
724 1417 881 1473 veris
922 1432 1025 1471 seu
1052 1416 1236 1478 falsis,
1271 1415 1330 1469 in
1378 1416 1462 1470 eis
1494 1417 1721 1472 Litteris
1754 1417 2073 1472 Ecclesium
2113 1432 2244 1472 esse

588 1506 1003 1580 quaerendam,
1022 1505 1125 1559 ubi
1141 1504 1402 1559 Christus
1425 1505 1786 1576 Redemptor
1808 1504 2248 1576 ejusinnotuit?

588 1599 737 1653 Nam
778 1596 928 1650 sicut
968 1610 1087 1649 non
1122 1594 1405 1649 audimus
1434 1599 1642 1649 contra
1672 1596 1969 1651 Christum
2002 1611 2103 1651 eos
2141 1596 2245 1668 qui

589 1685 796 1740 dicunt
831 1699 1047 1755 corpus
1076 1684 1203 1753 ejus
1235 1683 1308 1737 de
1341 1682 1613 1754 sepulcro
1644 1683 1901 1739 furatum
1928 1700 1963 1740 a
1989 1685 2248 1756 discipu-

588 1774 658 1830 lis
684 1791 697 1840 ;
731 1775 813 1828 sic
840 1788 964 1829 non
982 1772 1274 1828 debemus
1298 1772 1505 1827 audire
1526 1778 1734 1827 contra
1765 1772 1895 1842 ejus
1923 1774 2247 1828 Ecclesium

592 1878 694 1919 eos
724 1862 827 1934 qui
855 1861 1062 1917 dicunt
1092 1876 1212 1917 non
1246 1876 1380 1916 eam
1422 1876 1553 1916 esse
1590 1860 1704 1915 nisi
1736 1862 1795 1916 in
1841 1861 1981 1917 solis
2008 1862 2158 1917 Afris
2192 1868 2248 1918 et

591 1951 866 2007 Afrorum
904 1950 1283 2021 paucissimis
1312 1948 1523 2005 sociis:
1558 1949 1887 2021 Apostolus
1917 1952 2141 2021 quippe
2164 1951 2249 2006 di-

593 2041 669 2096 cit
695 2040 986 2112 quoniam
1021 2054 1258 2094 veraces
1282 2038 1588 2094 christiani
1610 2039 1883 2095 membra
1901 2047 2039 2096 sunt
2062 2040 2249 2096 Chris-

593 2130 633 2185 ti
665 2129 904 2199 (Ephes.
950 2144 1028 2194 iv,
1062 2128 1153 2200 25)
1183 2145 1195 2194 ;
1241 2129 1391 2183 sicut
1418 2143 1560 2198 ergo
1591 2142 1712 2184 non
1744 2128 2045 2185 credimus
2095 2129 2249 2186 furto

594 2218 954 2289 cujusquam
1006 2217 1248 2288 periisse
1299 2232 1541 2273 carnem
1588 2217 1799 2273 Christi
1845 2223 2143 2274 mortuam
2175 2219 2249 2275 de

595 2307 895 2379 sepulcro,
925 2307 1008 2361 sic
1036 2306 1275 2361 credere
1309 2321 1427 2361 non
1450 2306 1743 2361 debemus
1773 2313 2019 2378 peccato
2053 2307 2252 2378 cujus-

589 2411 776 2469 quam
802 2396 939 2452 viva
984 2396 1258 2450 membra
1289 2396 1417 2464 ejus
1450 2395 1694 2467 periisse
1739 2396 1812 2450 de
1841 2396 2088 2452 mundo.
2124 2400 2249 2452 Non

595 2486 905 2555 estitaque
951 2483 1207 2551 difficile,
1246 2484 1538 2556 quoniam
1565 2490 1745 2555 caput
1766 2490 1855 2541 est
1884 2485 2165 2547 Christus.
2198 2490 2255 2542 et

600 2586 818 2645 corpus
846 2573 1124 2637 Ecclesia,
1158 2573 1336 2627 simul
1398 2574 1458 2629 in
1507 2572 1827 2643 Evangelio
1868 2576 2255 2631 commenda-

601 2667 728 2719 tum
751 2662 965 2726 videre,
997 2667 1052 2717 et
1084 2666 1484 2733 caputcontra
1515 2661 1854 2718 calumnias
1882 2660 2249 2731 Iudaeorum,

603 2754 661 2806 et
687 2750 901 2822 carpus
931 2754 1135 2806 centra
1153 2750 1600 2807 criminationes
1631 2751 2059 2808 haereticorum.
2105 2757 2251 2810 Nam

602 2839 767 2911 quod
786 2839 1018 2909 legitur,
1042 2838 1361 2908 Oportebat
1383 2839 1683 2896 Christum
1706 2843 1856 2909 pati,
1876 2849 1928 2897 et
1947 2857 2255 2913 resurgere

604 2944 639 2985 a
662 2928 913 2984 mortuis
937 2927 1109 2984 tertio
1138 2928 1253 2994 die,
1290 2936 1499 2985 contra
1519 2945 1620 2984 eos
1638 2933 1726 2985 est
1750 2930 1852 3002 qui
1880 2931 2255 2987 dicuntmorâ€”

604 3022 770 3073 tuum
813 3017 886 3071 de
926 3016 1201 3088 sepulcro
1225 3033 1354 3072 esse
1383 3017 1684 3072 sublatum
1718 3036 1730 3085 ;
1759 3019 1923 3090 quod
1945 3025 2142 3075 autem
2169 3037 2255 3076 se-

603 3107 830 3179 quitur,
859 3113 911 3162 et
936 3104 1258 3177 prmdicuri
1296 3105 1361 3161 in
1401 3110 1637 3162 nomine
1666 3108 1792 3177 ejus
1825 3110 2250 3176 penitentiam,

604 3201 659 3251 et
679 3195 1077 3251 remissionem
1099 3200 1499 3264 peccatorum,
1523 3209 1629 3263 per
1641 3208 1773 3250 omn
1783 3211 1839 3252 es
1854 3204 2075 3266 gentes,
2110 3200 2253 3254 inci-

600 3285 898 3353 pientibus
927 3283 1001 3338 ab
1028 3283 1362 3339 Jerusalem
1394 3283 1565 3351 (Luc.
1595 3298 1755 3349 xnv,
1788 3288 1876 3348 46,
1909 3286 2022 3357 47),
2045 3290 2254 3342 contra

605 3386 707 3427 eos
748 3377 834 3427 est
887 3372 989 3443 qui
1045 3369 1249 3425 dicunt
1292 3387 1413 3426 non
1450 3386 1575 3425 esse
1626 3372 1939 3429 Ecclesium
1986 3376 2047 3430 in
2104 3376 2251 3431 orbo

604 3464 896 3515 terrarum
930 3476 944 3512 :
985 3464 1049 3513 ut
1064 3474 1183 3513 uno
1207 3460 1368 3514 brevi
1398 3459 1655 3529 capitulo
1683 3463 2006 3533 paucisque
2035 3464 2249 3531 verbis,

607 3555 661 3604 et
682 3548 1210 3619 inimicuscapitis,
1243 3553 1298 3603 et
1328 3548 1601 3603 inimicus
1636 3551 1902 3621 corporis
1937 3552 2254 3623 repellatur

605 3642 682 3705 et,
725 3637 772 3692 si
802 3636 1049 3692 fideliter
1075 3636 1409 3706 attenderit,
1437 3638 1787 3707 corrigatur.

675 3726 729 3782 3.
758 3728 903 3781 Nam
921 3732 1114 3781 tenere
1134 3727 1276 3781 istas
1292 3726 1631 3782 inimicitias
1650 3726 1856 3783 fratres
1880 3735 2112 3785 nostros
2127 3736 2254 3786 tan-

606 3820 666 3872 to
698 3816 891 3883 magis
923 3814 1218 3880 dolemus,
1251 3822 1479 3887 quanto
1507 3817 1697 3889 magis
1737 3832 1839 3872 eos
1865 3822 2097 3873 constat
2120 3836 2252 3875 eas-

604 3904 743 3959 dem
763 3904 1094 3974 Scripturas
1110 3904 1427 3959 nobiscum
1448 3912 1665 3973 tenere,
1687 3906 1912 3976 quibus
1936 3908 2061 3961 haec
2088 3924 2249 3980 aper-

604 3994 831 4047 tissima
863 3992 1202 4049 testimonia
1242 3996 1635 4049 continentur.
1673 3995 1863 4049 Judaai
1895 3995 2116 4068 quippe
2147 3998 2250 4070 qui

606 4080 1221 4148 negantresâ€™urrexisse
1236 4081 1556 4146 Christum,
1576 4084 1782 4138 saltem
1806 4100 1925 4139 non
1950 4085 2251 4157 accipiunt

606 4168 991 4237 Evangelium
1026 4186 1037 4224 :
1083 4170 1177 4224 isti
1226 4174 1426 4225 autem
1468 4171 1673 4225 fratres
1705 4173 1890 4227 nostri
1943 4174 2250 4246 utriusque

602 4256 961 4312 Testamenti
988 4257 1334 4313 auctoritate
1362 4259 1614 4313 devincti
1646 4263 1787 4314 sunt
1809 4276 1824 4326 ;
1849 4265 1905 4315 et
1927 4268 2127 4317 tamen
2145 4266 2251 4319 cri-

605 4346 820 4402 minari
852 4358 961 4400 nos
994 4345 1203 4401 volunt
1227 4346 1299 4402 de
1340 4348 1659 4416 Evangelio
1693 4349 1926 4415 tradito,
1960 4356 2016 4405 et
2040 4352 2251 4409 nolunt

603 4436 653 4491 ei
676 4434 916 4490 credere
948 4434 1203 4489 recitato.
1238 4434 1350 4490 Sed
1381 4451 1542 4491 nunc
1569 4436 1819 4492 fortasse
1848 4438 2024 4509 hujus
2076 4441 2251 4497 colla-

601 4524 777 4579 tionis
823 4539 969 4579 cura
1018 4528 1299 4595 suscepta
1344 4524 1686 4597 diligentiUs
1719 4529 2069 4597 perscrutati
2114 4536 2252 4587 sunt

599 4614 931 4683 Scripturas
964 4628 1165 4669 sacras
1215 4630 1228 4679 ;
1263 4619 1318 4668 et
1357 4618 1501 4685 quia
1556 4615 1613 4669 in
1648 4616 1731 4670 eis
1786 4617 2250 4675 innumerabilia

603 4702 937 4758 testimonia
964 4708 1325 4773 repererunt,
1351 4704 1570 4774 quibus
1600 4707 1896 4776 promissa
1935 4713 2024 4762 est
2056 4708 2251 4763 Eccle-

602 4790 693 4845 sia
734 4789 1003 4845 futurain
1028 4791 1311 4846 omnibus
1341 4792 1639 4861 gentibus,
1668 4800 1724 4848 et
1751 4800 1870 4849 toto
1898 4794 2041 4851 orbe
2074 4802 2251 4853 terra-

598 4895 756 4945 rum,
807 4878 955 4934 sicut
993 4895 1127 4935 eam
1175 4880 1344 4934 reddi
1393 4888 1448 4935 et
1496 4883 1840 4952 praesentari
1881 4884 2133 4955 coepisse
2188 4887 2247 4941 in

600 4966 920 5038 Evangelio
942 4971 997 5023 et
1017 4968 1291 5039 Epistolis
1316 4971 1677 5041 apostolicis,
1698 4972 1824 5027 etin
1841 4972 2081 5029 Actibus
2095 4981 2247 5047 Apo-

598 5058 890 5115 stolorum
924 5056 1215 5122 videmus,
1253 5057 1347 5113 ubi
1376 5065 1431 5114 et
1456 5060 1583 5130 ipsa
1608 5060 1757 5125 loca,
1791 5068 1847 5116 et
1873 5063 2161 5128 civitates,
2194 5070 2251 5122 et

597 5148 913 5221 provinciae
945 5146 1240 5216 leguntur,
1289 5163 1395 5218 per
1433 5164 1585 5220 quas
1618 5149 1818 5215 crevit,
1851 5151 2140 5222 incipiens
2171 5154 2248 5210 ab

597 5237 945 5303 Jerusalem,
991 5242 1052 5291 ut
1096 5235 1233 5291 inde
1267 5252 1327 5291 se
1367 5237 1544 5292 etiam
1586 5238 1644 5292 in
1676 5238 1930 5295 Africam
1980 5257 2100 5295 non
2135 5243 2248 5299 mi-

598 5327 856 5396 grando,
913 5325 1013 5380 sed
1049 5324 1371 5381 crescendo
1418 5324 1776 5383 diffunderet
1820 5344 1833 5393 ;
1875 5342 1994 5384 non
2047 5335 2247 5387 autem

595 5411 1201 5487 inveneruntaliquod
1217 5414 1618 5471 testimonium
1633 5416 1974 5473 divinorum
1987 5419 2249 5491 eloquio-

599 5515 756 5567 rum,
777 5500 878 5555 ubi
900 5501 1125 5558 dictum
1148 5509 1383 5560 esteam
1409 5505 1733 5577 perituram
1750 5506 1825 5560 de
1854 5508 2078 5563 caeteris
2106 5524 2246 5580 par-

601 5586 761 5644 tibus
795 5588 1027 5653 mundi,
1060 5597 1114 5645 et
1143 5590 1202 5646 in
1235 5593 1363 5650 sola
1405 5592 1598 5651 Africa
1625 5593 1836 5651 Donati
1866 5602 2033 5667 parte
2081 5612 2247 5654 man-

1874 126 1933 193 s.
1964 120 2356 194 AUGUSTINI
2395 120 2721 191 EPISCOPI
3844 137 3929 200 Î¹Ï‚,

2354 273 2556 315 suram
2590 274 2604 325 ;
2652 262 2708 313 et
2736 256 3008 313 viderunt
3037 271 3223 331 quam
3251 257 3321 315 sit
3349 256 3682 328 absurdum,
3710 276 3808 335 pro
3829 266 3929 339 illa,

2352 363 2487 420 quae
2504 348 2690 403 fuerat
2714 346 2992 419 peritura,
3022 352 3105 402 tot
3127 348 3468 405 testimonia
3492 350 3682 407 divina
3708 354 3931 417 recitari;

2352 452 2460 508 pro
2490 452 2560 493 ea
2591 453 2748 503 vero,
2781 452 2933 509 quae,
2955 437 3103 491 sicut
3129 441 3355 508 putant,
3382 442 3567 495 tuerat
3593 442 3819 499 Domino
3836 446 3937 515 pla-

2352 526 2561 592 citura,
2613 524 2841 581 nullum
2883 525 3013 596 ejus
3043 526 3445 582 testimonium
3493 529 3717 599 reperiri
3772 548 3784 585 :
3834 533 3938 588 haec

2350 614 2499 670 forte
2543 616 2893 685 cogitantes,
2924 615 3001 670 ad
3033 614 3329 670 ï¬niendas
3373 632 3576 683 vanas,
3605 624 3657 673 et
3696 622 3937 691 pernicio-

2350 719 2467 768 sas,
2502 712 2558 760 et
2580 703 2755 759 saluti
2780 708 3010 758 aeternis
3040 704 3373 760 contrarias
3416 706 3760 772 inimicitias,
3788 710 3855 765 ad
3877 711 3939 766 lo-

2350 809 2486 852 cum
2516 792 2851 849 collationis
2869 796 3087 848 nostrie
3114 808 3323 848 omnes
3343 794 3653 850 convenire
3678 795 3942 854 voluerunt

2351 899 2469 940 non
2502 889 2564 938 ut
2595 881 2887 937 tumultus
2917 896 3108 937 novus
3140 882 3387 948 oriatur,
3413 882 3518 938 sed
3549 888 3608 938 ut
3628 889 3836 941 vetusta
3851 888 3944 942 dis-

2351 973 2558 1029 cordia
2584 971 2845 1026 ï¬niatur.

2420 1064 2474 1117 4.
2500 1060 2647 1116 Nam
2666 1065 2720 1116 et
2738 1059 2884 1115 illud
2909 1074 3031 1131 quo
3058 1060 3116 1115 in
3130 1074 3242 1115 nos
3259 1059 3453 1117 solent
3479 1061 3727 1130 graviter
3751 1062 3942 1134 irritari,

2349 1150 2511 1224 quod
2545 1164 2715 1219 reges
2744 1153 2931 1214 terrae,
2964 1163 3120 1219 quos
3152 1152 3316 1205 tanto
3359 1154 3496 1205 ante
3532 1150 3848 1221 prtedictum
3878 1160 3945 1207 est

2352 1240 2583 1297 Christo
2614 1238 2863 1294 domino
2892 1237 3237 1302 servituros,
3268 1237 3431 1307 leges
3463 1244 3664 1294 contra
3691 1239 3944 1296 haereticos

2351 1334 2407 1385 et
2424 1329 2834 1384 schismaticos
2854 1341 2962 1398 pro
2985 1326 3276 1382 catholica
3299 1342 3448 1398 pace
3472 1328 3830 1398 constituunt,
3854 1345 3947 1383 cre-

2352 1417 2552 1473 dimus
2582 1417 2741 1488 quod
2770 1415 3092 1488 aliquando
3124 1416 3521 1487 cogitaverim
3546 1431 3660 1472 non
3704 1434 3821 1472 esse
3851 1418 3946 1473 cul-

2353 1506 2623 1579 pandum
2669 1498 2857 1577 :â€˜quia
2886 1511 2941 1559 et
2973 1504 3202 1576 antiqui
3235 1520 3407 1575 reges
3436 1520 3557 1560 non
3588 1506 3769 1560 solum
3794 1507 3947 1576 gentis

2356 1596 2677 1660 llebraicaa,
2697 1594 2801 1649 sed
2816 1593 2996 1649 etiam
3020 1593 3391 1663 alienigenae,
3422 1610 3495 1649 ne
3517 1595 3816 1667 quisquam
3836 1611 3947 1651 con-

2356 1692 2443 1741 tra
2464 1684 2649 1739 Deum
2678 1683 2873 1749 lsrael,
2903 1683 3015 1737 hoc
3036 1687 3121 1737 est
3150 1698 3354 1738 verum
3392 1686 3599 1747 Deum,
3626 1698 3735 1738 non
3761 1689 3947 1739 tantum

2356 1773 2595 1836 faceret,
2630 1773 2731 1827 sed
2778 1771 2868 1826 vel
2899 1771 3122 1827 diceret
3146 1771 3396 1843 aliquid,
3439 1786 3647 1827 omnes
3696 1773 3840 1842 regni
3882 1774 3948 1827 sui

2356 1862 2611 1934 populos
2632 1860 2940 1933 praeceptis
2964 1861 3386 1916 minacissimis
3414 1867 3738 1917 terruerunt
3759 1868 3835 1928 ;et
3856 1876 3949 1916 rna-

2348 1955 2511 2022 jores
2539 1951 2791 2006 istorum
2819 1952 3016 2021 ipsam
3051 1950 3350 2005 Caeciliani
3381 1966 3646 2015 causam,
3682 1950 3822 2005 unde
3846 1956 3949 2005 nata

2357 2046 2441 2096 est
2471 2042 2585 2095 ista
2626 2040 2942 2109 dissensio,
2992 2038 3070 2095 ad
3106 2039 3561 2095 Constantinum
3587 2042 3947 2111 imperatorem

2359 2145 2464 2202 per
2494 2129 2816 2183 Anulinum
2845 2128 3266 2199 proconsulem
3310 2129 3655 2184 accusando
3679 2129 3948 2193 miserunt;

2359 2218 2521 2290 quod
2552 2218 2746 2288 utique
2778 2233 2897 2272 non
2931 2216 3009 2272 ob
3036 2216 3198 2272 aliud
3232 2217 3513 2272 videntur
3545 2217 3763 2282 fecisse,
3789 2216 3950 2271 nisiut

2358 2306 2686 2377 imperator
2728 2306 3151 2361 Constantinus
3196 2314 3407 2361 contra
3446 2322 3549 2361 eos
3595 2307 3691 2378 qui
3739 2304 3949 2376 superati

2361 2399 2578 2461 essent,
2602 2394 2686 2449 eis
2718 2395 2820 2466 qui
2845 2399 3245 2465 superassent,
3278 2394 3508 2467 aliquid
3540 2396 3715 2465 regali
3741 2394 3951 2450 auctori-

2360 2488 2478 2540 tate
2516 2484 2860 2538 decerneret
2893 2501 2904 2550 ;
2941 2488 3244 2555 totamque
3291 2483 3488 2555 ipsam
3529 2499 3759 2540 causam
3790 2489 3953 2554 potue-

2359 2573 2587 2641 runt(et
2603 2572 2746 2627 forte
2768 2572 3029 2626 fecerunt
3044 2571 3230 2643 ipsius
3247 2572 3584 2628 collationis
3614 2572 3948 2639 necessitate),

2359 2661 2620 2717 archivis
2652 2660 2905 2732 publicis
2936 2662 3343 2732 perscrutatis,
3400 2661 3663 2717 invenire
3708 2661 3833 2717 olim
3854 2676 3952 2715 esse

2361 2750 2612 2813 ï¬nitam,
2638 2749 3182 2822 postecclesiastica
3195 2751 3444 2822 judicia,
3466 2751 3683 2822 quibus
3700 2750 3951 2805 absolutus

2360 2846 2448 2896 est
2479 2840 2844 2903 Caicilianus,
2871 2839 2968 2894 illo
2998 2838 3178 2895 etiam
3202 2840 3564 2912 imperatore
3581 2840 3873 2911 judicante,
3897 2841 3952 2892 ad

2360 2929 2536 3001 cujus
2576 2944 2828 2984 examen
2861 2943 2986 2984 rem
3038 2933 3224 2984 totam
3266 2934 3323 2984 et
3368 2930 3565 2999 primo
3620 2930 3890 2992 miserunt,
3916 2931 3955 2980 et

2360 3024 2568 3091 postea
2613 3018 3037 3090 perduxerunt.
3072 3017 3155 3073 lbi
3188 3024 3513 3089 potuerunt
3561 3018 3732 3074 etiam
3757 3032 3952 3073 causam

2362 3106 2563 3164 Felicis
2614 3106 3019 3178 Aptungensis
3061 3106 3428 3162 ordinatoris
3473 3107 3771 3171 Cmciliani,
3813 3120 3951 3177 quem

2362 3197 2657 3253 malorum
2686 3196 2957 3251 omnium
2987 3195 3207 3251 fontem
3226 3196 3555 3251 inconcilio
3586 3213 3692 3252 suo
3713 3195 3951 3257 dixerant,

2361 3290 2757 3354 cognoscente
2787 3282 3015 3339 Eliano
3044 3283 3402 3353 proconsule
3433 3298 3508 3339 ex
3537 3288 3817 3356 praecepto
3832 3282 3950 3352 ejus-

2360 3373 2495 3428 dem
2531 3372 2929 3444 imperatoris,
2960 3371 3226 3426 invenire
3258 3380 3601 3442 purgatam.

2429 3462 2482 3517 5.
2518 3464 2874 3532 Quanquam
2898 3466 2953 3515 et
2975 3460 3090 3515 hoc
3118 3461 3165 3515 si
3196 3461 3597 3528 attenderunt,
3632 3458 3861 3533 et,quod
3889 3457 3949 3513 fa-

2360 3551 2467 3607 cile
2486 3552 2693 3615 fuerat,
2726 3550 3124 3614 adverterunt,
3153 3550 3211 3604 in
3236 3550 3554 3622 Scripturis
3580 3552 3785 3607 sanctis
3804 3548 3946 3604 Eccle-

2362 3641 2511 3695 siam
2543 3639 2749 3694 Christi
2791 3638 3096 3710 permixtis
3124 3639 3377 3704 zizaniis,
3418 3647 3475 3696 et
3515 3640 3705 3712 palea,
3730 3638 3945 3711 etpisci-

2360 3730 2475 3784 bus
2527 3728 2700 3784 malis
2759 3728 3021 3783 futuram
3071 3744 3199 3783 esse
3263 3731 3626 3799 promissam
3676 3741 3842 3799 usque
3890 3722 3946 3779 ad

2363 3826 2596 3889 tempus
2647 3818 2854 3872 messis
2883 3816 3116 3888 (Matth.
3158 3832 3279 3884 xui,
3327 3821 3396 3873 24
3444 3820 3553 3890 30),
3612 3812 3946 3873 ventilationis

2358 3906 2471 3977 (Id.
2506 3922 2584 3970 Î¹Î¹Î¹,
2628 3908 2728 3973 l2),
2779 3910 2834 3959 et
2860 3904 3067 3960 littoris
3101 3905 3216 3975 (Id.
3252 3922 3371 3973 xm,
3410 3911 3500 3974 47,
3539 3911 3646 3976 48),
3681 3907 3857 3976 utique
3878 3916 3945 3955 co-

2360 3996 2543 4065 gitare
2577 4000 2916 4065 potuerunt,
2949 3995 3181 4050 etiamsi
3214 3995 3437 4051 malam
3480 4013 3718 4053 causam
3744 3991 3947 4049 Caecilia-

2360 4098 2473 4139 nus
2496 4090 2551 4139 et
2580 4084 2913 4155 coepiscopi
2935 4082 3062 4154 ejus
3092 4083 3462 4150 habuissent,
3492 4086 3634 4141 nihil
3660 4101 3754 4141 eos
3780 4080 3947 4155 praeju-

2360 4174 2555 4228 dicare
2583 4173 2843 4244 potuisse
2869 4172 2999 4228 orbi
3020 4172 3364 4239 christiano,
3398 4190 3580 4246 quem
3614 4177 3755 4230 Dens
3783 4168 3946 4244 paucis

2359 4262 2738 4318 credentibus
2765 4268 2924 4317 tanto
2946 4268 3082 4317 ante
3105 4263 3397 4333 promisit,
3423 4268 3478 4320 et
3513 4280 3668 4319 nunc
3693 4259 3869 4318 multis
3890 4257 3947 4311 vi-

2359 4351 2637 4407 dentibus
2667 4350 2939 4406 reddidit.
2965 4352 3081 4406 Nisi
3119 4352 3263 4406 forte
3294 4352 3429 4423 plus
3452 4358 3656 4409 contra
3684 4347 3947 4407 Ecclesiam

2362 4440 2546 4496 valuit
2568 4440 2750 4495 homo
2773 4454 3049 4510 peccans,
3079 4455 3264 4512 quam
3297 4457 3407 4512 pro
3436 4441 3689 4498 Ecclesia
3720 4442 3851 4494 Deus
3868 4437 3945 4504 ju-

2359 4545 2521 4593 rans,
2549 4534 2604 4585 et
2625 4529 2904 4601 iniquitas
2932 4529 3093 4600 quod
3134 4530 3348 4595 amisit,
3388 4547 3574 4603 quam
3604 4531 3801 4585 veritas
3820 4522 3946 4597 quod

2360 4619 2649 4692 promisit.
2676 4620 2807 4673 Haec
2832 4619 3046 4672 sentire
3070 4633 3250 4689 quam
3293 4619 3364 4674 sit
3395 4619 3636 4675 stultum
3664 4624 3716 4673 et
3743 4615 3945 4686 impium

2354 4709 2483 4779 jam
2514 4706 2763 4763 fortasse
2792 4707 3063 4763 viderunt
3096 4727 3108 4766 :
3147 4709 3553 4777 cogitaverunt
3576 4721 3798 4781 quoque
3816 4703 3945 4757 dam-

2360 4803 2532 4852 natos
2564 4812 2599 4851 a
2617 4812 2679 4851 se
2695 4795 3157 4851 Maximianistas
3172 4796 3453 4852 Primiani
3485 4799 3844 4854 damnatores
3867 4800 3948 4861 per

2359 4891 2647 4958 potestate
2662 4889 2924 4939 terrenas
2938 4884 3115 4939 etiam
3142 4884 3216 4940 de
3241 4885 3506 4941 basilicis
3527 4900 3754 4942 curasse
3774 4878 3947 4953 pellen-

2359 4976 2489 5039 dos,
2524 4979 2582 5030 et
2610 4973 2689 5030 ibi
2723 4975 2937 5029 certius
2980 4973 3255 5045 exemplo
3286 4990 3395 5030 suo
3422 4975 3734 5031 recentiore
3768 4968 3946 5025 didice-

2357 5070 2495 5119 runt
2526 5079 2646 5119 non
2686 5078 2819 5117 esse
2869 5068 3202 5134 peccatum,
3237 5064 3282 5118 si
3317 5064 3433 5120 tale
3472 5062 3691 5134 aliquid
3733 5053 3947 5115 Ecclesia

2358 5159 2566 5210 contra
2609 5152 2860 5208 rebelles
2905 5168 3047 5208 suos
3101 5152 3178 5207 ad
3217 5152 3565 5225 hujusmodi
3608 5144 3945 5224 potestatibus

2359 5242 2621 5315 postulat
2652 5257 2664 5295 :
2696 5247 2751 5296 et
2779 5240 2939 5313 quod
2970 5240 3204 5312 aliquos
3234 5256 3305 5296 ex
3335 5240 3630 5297 damnatis
3670 5240 3854 5311 postea
3879 5244 3943 5285 re-

2358 5335 2660 5403 ceperunt,
2694 5345 2842 5402 quos
2868 5344 3005 5385 cum
3037 5329 3417 5397 damnarent,
3449 5330 3577 5386 aliis
3607 5326 3770 5384 etiam
3798 5316 3937 5395 pluri-

2361 5422 2470 5475 mis
2494 5421 2551 5475 in
2575 5419 2787 5475 eadem
2819 5418 3098 5474 societate
3124 5417 3463 5474 schismatis
3496 5414 3802 5474 constitutis
3829 5406 3941 5464 dila-

2358 5510 2583 5564 tionem
2640 5508 2953 5571 dederunt,
3001 5522 3157 5578 quos
3213 5506 3274 5561 in
3341 5505 3670 5563 Maximiani
3720 5490 3938 5563 sacrilegi

2360 5598 2579 5653 surculi
2595 5595 3019 5653 communione
3032 5594 3375 5668 impollutos
3388 5594 3669 5654 mansisse
3692 5588 3936 5648 dixerunt.
