4074 6164
562 156 689 213 ’495

570 295 738 339 rares
769 283 829 338 in
868 298 938 338 eo
969 282 997 338 ?
1030 278 1342 353 quomodo
1384 285 1583 337 autem
1625 297 1897 353 sperares
1940 284 1998 337 in
2032 298 2102 338 eo
2135 321 2150 347 ,
2180 281 2228 334 si

573 388 848 443 sperares
878 371 935 425 in
954 372 1175 425 incerto
1202 369 2064 435 divitiarum,etcontemneres
2082 386 2229 442 prae-

572 466 813 529 ceptum
829 458 1311 524 saluberrimum,
1340 475 1463 531 quo
1477 462 1799 531 Apostolus
1821 462 1903 517 ait
1926 477 1938 515 :
1970 462 2230 528 Praecipe

571 547 847 603 divitibus
872 547 1047 618 hujus
1088 548 1298 602 mundi
1320 564 1437 603 non
1469 549 1719 617 superbe
1777 564 2003 618 sapere,
2046 563 2231 618 neque

568 651 814 705 sperare
852 637 912 691 in
938 635 1160 691 incerlo
1190 636 1559 702 divitiarum,
1588 639 1687 692 sed
1710 638 1772 693 in
1828 640 1946 694 Deo
1972 637 2102 693 vivo
2128 636 2233 706 qui

566 730 816 793 praestat
842 724 1006 779 nobis
1034 725 1232 779 omnia
1258 726 1639 781 abundanter
1663 728 1743 782 ad
1767 728 2095 797 fruendum
2122 732 2227 795 ;ut

571 813 782 869 divites
811 813 925 868 sint
948 813 1009 868 in
1039 814 1305 883 Operibus
1337 815 1517 879 bonis,
1546 816 1733 883 facile
1754 817 2046 883 tribuant,
2079 831 2229 870 com-

571 902 895 967 municent,
929 903 1326 959 thesaurizent
1373 904 1487 958 sibi
1510 906 1971 973 fundamentum
2014 904 2230 960 bonum

569 992 634 1047 in
646 993 942 1062 futurum.
958 1000 1019 1047 ut
1038 993 1495 1063 apprehendant
1519 1009 1715 1049 veram
1735 994 1911 1050 vitam
1930 996 1968 1065 (Ι
1993 995 2226 1058 Τίνη.νι,

576 1080 757 1152 ι-ι-ιθ)
785 1081 813 1137 ι

644 1171 866 1225 CAPUT
908 1170 977 1223 ΙΙ.
1006 1198 1073 1210 -
1101 1173 1153 1224 3.
1191 1170 1377 1225 Debes
1428 1171 1627 1241 itaque
1659 1186 1781 1242 prae
1813 1186 2015 1227 amore
2054 1171 2230 1241 hujus

571 1274 722 1313 veras
749 1260 898 1323 vitas,
919 1259 1096 1313 etiam
1120 1258 1449 1314 desolatam
1475 1263 1529 1314 te
1545 1265 1753 1330 putare
1779 1261 1835 1314 in
1860 1261 1972 1315 hoc
1992 1259 2226 1327 saeculo,

571 1349 629 1403 in
658 1348 1027 1419 quantalibet
1047 1349 1176 1417 ejus
1210 1347 1485 1403 felicitate
1502 1351 1936 1405 verseris.Nam
1966 1352 2117 1403 sicut
2140 1354 2229 1403 est

571 1436 675 1490 illa
697 1452 835 1491 vera
853 1438 989 1505 vita,
1009 1437 1063 1490 in
1082 1437 1253 1506 cujus
1272 1437 1719 1508 comparatione
1744 1438 2071 1507 utiqueista
2092 1452 2227 1508 quae

572 1526 829 1580 multum
862 1526 1740 1596 amatur,quamlibetjucunda
1771 1532 1948 1598 atque
1975 1527 2225 1596 produc-

576 1618 634 1669 ta
664 1614 758 1678 sit,
793 1629 901 1667 nec
928 1614 1045 1668 vita
1075 1614 1335 1669 dicenda
1366 1620 1453 1669 est
1487 1615 1607 1669 :sic
1635 1620 1721 1670 est
1741 1616 1919 1670 etiam
1948 1614 2227 1670 solatium

575 1718 803 1767 verum,
828 1702 988 1773 quod
1010 1718 1114 1772 per
1139 1703 1491 1772 prophetam
1511 1703 1796 1758 Dominus
1816 1704 2101 1775 promittit
2140 1704 2230 1758 di-

575 1807 737 1856 cens,
768 1790 1043 1846 Daboitti
1063 1790 1336 1846 solatium
1362 1807 1582 1857 verum,
1604 1808 1801 1860 pacem
1827 1808 1998 1863 super
2016 1808 2227 1861 pacem

580 1880 742 1951 (Isai.
767 1896 897 1944 LVII,
922 1880 1010 1943 18,
1039 1881 1126 1943 19,
1158 1894 1269 1935 sec.
1296 1880 1486 1951 LXX);
1522 1882 1647 1936 sine
1668 1898 1789 1952 quo
1822 1881 2032 1936 solatio
2062 1897 2229 1952 quas-

573 1985 827 2040 cumque
855 1973 1238 2022 suntterrena
1261 1968 1490 2034 solatia,
1525 1970 1714 2039 magis
1731 1970 1787 2024 in
1805 1969 1888 2025 eis
1910 1970 2225 2034 desolatio,

575 2074 756 2130 quam
787 2056 1117 2112 consolatio
1169 2059 1474 2127 reperitur.
1511 2057 1733 2112 Divitiae
1763 2058 1987 2130 quippe
2049 2064 2228 2130 atque

570 2148 811 2216 fastigia
845 2145 1229 2215 dignitatum,
1261 2152 1594 2219 caeteraque
1634 2147 1984 2218 hujusmodi
2008 2148 2228 2218 quibus

572 2236 771 2293 felices
798 2252 857 2290 se
889 2251 1019 2290 esse
1050 2237 1554 2306 putantmortales
1578 2253 1729 2292 veras
1752 2238 1906 2292 illius
1934 2238 2226 2293 felicitatis

575 2330 869 2398 expertes,
901 2324 1046 2394 quid
1080 2324 1338 2379 afferunt
1389 2326 1830 2391 consolationis,
1870 2343 2003 2380 cum
2041 2328 2113 2381 sit
2148 2327 2228 2381 eis

574 2430 697 2470 non
728 2416 746 2449 ¹
772 2413 1036 2484 indigere
1067 2428 1250 2483 quam
1284 2414 1543 2468 eminere
1594 2414 1971 2485 praestantius
2026 2432 2039 2481 ;
2093 2432 2228 2487 qum

573 2503 709 2575 plus
722 2502 1062 2556 excruciant
1076 2501 1294 2571 adepta
1310 2502 1515 2556 timore
1530 2503 2076 2575 amissionis,quam
2093 2520 2230 2559 con-

578 2591 781 2660 cupita
814 2588 1153 2660 adeptionis
1180 2591 1389 2645 ardore
1420 2590 2049 2649 "tTalibusbonisnon
2082 2594 2231 2649 fiunt

574 2678 854 2734 homines
887 2678 1049 2741 boni,
1084 2678 1186 2733 sed
1221 2678 1461 2734 aliunde
1492 2679 1807 2744 bonifacti,
1834 2682 1986 2737 bene
2006 2684 2229 2737 utendo

575 2768 802 2823 faciunt
832 2772 892 2822 ut
924 2767 1036 2821 ista
1062 2767 1177 2821 sint
1204 2767 1387 2823 bona.
1421 2771 1545 2823 Non
1578 2777 1715 2823 sunt
1740 2785 1881 2839 ergo
1912 2771 1969 2826 in
1997 2772 2069 2826 iis
2092 2788 2229 2828 vera

576 2856 812 2921 solatia,
851 2856 952 2910 sed
986 2856 1063 2910 ibi
1095 2855 1291 2927 potius
1317 2856 1417 2911 ubi
1444 2873 1584 2913 vera
1616 2859 1754 2913 vita.
1785 2861 1931 2914 Nam
1964 2860 2101 2916 inde
2128 2878 2231 2916 ne-

574 2961 736 3001 cesse
752 2950 841 3000 est
873 2950 935 2999 ut
957 2945 1061 3001 ﬁat
1088 2945 1270 3000 homo
1298 2945 1705 3010 beatus,unde
1732 2946 1794 3002 ﬁt
1821 2948 2038 3003 bonus.

644 3036 697 3088 4.
736 3034 1013 3089 Homines
1032 3039 1232 3089 autem
1250 3033 1387 3089 boni
1404 3035 1671 3091 videntur
1697 3037 1873 3092 etiam
1904 3039 1961 3092 in
1980 3039 2093 3093 hac
2111 3042 2229 3095 vita

575 3131 856 3196 praestare
905 3139 1025 3178 non
1090 3139 1276 3192 parva
1331 3123 1560 3179 solatia.
1618 3128 1761 3179 Nam
1807 3127 1855 3180 si
1909 3134 2231 3198 paupertas

574 3212 828 3284 angit,si
858 3212 1051 3266 luctus
1084 3211 1500 3273 mmstiticat,si
1529 3212 1697 3267 dolor
1722 3214 2230 3286 corporisinquie-

574 3308 676 3365 tat,
700 3303 745 3355 si
775 3300 1358 3363 contristatexilium,
1378 3301 1422 3353 si
1439 3299 1555 3355 ulla
1579 3300 1884 3356 calamitas
1898 3303 2013 3358 alia
2030 3310 2226 3371 vexat,

576 3390 775 3445 adsint
802 3389 944 3443 boni
971 3388 1248 3442 homines
1284 3389 1384 3458 qui
1417 3405 1535 3444 non
1574 3390 1768 3444 solum
1797 3392 2059 3460 gaudere
2090 3410 2227 3449 cum

579 3477 1000 3548 gaudentibus,
1020 3492 1223 3530 verum
1251 3477 1423 3531 etiam
1442 3477 1580 3532 ﬂere
1597 3495 1732 3533 cum
1748 3478 2026 3535 flentibus
2042 3483 2229 3553 (Rom.

576 3584 669 3633 xu,
690 3567 777 3637 15)
794 3570 1032 3631 norunt,
1052 3572 1105 3620 et
1120 3565 1663 3639 salubriteralioqui
1679 3568 2000 3642 etcolloqui
2015 3574 2229 3641 sciunt,

574 3656 900 3728 plurimum
936 3656 1033 3711 illa
1064 3671 1276 3726 aspera
1294 3655 1613 3722 leniuntur,
1650 3658 1983 3713 relevantur
2004 3663 2229 3734 gravia;

579 3751 937 3816 superantur
967 3746 1239 3800 adversa.
1274 3744 1389 3800 Sed
1431 3746 1522 3801 ille
1558 3747 1670 3801 hoc
1711 3746 1767 3802 in
1802 3748 1885 3802 eis
1913 3756 1966 3804 et
1998 3766 2101 3821 per
2130 3767 2231 3806 eos

579 3836 833 3907 agit,qui
862 3836 1067 3906 spiritu
1094 3851 1201 3889 suo
1218 3839 1235 3869 ³
1256 3835 1449 3889 bonos
1472 3835 1625 3891 fecit.
1646 3839 1922 3901 Econtra,
1942 3838 1988 3892 si
2012 3840 2230 3896 divitias

577 3923 1016 3988 circumﬂuant,
1074 3924 1239 3978 nulla
1268 3925 1494 3979 orbitas
1524 3925 1773 3991 accidat,
1824 3925 1981 3981 adsit
2010 3930 2231 3983 sanitas

581 4013 799 4076 carnis,
835 4012 1118 4066 incolumi
1146 4012 1447 4067 habitetur
1474 4014 1529 4066 in
1565 4015 1776 4084 patria,
1811 4021 1865 4069 et
1891 4016 2232 4073 cohabitent

584 4102 725 4157 mali
740 4101 1038 4165 homines,
1057 4102 1111 4154 in
1132 4101 1350 4172 quibus
1366 4117 1544 4156 nemo
1559 4103 1628 4156 sit
1643 4103 1736 4156 cui
1757 4102 1904 4157 ﬁdes
1917 4104 2227 4171 habeatur,

582 4207 617 4246 a
642 4206 764 4262 quo
796 4206 916 4244 non
949 4190 1143 4253 dolus,
1180 4190 1359 4255 fraus,
1386 4192 1505 4255 irae,
1540 4191 1875 4257 discordiae,
1908 4194 2136 4250 insidiae
2167 4196 2233 4250 ti-

578 4284 875 4345 meantur,
892 4285 1064 4350 atque
1080 4281 1513 4347 sustineantur;
1533 4296 1730 4334 nonne
1754 4281 1852 4337 illa
1865 4284 2233 4339 omniatiunt

582 4385 793 4425 amara
818 4374 872 4423 et
899 4369 1070 4434 dura,
1101 4384 1209 4423 nec
1239 4367 1464 4441 aliquid
1513 4368 1715 4423 laetum
1756 4371 1842 4424 vel
1872 4372 2023 4426 duce
2059 4379 2141 4428 est
2171 4374 2231 4427 in

581 4459 666 4514 eis
688 4458 717 4512 ‘i
746 4460 828 4513 Ita
859 4460 915 4513 in
946 4456 1306 4530 quibuslibet
1336 4456 1514 4511 rebus
1548 4458 1828 4513 humanis
1852 4461 1993 4516 nihil
2020 4462 2232 4518 estho-

582 4549 729 4603 mini
754 4548 1016 4601 amicum
1046 4544 1173 4598 sine
1190 4544 1435 4599 homine
1466 4547 1682 4602 amico.
1708 4548 1819 4603 Sed
1845 4552 2230 4621 quotusquis-

579 4653 697 4707 que
729 4636 860 4690 talis
892 4634 1204 4697 invenitur,
1229 4632 1303 4687 de
1330 4635 1500 4703 cujus
1531 4637 1733 4691 animo
1774 4646 1826 4691 et
1856 4638 2121 4693 moribus
2158 4640 2232 4693 sit

584 4727 642 4780 in
672 4726 783 4780 hac
815 4727 931 4778 vita
956 4731 1114 4777 certa
1144 4722 1425 4777 securitas
1445 4722 1634 4778 ‘tNam
1660 4726 1810 4780 sicut
1842 4726 1951 4781 sibi
1974 4730 2232 4799 quisque

585 4829 765 4871 nemo
791 4812 953 4867 aliter
982 4811 1147 4865 alteri
1177 4815 1348 4864 notus
1371 4817 1476 4875 est,
1495 4818 1691 4867 tamen
1712 4830 1818 4868 nec
1849 4816 2231 4887 sibiquisque

580 4906 662 4960 ita
710 4908 886 4958 notus
916 4906 1022 4965 est,
1077 4906 1137 4953 ut
1168 4903 1223 4953 et
1278 4898 1349 4953 sit
1402 4900 1476 4953 de
1529 4916 1638 4955 sua
1686 4903 1947 4959 crastina
1991 4920 2230 4960 conver-

582 4994 813 5050 satione
891 5004 1160 5045 securus.
1248 4988 1497 5043 Proinde
1559 4991 1840 5060 quamvis
1891 5009 1959 5046 ex
2031 4992 2232 5048 fructi-

576 5085 692 5141 bus
721 5084 845 5137 suis
887 5079 1053 5135 multi
1084 5084 1542 5146 cognoscantur,
1570 5086 1621 5132 et
1655 5079 1752 5133 alii
1794 5080 1945 5135 male
1976 5081 2229 5138 vivendo

580 5173 954 5239 contristent;
986 5177 1182 5224 tamen
1207 5173 1442 5237 propter
1457 5166 1862 5222 humanorum
1888 5171 2227 5227 animorum

577 5264 781 5333 ignota
807 5269 863 5316 et
883 5260 1127 5325 incerta,
1162 5255 1486 5311 rectissime
1518 5256 1839 5327 Apostolus
1859 5260 2143 5315 admonet
2170 5267 2230 5317 ut

644 5372 656 5397 τ
685 5367 837 5431 Apud
864 5430 871 5437 .
901 5366 1025 5414 Lov.
1060 5364 1338 5436 omittitur.
1360 5362 1445 5411 hic
1508 5362 1770 5425 particula
1831 5377 2054 5472 nequius,
2112 5381 2231 5430 quas

644 5434 913 5472 nenturm
936 5428 1063 5472 Edd.
1103 5427 1220 5472 alus
1246 5430 1299 5472 et
1328 5440 1381 5472 in
1411 5426 1533 5472 Mss.
1568 5439 1733 5472 prone
1763 5440 1907 5472 omni
1952 5442 2013 5472 us

583 5426 913 5499 reperiturin
935 5427 1220 5498 Eddaaliis
1246 5430 1299 5474 et
1328 5426 1381 5472 in
1411 5426 1533 5473 Mss.
1568 5439 1733 5488 prope
1763 5426 2036 5499 omnibus,
2128 5426 2143 5430 “

584 5552 617 5566 Η
638 5495 656 5523 ι
688 5492 1125 5566 Βθωειιιᾷιιθιιβιε
1158 5489 1323 5537 codex
1351 5502 1361 5536 :
1389 5490 1506 5566 Quae
1537 5489 1652 5549 plus
1673 5494 2229 5566 egeruczantpdeptum

580 5552 763 5615 timore
784 5552 1107 5615 amissionis,
1127 5552 1585 5615 quamicupientem
1616 5552 1803 5615 ardore
1829 5552 2134 5615 adeptionis.

643 5613 660 5642 ³
695 5613 821 5662 Mss.
842 5612 966 5659 duo.
994 5612 1181 5668 Vatic.,
1213 5614 1402 5673 spiritu
1425 5628 1514 5662 suo
1548 5614 1678 5663 bono
1704 5614 1861 5664 bonos
1889 5612 2031 5679 facit.

1859 154 1918 213 s.
1960 146 2347 214 AUGUSTINI
2388 148 2709 210 EPISCOPI
3620 114 3635 119 ’
3819 159 3901 218 ise

2334 294 2456 334 non
2470 284 2607 335 ante
2621 282 2857 350 tempus
2870 279 3201 352 quidquam
3214 277 3735 350 judicemus,donec
3746 287 3908 342 veniat

2336 369 2640 433 Dominus,
2683 374 2740 423 et
2780 368 3073 424 illuminet
3110 368 3452 425 abscondita
3491 368 3841 437 tenebrarum,
3866 381 3910 431 et

2336 457 2673 512 manifestet
2693 457 3083 525 cogitationes
3108 458 3325 524 cordis,
3353 463 3408 513 et
3430 464 3559 514 tunc
3582 458 3910 517 lauserituni-

2335 548 2546 617 cuique
2572 564 2605 601 a
2635 548 2750 601 Deo
2778 545 2821 617 (Ι
2850 546 2987 601 Cor.
3023 563 3097 612 IV,
3125 547 3204 615 5).

2406 640 2456 689 5.
2476 638 2534 688 ln
2550 635 2616 689 iis
2643 635 2820 704 igitur
2846 636 2980 690 vitae
3004 636 3184 706 huius
3202 634 3549 699 tenebris,in
3570 636 3768 708 quibus
3783 653 3915 708 pere-

2335 725 2646 793 grinamur
2676 740 2711 779 a
2735 724 3009 793 Domino,
3040 723 3331 795 quamdiu
3359 740 3461 795 per
3484 724 3653 779 ﬁdem
3693 725 3916 783 ambula-

2337 829 2495 877 mus,
2528 828 2650 867 non
2679 828 2784 883 per
2810 814 3068 883 speciem
3097 814 3163 881 (ll
3192 813 3330 868 Cor.
3354 829 3410 880 v,
3443 816 3494 876 6,
3523 813 3597 883 7),
3638 814 3917 870 desolatam

2335 902 2583 957 debetse
2606 900 2931 956 christiana
2952 901 3156 957 anima
3182 906 3474 974 reputare,
3498 902 3796 958 nedesistat
3817 919 3919 959 ora-

2333 1005 2395 1046 re
2429 1008 2441 1044 :
2471 996 2526 1045 et
2554 990 2988 1061 Scripturarum
3014 990 3356 1046 divinarum
3386 996 3815 1062 sanctarumque
3829 1009 3920 1047 ser-

2335 1080 2501 1134 moni
2531 1078 2723 1134 discat
2754 1085 3042 1150 tanquam
3068 1079 3323 1135 lucernae
3352 1079 3409 1134 in
3440 1080 3683 1135 obscuro
3700 1079 3812 1135 loco
3839 1097 3922 1151 po-
4024 1084 4025 1143 l

2336 1168 2463 1222 sitae
2485 1168 2624 1223 ﬁdei
2654 1168 2893 1223 oculum
2922 1168 3248 1233 intendere,
3273 1168 3459 1224 donec
3480 1170 3600 1224 dies
3624 1168 3865 1234 lucescat,
3880 1178 3921 1224 et

2332 1256 2541 1312 lucifer
2596 1256 2821 1312 oriatur
2852 1258 2911 1312 in
2938 1257 3220 1313 cordibus
3254 1259 3471 1313 nostris
3503 1258 3567 1327 (ll
3596 1259 3745 1313 Petr.
3776 1274 3809 1322 1,
3837 1261 3918 1327 19).

2335 1346 2521 1415 Hujus
2552 1346 2705 1400 enim
2739 1345 2991 1401 lucernae
3017 1346 3265 1418 quidam
3288 1344 3735 1402 fonsineﬁ‘ahilis
3761 1346 3920 1400 lumen
4024 1344 4025 1417 ξ

2334 1434 2479 1489 illud
2510 1442 2617 1500 est,
2647 1436 2809 1505 quod
2843 1434 2925 1489 sic
2949 1434 3463 1501 lucetintenebris,
3496 1442 3685 1490 utnon
3715 1451 3924 1506 compre-
4024 1426 4025 1497 ᾖ

2334 1523 2630 1578 hendatur
2660 1540 2695 1579 a
2726 1524 3008 1587 tenebris,
3042 1523 3429 1591 cuividendo,
3463 1523 3573 1579 ﬁde
3601 1522 3769 1579 corda
3794 1540 3925 1577 mun-

2333 1612 2539 1667 danda
2567 1617 2743 1671 sunt:
2787 1613 2954 1669 Beati
2988 1614 3145 1667 enim
3180 1614 3396 1668 mundo
3439 1613 3656 1677 cordo;
3701 1613 3928 1683 quoniam
4024 1620 4025 1679 ξ

2333 1701 2446 1770 ipsi
2474 1702 2656 1757 Deum
2682 1702 2957 1758 videbunt
2988 1703 3225 1773 (Matth.
3259 1720 3312 1766 v,
3340 1703 3396 1773 8)
3445 1721 3457 1767 ;
3487 1708 3562 1769 et,
3590 1702 3799 1757 Scimus
3822 1718 3927 1773 quo-
4024 1701 4025 1767 Ξ

2334 1790 2498 1845 niam
2538 1807 2669 1846 cum
2702 1792 3074 1859 apparuerit,
3103 1792 3325 1847 similes
3356 1795 3411 1847 ei
3429 1791 3661 1861 erimus,
3697 1791 3928 1862 quoniam
4024 1778 4025 1847 ι

2334 1880 2660 1935 videbimus
2701 1895 2825 1935 eum
2852 1883 3028 1936 sicuti
3070 1888 3154 1937 est
3176 1881 3222 1953 (Ι
3250 1882 3420 1936 Joan.
3456 1896 3535 1945 ιιι,
3593 1884 3664 1951 2).
3689 1887 3829 1935 Tunc
3850 1881 3929 1935 erit

2334 1984 2475 2024 vera
2508 1969 2627 2023 vita
2667 1975 2800 2040 post
2855 1974 3130 2039 mortem,
3184 1986 3503 2042 verumque
3536 1969 3793 2024 solatium
3827 1984 3909 2039 pos

2334 2057 2766 2112 desolationem
2802 2079 2814 2111 :
2849 2056 2946 2113 illa
2963 2060 3079 2113 vita
3105 2059 3321 2114 eximet
3344 2059 3597 2114 animam
3615 2063 3849 2113 nostram
3876 2056 3930 2110 de
4024 2114 4025 2117 η

2334 2152 2544 2213 morte,
2578 2153 2633 2201 et
2661 2146 2801 2200 illud
2830 2146 3106 2201 solatium
3141 2147 3347 2202 oculos
3376 2145 3928 2216 nostrosalacrymis;
4024 2146 4025 2153 ‘

2333 2241 2391 2289 et
2418 2236 2706 2307 quoniam
2736 2236 2813 2290 ibi
2833 2235 2959 2306 jam
2994 2251 3111 2291 non
3144 2237 3253 2291 erit
3282 2236 3403 2291 ulla
3427 2237 3684 2302 teutatio,
3728 2236 3842 2289 ideo
3868 2250 3932 2287 se-

2334 2325 2537 2395 quitur
2562 2326 2619 2379 in
2649 2324 2860 2379 eodem
2876 2324 3129 2395 psalmo,
3149 2325 3330 2381 Pedes
3350 2340 3505 2382 meos
3532 2341 3567 2380 a
3591 2326 3771 2394 lapsu.
3798 2324 3932 2377 Porro

2336 2412 2385 2467 si
2420 2413 2582 2468 nulla
2614 2415 2877 2479 teutatio,
2910 2414 3027 2483 jam
3062 2414 3226 2469 nulla
3279 2416 3473 2470 oratio
3508 2432 3520 2469 :
3550 2430 3665 2469 non
3713 2412 3849 2468 enim
3874 2411 3931 2465 ibi

2336 2501 2533 2557 adhuc
2583 2501 2690 2557 erit
2717 2502 2990 2572 promissi
3046 2502 3187 2557 boni
3219 2503 3606 2575 exspectatio,
3640 2503 3736 2557 sed
3763 2500 3932 2557 redditi
4024 2572 4025 2583 χ

2337 2591 2756 2661 contemplatio
2803 2607 2816 2655 ;
2857 2593 3035 2658 unde,
3070 2592 3355 2659 Placebo,
3400 2593 3618 2666 inquit,
3651 2592 3868 2647 Domino
3887 2588 3932 2643 in

2336 2681 2576 2750 regione
2608 2679 3078 2751 vivorum(Psal.
3104 2695 3260 2745 cxrv,
3295 2684 3441 2751 8,9),
3472 2681 3932 2740 ubituncerimus,
4024 2714 4025 2723 η

2335 2785 2455 2823 non
2488 2770 2545 2822 in
2574 2768 2809 2823 deserto
2838 2776 3231 2835 mortuorum,
3280 2770 3374 2824 ubi
3412 2767 3935 2826 nuncsumus.Mor~
4024 2836 4025 2843 γ

2337 2860 2424 2913 tui
2449 2858 2601 2913 enim
2632 2857 2791 2922 estis,
2815 2859 2898 2914 ait
2930 2856 3268 2929 Apostolus,
3299 2866 3352 2914 et
3377 2861 3502 2916 vita
3534 2867 3720 2916 vestra
3745 2858 3937 2915 abscon-
4024 2864 4025 2915 ξ

2336 2947 2461 3002 dita
2496 2953 2576 3001 est
2609 2961 2739 3002 cum
2776 2945 3011 3002 Christo
3048 2949 3105 3001 in
3130 2948 3247 3003 Deo
3278 2966 3297 3003 :
3329 2964 3463 3004 cum
3497 2956 3687 3005 autem
3720 2946 3935 3003 Christus
4024 2945 4025 2999 Τ

2335 3037 2686 3104 apparuerit
2711 3034 2831 3090 vita
2854 3043 3069 3103 vestra,
3100 3043 3241 3091 tunc
3258 3041 3311 3092 et
3340 3053 3443 3093 vos
3460 3038 3810 3107 apparebitis
3835 3050 3935 3091 cum

2336 3126 2462 3192 ipso
2493 3125 2554 3178 in
2586 3124 2784 3193 gloria
2811 3124 3057 3193 (Cotoss.
3082 3140 3165 3190 ιιι,
3197 3130 3248 3191 3,
3284 3127 3355 3197 4).
3384 3129 3521 3182 Haec
3552 3133 3636 3182 est
3672 3127 3806 3181 enim
3834 3138 3938 3177 vera
4024 3114 4025 3179 ξ

2335 3213 2472 3274 vita,
2499 3228 2684 3283 quam
2711 3211 2997 3282 jubentur
3016 3212 3192 3269 bonis
3231 3214 3520 3285 operibus
3548 3213 3939 3287 apprehendere
4024 3226 4025 3269 ι

2336 3300 2546 3356 divites
2580 3324 2591 3355 ε
2628 3309 2681 3355 et
2732 3301 2812 3356 ibi
2866 3308 2953 3357 est
2985 3318 3189 3357 verum
3246 3303 3527 3359 solatium
3568 3319 3730 3374 ;quo
3771 3300 3938 3356 solatio

2337 3406 2497 3445 nunc
2538 3390 2716 3445 vidua
2748 3391 3035 3454 desolata,
3071 3391 3247 3446 etiam
3277 3408 3414 3464 qua).
3464 3393 3618 3448 ﬁlios
3653 3400 3703 3448 et
3741 3396 3940 3463 nepotes
4024 3450 4025 3455 η

2337 3477 2537 3543 habet,
2572 3486 2625 3533 et
2651 3478 2900 3533 domum
2936 3495 3105 3534 suam
3130 3480 3224 3550 pie
3247 3486 3477 3547 tractat,
3495 3497 3677 3551 agens
3698 3497 3819 3535 cum
3838 3493 3937 3532 om-
4024 3524 4025 3529 η

2342 3570 2516 3624 nibus
2550 3568 2672 3622 suis
2687 3570 3059 3638 utpouantin
3076 3572 3191 3625 Deo
3219 3585 3386 3640 spem
3412 3587 3607 3636 suam,
3636 3569 3940 3625 dicittamen

2338 3660 2399 3713 in
2418 3658 2703 3722 oratione,
2737 3657 3056 3713 Sitivittibi
3084 3658 3286 3714 anima
3311 3674 3438 3714 mea
3473 3676 3679 3730 :quam
3700 3655 3942 3724 multipli-

2338 3747 2485 3803 citer
2515 3747 2623 3801 tibi
2642 3752 2692 3801 et
2724 3761 2864 3801 caro
2896 3762 3042 3811 mea,
3065 3746 3128 3801 in
3164 3754 3324 3803 terra
3346 3746 3592 3814 deserta,
3622 3758 3674 3804 et
3718 3747 3830 3802 sine
3850 3744 3940 3805 via,

2339 3844 2389 3891 et
2413 3839 2538 3891 sine
2566 3850 2724 3905 aqua
2740 3835 2923 3902 (Psal.
2940 3851 3074 3899 Lxu,
3092 3839 3143 3899 2,
3164 3836 3252 3906 3);
3278 3836 3440 3908 quod
3460 3844 3547 3892 est
3564 3837 3676 3891 ista
3688 3835 3944 3891 moribun-

2338 3925 2417 3980 da
2432 3924 2943 3995 vita,quibuslibet
2957 3924 3312 3979 mortalibue
3326 3924 3942 3998 solatiisfrequentetur,

2337 4012 2704 4084 quibuslibet
2721 4011 3134 4067 itinerantibus
3156 4012 3490 4079 comitetur,
3525 4012 3945 4085 quantalibetre-

2337 4119 2468 4156 rum
2513 4101 2687 4171 copia
2735 4099 3089 4155 cumuletur.
3139 4102 3296 4156 Nosti
3351 4101 3579 4174 quippe
3622 4104 3732 4157 ista
3781 4097 3945 4155 omnia

2337 4205 2524 4261 quam
2568 4189 2791 4243 incerta
2822 4189 2935 4243 sint
2966 4205 2978 4242 :
3009 4194 3063 4243 et
3090 4189 3148 4243 in
3179 4188 3333 4244 illius
3374 4192 3688 4262 promissae
3719 4189 3946 4245 felicitate

2338 4277 2787 4348 comparatione
2840 4277 2985 4348 quid
3034 4283 3252 4340 essent,
3318 4280 3553 4335 etiamsi
3600 4280 3807 4335 incerta
3854 4288 3948 4330 non

2338 4365 2571 4423 essent?

2410 4460 2459 4512 6.
2492 4459 2623 4510 Hth
2650 4454 3081 4526 dixi,quoniam
3118 4471 3455 4512 sermonem
3475 4473 3677 4513 meum
3700 4457 3865 4511 vidua
3882 4452 3950 4506 di-

2337 4561 2441 4599 ves
2474 4551 2526 4599 et
2556 4544 2795 4611 nobilis,
2824 4549 2877 4599 et
2907 4549 3082 4599 tantae
3120 4544 3359 4600 familias
3386 4553 3599 4613 mater,
3624 4548 3697 4602 de
3727 4542 3951 4601 oratione

2337 4633 2623 4704 quaesisti,
2642 4639 2701 4686 ut
2724 4632 2900 4687 etiam
2933 4638 3126 4687 tecum
3144 4634 3201 4687 in
3234 4634 3347 4689 hac
3366 4636 3484 4690 vita
3500 4630 3949 4706 permanentibus

2339 4727 2395 4776 et
2424 4722 2893 4792 obsequentibus
2924 4721 3058 4786 tuis,
3096 4728 3146 4775 te
3203 4723 3431 4778 sentias
3462 4725 3805 4788 desolatam,
3836 4732 3951 4775 non-

2337 4809 2483 4865 dum
2520 4810 2715 4881 utique
2732 4809 3108 4880 apprehensa
3129 4809 3228 4866 illa
3249 4812 3387 4877 vita,
3417 4813 3517 4867 ubi
3541 4818 3627 4867 est
3650 4826 3841 4867 verum
3854 4822 3949 4862 cer-

2339 4904 2575 4970 tumque
2607 4898 2905 4962 solatium,
2930 4898 3028 4952 ubi
3057 4898 3387 4969 implebitur
3411 4902 3577 4972 quod
3601 4902 3660 4955 in
3684 4895 3952 4971 prophetis

2338 4986 2566 5042 dictum
2594 4992 2683 5040 est
2713 5002 2725 5040 :
2753 4986 3181 5042 Satiatisumus
3213 5004 3386 5044 mane
3405 4989 3803 5046 misericordia
3830 4994 3950 5051 tua;

2339 5082 2390 5132 et
2407 5075 2826 5132 exsuttavimus
2858 5084 2909 5130 et
2925 5076 3246 5146 jucundati
3269 5093 3468 5133 sumus
3491 5079 3553 5134 in
3581 5078 3839 5134 omnibus
3858 5073 3954 5129 die-

2342 5166 2445 5221 bus
2460 5167 2696 5220 nostris.
2723 5165 3056 5220 Jucundati
3080 5181 3285 5222 sumus
3309 5183 3419 5236 pro
3435 5168 3637 5223 diebus
3659 5166 3855 5238 quibus
3868 5174 3952 5217 nos

2339 5254 2690 5318 humiliasti,
2761 5254 2928 5308 annis
2981 5254 3192 5325 quibus
3264 5256 3514 5312 vidimus
3584 5258 3745 5312 mata
3794 5250 3948 5325 (Psat.

2337 5359 2571 5408 LXXXIX,
2606 5346 2688 5405 14,
2724 5343 2834 5413 i5).

2410 5432 2639 5487 CAPUT
2671 5432 2761 5486 Ill.
2794 5463 2856 5471 —
2884 5438 2936 5488 '7.
2971 5437 3306 5504 Antequam
3339 5448 3481 5504 ergo
3509 5433 3625 5489 ista
3655 5427 3949 5488 consolatio

2336 5520 2552 5587 veniat,
2585 5528 3075 5592 quantacumque
3101 5522 3513 5593 temporalium
3540 5522 3833 5579 bonorum
3853 5514 3949 5573 feli-

2338 5609 2508 5665 citate
2539 5608 2935 5672 circumﬂuas,
2971 5616 3033 5664 ut
3062 5612 3344 5682 persistas
3391 5612 3449 5667 in
3477 5610 3841 5667 orationibus
3870 5605 3947 5659 die
