4074 6164
167 186 250 243 497

154 329 210 367 ac
228 312 398 374 nocte,
425 305 739 363 desolatam
771 309 825 361 te
850 319 979 360 esse
1012 300 1375 358 memineris.
1430 304 1553 358 Non
1594 300 1755 355 enim

150 397 430 470 Apostolus
468 395 878 468 qualicumque
896 392 1090 447 vidua:
1114 392 1228 447 hoc
1258 406 1477 445 munus
1517 389 1755 454 tribuit;

148 488 238 544 Sed
251 502 365 558 quae
384 500 532 551 vere,
564 484 773 556 inquit,
803 484 981 539 vidua
1006 487 1087 537 est
1116 488 1168 537 et
1193 479 1757 546 desolata,speravit

146 580 193 631 in
220 574 467 637 Domino,
489 580 544 630 et
572 572 829 643 persistit
861 572 923 627 in
954 570 1325 627 orationibus
1356 570 1451 624 die
1475 584 1541 623 ac
1564 573 1754 623 nocte.

144 662 287 730 Quod
308 678 438 719 vero
451 663 736 735 sequitur,
752 660 1197 730 vigilantissime
1220 675 1386 727 cave,
1414 659 1755 726 Quwautem

140 756 189 810 in
210 752 416 809 deliciis
446 752 596 823 agit,
628 753 826 808 vivens
871 756 1107 806 mortua
1136 754 1217 805 est
1239 748 1285 820 (Ι
1321 749 1464 803 Tim.
1492 763 1545 809 v,
1572 751 1624 811 5,
1649 748 1704 816 6)
1739 761 1752 798 :

141 845 239 914 agit
263 842 413 898 enim
434 842 618 897 homo
647 842 707 895 in
732 841 799 896 iis
828 857 966 913 qum
991 840 1201 907 diligit,
1225 854 1361 910 quas
1393 852 1501 909 pro
1532 851 1755 905 magno

138 933 349 1005 appetit,
372 932 593 1002 quibus
610 931 853 987 beatum
888 946 949 986 se
993 946 1121 985 esse
1152 928 1353 984 credit.
1382 929 1757 997 Quapropter

136 1022 273 1095 quod
306 1021 605 1092 Scriptura
629 1020 776 1075 dixit
796 1021 867 1076 de
888 1019 1122 1085 divitiis,
1156 1018 1375 1074 Divitiae
1400 1016 1451 1072 si
1466 1016 1751 1085 afﬂuant,

136 1127 195 1167 ne
218 1112 519 1180 apponatis
546 1125 650 1166 cor
672 1109 857 1178 (Psal.
888 1125 1001 1171 LXI,
1035 1108 1137 1179 11),
1170 1107 1282 1163 hoc
1305 1107 1483 1161 etiam
1517 1104 1590 1160 de
1616 1104 1757 1160 deli-

135 1200 218 1255 ciis
245 1200 339 1255 tibi
368 1199 505 1255 dico
530 1216 543 1253 :
579 1198 811 1254 Delicias
840 1198 887 1253 si
918 1196 1187 1262 aﬂluant,
1222 1211 1295 1250 ne
1326 1209 1601 1266 apponas
1630 1208 1754 1249 cor.

136 1294 233 1345 Non
257 1289 384 1345 ideo
407 1293 459 1344 te
490 1288 953 1360 magnipendas,
976 1286 1142 1358 quod
1170 1300 1290 1340 non
1318 1284 1557 1347 desunt,
1588 1281 1755 1355 quod

132 1378 326 1435 affatim
366 1382 717 1449 suppetunt,
742 1376 905 1448 quod
930 1375 1090 1431 velut
1111 1390 1181 1430 ex
1224 1374 1383 1429 fonte
1411 1371 1754 1440 largissimo

136 1474 341 1524 terrenas
366 1466 663 1523 felicitatis
698 1465 863 1521 (lunt.
899 1465 1159 1521 Omnino
1185 1463 1313 1518 haec
1340 1462 1399 1517 in
1432 1466 1485 1517 te
1515 1460 1754 1532 despice

132 1562 281 1627 atque
296 1560 633 1620 contemne,
652 1570 762 1610 nec
788 1554 931 1609 iniis
956 1552 1293 1625 quidquam
1317 1550 1586 1622 requiras
1609 1566 1758 1619 prae-

135 1651 198 1700 ter
216 1645 498 1715 integram
522 1644 795 1716 corporis
818 1642 1241 1699 valetudinem.
1274 1643 1404 1695 Haec
1435 1640 1591 1694 enim
1618 1655 1755 1695 con-

134 1734 416 1789 temnenda
430 1749 555 1788 non
575 1737 909 1805 estprOpter
928 1730 1295 1787 necessarios
1312 1746 1452 1783 usus
1477 1730 1630 1791 vitae,
1654 1744 1757 1783 an-

132 1828 335 1895 tequam
359 1822 614 1879 mortale
642 1821 1056 1877 hocinduatur
1087 1818 1594 1889 immortalitate(l
1621 1817 1752 1872 Cor.

132 1928 207 1976 xv,
237 1916 320 1982 54)
350 1928 365 1978 ;
401 1913 518 1967 hoc
545 1915 637 1967 est
666 1927 805 1967 vera
835 1915 892 1965 et
916 1910 1173 1981 perfecta
1205 1915 1261 1963 et
1286 1912 1573 1979 perpetua
1600 1906 1756 1961 sani-

130 2005 242 2065 tate,
262 2016 389 2072 qua;
416 2016 542 2056 non
576 2005 807 2056 terrena
857 1998 1141 2054 deﬁciens
1172 1997 1514 2053 inﬁrmitate
1543 1996 1757 2067 persis-

130 2094 253 2153 tens,
282 2088 968 2159 mternaincorruptione
1001 2092 1321 2157 vegetatur.
1359 2088 1507 2140 Nam
1537 2090 1591 2140 et
1630 2088 1755 2156 ipse

132 2179 439 2249 Apostolus,
463 2177 691 2244 carnis,
722 2176 929 2249 inquit,
947 2175 1382 2245 providentiam
1402 2189 1475 2230 ne
1492 2173 1753 2240 feceritis

132 2266 176 2321 in
202 2266 678 2337 concupiscentiis
738 2267 922 2337 (Rom.
967 2281 1091 2332 χιιι,
1128 2264 1212 2335 14)
1268 2280 1282 2331 ;
1314 2263 1459 2335 quia
1489 2262 1753 2335 gerimus

131 2371 303 2410 curam
325 2356 542 2422 carnis,
579 2355 686 2411 sed
721 2355 796 2410 ad
855 2354 1265 2409 necessitatem
1299 2352 1522 2407 salutis.
1573 2352 1752 2407 Nemo

132 2447 255 2500 enim
286 2461 544 2516 unquam
590 2460 829 2501 carnem
855 2458 1023 2499 suam
1056 2443 1187 2498 odio
1237 2441 1445 2498 habuit
1478 2441 1657 2511 (Eph.
1690 2456 1748 2494 v.

128 2534 198 2601 29)
227 2535 407 2599 ;sicut
436 2535 646 2590 itidem
673 2536 796 2605 ipse
835 2533 994 2588 dicit.
1026 2533 1167 2587 Hinc
1207 2537 1295 2586 est
1324 2531 1481 2586 enim
1510 2529 1674 2602 quod
1695 2534 1752 2585 et

128 2623 482 2689 Timotheum,
505 2624 781 2689 nimium,
810 2623 959 2677 sicut
985 2626 1252 2695 apparet,
1284 2619 1550 2691 corporis
1575 2618 1752 2673 casti-

130 2718 358 2778 gatorem
372 2712 445 2768 ad
455 2717 662 2767 monet
678 2716 739 2766 ut
753 2710 989 2766 modico
1004 2710 1141 2765 vino
1159 2712 1621 2778 utatur,propter
1634 2712 1750 2761 sto-

132 2801 373 2855 machum
392 2801 804 2872 etfrequentes
820 2798 1396 2867 suasinﬁrmitates(l
1418 2796 1744 2862 Tim.v,23).

183 2890 336 2946 8.Has
352 2906 496 2962 ergo
510 2889 839 2955 delicias,in
854 2888 1073 2960 quibus
1089 2887 1269 2942 vidua
1287 2887 1331 2941 si
1348 2887 1486 2955 agit,
1508 2887 1619 2942 hoc
1635 2891 1742 2955 est,

132 2977 168 3031 si
194 2977 571 3035 delectatione
605 2977 1030 3034 cordis'hmret
1051 2982 1229 3048 atque
1253 2975 1503 3041 habitat,
1536 2977 1743 3031 vivens

128 3072 328 3124 mortua
356 3073 462 3139 est,
503 3067 672 3123 multi
696 3067 884 3123 sancti
913 3072 968 3121 et
1000 3071 1223 3122 sancite
1254 3067 1415 3121 omni
1438 3066 1620 3121 modo
1652 3081 1745 3121 ca-

129 3161 314 3221 ventes,
345 3158 512 3230 ipsas
560 3156 715 3213 velut
748 3160 965 3212 matres
993 3155 1341 3211 deliciarum
1364 3153 1602 3209 divitias
1625 3154 1744 3209 dis-

128 3246 391 3314 pergendo
422 3246 796 3319 pauperibus
824 3245 1190 3315 abjecerunt,
1226 3248 1280 3298 et
1314 3242 1411 3298 tali
1452 3243 1633 3298 modo
1682 3243 1741 3298 in

127 3333 423 3391 ccelestibus
446 3336 744 3391 thesauris
767 3335 950 3390 tutius
978 3333 1392 3389 condiderunt.
1410 3332 1578 3398 Quod
1609 3333 1656 3386 si
1678 3336 1741 3388 tu

129 3420 359 3480 devincta
388 3425 597 3497 aliquo
637 3424 870 3496 pietatis
908 3422 1106 3478 ofﬁcio
1144 3438 1264 3477 non
1308 3421 1476 3487 facis,
1510 3428 1569 3476 tu
1614 3420 1731 3476 scis

128 3526 275 3582 quam
292 3514 361 3570 de
388 3515 459 3570 iis
489 3514 782 3569 rationem
804 3512 1021 3568 reddas
1051 3515 1187 3567 Deo.
1222 3514 1405 3567 Nemo
1436 3513 1592 3567 enim
1628 3512 1739 3568 scit

129 3601 245 3671 quid
268 3612 471 3675 agatur
496 3604 554 3658 in
580 3602 843 3669 homine,
870 3602 978 3657 nisi
999 3602 1239 3673 spiritus
1270 3601 1529 3657 hominis
1552 3601 1656 3673 qui
1680 3602 1738 3657 in

129 3688 231 3758 ipso
253 3702 329 3748 est
356 3695 395 3764 (Ι
429 3694 573 3750 Cor.
601 3708 658 3757 ιι,
687 3692 794 3761 tt).
828 3693 941 3745 Nos
982 3706 1100 3745 non
1124 3690 1413 3745 debemus
1444 3696 1579 3747 ante
1608 3696 1741 3746 tem-

130 3792 214 3845 pus
258 3783 587 3855 quidquam
625 3780 915 3849 judicare,
971 3779 1163 3834 donec
1198 3781 1393 3836 veniat
1428 3780 1737 3845 Dominus,

130 3869 212 3937 qui
239 3875 288 3925 et
316 3870 674 3928 illuminabit
710 3868 1065 3924 abscondita
1091 3868 1491 3935 tenebrarum,
1525 3874 1580 3924 et
1619 3884 1742 3924 ma-

130 3955 387 4016 nifestabit
408 3959 803 4029 cogitationes
835 3958 1051 4025 cordis,
1077 3962 1130 4013 et
1164 3963 1302 4013 tunc
1324 3958 1455 4013 laus
1485 3959 1591 4014 erit
1614 3958 1743 4013 uni-

131 4044 309 4117 cuique
333 4066 365 4105 a
383 4048 691 4119 Deo(lbid.
718 4064 793 4112 1v,
818 4050 895 4117 5).
931 4048 1179 4102 Pertinet
1202 4054 1403 4102 tamen
1428 4047 1505 4102 ad
1532 4046 1745 4102 vidua-

131 4128 221 4187 lem
250 4151 446 4192 curam
480 4140 667 4201 tuam,
702 4134 927 4191 deliciae
972 4136 1017 4189 si
1049 4135 1320 4201 afﬂuant,
1359 4151 1433 4191 ne
1467 4150 1742 4207 apponas

132 4234 227 4287 cor,
257 4239 322 4280 ne
348 4228 402 4280 in
447 4226 533 4281 eis
562 4225 963 4296 putrescendo
996 4226 1284 4280 moriatur
1314 4225 1476 4297 quod
1506 4241 1743 4281 sursum

132 4322 234 4365 esse
248 4313 489 4371 debetut
508 4316 682 4369 vivat.
711 4316 785 4369 Te
814 4315 871 4369 in
896 4314 1129 4369 illorum
1158 4330 1409 4369 numero
1435 4314 1743 4386 deputato,

134 4396 191 4452 de
214 4404 416 4473 quibus
468 4404 755 4476 scriptum
786 4407 911 4460 est:
979 4405 1185 4461 Vivent
1224 4405 1407 4461 corda
1451 4419 1651 4461 eorum
1682 4403 1745 4459 in

132 4492 373 4550 sarculum
390 4493 598 4551 saeculi
623 4494 812 4565 (Psal.
846 4508 964 4559 xm,
989 4492 1102 4565 27).

184 4578 385 4641 CAPUT
436 4583 523 4638 ιν.
546 4588 683 4641 —9.
719 4582 943 4639 Audisti
976 4583 1170 4656 qualis
1192 4585 1213 4619 ²
1236 4599 1390 4648 ores,
1425 4600 1582 4639 nunc
1607 4583 1747 4639 audi

136 4669 180 4721 et
202 4671 329 4740 quid
366 4689 521 4737 ores,
556 4673 713 4728 unde
745 4688 839 4728 me
877 4673 1139 4728 maxime
1174 4672 1608 4727 consulendum
1641 4688 1749 4743 pu-

138 4757 554 4832 tasti,quoniam
573 4767 627 4817 te
642 4768 949 4832 permovet
968 4761 1130 4833 quod
1152 4761 1233 4816 ait
1250 4761 1753 4831 Apostolus,0uid

139 4845 266 4904 enim
287 4866 533 4917 oremus,
557 4850 709 4907 sicut
730 4858 959 4919 oportet
984 4850 1269 4907 nescimus
1292 4850 1476 4918 (Rom.
1493 4866 1613 4918 vui,
1628 4854 1749 4921 26);

138 4937 182 4988 et
207 4935 437 4995 timuisti
482 4956 555 4996 ne
591 4940 778 5011 magis
816 4939 917 4995 tibi
953 4940 1132 5005 obsit,
1164 4955 1286 4994 non
1318 4939 1472 4994 sicut
1521 4944 1754 5011 oportet

139 5035 300 5093 orare,
330 5044 515 5101 quam
542 5044 661 5085 non
702 5044 895 5085 orare.
930 5029 1100 5094 Quod
1123 5029 1326 5101 itaque
1356 5028 1469 5083 dici
1502 5028 1756 5084 breviter

139 5118 325 5184 potest,
347 5134 449 5175 ora
463 5119 701 5175 beatam
720 5119 896 5174 vitam
918 5135 929 5173 :
950 5118 1106 5173 hanc
1128 5118 1289 5173 enim
1312 5118 1531 5173 habere
1545 5133 1754 5173 omnes

140 5195 382 5263 homines
414 5208 621 5264 volunt
654 5224 667 5274 ;
694 5223 835 5263 nam
869 5208 1041 5279 etqui
1065 5208 1323 5279 pessime
1345 5212 1403 5263 et
1422 5208 1647 5280 perdite
1678 5207 1759 5262 vi-

144 5297 283 5359 vunt,
312 5296 469 5352 nullo
495 5296 773 5352 modoita
794 5296 1077 5363 viverent,
1120 5296 1228 5351 nisi
1259 5297 1469 5352 eodem
1496 5297 1677 5352 modo
1699 5311 1759 5351 se

149 5392 257 5436 esse
282 5385 361 5440 vel
382 5402 560 5458 posse
580 5386 707 5440 ﬁeri
729 5385 936 5441 beatos
959 5390 1255 5457 putarent.
1275 5386 1425 5451 Quid
1440 5401 1580 5456 ergo
1599 5385 1757 5442 aliud

183 5478 207 5547 ,ί
233 5478 305 5547 lta
318 5483 450 5547 Mss,
471 5484 652 5534 Gallic.
677 5484 741 5532 At
761 5484 928 5534 Vatic.
952 5487 1146 5547 quator
1168 5499 1177 5531 :
1200 5484 1259 5547 Si
1278 5484 1339 5547 in
1370 5484 1635 5533 dilectione
1659 5499 1766 5533 cor-

148 5537 225 5600 dis.
256 5544 346 5594 Alii
366 5537 550 5596 Vatic:
582 5547 638 5595 Si
669 5537 1133 5600 dilectionecordis.
1178 5546 1309 5595 Edd.
1343 5561 1469 5595 vero
1496 5548 1587 5597 :Si
1612 5548 1667 5595 in
1688 5548 1764 5596 de-

150 5599 384 5657 lectatione
411 5611 585 5658 carnis
598 5652 609 5663 .

216 5667 329 5721 Ἐν.
360 5678 409 5722 et
446 5671 847 5737 Lov.,qualiter.
878 5671 977 5721 Alii
1000 5672 1132 5722 Edd.
1164 5674 1218 5721 et
1241 5671 1387 5728 Mss.,
1416 5671 1604 5734 qualis.

1357 174 1863 234 EPISTOLABUM
1903 176 2191 237 CLASSIS
2235 182 2326 239 ΙΙΙ.

3416 193 3519 252 498

1867 308 2101 394 oportet
2131 308 2185 362 te
2224 322 2413 375 orare,
2443 306 2557 365 nisi
2608 308 2665 365 id
2705 310 2869 383 quod
2897 312 3145 384 cupiunt
3187 316 3243 371 et
3273 314 3417 372 mali
3460 319 3531 394 et,

1866 392 2031 458 boni,
2075 396 2180 450 sed
2220 397 2296 453 ad
2337 399 2493 470 quod
2527 401 2874 469 perveniunt
2912 404 3148 458 nonnisi
3183 405 3375 460 boni?

1938 484 2161 540 CAPUT
2190 487 2252 540 V.
2277 518 2344 527 —
2376 492 2453 543 tO.
2483 488 2581 543 Hic
2606 488 2995 560 fortassejam
3016 508 3253 563 quaeras
3281 494 3420 565 quid
3441 496 3518 549 sit

1864 570 1999 641 ipsa
2039 573 2217 629 beata
2247 574 2381 630 vita.
2424 576 2486 630 In
2516 592 2637 648 qua
2666 578 2992 648 quaestione
3024 579 3350 635 multorum
3383 582 3517 649 phi-

1864 658 2254 732 losophorum
2282 664 2519 734 ingenia
2548 666 2788 737 otiaque
2815 669 3068 723 contrita
3100 674 3259 736 sunt,
3299 670 3402 742 qui
3430 677 3517 727 ta-

1865 764 2001 804 men
2034 766 2167 807 eam
2198 757 2359 808 tanto
2401 755 2598 809 minus
2629 756 2889 810 invenire
2920 761 3256 827 potuerunt,
3286 764 3515 831 quanto

1867 838 2063 894 minus
2077 841 2206 910 ejus
2233 842 2452 898 fontem
2470 843 3121 918 honoraverunt,eique
3144 847 3365 916 gratias
3391 863 3513 904 non

1862 936 2129 997 egerunt.
2156 931 2314 987 Prius
2337 933 2535 1006 itaque
2560 934 3022 1002 attende,utrum
3048 937 3517 1009 aquiescendum

1865 1018 1941 1073 sit
1978 1020 2062 1075 eis
2088 1022 2188 1090 qui
2212 1022 2570 1077 dicunteum
2605 1023 2846 1079 beatum
2878 1040 3012 1079 esse
3051 1027 3152 1096 qui
3184 1026 3517 1083 secundum

1865 1123 2033 1163 suam
2050 1109 2191 1164 vivit
2210 1109 2595 1165 voluntatem.
2623 1112 2733 1167 Sed
2758 1112 2917 1168 absit
2938 1118 2999 1168 ut
3025 1114 3137 1169 hoc
3159 1130 3362 1170 verum
3386 1131 3518 1171 esse

1863 1196 2212 1253 credamus:
2238 1198 2382 1269 quid
2396 1199 2441 1253 si
2469 1200 2624 1253 enim
2650 1202 2922 1272 nequiter
2938 1202 3076 1256 velit
3099 1203 3293 1258 vivere
3307 1202 3335 1257 ?
3360 1207 3509 1260 Non-

1865 1300 1937 1341 ne
1967 1290 2135 1341 tanto
2162 1287 2434 1343 miserior
2455 1304 2583 1343 esse
2610 1290 3002 1358 convincitur,
3025 1296 3255 1363 quanto
3283 1293 3518 1349 facilius

1865 1375 2025 1430 mala
2055 1376 2183 1446 ejus
2215 1377 2494 1433 voluntas
2530 1378 2812 1449 impletur
2833 1380 2860 1433 7
2880 1380 3250 1436 Meritohanc
3283 1387 3521 1437 senten-

1865 1464 2006 1519 tiam
2029 1464 2209 1521 etiam
2237 1465 2344 1535 ipsi
2362 1468 2461 1538 qui
2486 1466 2610 1522 sine
2624 1468 2777 1523 cultu
2798 1468 2897 1523 Dei
2927 1468 3331 1541 philosophati
3356 1475 3514 1535 sunt,

1863 1559 2237 1625 respuerunt.
2268 1556 2415 1609 Nam
2456 1555 2705 1626 quidam
2734 1572 2942 1612 eorum
2984 1558 3071 1612 vir
3100 1557 3517 1629 eloquentissi-

1866 1658 2001 1697 mus
2034 1642 2152 1698 ait;
2186 1644 2338 1700 Ecce
2368 1651 2561 1700 autem
2592 1645 2701 1700 alii
2733 1662 2850 1702 non
2879 1646 3225 1715 philosophi
3253 1648 3513 1718 quidem,

1862 1731 1964 1787 sed
2000 1733 2263 1800 prompti
2297 1738 2492 1789 tamen
2524 1734 2604 1789 ad
2632 1734 3083 1802 disputandum,
3117 1752 3314 1791 omnes
3344 1738 3520 1794 aiunt

1864 1834 1983 1875 esse
2006 1820 2200 1875 beatos
2230 1821 2333 1891 qui
2364 1823 2648 1876 vivuntut
2680 1823 3280 1889 ipsivelint.Falsum
3316 1825 3376 1879 id
3391 1827 3519 1895 qui-

1863 1909 1993 1963 dem
2020 1924 2031 1962 :
2064 1910 2214 1963 velle
2233 1910 2385 1964 enim
2413 1910 2571 1980 quod
2600 1926 2718 1965 non
2745 1911 2966 1977 deceat,
3008 1913 3159 1967 idem
3186 1913 3378 1980 ipsum
3410 1917 3516 1969 mi-

1862 1998 2177 2053 serrimum
2206 2014 2223 2061 ;
2247 2013 2353 2053 nec
2380 2004 2499 2052 tam
2528 2002 2802 2054 miserum
2831 2006 2913 2055 est
2934 2016 3052 2055 non
3076 2001 3328 2068 adipisci
3358 2002 3517 2073 quod

1864 2086 2027 2153 velis,
2057 2100 2234 2157 quam
2260 2087 2512 2154 adipisci
2535 2088 2683 2143 velle
2711 2089 2870 2159 quod
2889 2104 3007 2144 non
3035 2096 3301 2157 oporteat
3326 2091 3515 2154 (Cice-

1862 2189 1950 2240 ro,
1981 2174 2044 2229 in
2062 2175 2576 2244 Hortensio).Quid
2597 2176 2696 2231 tibi
2716 2177 2947 2231 videtur
2963 2176 2990 2230 ?
3016 2177 3139 2231 haec
3168 2178 3347 2232 verba
3367 2193 3513 2233 non-

1863 2277 1937 2318 ne
1967 2262 2044 2317 ab
2084 2263 2211 2334 ipsa
2248 2263 2490 2319 veritate
2523 2280 2627 2335 per
2654 2264 2983 2336 quemlibet
3018 2266 3325 2321 hominem
3354 2266 3516 2324 dicta

1863 2358 1999 2407 sunt
2027 2353 2054 2408 δῖ
2072 2355 2390 2408 Possumus
2406 2368 2548 2422 ergo
2574 2354 2670 2409 hic
2692 2353 2887 2410 dicere
2905 2356 3069 2426 quod
3098 2357 3410 2429 Apostolus
3430 2357 3513 2415 ait

1860 2440 1934 2496 de
1946 2442 2213 2514 quodam
2231 2442 2523 2514 propheta
2537 2444 2814 2510 Cretensi,
2830 2459 2967 2499 cum
2982 2444 3109 2515 ejus
3126 2445 3207 2500 illi
3223 2447 3516 2503 sententia

1860 2530 2177 2602 placuisset
2211 2548 2222 2585 :
2254 2531 2668 2587 Testimonium
2694 2532 2803 2587 hoc
2834 2548 3035 2589 verum
3060 2540 3141 2589 est
3170 2533 3306 2603 (Tit.
3336 2551 3372 2599 ι,
3396 2536 3511 2605 13).

1934 2622 2018 2674 tl.
2060 2620 2157 2675 Ille
2187 2619 2368 2689 igitur
2393 2620 2600 2675 beatus
2625 2626 2733 2684 est,
2761 2620 2858 2691 qui
2890 2622 3094 2676 omnia
3110 2638 3247 2693 quae
3270 2622 3393 2677 vult
3412 2622 3516 2679 ha-

1858 2708 1979 2775 bet,
2005 2724 2112 2763 nec
2134 2708 2357 2781 aliquid
2373 2708 2495 2764 vult
2512 2708 2671 2780 quod
2690 2724 2810 2764 non
2834 2710 3200 2775 decet.Quod
3225 2711 3271 2766 si
3294 2711 3377 2767 ita
3398 2716 3506 2779 est,

1857 2797 1990 2852 vide
2012 2798 2139 2868 jam
2170 2814 2305 2869 quas
2327 2798 2601 2852 homines
2616 2813 2735 2852 non
2758 2797 3308 2856 indecentervelint.
3346 2799 3510 2856 Alius

1856 2886 1977 2941 vult
2008 2886 2343 2957 coniugari,
2378 2886 2528 2940 alius
2577 2884 2855 2956 conjugio
2898 2887 3178 2943 viduatus
3222 2888 3507 2960 deinceps

1855 2975 2224 3030 continenter
2253 2974 2413 3043 eligit
2436 2973 2655 3038 vivere,
2679 2974 2830 3029 alius
2864 2975 3097 3031 nullum
3124 2977 3511 3033 concubitum

1855 3079 1963 3118 nec
1988 3062 2047 3118 in
2076 3063 2219 3133 ipsis
2246 3063 2469 3134 nuptiis
2487 3062 2895 3133 eXpeririEtsi
2929 3063 3091 3118 aliud
3114 3063 3208 3118 hic
3241 3064 3357 3119 alio
3386 3080 3505 3120 me-

1853 3151 1966 3207 lius
2030 3150 2337 3222 reperitur,
2380 3150 2610 3206 nullum
2651 3155 2851 3206 tamen
2893 3150 3145 3207 istorum
3181 3168 3510 3223 possumus

1851 3240 2044 3296 dicere
2083 3240 2423 3296 indecenter
2462 3239 2687 3313 aliquid
2719 3240 2894 3295 velle:
2921 3240 3003 3295 sic
3024 3244 3076 3296 et
3100 3247 3303 3313 optare
3320 3240 3504 3308 ﬁlios,

1851 3332 2195 3402 nuptiarum
2211 3328 2868 3393 scilicett‘ructum.eteis
2884 3330 2989 3402 qui
3008 3330 3265 3402 suscepti
3287 3330 3506 3388 fuerint

1853 3421 2032 3476 vitam
2073 3435 2142 3476 ac
2166 3418 2438 3482 salutem,
2472 3434 2594 3490 quo
2621 3424 2759 3474 voto
2792 3418 3143 3491 plerumque
3171 3424 3504 3491 occupatur

1849 3510 2029 3565 etiam
2056 3509 2417 3564 continentia
2448 3508 2697 3563 vidualis
2722 3525 2735 3574 ;
2760 3524 2901 3564 nam
2933 3509 3039 3564 etsi
3066 3514 3265 3580 spreto
3290 3509 3504 3580 conju-

1849 3598 2089 3668 giojam
2131 3612 2250 3652 non
2290 3602 2498 3667 optant
2529 3597 2707 3652 etiam
2747 3595 2901 3651 ﬁlios
2933 3613 3269 3667 procreare,
3297 3603 3507 3671 optant

1849 3693 2050 3742 tamen
2064 3702 2219 3757 quos
2236 3691 2695 3757 procreaverunt
2709 3685 3039 3741 incolumes
3059 3686 3369 3743 vivere.Ab
3392 3687 3504 3744 hac

1849 3774 2013 3832 omni
2032 3774 2478 3830 curaimmunis
2504 3773 3247 3843 estvirginalisintegritas.
3277 3776 3508 3831 Habent

1850 3870 2052 3920 tamen
2091 3878 2303 3918 omnes
2330 3862 2564 3929 charos,
2596 3867 2652 3916 et
2681 3862 2913 3927 charas,
2945 3863 3161 3933 quibus
3189 3879 3308 3919 non
3342 3863 3506 3918 inde-

1852 3959 2051 4009 center
2076 3957 2285 4023 optant
2305 3952 2484 4007 etiam
2515 3951 2903 4023 temporalem
2928 3952 3205 4008 salutem.
3231 3953 3341 4009 Sed
3364 3968 3503 4008 cum

1854 4043 2028 4098 istam
2062 4041 2313 4097 salutem
2356 4041 2414 4095 in
2462 4040 2678 4111 seipsis
2711 4045 2767 4096 et
2805 4041 2862 4095 in
2895 4042 2981 4096 eis
3036 4057 3193 4114 quos
3246 4041 3505 4112 diligunt

1856 4131 2055 4203 adepti
2098 4131 2370 4186 homines
2384 4130 2617 4196 fuerint,
2644 4145 2787 4185 num
2816 4131 3142 4202 poterimus
3175 4146 3279 4187 eos
3309 4131 3508 4187 dicere

1850 4220 1976 4291 jam
2017 4220 2224 4277 beatos
2251 4220 2280 4272 ‘2
2306 4219 2533 4276 Habent
2563 4219 2721 4275 enim
2748 4218 3153 4293 aliquidquod
3193 4236 3311 4277 nou
3338 4220 3512 4276 dede-

1855 4316 1947 4367 cet
1980 4310 2124 4366 velle
2149 4310 2281 4375 ;sed
2310 4309 2359 4363 si
2391 4310 2512 4365 alia
2530 4325 2649 4365 non
2664 4309 2885 4364 habent
2914 4309 3147 4380 majora
3177 4315 3357 4381 atque
3390 4323 3513 4364 me-

1855 4401 2004 4456 liora
2061 4404 2118 4455 et
2159 4398 2424 4453 utilitatis
2476 4398 2830 4469 decorisque
2882 4397 3168 4468 plenoria,
3220 4397 3421 4453 adhuc
3476 4414 3513 4455 a

1856 4489 2035 4545 beata
2055 4488 2176 4542 vita
2205 4486 2381 4556 longe
2413 4486 2651 4541 absunt.

1928 4586 2151 4641 CAPUT
2173 4584 2255 4641 Vl.
2286 4614 2350 4623 —
2368 4587 2450 4638 t2.
2466 4582 2739 4637 Placetne
2765 4582 2942 4651 igitur
2962 4586 3024 4639 ut
3054 4598 3233 4654 super
3256 4582 3514 4641 salutem

1858 4675 2035 4731 istam
2076 4670 2468 4743 temporalem
2500 4676 2707 4742 optent
2738 4670 2850 4725 sibi
2884 4686 2953 4726 ac
2998 4670 3120 4726 suis
3156 4670 3418 4727 honores
3458 4675 3517 4729 et

1861 4767 2181 4837 potestates
2211 4760 2238 4815 ?
2271 4762 2442 4824 Sane,
2468 4760 2515 4815 si
2560 4764 2617 4814 ut
2652 4774 2755 4831 per
2792 4759 2907 4814 hoc
2931 4758 3253 4817 consulant
3293 4762 3377 4817 eis
3410 4761 3519 4833 qui

1861 4854 2069 4908 vivunt
2099 4849 2211 4905 sub
2242 4849 2349 4915 eis,
2384 4864 2504 4903 non
2535 4853 2780 4921 propter
2806 4848 2934 4903 haec
2965 4848 3121 4921 ipsa,
3146 4849 3248 4905 sed
3272 4854 3519 4921 propter

1865 4940 2027 4998 aliud
2058 4937 2371 5012 quodinde
2397 4936 2462 4992 ﬁt
2489 4938 2740 5003 bonum,
2766 4937 3017 4994 decetea
3033 4938 3182 4993 velle
3213 4955 3225 4993 :
3255 4938 3517 4992 siautem

1864 5035 2105 5103 prOpter
2136 5028 2377 5083 inanem
2410 5026 2630 5083 fastum
2658 5026 2928 5083 elationis
2962 5040 3373 5098 pompamque
3420 5040 3519 5079 su-

1866 5119 2157 5193 perﬂuam
2203 5116 2295 5172 vel
2326 5115 2503 5172 etiam
2541 5116 2785 5172 noxiam
2818 5114 3121 5179 vanitatis,
3182 5128 3303 5169 non
3330 5112 3519 5168 decet.

1868 5210 2156 5277 Quocirca
2178 5208 2225 5263 si
2255 5211 2463 5279 optant
2493 5206 2604 5262 sibi
2636 5222 2706 5261 ac
2740 5205 2862 5259 suis
2893 5204 3069 5259 etiam
3101 5202 3521 5258 sufﬁcientiam

1867 5315 2067 5357 rerum
2084 5295 2659 5361 necessariarum,de
2672 5310 2794 5366 qua
2807 5293 2889 5347 sic
2905 5291 3222 5363 Apostolus
3238 5290 3522 5363 loquitur,

1874 5392 1976 5445 Est
2002 5394 2197 5444 autem
2225 5393 2481 5459 quastus
2504 5399 2756 5455 magnus
2769 5384 2957 5452 pietas
2983 5395 3116 5436 cum
3133 5380 3524 5450 sufﬁcientia.

1869 5478 2041 5535 Nihil
2063 5479 2216 5533 enim
2244 5475 2551 5531 intulimus
2573 5474 2634 5527 in
2663 5472 2821 5527 hunc
2836 5470 3141 5536 mundum,
3167 5470 3268 5525 sed
3289 5485 3394 5526 nec
3419 5485 3530 5527 au-

1871 5568 2034 5637 ferre
2052 5565 2189 5620 hinc
2202 5564 2437 5635 aliquid
2448 5575 2757 5632 possumus
2782 5580 2801 5616 :
2825 5559 3039 5615 victum
3055 5566 3109 5615 et
3124 5565 3527 5630 tegumentum

1878 5655 2170 5721 habentes,
2207 5654 2295 5711 his
2327 5652 2591 5710 contenti
2611 5649 2980 5707 simus.Nam
3010 5650 3113 5722 qui
3142 5651 3346 5708 volunt
3377 5648 3531 5705 divi—
