4074 6158
512 179 616 233 499

504 296 591 360 tes
617 303 769 373 ﬁeri,
799 303 1074 358 incidunt
1100 299 1163 355 in
1193 298 1567 355 tentationem
1597 301 1650 354 et
1679 297 1949 369 laqueum
1977 299 2030 351 et
2060 291 2160 348 de-

507 393 726 449 sideria
753 393 942 446 multa
970 390 1157 445 stulta
1189 395 1240 444 et
1275 389 1477 452 noxia,
1509 402 1638 460 quas
1681 391 1950 457 mergunt
1982 381 2162 437 homi-

506 497 607 538 nes
626 483 684 535 in
698 479 1003 535 interitum
1023 485 1073 534 et
1098 477 1486 546 perditionem
1501 477 1719 530 .Radix
1731 476 1885 530 enim
1900 472 2159 528 omnium

508 571 802 625 malorum
831 570 912 622 est
939 566 1206 622 avaritia
1231 588 1248 634 ,-
1281 581 1458 635 quam
1487 564 1733 636 quidam
1761 564 2096 630 appetentes
2124 573 2160 613 a

506 658 624 726 ﬁde
654 663 1032 720 erraverunt,
1052 661 1103 712 et
1128 657 1506 710 inseruerunt
1541 668 1600 708 se
1628 650 1933 707 doloribus
1958 647 2164 703 multis

509 746 550 818 (l
583 747 726 802 Tim.
760 762 833 812 v1,
870 747 1023 816 6-10)
1054 745 1247 800 :hanc
1267 759 1408 812 ergo
1424 742 1838 797 sufﬁcientiam
1860 755 1978 795 non
2002 738 2164 792 inde-

510 839 710 891 center
735 835 878 900 vult,
904 835 1176 906 quisquis
1201 833 1347 897 vult,
1379 848 1487 887 nec
1518 831 1779 903 amplius
1815 829 1975 893 vult;
2019 827 2167 883 alio-

510 925 656 998 quin
686 939 808 979 non
838 925 1036 994 ipsam
1068 922 1210 988 vult,
1260 927 1315 977 et
1348 922 1483 975 ideo
1531 934 1639 974 nec
1701 919 1980 973 decenter
2019 915 2160 970 vult.

511 1014 677 1070 Hanc
720 1012 968 1084 optabat
1033 1017 1088 1066 et
1134 1025 1242 1080 pro
1283 1011 1395 1064 hac
1449 1008 1661 1063 orabat
1715 1007 1818 1079 qui
1876 1003 2109 1059 dicebat
2149 1016 2165 1059 τ

511 1101 762 1158 Divitias
784 1107 837 1157 et
862 1106 1282 1170 paupertatem
1313 1113 1386 1154 ne
1406 1096 1634 1153 dederis
1656 1093 1806 1150 mihi
1830 1117 1848 1163 ,-
1879 1093 2169 1149 constitue

515 1198 710 1247 autem
740 1189 887 1245 mihi
910 1203 1039 1260 qua
1060 1187 1393 1243 necessaria
1416 1192 1550 1240 sunt
1597 1185 1976 1253 sufﬁcienter,
2004 1189 2064 1237 ut
2095 1195 2168 1237 ne

510 1280 761 1336 satiatus
791 1278 1052 1334 mendax
1076 1276 1324 1345 efﬁciar,
1347 1280 1403 1331 et
1424 1275 1641 1339 dicam,
1669 1273 1806 1341 Quis
1827 1286 1915 1327 me
1957 1270 2110 1326 videt
2139 1270 2168 1325 ‘i

511 1374 616 1427 aut
664 1382 899 1437 pauper
917 1367 1122 1436 factus
1161 1365 1358 1434 [αν-εν,
1388 1370 1439 1420 et
1487 1364 1791 1432 perjurem
1822 1373 2031 1415 nomen
2062 1359 2171 1413 Dei

510 1459 625 1514 mei
644 1456 840 1527 (Prov.
859 1453 1312 1521 xxx,8,9).Vides
1327 1458 1480 1507 certe
1495 1457 1549 1507 et
1563 1453 1735 1505 istam
1751 1447 2169 1504 sufficientiam

511 1561 634 1602 non
671 1547 868 1617 appeti
909 1549 1149 1616 propter
1175 1542 1457 1613 seipsam,
1502 1541 1607 1596 sed
1634 1543 1875 1611 propter
1915 1535 2168 1592 salutem

512 1635 802 1706 corporis,
827 1640 880 1687 et
903 1636 1333 1701 congruentem
1358 1630 1632 1684 habitum
1679 1641 1953 1699 personas
1981 1625 2170 1679 homi-

512 1723 624 1786 nis,
653 1738 774 1794 quo
802 1720 1009 1776 habitu
1034 1735 1155 1775 non
1190 1719 1263 1773 sit
1293 1717 1722 1774 inconveniens
1762 1715 1846 1770 eis
1877 1730 2015 1769 cum
2041 1713 2170 1785 qui-

512 1811 627 1866 bus
653 1811 904 1866 honeste
935 1808 1320 1879 oﬁicioseque
1351 1805 1681 1862 vivendum
1726 1811 1829 1859 est.

585 1899 669 1954 13.
687 1901 743 1953 ln
780 1898 872 1954 his
900 1899 1101 1969 itaque
1117 1896 1399 1952 omnibus
1427 1893 1812 1950 incolumitas
1836 1890 2095 1947 hominis
2117 1894 2170 1947 et

513 1988 772 2045 amicitia
783 1991 1024 2059 propter
1037 1985 1234 2057 seipsa
1249 1989 1612 2056 appetuntur
1635 1979 2018 2048 ;sufﬁcientia
2032 1994 2171 2034 vero

511 2092 710 2133 rerum
727 2076 1203 2131 necessariarum
1219 2090 1335 2129 non
1355 2078 1595 2145 propter
1608 2071 1891 2142 seipsam,
1918 2068 2022 2123 sed
2040 2082 2172 2139 pro-

510 2165 771 2239 pterduo
786 2164 1094 2236 superiora
1115 2162 1301 2236 quaeri
1322 2162 1488 2229 solet,
1509 2177 1646 2216 cum
1668 2159 1944 2215 decenter
1956 2156 2174 2228 quieri-

509 2258 624 2312 tur.
659 2254 1042 2309 lncolumitas
1072 2267 1249 2324 porro
1276 2252 1335 2305 in
1359 2251 1490 2321 ipsa
1513 2249 1649 2312 vita,
1676 2264 1745 2304 ac
1765 2246 1971 2311 salute,
1993 2250 2172 2316 atque

510 2343 845 2413 integritate
868 2341 1052 2397 animi
1079 2346 1135 2395 et
1155 2340 1422 2410 corporis
1449 2339 1766 2394 constituta
1779 2341 1884 2391 est.
1907 2336 2173 2406 Itemque

511 2432 774 2488 amicitia
801 2447 918 2484 non
943 2430 1215 2498 angustis
1244 2428 1464 2482 ﬁnibus
1486 2426 1869 2482 terminanda
1897 2428 2018 2479 est:
2045 2438 2174 2477 om-

512 2536 618 2575 nes
640 2519 799 2574 enim
825 2517 1046 2589 quibus
1072 2533 1242 2572 amor
1273 2521 1327 2571 et
1351 2515 1588 2570 dilectio
1617 2513 1880 2578 debetur,
1912 2510 2175 2583 amplec-

510 2609 670 2676 titur,
700 2606 982 2680 quamvis
1011 2606 1070 2660 in
1100 2605 1246 2660 alios
1272 2603 1725 2675 propensius,in
1751 2601 1896 2656 alios
1929 2615 2174 2671 suspen-

514 2697 634 2751 sius
664 2695 1012 2765 inclinetur;
1038 2693 1306 2766 pervenit
1325 2697 1525 2748 autem
1551 2706 1742 2764 usque
1769 2689 1848 2745 ad
1875 2688 2175 2749 inimicos,

513 2799 623 2856 pro
651 2783 874 2856 quibus
907 2783 1089 2838 etiam
1122 2797 1290 2837 orare
1323 2782 1724 2854 prtecipimur.
1764 2783 1846 2834 ita
1874 2793 2052 2834 nemo
2093 2779 2179 2832 est

514 2872 575 2930 in
604 2888 818 2943 genere
851 2872 1120 2927 humano
1152 2872 1243 2925 cui
1279 2886 1397 2925 non
1431 2869 1685 2935 dilectio,
1742 2869 1846 2924 etsi
1897 2882 2017 2922 non
2068 2881 2177 2937 pro

515 2967 724 3018 mutua
747 2962 1052 3027 charitate,
1078 2976 1185 3032 pro
1208 2959 1345 3033 ipsa
1368 2963 1569 3015 tamen
1599 2957 1938 3015 communis
1959 2961 2180 3013 naturai

517 3051 798 3107 societate
828 3050 1137 3106 debeatur.

587 3142 808 3197 CAPUT
838 3141 950 3195 Vll.
972 3170 1040 3181 —
1068 3139 1180 3196 Sed
1208 3138 1245 3194 ii
1273 3155 1381 3193 nos
1410 3138 1665 3193 multum
1690 3137 1966 3208 justeque
1991 3135 2180 3192 delec-

515 3234 660 3296 tant,
694 3246 729 3285 a
758 3229 980 3301 quibus
1005 3227 1268 3283 vicissim
1299 3232 1506 3282 sancte
1535 3232 1814 3299 casteque
1854 3226 2178 3295 diligimur.

516 3320 634 3375 Ista
673 3334 806 3374 cum
837 3317 1156 3381 habentur,
1194 3323 1255 3371 ut
1277 3321 1605 3379 teneantur,
1641 3331 1774 3369 cum
1819 3318 2019 3371 autem
2060 3329 2179 3370 non

516 3406 833 3474 habentur,
877 3409 939 3459 ut
976 3404 1333 3470 habeantur,
1369 3403 1666 3459 orandum
1695 3407 1803 3458 est.

598 3495 681 3553 14.
707 3493 957 3549 Hoccine
975 3499 1184 3559 totum,
1202 3500 1255 3548 et
1276 3494 1404 3548 haec
1419 3498 1555 3548 sunt
1580 3493 1782 3547 omnia
1806 3491 2026 3564 quibus
2047 3491 2182 3547 bea-

519 3586 591 3638 tae
623 3597 860 3638 summa
889 3583 1018 3638 vitae
1050 3583 1393 3651 colligitur?
1420 3598 1495 3637 an
1525 3581 1750 3652 aliquid
1778 3581 1939 3636 aliud
1968 3582 2183 3637 veritas

516 3669 694 3728 docet
723 3671 885 3744 quod
924 3672 1015 3726 his
1049 3672 1331 3727 omnibus
1371 3670 1770 3742 praeferatur?
1801 3673 1948 3726 Nam
1991 3673 2046 3724 et
2085 3669 2183 3724 illa

516 3759 890 3831 sufﬁcientia,
937 3766 992 3816 et
1044 3761 1175 3832 ipsa
1215 3759 1616 3822 incolumitas.
1660 3759 1747 3814 vel
1799 3759 2043 3831 propria
2089 3759 2179 3813 vel

515 3849 871 3915 amicorum,
914 3850 1206 3920 quamdiu
1247 3848 1597 3921 temporalis
1640 3855 1748 3912 est,
1789 3863 1898 3920 pro
1946 3852 2182 3903 aeternas

515 3938 653 3994 vitae
685 3938 1000 4010 adeptione
1030 3938 1372 4007 abjicienda
1398 3943 1521 3993 est:
1554 3953 1900 4009 quanquam
1931 3936 2182 3992 fortasse

515 4040 758 4096 corpus,
773 4027 1010 4080 animus
1026 4041 1160 4080 vero
1176 4025 1336 4080 nullo
1355 4026 1535 4081 modo
1555 4041 1738 4081 sanus
1751 4024 2183 4080 existimandus

520 4119 629 4180 est,
652 4115 749 4185 qui
771 4129 891 4167 non
917 4113 1352 4182 temporalibus
1379 4118 1603 4168 interna
1632 4114 1962 4187 praeponit;
1991 4129 2182 4184 neque

519 4201 752 4257 enimin
782 4206 1045 4270 tempore
1073 4200 1287 4255 utiliter
1318 4201 1555 4265 vivitur,
1591 4201 1700 4255 nisi
1733 4201 1807 4256 ad
1831 4217 2184 4274 comparan-

520 4289 665 4346 dum
697 4291 969 4344 meritum
1001 4304 1121 4361 quo
1153 4290 1211 4344 in
1243 4290 1572 4345 aeternitate
1606 4290 1856 4344 vivatur.
1896 4290 1978 4344 Ad
2019 4289 2180 4346 illam

520 4395 662 4450 ergo
694 4395 878 4434 unam
910 4380 1114 4444 vitam,
1149 4395 1268 4451 qua
1297 4395 1433 4434 cum
1471 4379 1589 4435 Deo
1621 4384 1676 4435 et
1697 4380 1769 4434 de
1796 4380 1913 4435 Deo
1938 4379 2175 4450 vivitur,

520 4474 732 4526 caetera
752 4485 886 4541 quae
911 4468 1124 4524 utiliter
1145 4473 1198 4524 et
1219 4468 1498 4524 decenter
1519 4473 1823 4540 optantur,
1849 4469 1973 4524 sine
1996 4468 2181 4524 dubio

519 4558 830 4615 referenda
861 4563 1015 4614 sunt.
1051 4561 1110 4613 In
1143 4573 1213 4614 eo
1260 4559 1487 4630 quippe
1537 4560 1934 4631 nosmetipsos
1991 4558 2178 4628 diligi-

522 4661 675 4715 mus,
714 4646 758 4700 si
794 4647 980 4702 Deum
1011 4647 1352 4717 diligimus:
1389 4653 1442 4703 et
1463 4663 1535 4704 ex
1563 4648 1678 4703 alio
1714 4653 2014 4720 praecepto
2047 4663 2182 4719 pro-

519 4736 716 4792 ximos
739 4741 975 4791 nostros
997 4737 1146 4790 sicut
1172 4738 1568 4808 nosmetipsos
1596 4738 1673 4792 ita
1700 4753 1832 4793 vere
1853 4738 2176 4807 diligimus,

521 4824 569 4880 si
601 4839 703 4880 eos
747 4824 824 4879 ad
870 4825 969 4880 Dei
1007 4825 1261 4880 similem
1311 4825 1709 4890 dilectionem,
1767 4831 2064 4899 quantum
2120 4826 2179 4880 in

518 4913 689 4970 nobis
729 4917 831 4977 est,
848 4914 1271 4985 perducamus.
1289 4915 1473 4968 Deum
1493 4915 1670 4983 igitur
1682 4915 1986 4985 diligimus
2002 4932 2182 4988 prop-

517 5003 976 5074 terseipsum,et
994 5019 1103 5058 nos
1118 5019 1187 5057 ac
1215 5003 1520 5073 proximos
1551 5009 1794 5075 propter
1825 5005 2044 5076 ipsum:
2074 5021 2180 5060 nec

517 5105 658 5148 cum
691 5092 769 5147 ita
799 5090 1077 5156 vivimus,
1107 5091 1235 5162 jam
1267 5106 1378 5146 nos
1404 5090 1462 5146 in
1489 5089 1621 5161 ipsa
1648 5091 1822 5148 beata
1856 5093 1976 5148 vita
2005 5108 2180 5148 cons-

519 5179 721 5235 titutos
753 5180 1182 5244 existimemus,
1211 5180 1389 5252 quasi
1422 5179 1564 5234 nihil
1598 5181 1669 5235 sit
1714 5181 1973 5252 amplius
2012 5182 2177 5253 quod

517 5279 781 5325 Oremus.
815 5269 1130 5334 Quomodo
1161 5269 1319 5325 enim
1359 5270 1482 5336 iam
1515 5269 1682 5323 beate
1712 5268 1992 5335 vivimus,
2037 5286 2175 5325 cum

520 5353 662 5410 illud
679 5355 877 5414 adhuc
889 5359 1034 5414 desit
1047 5399 1059 5422 ,
1081 5364 1322 5430 propter
1334 5358 1496 5430 quod
1514 5373 1700 5412 unum
1715 5357 1866 5413 bene
1879 5359 2136 5414 vivimus
2150 5361 2177 5417 7

591 5443 822 5499 CAPUT
843 5446 984 5501 Vill.
1010 5477 1077 5488 --
1114 5449 1193 5502 15.
1222 5447 1435 5519 thuid
1455 5463 1596 5517 ergo
1624 5461 1729 5517 per
1752 5447 1939 5502 multa
1954 5447 2178 5519 disper-

519 5530 736 5602 gimur,
769 5536 826 5586 et
852 5535 1179 5604 quaerimus
1201 5535 1346 5607 quid
1364 5553 1623 5601 oremus,
1641 5537 1913 5591 timeutes
1928 5552 2001 5591 ne
2033 5537 2175 5594 forte

521 5619 674 5675 sicut
687 5633 807 5676 non
821 5628 1322 5694 oportetoremus,
1342 5640 1410 5680 ac
1425 5640 1543 5681 non
1560 5626 1758 5697 potius
1781 5641 1917 5681 cum
1939 5625 2176 5682 Psalmo

1804 169 1867 228 s.
1898 151 2290 224 AUGUSTI‘NI
2320 160 2643 219 FPISCOP]

3783 165 3877 226 500

2268 287 2568 344 dicimus:
2607 289 2794 345 Unam
2820 286 2968 356 petii
2992 301 3028 343 a
3067 284 3336 352 Domino,
3378 287 3528 344 hanc
3564 292 3835 360 requiram
3864 313 3880 360 ,-

2268 382 2332 432 ut
2363 377 2618 433 habitem
2649 378 2707 432 in
2741 377 2912 431 domo
2952 376 3184 431 Domini
3221 391 3410 431 omnes
3438 377 3555 432 dies
3586 381 3705 434 vita:
3733 397 3882 455 meae;

2268 473 2332 522 ut
2346 467 2702 535 contempler
2722 466 3174 522 delectationem
3191 465 3313 528 Dei,
3335 471 3384 520 et
3403 465 3613 522 visitem
3630 471 3882 537 templum

2268 557 2392 626 ejus
2421 556 2604 627 (Psal.
2637 571 2793 622 xxvi,
2827 554 2881 626 4)
2905 553 2932 608 i’
2971 555 3054 608 lbi
3099 569 3358 624 namque
3390 570 3591 610 omnes
3628 557 3746 612 dies
3783 575 3886 616 non

2269 645 2561 701 veniendo
2600 651 2655 700 et
2687 643 3053 699 transeundo
3087 643 3239 697 ﬁunt
3269 658 3500 713 omnes,
3540 659 3643 699 nec
3679 645 3885 702 initium

2271 734 2511 789 alterius
2551 737 2641 789 est
2679 732 2815 788 ﬁnis
2851 733 3090 788 alterius
3124 746 3136 796 ;
3186 747 3396 786 omnes
3439 731 3562 787 sine
3592 732 3703 789 ﬁne
3736 736 3891 791 simul

2272 828 2435 887 sunt,
2467 822 2570 878 ubi
2611 837 2719 877 nec
2742 823 2871 892 ipsa
2895 822 3010 876 vita
3041 820 3222 876 habet
3243 820 3444 886 ﬁnem,
3465 822 3630 892 cujus
3674 823 3747 879 illi
3782 824 3890 880 dies

2272 917 2426 966 sunt.
2470 915 2711 984 Propter
2760 911 2917 966 hanc
2957 909 3411 982 adipiscendam
3457 911 3632 966 vitam
3681 912 3891 969 beatam

2271 997 2403 1071 ipsa
2433 1016 2568 1055 vera
2598 1001 2728 1054 Vita
2757 1000 2931 1055 beata
2953 1015 3062 1054 nos
3094 1013 3264 1054 orare
3286 998 3505 1062 docuit,
3535 1015 3648 1054 non
3677 1001 3730 1055 in
3771 1002 3896 1058 mul-

2273 1088 2541 1159 tiloquio,
2576 1093 2863 1160 tanquam
2903 1103 2973 1143 eo
3016 1089 3118 1143 ﬁat
3161 1092 3221 1142 ut
3259 1088 3645 1143 exaudiamur
3681 1104 3791 1161 quo
3824 1091 3893 1145 lo-

2272 1180 2583 1250 quaciores
2610 1195 2837 1242 sumus,
2867 1194 3004 1232 cum
3027 1193 3162 1232 eum
3187 1192 3428 1232 oremus
3452 1178 3552 1248 qui
3576 1179 3746 1244 novit,
3771 1178 3896 1234 sicut

2274 1267 2400 1337 ipse
2426 1267 2711 1322 Dominus
2738 1268 2839 1332 ait,
2855 1267 3002 1339 quid
3020 1266 3192 1321 nobis
3211 1267 3612 1321 necessarium
3631 1268 3714 1336 sit,
3730 1269 3894 1338 prius-

2273 1371 2458 1426 quam
2495 1361 2766 1427 petamus
2796 1357 2874 1412 ab
2906 1372 2976 1411 eo
3003 1357 3246 1426 (Matth.
3279 1358 3493 1425 vn,7,8).
3525 1355 3680 1411 Unde
3707 1359 3895 1412 mirum

2273 1445 2458 1501 videri
2500 1451 2714 1518 potest,
2755 1446 3033 1518 quamvis
3061 1444 3502 1516 multiloquium
3546 1443 3898 1515 prohibuerit,

2276 1549 2381 1589 cur
2420 1550 2529 1589 nos
2570 1535 2652 1588 sic
2693 1550 2863 1589 orare
2902 1535 3252 1590 adhortatus
3293 1534 3387 1597 sit,
3429 1533 3531 1604 qui
3569 1533 3724 1588 novit
3773 1534 3899 1605 quid

2274 1622 2449 1678 nobis
2481 1623 2886 1678 necessarium
2917 1623 3008 1686 sit,
3044 1623 3400 1694 priusquam
3429 1627 3694 1692 petamus
3722 1623 3792 1677 ab
3819 1638 3897 1690 eo,

2276 1718 2338 1766 ut
2377 1711 2613 1776 diceret,
2651 1713 2892 1778 Oportet
2921 1727 3151 1780 semper
3174 1725 3366 1776 orare,
3408 1716 3461 1767 et
3501 1727 3608 1766 non
3641 1711 3899 1779 deﬁcere;

2280 1800 2472 1856 viduae
2507 1802 2820 1871 cujusdam
2854 1802 3160 1874 proposito
3196 1800 3492 1872 exemplo,
3532 1815 3663 1872 quae
3701 1800 3768 1855 de
3809 1815 3900 1854 suo

2278 1889 2621 1946 adversario
2661 1891 2908 1961 cupiens
2965 1889 3275 1957 vindicari,
3331 1889 3598 1959 judicem
3661 1888 3896 1961 iniquum

2276 1992 2434 2051 saepe
2466 1979 2899 2050 interpellando
2927 1979 3089 2034 ﬂexit
3119 1979 3193 2034 ad
3230 1978 3620 2042 audiendum,
3655 1992 3764 2032 non
3792 1977 3896 2047 jus-

2279 2069 2403 2123 titia
2436 2068 2524 2122 vel
2558 2069 2959 2124 misericordia
2991 2072 3352 2139 permotum,
3399 2068 3504 2122 sed
3543 2065 3715 2121 taedio
3750 2081 3901 2136 supe-

2279 2162 2473 2211 ratum
2506 2173 2516 2210 :
2557 2163 2616 2212 ut
2641 2159 2777 2212 hinc
2817 2158 3303 2221 admoneremur,
3348 2171 3532 2228 quam
3573 2156 3776 2210 certius
3811 2168 3898 2209 nos

2277 2245 2558 2301 exaudiat
2588 2247 2922 2301 misericors
2963 2252 3020 2301 et
3054 2247 3254 2318 justus
3301 2246 3584 2301 Dominus
3626 2247 3761 2300 Deus
3797 2243 3899 2297 sine

2280 2334 2717 2390 intermissione
2739 2340 2999 2402 orantes,
3023 2335 3270 2407 quando
3296 2334 3394 2390 illa
3420 2349 3527 2389 nec
3551 2334 3626 2388 ab
3653 2333 3834 2403 iniquo
3857 2336 3898 2384 et

2280 2423 2465 2494 impio
2482 2424 2676 2494 judice
2707 2425 2896 2494 potuit
2916 2425 3161 2480 assidua
3183 2423 3656 2494 interpellatione
3675 2427 3900 2476 contem-

2283 2513 2340 2567 ni
2367 2522 2440 2578 ;et
2472 2529 2654 2584 quam
2692 2512 2882 2567 libens
2914 2517 3094 2585 atque
3126 2513 3403 2585 placatus
3447 2512 3605 2568 bona
3640 2508 3898 2566 desideria

2280 2602 2359 2656 ιω
2371 2600 2525 2671 pleat
2537 2615 2808 2667 eorum,a
2820 2619 2851 2673 q
2863 2602 3034 2656 uibus
3048 2602 3242 2657 aliena
3257 2607 3504 2673 peccata
3519 2595 3895 2670 novitignosci,

2284 2689 2330 2744 si
2369 2706 2490 2762 quo
2522 2691 2798 2760 cupiebat
2827 2691 2930 2747 illa
2972 2690 3239 2761 pervenit
3267 2707 3408 2764 qum
3451 2690 3628 2745 voluit
3657 2685 3904 2743 vindicari

2285 2780 2446 2850 (Luc.
2491 2795 2649 2844 xvm,
2697 2780 2825 2850 1-8).
2870 2779 2966 2835 Ille
3007 2796 3250 2852 quoque
3288 2780 3385 2834 cui
3446 2779 3668 2835 amicus
3720 2777 3786 2830 de
3829 2774 3904 2828 vis

2285 2873 2547 2933 venerat,
2582 2883 2689 2922 nec
2715 2868 2876 2941 quod
2907 2869 2956 2924 ei
2981 2873 3308 2940 apponeret
3335 2868 3616 2933 habebat,
3650 2865 3720 2921 ab
3743 2863 3904 2921 amico

2286 2956 2397 3011 sibi
2431 2961 2545 3012 tres
2588 2972 2773 3028 panes
2813 2958 3062 3030 cupiens
3104 2958 3501 3024 commodari,
3558 2955 3764 3028 quibus
3816 2951 3906 3008 for-

2287 3053 2441 3101 tasse
2479 3046 2610 3117 ipsa
2647 3047 2898 3102 Trinitas
2937 3047 3115 3101 unius
3156 3047 3509 3102 substantiae
3547 3045 3786 3114 ﬁgurata
3819 3045 3905 3103 est,

2281 3134 2408 3202 jam
2441 3150 2578 3190 cum
2610 3134 2731 3189 suis
2763 3136 2945 3190 servis
2986 3135 3382 3192 dormientem
3414 3136 3622 3208 petitor
3651 3129 3906 3190 instantis-

2289 3225 2478 3279 simus
2515 3229 2571 3279 et
2602 3223 3059 3280 molestissimus
3090 3225 3391 3292 excitavit,
3426 3231 3486 3281 ut
3505 3225 3667 3280 daret
3685 3223 3730 3277 ei
3753 3233 3910 3292 quan-

2289 3316 2379 3368 tos
2414 3313 2666 3382 volebat,
2707 3314 2896 3383 magis
2939 3319 2994 3369 et
3033 3315 3159 3386 ipse
3198 3314 3448 3370 vitando
3489 3313 3714 3369 ttedium
3751 3321 3907 3382 quam

2290 3403 2770 3458 benevolentiam
2802 3403 3123 3472 cogitando
3153 3419 3164 3458 :
3201 3409 3261 3458 ut
3291 3403 3434 3459 hinc
3465 3401 3906 3471 intelligeremus,

2291 3491 2337 3545 si
2361 3491 2502 3546 dare
2520 3493 2750 3562 cogitur
2770 3493 2873 3564 qui
2897 3507 3033 3547 cum
3055 3493 3337 3562 dormiat,
3359 3509 3395 3548 a
3413 3497 3644 3564 petente
3661 3488 3906 3546 excitatur

2289 3576 2530 3648 invitus,
2563 3586 2789 3652 quanto
2803 3581 3226 3652 detbenignius
3240 3583 3344 3653 qui
3366 3597 3474 3637 nec
3488 3580 3735 3636 dormire
3753 3573 3904 3636 novit.

2289 3673 2345 3724 et
2373 3669 2736 3725 dormientes
2775 3686 2881 3726 nos
2921 3671 3129 3726 excitat
3160 3676 3221 3726 ut
3261 3678 3556 3742 petamus.

2367 3759 2446 3812 16.
2481 3758 2624 3814 Hinc
2645 3764 2732 3814 est
2753 3764 2807 3814 et
2835 3760 2981 3814 illud
3007 3777 3020 3814 :
3047 3760 3230 3816 Petite
3254 3768 3304 3816 et
3331 3759 3627 3832 accipietis
3653 3780 3670 3827 ,-
3699 3751 3907 3828 quaerite

2290 3851 2342 3903 et
2367 3847 2716 3918 invenietis,-
2755 3849 2995 3917 pulsate
3032 3857 3084 3905 et
3144 3849 3453 3918 aperietur
3514 3847 3690 3904 vobis.
3744 3840 3905 3899 Omnis

2290 3938 2440 3991 enim
2471 3937 2575 4007 qui
2602 3941 2747 4005 petit
2779 3939 3009 4007 accipit,
3044 3946 3096 3994 et
3128 3953 3399 4010 quarens
3439 3939 3674 4001 invenit,
3713 3940 3760 3990 et
3791 3929 3907 4001 pul-

2289 4026 2450 4081 santi
2475 4027 2796 4094 aperietur.
2827 4027 2949 4081 Aut
2979 4026 3109 4099 quis
3139 4034 3221 4083 est
3253 4042 3327 4083 ea:
3356 4027 3515 4083 vobis
3545 4028 3726 4089 homo,
3755 4037 3788 4077 a
3813 4031 3906 4091 quo

2287 4116 2450 4182 ﬁlius
2481 4130 2622 4170 suus
2646 4130 2858 4182 panem
2885 4116 3049 4184 petit,
3085 4117 3377 4187 numquid
3409 4117 3663 4186 lapidem
3686 4108 3905 4182 porrigit

2291 4204 2342 4258 ei
2365 4204 2392 4258 ?
2416 4209 2521 4259 aut
2550 4203 2600 4258 si
2621 4205 2836 4272 piscem
2862 4207 3029 4273 petit,
3055 4205 3345 4277 numquid
3355 4212 3671 4276 serpentem
3688 4197 3906 4271 porrigit

2289 4292 2424 4347 illi?
2449 4299 2552 4348 aut
2580 4294 2631 4347 si
2659 4308 2828 4349 ovum
2861 4295 3024 4362 petit,
3053 4294 3342 4366 numquid
3387 4295 3640 4363 porrigit
3685 4290 3734 4347 ei
3776 4300 3905 4344 scor-

2287 4381 2451 4449 pium
2474 4381 2502 4436 ‘t
2532 4382 2600 4437 Si
2618 4396 2753 4450 ergo
2780 4397 2896 4447 vos,
2921 4399 3051 4438 cum
3076 4383 3202 4439 sitis
3218 4382 3381 4448 mali,
3412 4385 3591 4438 nostis
3623 4382 3764 4436 bona
3785 4377 3905 4432 data

2289 4470 2436 4526 dare
2443 4471 2586 4539 ﬁliis
2611 4478 2726 4527 vest
2734 4471 2832 4535 ris,
2850 4478 3074 4543 quanto
3093 4472 3278 4541 magis
3298 4473 3478 4529 Pater
3497 4476 3678 4528 vester
3701 4462 3905 4524 caelestis

2288 4559 2452 4615 dabit
2487 4561 2638 4617 bona
2665 4561 2992 4629 petentibus
3019 4577 3078 4618 se
3109 4562 3220 4633 (Id.
3256 4578 3331 4626 xi,
3369 4561 3567 4632 5-13)?
3610 4561 3743 4614 Cum
3785 4568 3904 4620 ergo

2288 4650 2619 4704 secundum
2646 4650 2752 4705 tria
2769 4650 2865 4705 illa
2883 4666 3018 4722 quae
3036 4652 3422 4707 commendat
3439 4648 3764 4722 Apostolus,
3781 4642 3903 4701 ﬁdes

2290 4737 2658 4805 signiﬁcetur
2688 4739 2744 4792 in
2775 4739 2951 4806 pisce,
2997 4739 3076 4794 vel
3113 4746 3354 4811 propter
3382 4753 3604 4811 aquam
3637 4729 3901 4805 Baptismi.

2288 4826 2380 4881 vel
2411 4829 2571 4898 quod
2605 4828 2666 4882 in
2697 4827 2875 4897 hujus
2906 4827 3104 4882 saeculi
3135 4828 3413 4884 ﬂuctibus
3445 4828 3665 4896 integra
3688 4829 3802 4886 est;
3827 4817 3903 4873 cui

2286 4916 2619 4972 contrarius
2651 4922 2740 4971 est
2771 4917 2862 4972 ille
2893 4933 3160 4988 serpens,
3201 4919 3301 4989 qui
3347 4924 3404 4972 ut
3448 4932 3565 4971 non
3605 4912 3903 4970 crederetur

2286 5006 2424 5072 Deo,
2455 5021 2756 5061 venenosa
2788 5006 2995 5062 fraude
3025 5007 3364 5076 persuasit:
3399 5021 3530 5077 spes
3551 5005 3610 5060 in
3638 5017 3754 5064 ovo.
3781 4994 3902 5070 quia

2286 5095 2405 5149 vita
2448 5094 2588 5164 pulli
2628 5095 2897 5149 nondum
2939 5100 3044 5158 est,
3089 5095 3191 5150 sed
3233 5094 3430 5151 futura
3480 5098 3585 5163 est,
3643 5104 3744 5147 nec
3792 5088 3899 5159 jam

2285 5184 2533 5250 videtur,
2566 5184 2666 5240 sed
2701 5183 2898 5239 adhuc
2927 5191 3200 5254 speratur
3227 5201 3240 5248 ;
3269 5200 3405 5256 spes
3430 5183 3586 5239 enim
3616 5195 3741 5252 quas
3767 5173 3906 5229 vide-

2284 5277 2400 5338 tur,
2425 5287 2542 5328 non
2566 5278 2650 5328 est
2680 5289 2818 5344 spes
2844 5275 3036 5341 (Rom.
3065 5288 3184 5339 vui,
3215 5276 3306 5338 2i)
3333 5289 3345 5340 ;
3373 5272 3466 5328 cui
3491 5268 3806 5326 contrarius
3829 5263 3900 5316 est

2285 5362 2570 5433 scorpius,
2597 5362 2883 5434 quoniam
2907 5363 3008 5432 qui
3037 5369 3233 5433 sperat
3260 5368 3539 5417 aeternam
3573 5357 3759 5418 vitam,
3784 5363 3897 5422 qua?

2284 5459 2439 5506 retro
2465 5455 2602 5506 sunt
2631 5451 3015 5517 obliviscitur,
3047 5458 3101 5508 et
3127 5453 3182 5505 in
3212 5450 3506 5506 anteriora
3531 5463 3592 5503 se
3623 5437 3860 5500 extendit
3885 5450 3895 5498 ;

2285 5540 2379 5594 cui
2413 5540 2659 5596 noxium
2693 5546 2776 5594 est
2810 5546 2962 5596 retro
2989 5540 3282 5612 respicere
3307 5556 3320 5602 ;
3349 5537 3614 5608 scorpius
3637 5538 3816 5591 autem
3835 5540 3896 5579 ex

2284 5645 2355 5686 ea
2384 5638 2548 5702 parte
2575 5631 2879 5688 cavendus
2900 5635 3005 5695 est,
3035 5645 3222 5703 quam
3244 5633 3592 5686 venenatam
3616 5629 3669 5681 et
3695 5617 3895 5680 aculea-
