4074 6164
131 184 234 247 501

124 304 245 361 tam
261 306 585 361 retrorsum
602 305 783 365 habet
804 326 818 367 :
843 309 1105 368 charitas
1119 310 1178 366 in
1195 325 1351 380 pane
1370 334 1389 381 ,-
1408 311 1602 383 major
1619 311 1777 368 enim

114 390 339 448 horum
372 393 631 451 charitas
662 397 703 469 (Ι
729 397 866 453 Cor.
897 415 1023 465 xui,
1062 400 1168 471 13),
1200 406 1256 457 et
1295 400 1356 455 in
1396 400 1543 455 cibis
1580 400 1780 473 utique

112 479 301 537 vincit
328 488 541 539 cetera
573 487 744 555 panis
779 487 997 543 utilitas
1037 505 1049 554 ;
1084 488 1178 544 cui
1212 489 1545 545 contrarius
1584 494 1671 544 est
1700 489 1777 544 la-

112 569 227 639 pis.
246 573 542 642 quoniam
569 574 723 632 dura
748 576 932 632 corda
945 583 1235 649 respuunt
1252 578 1599 633 charitatem
1627 578 1778 634 :sive

111 657 280 715 aliud
313 659 541 734 aliquid
568 668 998 734 congruentius
1031 667 1142 722 ista
1182 666 1533 738 significent,
1579 674 1778 723 tamen

106 750 207 822 qui
241 750 413 807 novit
442 752 604 809 bona
642 754 782 811 data
812 755 956 812 dare
984 756 1120 811 ﬁliis
1154 756 1294 822 suis,
1340 762 1538 828 petere
1577 772 1689 812 nos
1724 762 1781 813 et

106 854 383 911 querere
410 846 464 896 et
492 841 731 912 pulsare
761 845 1079 916 compellit.

178 929 263 983 17.
301 930 481 994 Quod
500 946 687 1003 quare
712 932 909 1000 faciat,
934 933 1373 1006 quinovitquid
1395 933 1566 991 nobis
1580 950 1779 990 neces-

103 1017 337 1075 sarium
382 1019 476 1083 sit,
518 1021 865 1093 priusquam
908 1028 1183 1095 petamus
1246 1023 1324 1079 ab
1381 1038 1472 1089 eo,
1539 1040 1777 1081 movere

100 1107 385 1164 animum
426 1113 643 1180 potest,
685 1111 796 1168 nisi
834 1112 1237 1182 intelligamus
1275 1112 1440 1185 quod
1490 1114 1779 1169 Dominus

101 1200 153 1252 et
186 1197 353 1251 Deus
397 1203 594 1255 uoster
623 1215 743 1256 non
779 1201 1147 1259 voluntatem
1182 1207 1450 1259 nostram
1485 1202 1596 1259 sibi
1640 1203 1780 1265 velit

100 1285 505 1354 innotescere,
524 1305 706 1359 quam
724 1305 846 1346 non
864 1296 1059 1363 potest
1072 1291 1347 1361 ignorare
1370 1308 1384 1359 ;
1403 1291 1503 1346 sed
1519 1294 1777 1351 exerceri

100 1374 156 1429 in
181 1375 573 1432 orationibus
598 1377 961 1435 desiderium
993 1384 1285 1447 nostrum,
1314 1396 1437 1453 quo
1466 1382 1775 1451 possimus

100 1479 315 1535 capere
348 1465 519 1538 quod
547 1476 843 1539 prteparat
874 1468 1038 1525 dare.
1069 1469 1213 1525 Illud
1247 1470 1404 1527 enim
1439 1469 1613 1527 valde
1646 1486 1778 1527 ma-

99 1568 284 1624 gnum
319 1557 431 1623 est,
463 1554 569 1610 sed
593 1570 704 1610 nos
736 1556 813 1612 ad
843 1556 1206 1629 capiendum
1231 1558 1398 1630 parvi
1440 1564 1496 1614 et
1534 1554 1776 1629 angusti

104 1657 343 1697 sumus.
376 1643 515 1699 ideo
533 1643 708 1699 nobis
731 1643 943 1701 dicitur
975 1664 987 1702 :
1021 1647 1380 1703 Dilatamini
1399 1664 1423 1713 ,θ
1447 1648 1777 1718 nesitisju-

101 1746 236 1799 gum
269 1731 559 1789 ducentes
598 1749 730 1790 cum
768 1734 1111 1804 inﬁdelibus
1153 1735 1221 1806 (ll
1257 1737 1393 1792 Cor.
1426 1753 1505 1801 v1,
1553 1737 1771 1807 13,14).

100 1820 284 1875 Tanto
319 1822 551 1893 quippe
581 1822 724 1877 illud
752 1824 916 1895 quod
949 1825 1118 1880 valde
1147 1841 1435 1895 magnum
1467 1831 1573 1892 est,
1608 1826 1775 1898 quod

101 1909 443 1967 necoculus
460 1911 629 1980 vidit,
656 1912 798 1985 quia
821 1928 941 1968 non
957 1918 1045 1968 est
1065 1914 1234 1969 color
1261 1933 1274 1982 ;
1296 1930 1403 1970 nec
1418 1916 1580 1971 auris
1609 1915 1774 1971 audi-

103 1996 198 2063 vit,
230 1999 525 2069 quianon
556 2006 642 2055 est
668 2018 888 2068 sonus;
920 2018 1028 2058 nec
1057 2003 1115 2057 in
1147 2018 1251 2057 cor
1281 2004 1542 2058 hominis
1568 2019 1773 2059 ascen-

103 2086 180 2141 dit
210 2088 253 2158 (Ι
295 2087 440 2144 Cor.
469 2105 530 2157 ιι,
564 2090 642 2158 9),
668 2091 811 2162 quia
838 2106 939 2146 cor
982 2091 1247 2147 hominis
1287 2091 1424 2147 illuc
1464 2092 1640 2148 debet
1679 2110 1774 2149 as-

97 2175 376 2241 cendere,
410 2194 725 2234 sumemus
758 2180 1061 2251 capacius,
1094 2186 1321 2252 quanto
1355 2180 1413 2236 id
1452 2185 1509 2236 et
1538 2181 1771 2237 ﬁdelius

96 2264 421 2331 credimus,
454 2272 510 2323 et
536 2283 851 2340 speramus
878 2269 1129 2334 ﬁrmius,
1158 2274 1214 2324 et
1242 2269 1655 2326 desideramus
1683 2288 1773 2327 ar-

95 2352 356 2409 dentius.

156 2443 404 2500 CAPUT
456 2445 553 2500 IX.
608 2475 678 2487 —
737 2447 821 2502 18.
870 2447 930 2501 In
976 2449 1109 2520 ipsa
1157 2463 1299 2521 ergo
1338 2447 1499 2504 ﬁnde
1546 2464 1652 2521 spe
1714 2452 1771 2506 et

91 2532 379 2590 charitate
447 2533 795 2591 continuato
857 2536 1152 2593 desiderio
1218 2554 1455 2609 semper
1511 2553 1766 2597 oramus.

91 2622 196 2677 Sed
221 2621 369 2678 ideo
393 2638 499 2693 per
524 2628 684 2680 certa
706 2623 1012 2681 intervalla
1033 2626 1316 2681 horarum
1344 2632 1401 2682 et
1428 2632 1768 2698 temporum

88 2711 266 2767 etiam
286 2711 491 2768 verbis
526 2727 815 2783 rogamus
842 2717 1053 2777 Deum,
1099 2721 1159 2785 ut
1198 2716 1307 2772 illis
1339 2732 1535 2772 rerum
1579 2716 1767 2787 signis

89 2815 191 2857 nos
222 2801 406 2872 ipsos
446 2801 911 2873 admoneamus,
934 2810 1363 2878 quantumque
1390 2807 1449 2861 in
1480 2805 1593 2862 hoc
1615 2806 1769 2862 desi-

88 2889 245 2947 derio
272 2891 708 2962 profecerimus
730 2893 905 2950 nobis
933 2893 1082 2965 ipsis
1115 2895 1174 2950 in
1188 2900 1594 2963 notescamus,
1618 2902 1673 2952 et
1690 2895 1766 2951 ad

88 2977 193 3035 hoc
212 2980 575 3051 augendum
606 2997 715 3037 nos
738 2982 899 3055 ipsos
923 2984 1119 3039 acrius
1141 2984 1493 3041 excitemus.
1530 2986 1767 3055 Dignior

88 3068 238 3124 enim
273 3074 557 3141 sequetur
600 3070 865 3137 effectus,
903 3087 1085 3144 quem
1119 3074 1435 3129 ferventior
1471 3074 1750 3146 praecedit

89 3157 360 3215 aﬂ‘ectus.
394 3160 477 3214 Ac
498 3175 602 3230 per
626 3160 739 3216 hoc
766 3166 820 3216 et
844 3162 1009 3233 quod
1038 3161 1124 3218 ait
1150 3163 1489 3231 Apostolus,
1511 3162 1646 3219 Sine
1672 3164 1761 3218 in-

90 3248 462 3306 termissione
497 3256 661 3305 orate
687 3250 729 3322 (l
784 3249 982 3307 Thess.
1017 3266 1073 3315 v,
1122 3250 1234 3322 17),
1282 3251 1423 3323 quid
1473 3258 1564 3307 est
1605 3252 1762 3309 aliud

93 3350 301 3406 quam,
330 3340 570 3393 Beatam
596 3338 803 3407 vitam,
827 3355 963 3411 quas
988 3339 1157 3396 nulla
1179 3340 1288 3395 nisi
1315 3346 1535 3396 aeterna
1556 3348 1662 3411 est,
1685 3342 1763 3398 ab

94 3438 158 3480 eo
185 3426 297 3497 qui
324 3441 463 3482 eam
513 3427 677 3482 solus
722 3428 866 3483 dare
911 3434 1144 3499 potest,
1179 3430 1306 3485 sine
1328 3431 1764 3487 intermissione

93 3512 427 3571 desiderate
448 3517 476 3571 ?
502 3520 748 3588 Semper
777 3533 920 3587 ergo
946 3518 1104 3573 hanc
1126 3535 1160 3574 a
1185 3519 1439 3575 Domino
1464 3522 1581 3576 Deo
1606 3520 1761 3577 desi-

94 3602 384 3670 deremus,
416 3609 472 3660 et
501 3622 741 3661 oremus
775 3623 1030 3679 semper.
1077 3608 1188 3665 Sed
1224 3608 1360 3663 ideo
1398 3609 1474 3665 ab
1499 3610 1628 3666 aliis
1658 3627 1760 3667 cu-

95 3692 163 3747 ris
192 3700 378 3765 atque
420 3694 699 3763 negotiis,
741 3695 955 3767 quibus
981 3697 1182 3767 ipsum
1229 3697 1589 3754 desiderium
1615 3716 1761 3771 quo-

96 3780 425 3839 dammodo
446 3784 710 3855 tepescit,
738 3786 911 3842 certis
931 3785 1097 3841 horis
1119 3787 1194 3842 ad
1220 3787 1525 3857 negotium
1545 3788 1757 3849 orandi

100 3875 352 3926 mentem
377 3887 742 3937 revocamus,
776 3873 975 3929 verbis
1001 3875 1292 3931 orationis
1321 3890 1433 3931 nos
1460 3875 1624 3947 ipsos
1654 3877 1762 3932 ad-

98 3964 407 4015 monentes
426 3960 484 4015 in
506 3960 563 4014 id
587 3960 752 4031 quod
771 3960 1128 4028 desiramus,
1151 3962 1482 4029 intendere,
1506 3978 1579 4017 ne
1596 3964 1758 4035 quod

101 4052 392 4118 tepescere
441 4054 724 4121 cmperat,
783 4049 1033 4106 omnino
1080 4050 1374 4119 frigescat,
1418 4056 1475 4107 et
1520 4053 1756 4123 penitus

99 4138 528 4208 exstinguatur.
569 4138 689 4193 nisi
735 4139 1002 4194 crebrius
1034 4139 1461 4197 inﬂammetur.
1511 4141 1674 4197 Unde
1700 4144 1759 4198 et

99 4224 231 4281 illud
266 4226 434 4298 quod
468 4226 626 4282 idem
667 4228 974 4299 apostolus
1017 4228 1118 4295 ait,
1170 4230 1601 4286 Postulationes
1632 4246 1755 4286 ves-

101 4320 200 4372 tra
229 4314 614 4373 innotescant
645 4318 810 4387 apud
854 4318 1038 4374 Deum
1068 4319 1369 4389 (Philipp.
1414 4336 1494 4388 iV,
1528 4319 1603 4391 6),
1633 4335 1750 4376 non

98 4403 171 4458 sis
216 4404 643 4476 accipiendum
696 4410 806 4473 est,
854 4411 1138 4478 tanquam
1187 4410 1303 4463 Deo
1348 4408 1749 4479 innotescant,

97 4493 189 4563 qui
217 4510 322 4550 eas
344 4498 403 4549 et
427 4498 753 4567 antequam
777 4498 975 4550 essent
995 4494 1199 4567 utique
1214 4499 1480 4561 noverat,
1528 4495 1632 4551 sed
1652 4512 1753 4553 no-

99 4579 184 4636 bis
214 4582 594 4639 innotescant
622 4583 784 4656 apud
832 4583 1021 4639 Deum
1060 4600 1165 4655 per
1201 4584 1582 4653 tolerentiam,
1628 4601 1750 4642 non

99 4670 256 4742 apud
288 4671 567 4728 homines
610 4688 716 4743 per
736 4673 1111 4744 jactantiam.
1143 4675 1257 4729 Aut
1283 4674 1430 4730 forte
1460 4676 1637 4730 etiam
1666 4674 1753 4731 in-

96 4765 408 4817 notescant
432 4761 668 4833 Angelis
686 4762 938 4835 quisunt
956 4762 1120 4834 apud
1148 4765 1352 4828 Deum,
1374 4768 1437 4819 ut
1456 4764 1753 4835 quodam-

101 4850 276 4907 modo
300 4866 405 4907 eas
424 4849 679 4908 offerant
700 4854 839 4918 Deo,
860 4857 916 4907 et
940 4852 1015 4908 de
1033 4851 1127 4908 his
1146 4853 1475 4917 consulant,
1509 4857 1565 4908 et
1585 4854 1749 4924 quod

97 4952 162 4993 eo
176 4938 426 5009 jubente
445 4939 821 5012 implendum
838 4956 966 4997 esse
992 4943 1397 5011 cognoverint,
1414 4941 1752 5013 sicutopor-

98 5030 209 5083 tere
227 5028 311 5084 ibi
344 5029 754 5099 cognoverint,
776 5030 887 5087 hoc
915 5031 1088 5087 nobis
1104 5031 1193 5085 vel
1216 5031 1519 5087 evidenter
1550 5030 1642 5087 vel
1666 5031 1749 5087 la-

102 5120 281 5173 tenter
311 5123 630 5189 epportent
657 5135 668 5173 :
696 5119 834 5176 dixit
866 5120 1025 5175 enim
1068 5120 1319 5191 angelus
1349 5119 1578 5176 homini
1622 5139 1635 5175 :
1670 5122 1749 5177 Et

100 5219 256 5263 nunc
276 5208 521 5279 quando
533 5208 746 5266 arabas
757 5214 822 5265 tu
839 5214 892 5266 et
905 5208 1074 5274 Sara,
1092 5224 1196 5281 ego
1208 5208 1400 5265 obtuli
1420 5212 1748 5267 orationem

102 5299 346 5352 vestram
387 5296 449 5353 in
479 5305 797 5365 conspectu
838 5298 1135 5355 claritatis
1166 5298 1274 5356 Dei
1299 5298 1465 5369 (Tob.
1499 5315 1603 5369 xu,
1632 5302 1745 5370 12).

167 5387 391 5443 CAPUT
417 5387 475 5441 Χ.
501 5416 568 5427 —
594 5387 673 5441 t9.
700 5388 840 5453 Quae
858 5404 995 5443 cum
1014 5389 1095 5444 ita
1117 5388 1254 5455 sint,
1282 5387 1461 5444 etiam
1487 5404 1624 5444 cum
1645 5388 1749 5445 diu

100 5489 264 5531 orare
284 5480 473 5542 vacat,
504 5476 563 5531 id
585 5481 673 5531 est
702 5492 840 5532 cum
861 5477 977 5533 alia
998 5476 1291 5533 bonarum
1313 5483 1370 5532 et
1389 5478 1749 5534 necessaria-

103 5579 226 5619 rum
260 5565 565 5622 actionum
593 5580 711 5622 non
735 5566 1138 5637 impediuntur
1157 5566 1375 5630 ofﬁcia,
1407 5568 1671 5638 quamvis
1693 5572 1749 5623 et

102 5652 161 5709 in
181 5655 285 5721 eis,
335 5659 398 5713 ut
422 5655 568 5721 dixi,
601 5654 896 5713 desiderio
919 5655 1017 5713 illo
1050 5670 1289 5728 semper
1330 5654 1629 5713 orandum
1651 5656 1742 5723 sit,

1350 194 1861 255 EPISTOLARUM
1902 194 2195 255 CLASSIS
2236 200 2329 255 III.

3439 207 3546 265 502

1893 328 2013 370 non
2031 318 2118 370 est
2139 314 2485 387 improbum
2505 332 2613 373 nec
2645 317 2871 377 inutile.
2892 321 3094 393 Neque
3116 321 3300 390 enim,
3316 327 3378 381 ut
3398 338 3544 381 non.

1888 403 2035 458 nulli
2066 410 2293 474 putant,
2334 405 2444 461 hoc
2475 411 2565 461 est
2603 423 2775 463 orare
2808 408 2866 463 in
2904 409 3306 483 multiloquio,
3335 412 3378 467 si
3414 413 3542 469 diu-

1887 491 2004 547 tius
2044 498 2261 549 oretur.
2297 494 2471 550 Aliud
2509 502 2597 551 est
2629 513 2824 552 sermo
2852 498 3101 565 multus,
3126 499 3288 555 aliud
3320 502 3544 558 diutur-

1886 596 2002 635 nus
2035 581 2302 637 affectus.
2346 586 2489 639 Nam
2519 590 2575 640 et
2603 585 2676 639 de
2700 586 2830 658 ipso
2861 588 3108 643 Domino
3136 590 3423 661 scriptum
3457 597 3545 648 est

1885 669 2053 740 quod
2075 672 2508 741 pernoctaverit
2528 675 2586 727 in
2614 674 2843 730 orando
2870 675 3036 745 (Luc.
3069 693 3147 742 vr,
3186 678 3542 750 t2),etquod

1887 757 2174 829 prolixius
2215 762 2475 817 oraverit
2516 763 2635 831 (Id.
2675 780 2811 834 χχιι,
2858 765 2989 837 43);
3043 766 3144 821 ubi
3176 766 3321 839 quid
3354 754 3541 841 quam

1886 847 2061 903 nobis
2096 849 2405 920 praebebat
2452 852 2813 924 exemplum,
2860 854 2919 910 in
2966 858 3232 927 tempore
3268 860 3543 927 precator

1885 942 2283 1008 opportunus,
2314 955 2454 996 cum
2487 943 2653 997 Patre
2680 943 2986 998 exauditor
3016 948 3271 999 aeternus
3303 942 3331 1001 τ

1956 1029 2043 1081 20.
2080 1026 2366 1083 Dicuntur
2405 1028 2614 1086 fratres
2643 1032 2702 1085 in
2748 1034 3000 1104 Egypto
3033 1032 3273 1088 crebras
3299 1033 3544 1106 quidem

1884 1114 2105 1171 habere
2153 1118 2471 1182 orationes,
2503 1119 2611 1174 sed
2650 1136 2753 1175 eas
2784 1126 2986 1177 tamen
3031 1121 3444 1193 brevissimas,
3489 1129 3547 1183 et

1883 1205 2101 1276 raptim
2132 1206 2589 1277 quodammodo
2632 1209 2951 1280 jaculatas,
2986 1226 3059 1266 ne
3099 1211 3200 1267 illa
3231 1211 3545 1281 vigilanter

1885 1299 2100 1359 erecta,
2142 1311 2276 1366 quae
2308 1298 2500 1352 oranti
2546 1297 2871 1370 plurimum
2915 1302 3254 1356 necessaria
3284 1305 3388 1371 est,
3438 1316 3546 1373 per

1884 1382 2293 1453 productiores
2326 1400 2526 1441 moras
2566 1392 2888 1443 evanescat
2920 1392 3097 1460 atque
3121 1388 3429 1445 hebetetur
3451 1389 3545 1445 in-

1883 1471 2085 1526 tentio.
2112 1473 2192 1526 Ac
2224 1488 2329 1545 per
2357 1473 2471 1529 hoc
2497 1475 2673 1530 etiam
2706 1475 2821 1548 ipsi
2851 1477 2992 1532 satis
3014 1476 3356 1541 ostendunt,
3385 1477 3542 1535 hanc

1883 1559 2285 1628 intentionem,
2320 1563 2469 1618 sicut
2499 1579 2620 1619 non
2645 1568 2731 1620 est
2758 1564 3175 1632 obtundenda,
3225 1566 3272 1621 si
3318 1566 3537 1637 perdu-

1884 1664 2014 1705 rare
2054 1664 2173 1705 non
2212 1656 2417 1723 potest,
2454 1652 2532 1708 ita
2562 1653 2607 1708 si
2643 1653 3074 1723 perduraverit,
3117 1669 3239 1709 non
3273 1655 3386 1711 cito
3412 1670 3541 1712 esse

1882 1739 2304 1808 rumpendam.
2339 1740 2510 1797 Absit
2553 1742 2713 1797 enim
2745 1741 2822 1798 ab
2852 1743 3123 1799 oratione
3161 1742 3347 1800 multa
3374 1743 3540 1799 locu-

1886 1826 1982 1889 tio,
2010 1826 2113 1880 sed
2142 1843 2263 1883 non
2291 1828 2443 1885 desit
2483 1829 2670 1886 multa
2694 1831 2979 1902 precatio,
3009 1832 3055 1887 si
3086 1830 3318 1889 fervens
3342 1847 3540 1903 perse-

1880 1919 2049 1969 verat
2077 1915 2344 1972 intentio.
2380 1920 2527 1973 Nam
2574 1918 2826 1975 multum
2870 1918 3055 1991 loqui,
3091 1926 3175 1974 est
3206 1920 3265 1974 in
3307 1920 3539 1976 orando

1880 2018 2006 2059 rem
2049 2005 2450 2060 necessariam
2476 2004 2795 2077 super-ﬂuis
2838 2022 3014 2076 agere
3042 2007 3259 2062 verbis.
3293 2007 3537 2063 Multum

1881 2097 2080 2147 autem
2117 2093 2365 2164 precari,
2414 2100 2505 2149 est
2543 2094 2621 2150 ad
2653 2110 2791 2149 eum
2833 2110 3013 2166 quem
3050 2110 3386 2167 precamur,
3410 2096 3537 2152 diu-

1880 2180 2056 2236 turna
2083 2186 2137 2236 et
2187 2182 2279 2247 pia
2311 2182 2508 2238 cordis
2558 2182 2905 2238 excitatione
2937 2184 3195 2255 pulsare.
3229 2188 3375 2239 Nam
3416 2184 3536 2258 ple-

1876 2285 2133 2341 rumque
2160 2269 2273 2325 hoc
2318 2272 2625 2341 negotium
2669 2272 2800 2343 plus
2832 2272 3152 2343 gemitibus
3197 2289 3385 2345 quam
3417 2290 3534 2330 ser-

1876 2358 2160 2415 monibus
2192 2361 2408 2429 agitur,
2442 2361 2572 2431 plus
2603 2360 2744 2417 fletu
2773 2377 2959 2433 quam
3002 2361 3207 2417 affatu.
3242 2364 3405 2419 Ponit
3431 2380 3533 2419 au-

1878 2453 1994 2504 tem
2026 2448 2329 2521 lacrymas
2374 2456 2605 2506 nostras
2636 2451 2697 2505 in
2729 2456 3053 2523 conspectu
3085 2467 3216 2517 suo,
3252 2456 3312 2507 et
3349 2453 3533 2521 gemi-

1878 2542 1969 2594 tus
2000 2543 2200 2592 noster
2222 2554 2342 2594 non
2362 2544 2447 2593 est
2477 2539 2867 2595 absconditus
2885 2539 2963 2595 ab
2982 2556 3052 2595 eo
3079 2541 3181 2611 qui
3205 2541 3409 2597 omnia
3426 2556 3531 2613 per

1875 2626 2130 2682 Verbum
2151 2627 2440 2695 condidit,
2474 2632 2532 2682 et
2560 2628 2828 2685 humana
2862 2628 3045 2685 verba
3076 2644 3197 2684 non
3225 2630 3455 2701 quierit.

1947 2716 2172 2771 CAPUT
2212 2716 2299 2771 XI.
2341 2747 2410 2758 —
2448 2718 2537 2772 21.
2572 2717 2750 2773 Nobis
2790 2733 2929 2790 ergo
2964 2718 3148 2774 verba
3185 2720 3529 2777 necessaria

1874 2810 2031 2870 sunt,
2078 2805 2299 2875 quibus
2328 2822 2823 2862 commoneamur
2853 2811 2908 2863 et
2940 2806 3337 2880 inspiciamus
3382 2808 3528 2881 quid

1871 2899 2166 2965 petamus,
2198 2909 2317 2949 non
2335 2894 2556 2965 quibus
2580 2895 2901 2950 Dominum
2934 2912 3034 2950 seu
3055 2895 3393 2953 docendum
3422 2913 3527 2954 seu

1871 2981 2234 3037 ﬂectendum
2285 2998 2417 3037 esse
2468 2983 2805 3039 credamus.
2869 2986 3012 3039 Cum
3063 2999 3204 3052 ergo
3244 2985 3521 3051 dicimus,

1870 3071 2296 3140 Sanctiﬁcetur
2321 3086 2531 3127 nomen
2568 3079 2760 3138 tuum,
2790 3087 2900 3127 nos
2928 3072 3091 3145 ipsos
3123 3073 3524 3129 admonemus

1869 3160 2210 3216 desiderare
2255 3164 2316 3216 ut
2363 3176 2583 3216 nomen
2629 3160 2758 3232 ejus
2789 3161 2953 3232 quod
2986 3176 3223 3233 semper
3254 3167 3522 3218 auctum

1870 3256 1977 3316 est,
2008 3251 2185 3305 etiam
2236 3249 2399 3321 apud
2450 3249 2722 3306 homines
2756 3255 3033 3306 sanctum
3066 3250 3374 3317 habeatur,
3407 3251 3523 3307 hoc

1868 3347 1954 3396 est
1984 3355 2105 3395 non
2132 3344 2549 3396 contemnatur
2581 3356 2594 3405 ;
2627 3339 2793 3411 quod
2820 3354 2941 3395 non
2975 3339 3117 3403 Deo,
3143 3339 3247 3395 sed
3268 3339 3523 3396 homini-

1868 3428 1983 3484 bus
2015 3429 2276 3501 prodest.
2313 3432 2376 3484 Et
2401 3429 2458 3484 in
2506 3444 2576 3485 eo
2607 3428 2772 3501 quod
2802 3428 3065 3496 dicimus,
3091 3429 3388 3486 Adveniat
3436 3445 3522 3486 re-

1866 3534 2050 3590 gnum
2070 3524 2258 3583 tuum,
2283 3518 2445 3590 quod
2474 3534 2578 3575 seu
2596 3517 2865 3584 velimus,
2887 3534 2991 3573 seu
3008 3517 3292 3586 nolimus,
3319 3519 3521 3591 utique

1866 3608 2081 3673 veniet,
2114 3607 2479 3664 desiderium
2512 3612 2779 3664 nostrum
2807 3609 2879 3665 ad
2909 3608 3049 3663 illud
3084 3624 3335 3679 regnum
3370 3609 3523 3666 exci-

1866 3701 2090 3763 tamus,
2134 3702 2195 3751 ut
2224 3696 2398 3751 nobis
2444 3698 2660 3762 veniat,
2712 3703 2892 3767 atque
2930 3712 3038 3751 nos
3070 3698 3131 3751 in
3172 3713 3242 3752 eo
3270 3712 3521 3767 regnare

1865 3800 2230 3840 mereamur.
2266 3783 2411 3839 Cum
2456 3784 2733 3848 dicimus,
2766 3785 2900 3841 Fiat
2928 3786 3200 3840 voluntas
3236 3792 3341 3842 tua
3371 3785 3519 3841 sicut

1864 3875 1926 3928 in
1940 3874 2085 3929 caelo
2100 3878 2152 3929 et
2175 3874 2236 3928 in
2252 3871 2614 3939 terra,nobis
2628 3875 2706 3928 ab
2720 3872 2819 3928 illo
2834 3888 3147 3943 precamur
3161 3873 3359 3943 ipsam
3374 3872 3518 3929 obe-

1865 3962 2172 4026 dientiam,
2207 3965 2270 4017 ut
2294 3961 2375 4016 sic
2405 3978 2441 4017 a
2480 3960 2655 4016 nobis
2691 3961 2794 4017 ﬁat
2822 3960 3097 4017 voluntas
3124 3961 3274 4032 ejus,
3308 3976 3516 4035 quem-

1864 4051 2197 4107 admodum
2227 4050 2293 4106 ﬁt
2321 4049 2379 4105 in
2420 4049 2761 4106 cmlestibus
2806 4051 2877 4105 ab
2910 4050 3146 4122 Angelis
3177 4050 3330 4124 ejus.
3371 4052 3518 4109 Cum

1863 4140 2139 4212 dicimus,
2160 4141 2378 4197 Panem
2404 4146 2671 4195 nostrum
2689 4140 3099 4211 quotidianum
3118 4140 3198 4197 da
3226 4140 3394 4197 nobis
3422 4140 3522 4197 ho-

1861 4229 1993 4299 die;
2016 4245 2121 4301 per
2138 4228 2197 4283 id
2216 4229 2378 4300 quod
2402 4227 2613 4283 dicitur
2635 4227 2823 4294 hodie,
2860 4227 3228 4299 signiﬁcatur
3250 4228 3359 4284 hoc
3374 4232 3520 4284 tem-

1860 4334 2005 4391 pore
2037 4317 2139 4373 ubi
2177 4316 2266 4373 vel
2305 4316 2472 4372 illam
2507 4316 2925 4373 sufficientiam
2972 4317 3253 4387 petimus,
3285 4332 3321 4375 a
3352 4322 3517 4386 parte

1859 4423 1996 4480 quea
2026 4405 2273 4471 excellit,
2301 4405 2361 4459 id
2392 4410 2483 4460 est
2512 4404 2754 4460 nomine
2778 4404 2950 4475 panis
2971 4409 3156 4460 totam
3179 4403 3517 4473 signiﬁcan-

1860 4502 1946 4552 tes
1976 4514 1988 4563 ;
2025 4494 2114 4550 vel
2154 4495 2608 4551 Sacramentum
2638 4492 2926 4557 ﬁdelium,
2958 4493 3119 4565 quod
3150 4492 3209 4547 in
3238 4492 3350 4548 hoc
3376 4497 3515 4547 tem-

1858 4599 2024 4657 pore,
2057 4582 2462 4638 necessarium
2487 4585 2592 4646 est,
2628 4596 2748 4635 non
2773 4587 2970 4635 tamen
2999 4580 3074 4635 ad
3093 4580 3515 4652 hujustempo-

1857 4674 1956 4738 ris,
1973 4672 2075 4727 sed
2090 4672 2166 4726 ad
2184 4670 2346 4726 illam
2364 4674 2653 4725 aeternam
2667 4668 3006 4725 felicitatem
3041 4669 3511 4742 assequendam.

1858 4763 2005 4817 Cum
2025 4760 2299 4824 dicimus,
2320 4759 2558 4815 Dimitte
2582 4756 2746 4813 nobis
2778 4757 2977 4816 debita
3004 4762 3209 4816 nostra
3229 4758 3381 4815 sicut
3406 4774 3513 4816 nos

1856 4850 2201 4907 dimittimus
2247 4847 2609 4905 debitoribus
2649 4847 2884 4912 nostris,
2935 4863 3045 4904 nos
3108 4848 3513 4905 admonemus

1856 4948 1914 4996 et
1940 4939 2085 5013 quid
2101 4943 2399 5010 petamus,
2425 4942 2479 4993 et
2502 4937 2647 5010 quid
2667 4937 2987 5009 faciamus,
3016 4943 3077 4992 ut
3109 4938 3375 5009 accipere
3393 4951 3511 4992 me-

1855 5044 2114 5086 reamur.
2150 5030 2297 5085 Cum
2323 5027 2600 5100 dicimus,
2640 5027 2732 5084 Ne
2755 5042 2854 5082 nos
2883 5027 3114 5098 inferas
3144 5027 3206 5081 in
3237 5026 3510 5081 tentatio-

1856 5135 2007 5186 nem,
2036 5133 2146 5173 nos
2175 5116 2579 5174 admonemus
2618 5116 2735 5173 hoc
2780 5121 2997 5189 petere,
3027 5131 3100 5170 ne
3131 5114 3349 5170 deserti
3380 5114 3509 5183 ejus

1855 5207 2153 5279 adjutorio
2166 5206 2341 5264 alicui
2365 5205 2779 5263 tentationivel
2803 5204 3244 5261 consentiamus
3257 5203 3504 5275 decepti,

1854 5298 1949 5355 vel
1963 5298 2247 5355 cedamus
2260 5296 2464 5354 afflicti
2478 5341 2490 5353 .
2506 5298 2651 5353 Cum
2665 5295 2939 5359 dicimus,
2953 5293 3161 5349 Libera
3173 5308 3327 5348 nosa
3345 5294 3506 5349 malo

1855 5388 2089 5460 (Matth.
2108 5404 2184 5453 v1,
2199 5391 2254 5443 9«
2266 5392 2281 5442 l
2293 5386 2490 5459 3),nos
2504 5385 2579 5441 ad
2589 5400 2904 5441 monemus
2920 5381 3197 5453 cogitare,
3228 5381 3505 5439 nondum

1855 5492 1966 5531 nos
1991 5491 2121 5531 esse
2142 5476 2202 5531 in
2230 5491 2299 5530 eo
2330 5476 2491 5530 bono
2523 5473 2621 5530 ubi
2650 5472 2878 5528 nullum
2928 5470 3221 5544 patiemur
3249 5471 3503 5528 malum.

1856 5568 1920 5620 Et
1950 5564 2060 5620 hoc
2080 5564 2325 5635 quidem
2350 5564 2622 5618 ultimum
2645 5560 2809 5633 quod
2833 5561 2894 5617 in
2912 5560 3216 5617 dominica
3236 5561 3504 5617 oratione

1853 5655 2119 5728 positum
2150 5658 2259 5722 est,
2282 5658 2405 5712 tam
2432 5652 2548 5709 late
2573 5654 2753 5723 patet,
2770 5656 2832 5708 ut
2851 5650 3036 5709 homo
3058 5650 3414 5708 christianus
3440 5650 3502 5706 in
