4074 6158
78 1480 79 1483 ‘
162 1478 171 1491 \

102 1514 107 1523 ι

70 2626 81 2635 ι

78 3002 81 3011 ι

68 3448 73 3459 Ι

72 3918 77 3927 ι

180 4696 203 4717 \

74 4788 77 4797 Α
236 4798 237 4801 η

70 4880 79 4891 ί

74 5110 83 5131 δ

228 5146 241 5157 /'

68 5206 77 5217 Δ

70 5262 79 5271 ι

50 5330 105 5345 ,,,

52 5368 85 5387 ’ὁ

74 5408 81 5417 α

70 5450 83 5463 ν

72 5490 85 5505 ν

48 5512 81 5563 'i

46 5566 91 5611 ε’.
130 5582 141 5593 .

56 5664 83 5679 ⁷ο

66 5700 71 5709 4

350 5952 379 5975 φ

608 188 713 245 503

607 313 875 388 qualibet
887 312 1262 369 tribulatione
1276 310 1629 367 constitutus
1643 311 1700 367 in
1714 311 1829 369 hoc
1852 314 2109 383 gemitus
2122 312 2261 369 edat

606 405 663 460 in
705 403 817 459 hoc
862 402 1163 472 lacrymas
1194 399 1427 467 fundat,
1460 400 1598 456 hinc
1644 402 2003 469 exordiatur,
2047 402 2105 458 in
2146 403 2260 458 hoc

606 492 974 554 immoretur,
990 490 1067 546 ad
1080 490 1477 545 hocterminet
1493 491 1950 546 orationem.His
1963 491 2123 547 enim
2140 507 2261 546 ver-

603 580 691 635 bis
724 595 817 633 res
855 579 1013 650 ipsas
1054 578 1340 634 memoriae
1387 586 1604 635 nostra;
1641 580 2043 635 commendari
2093 595 2262 651 opor-

608 668 790 723 tebat.

678 756 901 812 CAPUT
930 756 1041 812 XlI.
1074 787 1142 796 -—
1163 760 1250 812 22.
1282 755 1428 813 Nam
1460 757 1738 830 quaslibet
1758 757 1875 814 alia
1896 758 2075 813 verba
2101 758 2260 814 dica-

613 862 769 912 mus,
813 862 949 918 qum
971 845 1220 901 affectus
1251 847 1477 901 orantis
1507 846 1598 902 vel
1626 847 2016 918 praecedendo
2044 846 2264 904 format

614 940 678 991 ut
716 935 958 1001 clareat,
1000 934 1087 990 vel
1120 936 1545 1007 consequendo
1592 937 1845 993 attendit
1877 941 1939 991 ut
1987 943 2212 992 crescat
2245 952 2259 1002 ;

612 1024 761 1080 nihil
799 1023 961 1079 aliud
993 1024 1251 1079 dicimus
1286 1041 1471 1096 quam
1503 1025 1666 1097 quod
1698 1026 1757 1080 in
1800 1025 1905 1081 ista
1956 1025 2262 1081 dominica

607 1114 875 1169 oratione
906 1113 1165 1183 positum
1198 1119 1303 1178 est,
1340 1113 1388 1167 si
1433 1119 1587 1169 recte
1616 1119 1673 1169 et
1699 1120 2097 1184 congruenter
2127 1130 2261 1171 ora-

608 1218 764 1256 mus.
786 1200 1063 1272 Quisquis
1098 1206 1297 1257 autem
1329 1200 1389 1256 id
1420 1201 1742 1274 dicitquod
1776 1204 1854 1258 ad
1882 1204 2058 1259 istam
2086 1219 2262 1259 evan-

607 1289 860 1361 gelicam
893 1305 1125 1360 precem
1152 1290 1450 1362 pertinere
1497 1307 1618 1347 non
1648 1293 1856 1363 possit,
1883 1292 2115 1348 etiamsi
2141 1308 2263 1348 non

607 1378 804 1433 illicite
835 1384 985 1442 orat,
1015 1378 1330 1434 carnaliter
1360 1384 1491 1435 orat
1520 1398 1533 1432 :
1567 1381 1724 1452 quod
1745 1380 1946 1436 nescio
1976 1381 2265 1453 quemad-

608 1467 863 1523 modum
913 1482 1034 1522 non
1081 1467 1313 1523 dicatur
1347 1467 1560 1535 illicite,
1610 1470 2107 1542 quandoquidem
2148 1470 2261 1542 spi.

614 1556 727 1612 ritu
762 1560 997 1612 renatos
1048 1557 1287 1611 nonnisi
1320 1558 1698 1628 spiritualiter
1740 1559 1909 1615 decet
1937 1575 2127 1614 orare.
2154 1559 2261 1624 Qui

607 1646 765 1701 enim
801 1645 961 1711 dicit,
1016 1646 1180 1700 verbi
1221 1646 1433 1716 gratia,
1481 1648 1838 1716 Clariﬁcare
1878 1649 1941 1703 in
1990 1650 2261 1704 omnibus

604 1734 897 1805 gentibus,
930 1734 1079 1790 sicut
1130 1735 1498 1803 ciariﬂcatus
1552 1751 1609 1793 es
1655 1737 1719 1792 in
1745 1737 1913 1792 nobis
1945 1754 1961 1791 :
2002 1743 2079 1805 et,
2118 1738 2262 1793 Pro-

608 1824 800 1889 phetw
829 1825 919 1879 tui
940 1825 1142 1891 ﬁdeles
1172 1823 1557 1881 inveniantur
1586 1825 1793 1896 (Eccli.
1825 1841 2025 1891 xxxvr,
2050 1829 2102 1892 4,
2134 1827 2219 1896 18)
2243 1842 2256 1893 ;

604 1912 753 1984 quid
785 1912 947 1967 aliud
965 1912 1109 1968 dicit
1131 1929 1338 1984 quam,
1367 1914 2015 1983 Sanctiﬁceturnomen
2036 1923 2198 1972 tuum
2232 1916 2259 1970 ?

607 2001 715 2068 Qui
746 2000 903 2066 dicit,
941 2001 1092 2058 Deus
1123 2002 1434 2065 virtutum.
1479 2010 1754 2060 converte
1784 2020 1909 2072 nos,
1939 2011 1991 2061 et
2023 2005 2260 2063 ostende

597 2090 816 2159 faciem
840 2096 1024 2156 tuam,
1048 2096 1101 2146 et
1124 2091 1281 2147 salvi
1295 2091 1512 2147 erimus
1536 2093 1739 2163 (Psal.,
1762 2109 1955 2157 Lxxix,
1988 2094 2078 2164 4);
2113 2094 2259 2166 quid

602 2179 766 2235 aliud
789 2180 931 2236 dicit
957 2197 1164 2252 quam,
1210 2182 1413 2238 Veniat
1436 2198 1682 2253 regnum
1711 2190 1877 2240 tuum
1900 2182 1929 2238 ?
1957 2183 2064 2249 Qui
2096 2184 2254 2249 dicit,

602 2270 825 2326 Itinera
853 2285 981 2326 mea
1029 2271 1222 2343 dirige
1250 2272 1571 2329 secundum
1629 2272 1865 2328 verbum
1900 2279 2086 2337 tuum,
2119 2279 2258 2331 etne

601 2359 943 2416 dominetur
964 2362 1078 2416 mei
1107 2361 1295 2417 omnis
1320 2361 1605 2432 iniquitas
1635 2363 1823 2427 (Psat.
1858 2377 2053 2432 cxvm,
2085 2363 2204 2432 133)
2241 2378 2254 2428 ;

601 2449 746 2520 quid
781 2448 946 2504 aliud
976 2448 1118 2504 dicit
1161 2466 1367 2521 quam,
1402 2450 1537 2506 Fiat
1576 2452 1853 2507 voluntas
1884 2454 1988 2508 tua
2008 2452 2157 2507 sicut
2195 2452 2256 2507 in

603 2538 746 2593 caelo
759 2544 811 2593 et
836 2538 1076 2593 interra
1109 2537 1137 2592 ?
1159 2538 1266 2603 Qui
1304 2537 1464 2604 dicit,
1490 2540 1909 2608 Paupertatem
1939 2546 1992 2596 et
2019 2540 2256 2596 divitias

605 2640 677 2680 ne
688 2625 918 2680 dederis
930 2624 1282 2697 mihi(Prov.
1297 2628 1497 2695 xxx,8)
1515 2642 1528 2692 ;
1543 2627 1691 2698 quid
1710 2627 1867 2682 aliud
1884 2627 2027 2683 dicit
2045 2644 2252 2701 quam,

600 2712 818 2769 Panem
852 2719 1117 2769 nostrum
1149 2714 1561 2786 quotidianum
1594 2715 1672 2771 da
1693 2715 1859 2771 nobis
1890 2716 2063 2773 hodie
2090 2718 2119 2774 7
2147 2717 2255 2782 Qui

603 2801 765 2866 dicit,
790 2802 1101 2867 Memento,
1147 2804 1411 2866 Domine,
1445 2804 1658 2870 David,
1693 2814 1747 2861 et
1778 2805 1963 2860 omnis
1989 2821 2256 2862 mansue-

605 2892 831 2946 tudinis
870 2892 996 2961 ejus
1030 2891 1205 2961 (Psal.
1229 2893 1521 2961 cxxxi,l):
1555 2898 1675 2959 aut,
1706 2894 1969 2962 Domine,
1984 2895 2166 2964 sifeci
2182 2894 2257 2950 is-

603 2980 729 3045 tud,
747 2980 799 3035 si
812 2986 895 3036 est
911 2980 1196 3051 iniquitas
1214 2980 1277 3037 in
1300 2981 1573 3037 manibus
1587 2982 1746 3049 meis,
1761 2984 1813 3037 si
1834 2983 2066 3039 reddidi
2083 2986 2255 3041 retrit

607 3068 916 3124 buentibus
949 3070 1097 3125 mihi
1122 3071 1285 3125 mala
1312 3070 1491 3140 (Psal.
1522 3071 1689 3142 vu,4)
1720 3088 1733 3137 ;
1766 3071 1912 3143 quid
1932 3072 2094 3129 aliud
2115 3073 2256 3129 dici-

601 3172 809 3228 quam,
826 3157 1068 3214 Dimitte
1084 3158 1243 3214 nobis
1254 3158 1446 3214 debita?
1461 3165 1685 3224 nostra,
1707 3161 1858 3215 sicut
1873 3166 1925 3217 et
1943 3177 2047 3217 nos
2060 3161 2254 3217 dimit-

601 3246 777 3301 timus
808 3247 1170 3303 debitoribus
1198 3247 1413 3303 nostris
1442 3246 1470 3302 ?
1516 3248 1625 3313 Qui
1664 3248 1824 3317 dicit,
1879 3251 2062 3320 Aufer
2090 3265 2126 3306 a
2167 3266 2255 3307 me

600 3337 1112 3404 concupiscentias
1145 3338 1386 3401 ventris,
1413 3342 1468 3392 et
1512 3337 1867 3394 desiderium
1913 3340 2253 3397 concubitus

599 3439 673 3480 ne
710 3423 1117 3491 apprehendat
1149 3438 1237 3479 me
1262 3423 1472 3494 (Eccti.
1530 3441 1687 3491 χχιιι,
1730 3426 1784 3498 6)
1836 3443 1849 3493 ;
1891 3428 2037 3500 quid
2091 3428 2254 3485 aliud

600 3512 744 3567 dicit
765 3528 970 3583 quam,
1001 3512 1089 3568 Ne
1117 3528 1219 3568 nos
1249 3513 1478 3583 inferas
1501 3514 1962 3573 intentationem
1992 3517 2019 3571 ?
2048 3517 2255 3583 Quidi-

598 3600 696 3669 cit,
711 3600 875 3655 Erue
894 3615 985 3657 me
1014 3601 1353 3657 abinimicis
1378 3603 1534 3667 meis,
1571 3605 1737 3668 Deus,
1771 3610 1824 3660 et
1845 3605 1919 3661 ab
1948 3605 2255 3676 insurgen-

602 3688 753 3744 tibus
778 3704 957 3758 super
986 3704 1074 3746 me
1102 3689 1287 3745 libera
1315 3705 1406 3747 me
1428 3692 1604 3760 (Psat.
1626 3708 1778 3758 Lvm,
1803 3696 1852 3762 2)
1886 3711 1898 3759 ;
1928 3694 2073 3766 quid
2092 3694 2254 3750 aliud

598 3777 738 3833 dicit
767 3793 974 3849 quam,
1003 3778 1221 3834 Libera
1268 3795 1375 3835 nos
1421 3797 1456 3834 a
1485 3782 1645 3836 malo
1674 3780 1701 3835 ?
1733 3784 1794 3838 Et
1841 3782 1889 3837 si
1918 3799 2025 3854 per
2050 3784 2254 3840 omnia

600 3866 1005 3936 precationem
1029 3871 1374 3923 sanctarum
1402 3869 1585 3925 verba
1613 3870 1934 3935 discurras,
1958 3879 2254 3944 quantum

600 3956 870 4020 exstimo,
902 3954 1051 4011 nihil
1080 3957 1345 4011 invenies
1374 3957 1538 4029 quod
1578 3958 1639 4013 in
1672 3959 1782 4014 ista
1813 3959 2117 4016 dominica
2133 3975 2253 4015 non

602 4042 1045 4098 contineaturet
1068 4045 1463 4100 concludatur
1482 4047 1771 4102 oratione.
1808 4048 1972 4104 Unde
1996 4049 2253 4104 liberum

602 4135 690 4186 est
736 4130 865 4186 aliis
891 4134 1071 4203 atque
1103 4131 1234 4187 aliis
1275 4133 1490 4195 verbis,
1525 4134 1738 4189 eadem
1770 4140 1969 4191 tamen
1995 4137 2055 4192 in
2081 4152 2254 4193 oran-

602 4218 683 4274 do
710 4218 905 4275 dicere
938 4236 950 4285 ;
986 4220 1088 4275 sed
1122 4236 1243 4276 non
1269 4221 1444 4277 debet
1470 4238 1597 4278 esse
1628 4223 1882 4280 liberum
1910 4225 2250 4283 aliadicere.

674 4312 762 4364 23.
786 4308 921 4364 Haec
947 4315 1002 4364 et
1024 4324 1132 4380 pro
1155 4310 1348 4377 nobis,
1379 4316 1556 4382 etpro
1574 4313 1815 4378 nostris,
1832 4319 2009 4385 etpro
2024 4315 2252 4380 alienis,

606 4400 786 4468 atque
818 4412 925 4469 pro
950 4398 1095 4469 ipsis
1137 4398 1393 4454 inimicis
1443 4400 1568 4455 sine
1620 4399 1808 4457 ﬂuctu
1864 4402 2254 4459 dubitationis

604 4486 836 4542 oranda
861 4490 1001 4543 sunt
1034 4503 1044 4541 :
1069 4487 1351 4559 quamvis
1381 4488 1533 4543 alius
1550 4504 1657 4561 pro
1690 4491 1823 4556 isto,
1841 4491 1990 4546 alius
2006 4508 2113 4562 pro
2136 4491 2253 4558 illo,

604 4573 755 4630 sicut
784 4590 846 4630 se
874 4575 1100 4632 habent
1147 4576 1626 4650 propinquitates
1658 4579 1750 4634 vel
1793 4579 2259 4653 longinquitates

607 4664 1134 4729 necessitudinum,
1167 4665 1226 4720 in
1266 4666 1444 4721 corde
1474 4668 1698 4723 orantis
1713 4669 1937 4724 oriatur
1957 4669 2258 4725 autexcel-

604 4751 686 4808 lat
720 4752 981 4808 affectus.
1002 4754 1109 4818 Qui
1138 4759 1337 4809 autem
1364 4754 1506 4810 dicit
1535 4756 1591 4810 in
1610 4758 1899 4822 oratione,
1930 4759 2093 4814 verbi
2126 4776 2259 4829 gra-

604 4841 706 4905 tia,
732 4840 1344 4913 Domine,multiplica
1374 4844 1610 4900 divitias
1629 4862 1829 4913 meas;
1860 4852 1980 4913 aut,
2008 4848 2092 4904 Da
2116 4849 2261 4904 mihi

607 4935 802 4987 tantas
831 4936 1089 5003 quantas
1134 4930 1216 4985 illi
1257 4931 1347 4987 vel
1396 4931 1472 4987 illi
1523 4933 1741 4989 dedisti
1794 4951 1806 5000 ;
1849 4940 1971 5001 aut,
2031 4939 2261 4993 Honore

611 5035 778 5075 meos
810 5033 985 5088 auge,
1015 5018 1108 5074 fac
1130 5034 1225 5074 me
1259 5019 1317 5075 in
1348 5020 1462 5077 hoc
1485 5022 1702 5078 saeculo
1725 5029 2155 5095 praepotentem
2182 5034 2265 5082 at-

605 5123 724 5179 que
744 5108 1088 5173 clarentem,
1124 5107 1215 5163 vel
1241 5108 1285 5163 si
1308 5110 1455 5181 quid
1504 5110 1853 5183 hujusmodi
1882 5118 1969 5169 est
2002 5131 2014 5179 ;
2043 5121 2100 5170 et
2133 5114 2261 5172 haec

605 5196 760 5261 dicit,
796 5212 1004 5253 eorum
1040 5197 1273 5253 habens
1303 5200 1873 5270 concupiscentiam,
1918 5218 2037 5258 non
2081 5204 2140 5258 id
2181 5210 2264 5260 at-

608 5286 875 5352 tendens,
902 5291 966 5341 ut
986 5303 1055 5342 ex
1086 5286 1179 5342 his
1197 5287 1530 5342 secundum
1575 5287 1762 5343 Deum
1795 5291 1983 5360 prosit
2008 5290 2260 5347 homini-

609 5372 721 5428 bus
754 5391 766 5426 :
799 5379 946 5446 puto
976 5391 1113 5431 eum
1143 5391 1260 5431 non
1292 5375 1558 5431 invenire
1587 5376 1645 5431 in
1668 5377 1933 5434 oratione
1954 5379 2261 5436 dominica

609 5475 730 5531 quo
757 5464 939 5532 possit
965 5464 1092 5520 haec
1120 5470 1254 5520 vota
1280 5469 1575 5536 coaptare.
1600 5466 2003 5530 Quamobrem
2036 5470 2260 5540 pudeat

610 5549 817 5605 saltem
851 5558 1046 5621 petere
1075 5570 1211 5626 quae
1239 5570 1358 5610 non
1392 5560 1555 5625 putet
1589 5571 1799 5626 cupere
1830 5559 2030 5621 ;autsi
2072 5565 2126 5616 et
2148 5560 2259 5618 hoc

609 5636 814 5710 pudet,
844 5639 943 5694 sed
977 5642 1272 5713 cupiditas
1310 5642 1504 5708 vincit,
1538 5648 1763 5715 quanto
1794 5645 2135 5705 meliushoc
2166 5666 2262 5720 pe-

1894 190 1950 245 s.
1988 185 2373 244 AUGUSTINI
2415 183 2735 241 EPISCOPI
3851 198 3942 255 ὕοι

2370 310 2529 374 titur,
2571 314 2635 365 ut
2664 309 2844 365 etiam
2884 309 2962 366 ab
3001 309 3115 366 isto
3179 310 3511 382 cupiditatis
3547 314 3692 371 malo
3751 315 3943 394 liberet,

2367 401 2461 455 cui
2492 399 2770 466 dicimus,
2804 398 3014 455 Libera
3046 415 3149 456 nos
3177 416 3214 456 a
3239 401 3425 456 malo!

2441 490 2660 545 CAPUT
2695 489 2829 545 Xlll.
2878 520 2937 531 -—-
2969 492 3056 543 24.
3127 488 3340 554 Habes,
3381 495 3657 562 quantum
3714 494 3944 561 arbitror,

2367 593 2489 634 non
2530 580 2726 634 solum
2757 578 2951 650 qualis
3008 595 3160 643 ores,
3194 595 3401 634 verum
3438 580 3605 635 etiam
3629 581 3756 653 quid
3798 599 3946 652 ores;

2368 681 2490 721 non
2520 683 2613 721 me
2642 666 2912 732 docente,
2943 667 3044 722 sed
3086 666 3184 722 illo
3202 667 3303 738 qui
3334 683 3535 723 omnes
3553 684 3655 724 nos
3679 670 3866 727 docere
3884 673 3952 728 di-

2369 760 2583 826 gnatus
2597 761 2701 812 est.
2730 758 2902 812 Beata
2929 756 3050 811 vita
3074 758 3395 829 quaerenda
3412 762 3518 821 est,
3538 756 3657 813 haec
3685 776 3717 814 a
3737 759 3951 818 Domino

2368 844 2489 899 Deo
2521 845 2777 916 petenda
2830 850 2935 900 est.
2979 844 3133 910 Quid
3165 846 3238 900 sit
3280 844 3515 901 beatum
3555 863 3696 911 esse,
3729 864 3760 902 a
3785 850 3953 905 multis

2370 933 2561 988 multa
2614 936 2752 988 sunt
2808 932 3111 1004 disputata
3142 950 3155 1000 ;
3190 932 3293 989 sed
3325 950 3432 989 nos
3464 934 3537 989 ad
3570 935 3770 991 multos
3798 943 3846 992 et
3893 939 3954 993 ad

2371 1022 2557 1078 multa
2591 1023 2799 1093 utquid
2832 1023 3028 1078 imus?
3052 1021 3379 1077 Breviterin
3397 1023 3684 1095 Scriptura
3710 1026 3797 1079 Dei
3825 1041 3957 1082 vera-

2369 1111 2631 1183 citerque
2655 1111 2878 1167 dictum
2907 1116 2996 1167 est
3037 1127 3049 1167 :
3088 1113 3306 1168 Beatus
3333 1112 3575 1183 populus
3591 1115 3750 1182 cujus
3777 1120 3847 1170 est
3866 1116 3958 1170 Do-

2368 1200 2564 1255 minus
2584 1201 2736 1257 Deus
2761 1200 2947 1269 ipsius
2979 1200 3162 1272 (Psai.
3190 1204 3383 1269 cuni,
3416 1201 3525 1272 15).
3551 1201 3613 1255 lu
3633 1204 3751 1271 ipso
3768 1203 3956 1273 pOpulo

2370 1295 2434 1345 ut
2458 1289 2667 1355 simus,
2710 1292 2890 1361 atque
2921 1288 2998 1344 ad
3042 1305 3180 1345 eum
3212 1289 3727 1361 contemplandum
3752 1294 3802 1345 et
3846 1306 3956 1346 cum

2369 1394 2440 1434 eo
2506 1378 2633 1432 sine
2681 1377 2795 1432 ﬁne
2833 1376 3154 1432 vivendum
3188 1378 3491 1449 pervenire
3522 1378 3820 1450 possimus,
3846 1379 3959 1447 ﬁnis

2367 1466 2651 1537 praecepti
2679 1472 2761 1523 est
2784 1466 3051 1522 charitas
3082 1467 3155 1523 de
3179 1467 3356 1523 corde
3378 1482 3548 1536 puro,
3565 1473 3615 1522 et
3646 1468 3959 1523 conscientia

2370 1556 2543 1619 bona,
2567 1556 2879 1625 etﬁdenon
2898 1557 3037 1623 ﬁcta
3057 1556 3100 1626 (l
3135 1557 3279 1611 Tim.
3307 1572 3348 1621 ι,
3380 1556 3455 1627 5).
3492 1556 3554 1610 In
3583 1555 3792 1611 eisdem
3816 1554 3961 1610 tribus

2369 1661 2476 1717 pro
2507 1645 2874 1700 conscientia
2899 1643 3059 1700 bona
3078 1660 3213 1715 spes
3238 1644 3436 1716 posita
3466 1650 3567 1701 est.
3595 1643 3753 1699 Fides
3776 1659 3898 1713 ergo
3918 1650 3964 1700 et

2367 1751 2502 1807 spes
2533 1740 2587 1789 et
2618 1733 2874 1789 charitas
2896 1733 2974 1789 ad
2999 1733 3187 1789 Deum
3220 1734 3839 1806 perducuntorantem,
3874 1733 3963 1788 hoc

2366 1831 2451 1878 est
2484 1822 2846 1888 credentem,
2881 1827 3242 1894 sperantem,
3301 1822 3738 1887 disiderantem,
3775 1827 3825 1876 et
3855 1837 3963 1894 quae

2365 1917 2520 1984 petat
2552 1928 2586 1967 a
2615 1911 2862 1967 Domino
2903 1911 2962 1966 in
3002 1911 3309 1967 dominica
3338 1911 3597 1967 oratione
3633 1910 3964 1967 consideran-

2366 2004 2503 2057 tem.
2553 2000 2784 2071 Jejunia
2820 2007 2875 2056 et
2911 2001 2988 2055 ab
3044 2000 3173 2056 aliis
3204 2000 3606 2073 voluptatibus
3639 2000 3756 2055 sine
3798 1998 3966 2054 salutis

2365 2090 2635 2159 neglectu
2657 2088 2915 2146 carnalis
2930 2090 3433 2160 concupiscentia:
3457 2088 3775 2153 refrenatio,
3808 2087 3966 2143 maxi-

2365 2195 2581 2249 meque
2620 2179 3017 2249 eleemosynae
3058 2177 3311 2232 multum
3354 2178 3639 2250 adjuvant
3659 2177 3963 2239 orationem,

2366 2272 2428 2323 ut
2494 2267 2798 2339 possimus
2859 2269 3053 2322 dicere
3097 2283 3109 2321 :
3158 2269 3226 2323 In
3279 2268 3377 2324 die
3423 2266 3811 2324 tribulationis
3855 2279 3967 2320 meat

2364 2359 2548 2414 Deum
2576 2357 2887 2429 exquisivi,
2912 2356 3184 2412 manibus
3215 2358 3380 2424 meis,
3404 2364 3571 2413 nocte
3598 2372 3783 2413 coram
3812 2370 3866 2411 eo
3883 2370 3903 2420 ,°
3925 2360 3965 2409 et

2362 2461 2482 2500 non
2510 2461 2636 2501 sum
2666 2446 2942 2513 deceptus
2976 2445 3162 2515 (Psal.
3196 2461 3391 2510 Lxxw,
3413 2447 3491 2516 3).
3527 2443 3820 2510 Quomodo
3839 2442 3965 2498 enim

2367 2533 2919 2605 Deusincorporalis
2964 2539 3016 2588 et
3050 2533 3461 2606 impalpabilis
3505 2532 3771 2591 manibus
3796 2529 3967 2603 exqui-

2363 2622 2528 2688 ritur,
2563 2621 2671 2676 nisi
2714 2622 2997 2693 operibus
3015 2623 3363 2693 exquiratur
3392 2623 3421 2679 ?

2434 2711 2662 2768 CAPUT
2678 2711 2897 2766 XlV.—
2930 2714 3018 2767 25.
3037 2708 3244 2765 Adhuc
3275 2715 3369 2767 est
3386 2711 3634 2768 fortasse
3658 2708 3810 2783 quod
3837 2722 3967 2779 quei-

2362 2816 2478 2867 ras,
2512 2799 2951 2871 cui-Apostolus
2976 2798 3204 2865 dixerit,
3235 2801 3395 2869 Quid
3418 2801 3573 2858 enim
3597 2814 3813 2857 oremus
3846 2798 3967 2852 sicut

2362 2896 2606 2959 oportet,
2633 2890 2924 2946 nescimus
2941 2889 3130 2963 (Rom.
3153 2906 3270 2957 vm,
3304 2892 3398 2964 26)
3442 2910 3454 2950 :
3486 2906 3675 2963 neque
3700 2888 3843 2943 enim
3872 2884 3966 2939 ullo

2360 2978 2544 3034 modo
2584 2977 2945 3033 credendum
2972 2982 3058 3035 est
3076 2978 3166 3035 vel
3193 2980 3418 3051 ipsum,
3446 2979 3537 3035 vel
3566 2977 3777 3052 quibus
3799 2972 3970 3031 istadi-

2361 3068 2550 3133 cebat,
2584 3066 2955 3123 dominicam
2996 3068 3260 3125 nescisse
3320 3069 3675 3125 orationem.
3707 3069 3810 3123 Cur
3854 3076 3967 3131 ergo

2361 3162 2645 3230 putamus
2670 3156 2783 3212 hoc
2814 3172 2954 3213 eum
2987 3158 3209 3213 dixisse
3229 3158 3398 3229 quod
3428 3174 3536 3215 nec
3576 3162 3784 3214 temere
3816 3150 3971 3226 potuit

2358 3262 2469 3303 nec
2494 3245 2857 3301 mendaciter
2885 3246 3102 3315 dicere,
3132 3247 3246 3302 nisi
3277 3248 3425 3319 quia
3458 3247 3731 3302 molestias
3771 3239 3970 3299 tribula-

2359 3335 2675 3407 tionesque
2689 3334 3041 3406 temporales
3055 3336 3412 3408 plerumque
3436 3339 3700 3408 prosunt,
3716 3331 3795 3388 vel
3818 3329 3885 3386 ad
3902 3343 3973 3382 sa-

2361 3424 2633 3480 nandum
2694 3429 2987 3479 tumorem
3041 3425 3359 3496 superbiae,
3399 3424 3491 3480 vel
3535 3424 3608 3479 ad
3642 3418 3971 3494 probandam

2359 3512 2835 3568 exercendamve
2851 3513 3221 3583 patientiam,
3236 3514 3327 3568 cui
3341 3515 3609 3586 probatae
3621 3517 3676 3567 et
3705 3508 3971 3566 exercitate

2359 3601 2573 3657 clarior
2588 3617 2813 3656 merces
2836 3600 3190 3673 uberiorque
3215 3608 3503 3671 servatur,
3525 3602 3613 3658 vel
3627 3601 3698 3657 ad
3715 3610 3976 3672 quacum-

2360 3706 2477 3763 que
2503 3689 2868 3760 ﬂagellauda
2897 3694 2953 3745 et
3003 3691 3306 3747 abolenda
3346 3696 3598 3763 peccata
3631 3709 3649 3758 ς
3678 3694 3859 3746 tamen
3884 3697 3973 3740 nos

2360 3779 2690 3836 nescientes
2729 3779 2876 3851 quid
2905 3779 3016 3835 ista
3045 3780 3292 3851 prosint,
3328 3780 3409 3837 ab
3442 3781 3610 3837 omni
3642 3774 3975 3836 tribulatione

2359 3868 2888 3939 optamusliberari
2920 3867 2948 3922 ?
2968 3868 3055 3924 Ab
3074 3869 3186 3925 hac
3217 3869 3563 3939 ignorantia
3608 3884 3714 3925 nec
3746 3866 3973 3936 seipsum

2363 3958 2680 4028 Apostolus
2720 3957 2981 4012 ostendit
3006 3957 3292 4028 alienum,
3315 3958 3433 4014 nisi
3462 3959 3612 4015 forte
3633 3955 3772 4030 quid
3795 3954 3973 4017 oraret,

2360 4044 2511 4099 sicut
2529 4048 2775 4116 Oportet,
2801 4046 3048 4112 sciebat,
3081 4045 3329 4119 quando
3360 4046 3422 4102 in
3442 4046 3855 4103 revelationum
3878 4052 3977 4093 ma-

2362 4134 2672 4203 gnitudine
2714 4150 2785 4190 ne
2833 4134 3209 4191 extolleretur
3262 4135 3442 4192 datus
3494 4140 3583 4191 est
3629 4133 3706 4191 illi
3745 4126 3978 4187 stimulus

2362 4222 2831 4295 carnis,angelus
2845 4229 3091 4291 satana,
3115 4226 3217 4297 qui
3231 4241 3368 4280 eum
3384 4224 3811 4298 colaphizaret;
3837 4230 3979 4290 pI'OP‘

2366 4318 2449 4368 ter
2478 4312 2640 4386 quod
2703 4317 2790 4367 ter
2831 4314 3146 4369 Dominum
3202 4316 3435 4385 rogavit
3498 4321 3562 4370 ut
3600 4328 3736 4370 eum
3764 4306 3983 4367 auferret

2363 4402 2441 4457 ab
2480 4418 2570 4466 eo,
2604 4401 2828 4474 utique,
2856 4402 3267 4475 sicutoportet,
3304 4407 3581 4460 nesciens
3608 4402 3751 4475 quid
3799 4397 3978 4455 oraret.

2369 4490 2631 4562 Denique
2680 4491 2778 4546 Dei
2806 4506 3163 4564 responsum
3197 4508 3303 4548 cur
3355 4509 3480 4549 non
3509 4493 3672 4549 ﬁeret
3708 4486 3860 4564 quod
3914 4482 3983 4537 Vir

2365 4584 2564 4634 tantus
2579 4579 2809 4645 orabat,
2842 4584 2898 4635 et
2920 4596 3106 4651 quare
3136 4580 3261 4637 fieri
3282 4597 3401 4638 non
3415 4581 3740 4655 expediret,
3757 4572 3977 4634 audivit:

2364 4666 2598 4737 Sufficit
2631 4668 2730 4723 tibi
2760 4668 2960 4738 gratia
2991 4684 3121 4727 mea
3146 4684 3170 4741 ,'
3195 4686 3336 4729 nam
3368 4673 3557 4728 virtus
3587 4672 3648 4727 in
3672 4664 3984 4739 inﬁmitate

2364 4757 2763 4828 perﬁcitur“!
2793 4757 2923 4814 Cor.
2957 4776 3058 4823 xu,
3096 4762 3236 4831 7-9).

2439 4849 2526 4902 26.
2555 4846 2614 4901 lu
2648 4846 2741 4902 his
2768 4863 2910 4920 ergo
2968 4848 3459 4905 tribulationibus
3511 4866 3649 4923 quae
3683 4845 3915 4920 possunt
3939 4840 3985 4893 et

2372 4936 2652 5007 prodesse
2667 4941 2722 4991 et
2747 4951 2982 5001 nocere,
3006 4938 3151 5009 quid
3167 4953 3428 5005 oremus,
3457 4940 3861 5009 sicutoportet,
3880 4944 3986 4985 nes-

2370 5026 2560 5080 cimus
2593 5042 2606 5079 :
2668 5030 2723 5081 et
2764 5031 2963 5081 tamen
2995 5027 3137 5097 quia
3167 5028 3339 5094 dura,
3372 5028 3521 5101 quia
3579 5027 3838 5087 molesta,
3866 5016 3987 5090 quia

2370 5117 2576 5169 contra
2600 5129 2843 5170 sensum
2877 5120 3095 5171 nostrae
3126 5117 3491 5173 inﬁrmitatis
3511 5121 3671 5179 sunt,
3703 5102 3988 5169 universali

2369 5202 2635 5257 humana
2655 5203 2979 5271 voluntate,
3014 5210 3076 5259 ut
3106 5222 3141 5261 a
3158 5206 3332 5261 nobis
3348 5206 3478 5262 haec
3510 5205 3865 5262 auferantur,
3878 5208 3986 5250 ora-

2372 5307 2526 5345 IDUS.
2558 5290 2669 5347 Sed
2697 5291 2810 5347 hoc
2830 5292 3154 5348 devotionis
3170 5294 3457 5349 debemus
3484 5292 3738 5349 Domino
3756 5290 3863 5344 Deo
3879 5298 3988 5339 nos‘

2369 5383 2477 5447 tro,
2536 5386 2595 5435 ut
2635 5382 2679 5435 si
2712 5396 2783 5435 ea
2813 5398 2933 5437 non
2961 5382 3285 5440 abstulerit.
3328 5398 3447 5439 non
3490 5383 3629 5438 ideo
3677 5395 3781 5435 nos
3816 5375 3887 5431 ab
3927 5385 3986 5425 eo

2368 5468 2581 5539 negligi
2613 5469 3044 5535 existimemus,
3074 5471 3178 5527 sed
3208 5471 3402 5544 potius
3419 5471 3521 5543 pia
3536 5468 3811 5543 patientia
3830 5460 3985 5519 malo-

2366 5573 2521 5622 rum,
2541 5559 2701 5615 bona
2729 5576 3041 5630 speremus
3073 5560 3366 5633 ampliora
3395 5577 3407 5615 :
3443 5561 3529 5616 sic
3555 5558 3713 5615 enim
3744 5556 3911 5611 virtus
3936 5548 3983 5602 in

2365 5646 2703 5704 inﬁrmitate
2717 5648 3037 5720 perﬁcitur.
3074 5649 3381 5706 Nonnullis
3409 5649 3638 5722 quippe
3661 5636 3983 5718 impatienti-
