4074 6164
207 205 313 260 505

195 331 312 385 bus
331 328 617 385 Dominus
646 326 802 382 Deus
828 326 993 399 quod
1020 324 1301 398 petebant
1326 325 1619 380 concessit
1643 324 1846 388 iratus,

194 421 348 474 sicut
382 423 584 474 contra
613 417 898 489 Apostolo
928 418 1165 486 negavit
1189 415 1504 487 propitius.
1535 418 1681 470 Nam
1712 414 1850 482 legi-

193 524 334 563 mus
368 506 637 563 lsraelitee
662 506 810 578 quid
838 513 891 561 et
920 505 1230 578 quomodo
1252 504 1662 574 rogaverintet
1686 518 1848 559 acce-

193 597 429 667 perint;
459 595 562 651 sed
594 594 1342 666 expletaconcupiscentia,
1377 592 1746 663 impatientia
1763 591 1851 646 est

189 686 447 753 graviter
476 684 975 755 castigata(Num.
1006 685 1108 755 xi).
1138 683 1306 738 Dedit
1335 687 1390 737 et
1411 697 1610 750 regem
1652 686 1850 754 peten-

191 775 350 829 tibus
379 775 710 829 secundum
743 790 845 830 cor
870 790 1100 838 eorum,
1124 774 1272 828 sicut
1290 773 1579 844 scriptum
1601 777 1710 838 est,
1729 787 1848 827 non

187 864 887 935 secundumjcorsuumu
908 863 1670 935 Reg.vm,5,7).Deditetiam
1685 861 1849 933 quod

186 952 474 1008 diabolus
535 955 871 1025 postulavit,
917 962 978 1010 ut
1023 954 1374 1026 probandus
1422 953 1546 1024 ejus
1590 952 1848 1008 famulus

184 1047 560 1098 tentarentur
585 1044 738 1112 (Job.
761 1061 797 1108 ι,
843 1048 918 1108 12,
957 1049 1012 1100 et
1039 1060 1098 1106 ιι,
1127 1045 1200 1114 6).
1235 1042 1541 1098 Exaudivit
1567 1047 1846 1111 rogantes

183 1136 237 1188 et
266 1132 647 1198 immundos,
668 1134 931 1205 spiritus,
969 1138 1029 1190 ut
1060 1135 1119 1189 in
1147 1132 1364 1188 multos
1396 1149 1531 1188 sues
1551 1131 1704 1202 legio
1733 1132 1848 1187 dae-

186 1235 444 1276 monum
474 1221 986 1294 mitteretur(Luc.
1006 1239 1122 1292 vni,
1155 1224 1264 1292 32).
1285 1225 1414 1277 Hmc
1438 1222 1656 1293 scripta
1686 1225 1844 1286 sunt,

184 1325 256 1364 ne
289 1309 446 1366 forte
479 1327 543 1366 se
581 1312 840 1383 quisque
875 1312 1326 1384 magnipendat,
1384 1311 1431 1366 si
1463 1310 1633 1367 fuerit
1663 1327 1845 1367 exau-

183 1399 364 1469 ditus,
397 1417 540 1455 cum
555 1401 779 1473 aliquid
802 1403 1177 1475 impatienter
1208 1403 1370 1473 petit,
1403 1401 1566 1473 quod
1597 1417 1718 1456 non
1741 1401 1844 1456 im-

185 1493 424 1558 petrare
456 1489 590 1560 plus
621 1492 810 1561 prosit
850 1509 862 1558 ;
894 1498 995 1547 aut
1017 1508 1078 1547 se
1135 1490 1398 1562 abjiciat,
1442 1495 1500 1546 et
1529 1491 1602 1545 de
1642 1489 1848 1546 divina

182 1592 317 1647 erga
363 1595 430 1633 se
464 1579 847 1636 miseratione
875 1581 1163 1652 desperet,
1198 1582 1243 1635 si
1285 1597 1406 1637 non
1469 1580 1842 1645 exaudiatur,

181 1682 314 1721 cum
347 1666 503 1722 forte
531 1667 758 1741 aliquid
798 1671 960 1741 petit,
1003 1686 1124 1741 quo
1155 1669 1505 1742 accipiendo
1547 1667 1846 1738 aﬂligatur

179 1755 574 1820 atrocius,vel
609 1774 643 1812 a
675 1759 1064 1828 prosperitate
1079 1765 1395 1830 corruptus
1428 1759 1657 1831 penitus
1684 1773 1846 1813 ever-

180 1847 352 1898 tatur.
396 1845 460 1899 In
502 1846 724 1900 talibus
753 1863 890 1918 ergo
920 1848 1063 1920 quid
1104 1864 1368 1912 oremus,
1402 1848 1556 1903 sicut
1592 1852 1841 1918 oportet,

180 1933 513 1988 nescimus.
549 1935 716 1990 Unde
757 1937 802 1990 si
836 1936 1062 2007 aliquid
1116 1944 1324 1992 contra
1361 1954 1547 2008 quam
1601 1953 1846 1992 oramus

179 2022 800 2094 acciderit,patienter
831 2024 1094 2089 ferendo,
1129 2031 1182 2080 et
1225 2026 1282 2081 in
1301 2027 1582 2081 omnibus
1624 2028 1844 2095 gratias

181 2111 577 2179 agendo,hoc
599 2114 794 2185 potius
825 2114 1158 2186 oportuisse
1175 2115 1338 2187 quod
1374 2115 1492 2180 Dei,
1519 2131 1639 2171 non
1678 2115 1844 2188 quod

181 2205 391 2256 nostra
423 2201 701 2258 voluntas
731 2202 962 2268 habuit,
986 2203 1208 2259 minine
1235 2204 1512 2261 dubitare
1527 2205 1840 2261 debemus.

181 2289 324 2344 Nam
353 2296 414 2345 et
467 2290 815 2362 hujusmodi
864 2294 1206 2364 exemplum
1241 2294 1491 2364 prmbuit
1539 2293 1716 2349 nobis
1747 2294 1842 2350 ille

183 2379 504 2445 mediator,
548 2381 650 2452 qui
680 2397 817 2436 cum
875 2381 1142 2449 dixisset,
1176 2383 1372 2449 Pater,
1397 2383 1446 2438 si
1471 2385 1607 2451 ﬁeri
1630 2390 1839 2456 potest,

183 2474 457 2524 transeat
488 2486 521 2525 a
550 2487 640 2525 me
672 2471 838 2528 calix
865 2471 993 2536 iste,
1026 2471 1357 2527 humanam
1386 2474 1445 2528 in
1478 2488 1539 2528 se
1575 2475 1844 2533 volunta-

183 2561 294 2611 tem
312 2573 392 2613 ex
405 2558 669 2614 hominis
684 2559 1062 2631 susceptione
1077 2560 1532 2627 transformans,
1559 2565 1842 2622 continuo

184 2646 443 2717 subjecit
470 2664 482 2702 :
538 2649 744 2704 Verum
769 2665 888 2704 non
922 2649 1080 2720 quod
1110 2665 1247 2721 ergo
1280 2652 1427 2715 volo,
1463 2652 1566 2707 sed
1593 2655 1752 2724 quod
1779 2661 1842 2710 tu

183 2735 284 2797 vis,
328 2737 513 2792 Pater
545 2737 783 2808 (Matth.
821 2754 980 2802 xxvn,
1030 2739 1139 2809 39).
1179 2740 1340 2794 Unde
1382 2755 1502 2795 non
1547 2741 1842 2800 immerito

181 2837 280 2893 per
313 2828 499 2880 unius
545 2827 946 2883 obedientiam
994 2828 1137 2899 justi
1192 2828 1634 2888 constituuntur
1672 2833 1842 2888 multi

182 2913 376 2981 (Rom.
415 2931 471 2980 v,
491 2919 594 2984 l9).

256 3011 351 3062 27.
385 3005 666 3078 Quisquis
699 3005 1081 3062 autemillam
1115 3022 1298 3062 unam
1332 3008 1474 3079 petit
1505 3024 1540 3065 a
1564 3010 1838 3077 Domino,

183 3105 231 3154 et
257 3099 423 3154 hanc
466 3097 707 3168 requirit
738 3096 926 3166 (Psal.
963 3111 1122 3160 xxvr,
1150 3097 1226 3167 4),
1265 3102 1461 3153 certus
1500 3115 1568 3154 ac
1596 3116 1841 3156 securus

181 3190 342 3259 petit,
377 3202 486 3242 nec
518 3186 682 3241 timet
721 3201 795 3239 ne
834 3183 981 3239 forte
1014 3185 1169 3240 obsit
1199 3202 1336 3241 cum
1370 3188 1683 3258 acceperit,
1717 3189 1841 3244 sine

183 3293 297 3350 qua
351 3275 498 3331 nihil
552 3275 788 3346 prodest
840 3273 1136 3345 quidquid
1187 3274 1349 3330 aliud
1390 3277 1642 3343 orando,
1691 3279 1842 3335 sicut

181 3372 437 3437 oportet,
469 3363 780 3434 acceperit.
817 3367 950 3433 lpsa
973 3369 1058 3418 est
1084 3364 1241 3418 enim
1291 3381 1408 3421 una
1441 3382 1578 3422 vera
1626 3372 1681 3422 et
1713 3368 1841 3424 sola

186 3456 359 3511 beata
413 3457 551 3518 vita,
611 3458 671 3508 ut
708 3451 1178 3523 contemplemur
1234 3454 1465 3510 Domini
1505 3456 1838 3513 delectatio-

185 3561 315 3600 nem
339 3544 402 3598 in
432 3549 736 3606 aeternum,
761 3541 1128 3597 immortales
1154 3548 1332 3614 atque
1358 3544 1840 3616 incorruptibiles

186 3650 435 3705 corpore
467 3640 520 3688 et
551 3632 784 3704 spiritu.
829 3631 1066 3702 Propter
1104 3631 1261 3687 hanc
1296 3649 1478 3690 unam
1511 3640 1722 3692 caetera
1754 3653 1840 3692 re-

187 3725 529 3796 quiruntur.
553 3727 609 3776 et
630 3736 750 3776 non
775 3720 1116 3776 indecenter
1134 3725 1434 3792 petuntur.
1468 3723 1648 3780 Istam
1680 3726 1843 3796 quis-

189 3815 313 3882 quis
347 3811 646 3876 habuerit,
701 3809 904 3864 omnia
933 3824 1068 3880 que:
1101 3809 1222 3866 vult
1279 3809 1544 3877 habebit,
1592 3829 1700 3868 nec
1738 3813 1844 3869 ali-

189 3902 330 3971 quid
365 3900 447 3956 ibi
470 3898 616 3954 velle
647 3898 867 3954 hahere
899 3899 1108 3968 poterit
1132 3899 1294 3970 quod
1329 3914 1448 3955 non
1477 3900 1727 3956 decebit.
1759 3903 1842 3958 lbi

189 3991 408 4062 quippe
448 3993 537 4044 est
555 3988 692 4044 fons
740 3988 891 4051 vitae,
924 4003 1105 4058 quem
1138 3987 1297 4042 sitire
1326 4004 1484 4044 nunc
1521 3997 1751 4062 oportet
1779 3991 1841 4046 in

186 4080 471 4144 oratione,
502 4075 796 4148 quamdiu
827 4077 886 4130 in
918 4091 1024 4146 spe
1051 4076 1322 4144 vivimus,
1357 4079 1594 4149 etquod
1637 4096 1845 4151 spera-

191 4184 321 4224 mus
351 4165 627 4223 nondum
652 4165 922 4220 videmus
947 4165 1030 4230 ,in
1059 4167 1420 4235 proiectione
1439 4168 1669 4225 alarum
1693 4170 1840 4239 ejus,

190 4263 317 4312 ante
343 4271 528 4328 quem
560 4261 648 4310 est
677 4269 856 4310 omne
890 4253 1249 4308 desiderium
1281 4260 1572 4320 nostrum,
1627 4262 1686 4313 ut
1727 4258 1846 4314 ine-

191 4345 456 4401 briemur
486 4344 563 4399 ab
595 4343 860 4399 ubertate
891 4342 1111 4398 domus
1151 4343 1303 4414 ejus,
1336 4351 1391 4398 et
1445 4349 1698 4401 torrente
1742 4363 1844 4402 vo-

192 4434 426 4505 luptatis
479 4433 607 4504 ejus
637 4438 952 4504 potemur;
1006 4433 1296 4504 quoniam
1350 4434 1511 4504 apud
1555 4451 1692 4490 eum
1757 4443 1845 4492 est

193 4523 320 4579 fons
353 4523 509 4589 vitae,
542 4528 597 4577 et
651 4522 709 4576 in
768 4522 995 4578 lumine
1046 4523 1174 4592 ejus
1239 4522 1580 4578 videbimus
1641 4524 1844 4580 lumen

192 4614 376 4680 (Psal.
441 4628 618 4676 xxxv,
661 4611 829 4678 8ο10),
890 4612 1138 4682 quando
1190 4611 1505 4667 satiabitur
1565 4613 1620 4668 in
1671 4613 1845 4669 bonis

193 4701 552 4756 desiderium
575 4705 867 4764 nostrum,
892 4706 947 4756 et
966 4699 1110 4755 nihil
1132 4700 1236 4756 erit
1256 4700 1404 4756 ultra
1420 4701 1584 4772 quod
1607 4717 1845 4770 gemen-

193 4791 266 4843 do
285 4805 654 4861 quaeramus,
695 4790 794 4844 sed
839 4788 1000 4862 quod
1028 4788 1348 4857 gaudendo
1375 4794 1706 4844 teneamus.
1745 4791 1846 4846 Ve-

195 4883 531 4934 rumtamen
557 4878 700 4948 quia
732 4877 862 4946 ipsa
885 4884 972 4933 est
993 4893 1109 4948 pax
1139 4893 1272 4948 quae
1296 4877 1570 4947 praecellit
1601 4893 1842 4934 omnem

196 4968 572 5034 intellectum,
626 4968 803 5022 etiam
862 4967 1057 5038 ipsam
1103 4967 1160 5021 in
1213 4967 1478 5022 oratione
1517 4969 1843 5038 pOscendo,

194 5057 332 5127 quid
363 5071 627 5124 oremus,
660 5057 808 5112 sicut
838 5061 1086 5127 oportet,
1119 5055 1440 5110 nescimus.
1475 5057 1644 5122 Quod
1684 5058 1844 5114 enim

197 5145 359 5202 sicuti
384 5145 748 5215 estcogitare
767 5160 886 5200 non
907 5161 1251 5215 possumus,
1277 5144 1478 5217 utique
1500 5146 1802 5202 nescimus
1827 5164 1842 5214 ;

199 5236 295 5288 sed
323 5235 621 5306 quidquid
663 5234 944 5304 acgitanti
974 5233 1311 5299 occurrerit,
1346 5233 1684 5304 abjicimus,
1719 5251 1846 5292 res-

197 5325 453 5392 puimus,
483 5324 918 5396 improbemus,
960 5337 1078 5376 non
1113 5323 1224 5377 hoc
1252 5338 1382 5377 esse
1419 5324 1582 5395 quod
1627 5325 1844 5396 qumri-

199 5427 323 5468 mus
364 5413 664 5477 novimus,
715 5411 993 5485 quamvis
1023 5411 1166 5466 illud
1220 5411 1492 5468 nondum
1539 5414 1717 5485 quale
1771 5414 1847 5471 sit

198 5502 558 5557 noverimus.

269 5591 486 5647 CAPUT
516 5591 625 5646 XV.
663 5621 723 5636 --
751 5593 835 5648 '28.
869 5593 962 5646 Est
991 5589 1213 5661 ergo’in
1247 5589 1420 5645 nobis
1446 5590 1746 5662 quaedam,
1784 5597 1844 5648 ut

203 5677 276 5733 ita
297 5679 514 5745 dicam,
543 5679 720 5737 docta
757 5680 1112 5753 ignorantia,
1148 5679 1252 5737 sed
1279 5679 1458 5738 docta
1497 5679 1706 5753 spiritu
1740 5681 1840 5739 Dei

1423 196 1931 262 EPISTOLARUM
1961 198 2251 264 CLASSlS
2286 206 2390 264 IlI.

3518 207 3622 266 506

1959 327 2061 399 qui
2092 329 2335 399 adjuvat
2354 331 2758 388 inﬁrmitatem
2786 333 3070 387 nostram.
3099 333 3244 388 Nam
3269 346 3406 388 cum
3435 331 3620 388 dixis-

1960 423 2045 472 set
2067 420 2402 490 Apostolus,
2433 422 2499 477 Si
2528 427 2723 477 autem
2774 421 2932 492 quod
2959 437 3082 476 non
3124 421 3385 477 videmus
3415 436 3618 490 spera—

1960 523 2108 571 mus,
2151 524 2262 575 per
2297 511 2646 578 patientiam
2681 517 3128 578 exspectamus;
3161 509 3239 564 ibi
3303 509 3560 580 subjecit
3597 527 3608 565 :

1958 597 2241 654 Similiter
2257 603 2308 654 et
2339 600 2601 668 Spiritus
2620 601 2870 669 adjuvat
2899 600 3303 667 inﬁrmitatem
3321 605 3616 655 nostram:

1957 687 2102 756 quid
2141 689 2292 743 enim
2337 704 2590 756 oremus,
2649 689 2795 744 sicut
2835 695 3074 758 oportet,
3125 690 3465 757 nescimus;
3516 688 3617 744 sed

1957 776 2082 845 ipse
2108 777 2363 846 Spiritus
2409 779 2754 847 interpellat
2782 793 2890 847 pro
2921 778 3086 832 nobis
3122 777 3432 847 gemitibus
3491 779 3610 834 ine-

1959 866 2386 922 narrabilibus.
2424 867 2535 935 Qui
2557 875 2750 923 autem
2771 873 3077 922 scrutatur
3107 867 3304 931 corda,
3333 867 3439 921 scit
3469 865 3615 937 quid

1959 955 2207 1024 Spiritus
2236 957 2448 1024 sapiat,
2482 957 2623 1028 quia
2666 957 2986 1012 secundum
3037 956 3217 1010 Deum
3270 955 3612 1022 interpellat

1951 1060 2066 1114 pro
2111 1047 2331 1102 sanctis
2359 1047 2543 1115 (Rom.
2577 1062 2691 1108 νιιι,
2720 1045 2925 1116 25-27).
2962 1045 3129 1109 Quod
3151 1060 3268 1099 non
3303 1043 3387 1098 sic
3418 1049 3504 1097 est
3530 1045 3614 1098 in-

1958 1134 2855 1204 telligendum,utexistimemus
2879 1139 3150 1189 sanctum
3177 1132 3460 1204 Spiritum
3486 1132 3606 1198 Dei,

1956 1226 2058 1297 qui
2085 1224 2143 1278 in
2189 1223 2468 1279 Trinitate
2499 1223 3008 1279 incommutabilis
3062 1225 3212 1277 Deus
3251 1226 3358 1285 est,
3394 1227 3611 1276 etcum

1958 1317 2120 1370 Patre
2147 1313 2362 1368 etFilio
2388 1329 2540 1368 unus
2575 1315 2744 1376 Deus,
2769 1317 3058 1382 tanquam
3075 1311 3336 1382 aliquem
3361 1310 3461 1381 qui
3488 1325 3609 1365 non

1958 1404 2032 1460 sil
2061 1403 2219 1475 quod
2246 1404 2398 1458 Deus
2417 1408 2520 1467 est,
2550 1400 2923 1473 interpellare
2954 1417 3062 1473 pro
3087 1401 3306 1456 sanctis
3339 1416 3350 1453 :
3382 1399 3608 1454 dictum

1955 1494 2176 1565 quippe
2203 1497 2310 1548 est.
2331 1492 2594 1561 Interpel
2603 1493 2687 1547 lat
2695 1507 2804 1562 pro
2819 1491 3060 1555 sanctis,
3077 1490 3219 1561 quia
3235 1488 3613 1560 interpellare

1956 1589 2194 1638 sanctos
2218 1582 2356 1638 facit
2379 1599 2391 1646 ;
2417 1581 2566 1636 sicut
2587 1581 2811 1636 dictum
2836 1585 2945 1644 est,
2971 1581 3179 1634 Tentat
3204 1594 3300 1633 vos
3321 1579 3611 1633 Dominus

1956 1673 2109 1728 Deus
2137 1679 2343 1738 vester,
2373 1676 2436 1725 ut
2467 1671 2613 1726 sciat
2644 1669 2978 1738 sidiligatis
3005 1684 3134 1724 eum
3160 1669 3352 1737 (Deut.
3378 1683 3504 1730 xui,
3531 1666 3606 1737 3),

1954 1763 2068 1818 hoc
2099 1766 2186 1817 est
2213 1767 2274 1817 ut
2305 1762 2452 1816 scire
2485 1777 2591 1815 vos
2623 1759 2820 1816 faciat.
2849 1757 3223 1828 Interpellare
3254 1757 3454 1828 itaque
3477 1771 3613 1811 san-

1955 1859 2080 1908 ctos
2113 1851 2251 1907 facit
2280 1851 2598 1922 gemitibus
2631 1847 3152 1912 inenarrabilibus,
3191 1847 3494 1917 inspirans
3523 1845 3608 1899 eis

1953 1940 2316 1997 desiderium
2351 1940 2526 1994 etiam
2559 1937 2756 1993 adhuc
2783 1937 3297 2005 incogniteetantae
3319 1934 3396 1989 rei
3421 1948 3606 2004 quam

1954 2047 2059 2104 per
2090 2029 2436 2101 patientiam
2471 2032 2911 2098 exspectamus.
2945 2025 3257 2089 Quomodo
3290 2023 3447 2077 enim
3478 2037 3608 2076 nar-

1953 2125 2138 2186 ratur,
2179 2117 2425 2190 quando
2451 2115 2847 2179 desideratur,
2879 2113 3362 2186 quodignoratur
3391 2113 3424 2166 ?
3464 2125 3606 2166 nam

1956 2210 2156 2280 utique
2188 2207 2234 2262 si
2280 2205 2628 2262 omnimodo
2661 2205 3054 2274 ignoraretur,
3086 2217 3207 2257 non
3239 2200 3607 2256 desiderare-

1955 2304 2047 2355 tur
2073 2318 2086 2369 ;
2113 2308 2168 2353 et
2192 2312 2416 2360 rursus,
2445 2294 2489 2350 si
2519 2293 2835 2358 videretur,
2873 2307 2994 2348 non
3017 2291 3476 2355 desideraretur,
3501 2303 3608 2344 nec

1953 2387 2274 2460 gemitibus
2291 2389 2672 2456 quaareretur.

2026 2477 2252 2533 CAPUT
2281 2477 2409 2530 XVI.
2448 2503 2510 2513 —
2536 2475 2624 2528 29.
2680 2473 2810 2526 Haec
2841 2470 3047 2527 omnia
3099 2469 3510 2534 considerans,
3555 2473 3612 2525 et

1953 2569 2000 2624 si
2031 2566 2177 2640 quid
2203 2564 2365 2621 aliud
2396 2563 2469 2618 de
2500 2563 2614 2617 hac
2642 2576 2703 2616 re
2743 2560 2848 2616 tibi
2880 2560 3170 2615 Dominus
3201 2558 3608 2625 insinuaverit,

1952 2657 2119 2730 quod
2149 2655 2242 2710 vel
2282 2653 2423 2708 mihi
2448 2668 2566 2707 non
2598 2650 2872 2714 occurrit,
2904 2649 2992 2704 vel
3023 2648 3140 2704 dici
3167 2665 3202 2704 a
3227 2664 3320 2702 me
3362 2647 3608 2718 longum

1951 2749 2078 2812 fuit,
2107 2749 2384 2802 concerta
2414 2742 2471 2796 in
2509 2741 2776 2796 oratione
2824 2738 3058 2794 vincere
3119 2739 3232 2793 hoc
3265 2737 3554 2792 saeculum
3588 2755 3600 2804 ;

1952 2853 2057 2892 ora
2089 2837 2147 2890 in
2180 2850 2298 2905 spe,
2343 2848 2450 2887 ora
2479 2829 2727 2885 fideliter
2759 2832 2815 2883 et
2845 2833 3135 2892 amanter,
3180 2842 3284 2881 ora
3319 2827 3608 2881 instanter

1951 2932 2132 2997 atque
2187 2922 2494 2994 patienter,
2523 2935 2630 2974 ora
2661 2918 2810 2972 sicut
2844 2916 3023 2971 vidua
3057 2915 3287 2972 Christi.
3324 2914 3605 2980 Quamvis

1951 3014 2113 3071 enim
2135 3012 2212 3068 ad
2229 3010 2434 3066 omnia
2463 3007 2734 3062 membra
2755 3006 2902 3076 ejus,
2920 3005 3034 3059 hoc
3052 3009 3138 3060 est
3167 3003 3243 3059 ad
3271 3019 3483 3058 omnes
3498 3003 3602 3075 qui

1949 3105 2008 3159 in
2041 3117 2179 3158 eum
2233 3098 2499 3162 credunt,
2545 3101 2601 3151 et
2649 3095 2778 3166 ejus
2814 3092 3050 3164 corpori
3094 3093 3410 3155 sociantur,
3451 3090 3608 3146 sicut

1950 3192 2171 3255 docuit,
2205 3203 2373 3244 orare
2414 3185 2722 3258 pertineat,
2756 3181 3088 3254 specialiter
3119 3185 3317 3236 tamen
3363 3179 3609 3251 diligen-

1950 3284 2060 3338 tior
2089 3294 2234 3336 cura
2255 3277 2592 3333 orationum
2618 3275 2677 3328 in
2692 3271 3004 3343 Scripturis
3025 3271 3155 3341 ejus
3169 3269 3361 3324 viduis
3389 3268 3609 3323 inveni-

1950 3369 2345 3440 turinjuncta.
2377 3368 2524 3421 Nam
2547 3363 2682 3418 duas
2714 3362 2949 3417 fuerunt
2971 3363 3154 3416 Annae
3183 3357 3611 3414 honorabiliter

1949 3459 2294 3522 nominatae,
2322 3470 2438 3510 una
2460 3453 2779 3523 conjugata
2797 3467 2934 3523 quas
2953 3451 3234 3506 Sanctum
3269 3446 3609 3503 Samuelem

1951 3549 2197 3621 peperit,
2232 3546 2348 3601 alia
2377 3543 2558 3598 vidua
2589 3558 2722 3613 quas
2763 3545 3038 3596 sanctum
3068 3543 3434 3602 sanctorum,
3468 3551 3609 3592 cum

1951 3639 2150 3694 adhuc
2183 3635 2378 3690 infans
2400 3637 2569 3694 esset,
2600 3627 3086 3698 agnovit._0ravit
3108 3631 3164 3682 et
3191 3627 3517 3696 conjugata
3547 3625 3607 3680 in

1950 3726 2155 3782 dolore
2187 3722 2373 3778 animi
2413 3728 2468 3776 et
2501 3718 2817 3776 afﬂictione
2869 3716 3086 3782 cordis,
3126 3717 3270 3788 quia
3300 3714 3454 3769 ﬁlios
3487 3729 3609 3768 non

1951 3815 2211 3870 habebat
2239 3829 2250 3866 :
2288 3816 2426 3867 tunc
2452 3811 2650 3880 ipsum
2681 3803 3394 3876 Samuelemimpetravit,
3431 3807 3482 3856 et
3508 3817 3608 3857 ac-

1952 3908 2188 3974 ceptum
2232 3904 2346 3955 Deo
2381 3898 2653 3960 reddidit,
2687 3895 2825 3967 quia
2861 3909 3000 3948 cum
3046 3897 3334 3964 posceret,
3377 3889 3536 3945 vovit
3565 3891 3608 3959 (Ι

1950 3992 2162 4063 Reg.1).
2191 3989 2309 4044 Sed
2327 3987 2517 4044 oratio
2543 3985 2667 4057 ejus
2684 3982 2993 4056 quomodo
3011 3981 3087 4037 ad
3101 3979 3432 4036 orationem
3446 3978 3611 4034 illam

1951 4079 2320 4137 dominicam
2356 4078 2660 4150 pertineat,
2719 4089 2838 4128 non
2899 4071 3066 4127 facile
3120 4069 3428 4140 reperitur,
3493 4068 3612 4123 nisi

1951 4172 2096 4243 quia
2117 4171 2173 4224 in
2203 4184 2272 4223 eo
2302 4165 2466 4239 quod
2494 4166 2574 4220 ibi
2608 4163 2871 4236 positum
2893 4159 3218 4226 est,Libera
3236 4173 3397 4215 nosa
3428 4158 3611 4223 malo,

1951 4275 2072 4315 non
2098 4272 2348 4330 parvnm
2380 4255 2603 4311 malum
2636 4252 2970 4316 videbatur,
3001 4255 3057 4305 et
3083 4254 3336 4321 nuptam
3381 4263 3533 4312 esse,
3558 4251 3616 4302 et

1953 4348 2146 4403 fructu
2168 4362 2366 4402 carere
2385 4345 2754 4416 nuptiarum,
2784 4356 2923 4395 cum
2951 4339 3077 4394 sola
3102 4342 3340 4392 excuset
3372 4336 3612 4407 nuptias

1953 4435 2462 4508 procreandorum
2494 4447 2677 4488 causa
2713 4431 2992 4485 ﬁliorum.
3032 4430 3108 4482 De
3143 4427 3242 4481 illa
3273 4441 3411 4480 vero
3441 4430 3611 4480 Anna

1954 4525 2134 4580 vidua
2165 4523 2297 4578 vide
2326 4522 2472 4593 quid
2500 4521 2785 4590 scriptum
2809 4518 2879 4571 sit
2905 4533 2916 4572 :
2955 4515 3102 4581 Quia
3126 4530 3242 4569 non
3274 4513 3611 4568 discedebat

1953 4613 2273 4681 detemplo,
2293 4609 2542 4680 jejuniis
2567 4615 2618 4664 et
2634 4603 3141 4663 obsecrationibus
3162 4602 3422 4658 serviens
3444 4607 3611 4657 nocte

1953 4718 2017 4758 ac
2037 4702 2132 4757 die
2156 4702 2323 4770 (Luc.
2351 4715 2406 4762 ιι,
2432 4702 2518 4760 36,
2544 4698 2653 4768 37).
2677 4695 2790 4750 Nec
2809 4692 3049 4749 aliunde
3074 4691 3412 4764 Apostolus,
3445 4690 3607 4763 quod

1953 4797 2206 4861 etsupra
2227 4785 2696 4844 commemoravi
2727 4805 2738 4840 :
2767 4785 2906 4852 Ouz
2929 4789 3124 4839 autem
3152 4796 3284 4837 vere
3300 4780 3478 4836 vidua
3503 4786 3610 4843 est,

1953 4879 2162 4952 inquit,
2198 4886 2251 4934 et
2282 4877 2568 4941 desolata,
2597 4873 2930 4944 speravitin
2963 4872 3233 4935 Domino,
3267 4876 3319 4926 et
3349 4868 3611 4938 persistit

1953 4971 2014 5024 in
2037 4968 2400 5024 orationibus
2419 4972 2667 5022 nocteac
2689 4964 2782 5020 die
2812 4962 3017 5034 (ITim.
3037 4978 3094 5027 v,
3122 4962 3175 5031 5)
3209 4977 3220 5014 :
3255 4965 3306 5012 et
3325 4957 3611 5011 Dominus

1953 5074 2092 5113 cum
2126 5073 2362 5128 semper
2389 5055 2464 5111 ad
2494 5055 2816 5117 orandum,
2851 5055 2907 5107 et
2935 5066 3053 5106 non
3084 5046 3482 5104 deficientium
3506 5059 3611 5099 nos

1953 5147 2306 5212 hortaretur,
2350 5145 2591 5200 viduam
2622 5139 3132 5201 commemoravit,
3169 5152 3303 5207 quae
3335 5133 3464 5188 licet
3496 5133 3611 5188 ini-

1954 5252 2141 5308 quum
2174 5241 2230 5291 et
2253 5235 2502 5306 impium
2522 5233 2806 5304 judicem.
2835 5245 2903 5284 ac
2928 5227 3024 5282 Dei
3054 5229 3108 5280 et
3130 5224 3440 5279 hominum
3469 5238 3611 5276 con-

1955 5329 2329 5397 temptorem,
2346 5324 2419 5379 ad
2442 5321 2806 5378 audiendam
2821 5332 3067 5373 causam
3083 5329 3252 5368 suam
3271 5311 3508 5368 assidue
3523 5311 3612 5366 in-

1958 5413 2324 5485 terpellando
2346 5411 2649 5468 convertit.
2668 5411 2860 5474 Quam
2874 5421 3014 5475 ergo
3041 5419 3159 5474 prae
3175 5401 3398 5457 caeteris
3412 5400 3607 5457 viduae

1955 5503 2174 5558 debent
2190 5517 2398 5557 vacare
2412 5499 2801 5563 orationibus,
2818 5495 2959 5551 satis
2980 5490 3372 5558 hincintelligi
3392 5494 3604 5561 potest,

1955 5591 2117 5662 quod
2157 5591 2444 5646 omnibus
2485 5589 2560 5644 ad
2595 5585 3047 5655 suscipiendum
3087 5579 3297 5636 orandi
3340 5581 3605 5635 studium

1955 5679 2030 5737 de
2047 5679 2237 5736 viduis
2254 5677 2623 5752 propositum
2639 5671 3162 5734 estexbortationis
3176 5669 3540 5742 exemplum.
