4074 6158
0 57 44 212 ’ἰ

1 215 44 378 'l

21 411 40 722 ἶ

0 717 37 2092 1

11 2611 38 2962 ἐ

522 193 626 252 507
1799 194 1862 254 Β.
1902 191 2289 252 AUGUSTINI
2331 193 2644 252 EPISGOP!
3810 201 3914 260 508

592 324 680 378 30.
727 323 878 391 Quid
909 329 1111 381 autem
1135 323 1194 378 in
1226 322 1338 378 hoc
1370 321 1568 393 operis
1623 335 1838 393 genere
1885 320 1946 378 in
1972 319 2168 380 viduis

521 408 772 468 electum
803 419 909 478 est,
933 413 1044 467 nisi
1077 411 1380 470 destitutio
1411 417 1467 468 et
1495 411 1784 467 desolatio
1812 409 1840 465 ?
1864 412 2171 480 Quaprop-

522 503 607 554 ter
638 502 686 555 si
709 517 769 556 se
790 501 985 556 omnis
1019 502 1224 556 anima
1250 500 1538 571 intelligat
1560 501 1618 557 in
1651 501 1764 556 hoc
1783 499 2007 554 saeculo
2038 499 2170 554 des—

519 587 754 644 titutam
794 597 972 660 atque
1002 589 1354 654 desolatam,
1382 590 1674 663 quamdiu
1699 589 2110 660 peregrinatur
2137 605 2172 644 a

521 677 795 744 Domino,
824 679 1089 749 profecto
1121 680 1455 751 quamdam
1471 679 1816 736 viduitatem
1847 693 2019 734 suam
2053 680 2170 732 Deo

517 763 1069 824 defensoriassidua
1100 775 1156 823 et
1182 769 1623 840 impensissime
1638 768 1979 838 precatione
2006 782 2173 822 com-

518 855 776 910 mendat.
807 856 922 912 Ora
935 873 1078 927 ergo
1105 863 1168 912 ut
1185 858 1366 913 vidua
1387 857 1619 922 Christi,
1644 857 1912 912 nondum
1938 855 2169 912 habens

517 944 646 1013 ejus
676 951 1088 1017 conspectum,
1115 947 1286 1018 cujus
1313 947 1573 1018 precaris
1600 946 1902 1008 auxilium.
1949 948 2009 1002 Et
2037 945 2170 1002 licet

518 1033 595 1086 sis
609 1032 930 1100 ditissima,
957 1035 1348 1107 sicutpauper
1373 1051 1478 1091 ora
1501 1052 1514 1090 :
1533 1035 1804 1092 nondum
1824 1034 1984 1092 enim
2002 1050 2172 1089 veras

515 1119 694 1176 futuri
726 1123 925 1178 saeculi
957 1123 1194 1180 divitias
1223 1123 1430 1188 habes,
1463 1124 1563 1180 ubi
1595 1124 1761 1179 nulla
1799 1123 2025 1180 damna
2057 1122 2166 1178 for-

516 1211 726 1265 mides.
766 1211 920 1267 Licet
950 1213 1174 1268 habeas
1196 1213 1346 1268 ﬁlios
1376 1218 1432 1269 et
1460 1217 1724 1284 nepotes,
1761 1227 2172 1270 numerosam-

513 1314 630 1370 que
658 1299 972 1368 familiam,
998 1303 1164 1374 quod
1195 1307 1250 1358 et
1280 1318 1463 1373 supra
1498 1303 1719 1358 dictum
1751 1308 1860 1366 est,
1892 1302 2041 1358 sicut
2071 1302 2170 1358 de-

514 1388 704 1445 solata
747 1405 892 1445 ora:
935 1391 1153 1446 incerta
1176 1395 1315 1446 sunt
1357 1392 1516 1448 enim
1546 1391 1752 1448 omnia
1791 1393 2162 1462 temporalia,

511 1477 689 1533 etiam
724 1494 912 1550 usque
934 1479 994 1534 in
1027 1480 1206 1535 finem
1235 1481 1365 1537 vitae
1385 1481 1563 1551 hujus
1587 1481 1645 1536 in
1667 1487 1932 1538 nostram
1960 1497 2167 1538 conso-

512 1565 795 1622 lationem
831 1584 1134 1624 mansura.
1193 1569 1278 1624 Tu
1319 1576 1518 1625 autem
1564 1570 1610 1624 si
1641 1585 1710 1626 ea
1761 1587 1896 1641 quae
1924 1587 2166 1627 sursum

511 1657 879 1728 suntquaaris
901 1662 955 1711 et
977 1658 1154 1728 sapis,
1175 1663 1398 1714 reterns
1431 1663 1484 1715 et
1515 1665 1672 1714 certa
1687 1659 2011 1724 desideras,
2033 1677 2167 1732 quae

513 1745 802 1814 quamdiu
861 1745 1130 1801 nondum
1188 1747 1394 1812 habes,
1432 1747 1612 1804 etiam
1665 1748 1838 1803 salvis
1884 1749 2168 1806 omnibus

511 1836 691 1903 atque
761 1833 1229 1905 obsequentibus
1285 1836 1420 1899 tuis,
1481 1841 1771 1908 tanquam
1828 1838 2164 1894 desolatam

513 1920 794 1992 deputare
823 1929 874 1976 te
900 1923 1104 1978 debes.
1124 1925 1248 1980 Etsi
1269 1930 1350 1994 tu,
1377 1927 1641 1995 profecto
1658 1927 1951 1982 etiamtuo
1973 1943 2168 1984 exem-

511 2011 612 2081 plo
643 2011 1087 2081 religiosissima
1113 2028 1299 2068 nurus
1337 2019 1460 2078 tua,
1491 2019 1549 2069 et
1579 2015 1708 2072 aliae
1741 2021 1944 2072 sancta
1975 2017 2165 2072 vidua:

505 2098 885 2172 virginesque
921 2101 1037 2156 sub
1069 2108 1255 2158 vestra
1290 2118 1432 2158 cura
1466 2104 1733 2162 securius
1773 2105 2106 2161 constitutis
2151 2128 2162 2160 :

510 2194 736 2259 quanto
767 2190 925 2244 enim
957 2191 1151 2260 magis
1181 2191 1430 2250 domum
1466 2196 1721 2249 vestram
1760 2195 1853 2264 pie
1883 2196 2163 2262 tractatis,

507 2277 1015 2348 tantoimpensius
1042 2281 1412 2336 orationibus
1444 2281 1663 2337 instare
1687 2282 1937 2348 debetis,
1965 2299 2160 2340 rerum

505 2369 889 2437 praesentium
924 2384 1041 2423 non
1076 2376 1384 2440 occupatae
1408 2371 1680 2440 negotiis,
1700 2371 1813 2428 nisi
1841 2389 1973 2445 qua:
2000 2374 2167 2444 flagi-

512 2459 594 2511 tat
623 2472 807 2512 causa
839 2458 1095 2528 pietatis.

578 2548 667 2600 3L
700 2545 855 2600 Sane
887 2547 1269 2604 memineritis
1301 2552 1356 2604 et
1385 2564 1492 2619 pro
1511 2550 1683 2606 nobis
1714 2566 1830 2606 non
1861 2551 2166 2620 negligen-

510 2635 594 2688 ter
632 2634 1132 2690 orare.Nolumus
1156 2637 1314 2694 enim
1335 2637 1420 2692 sic
1448 2637 1620 2693 nobis
1637 2639 1950 2705 honorem,
1983 2657 2164 2711 quem

505 2721 908 2792 periculosum
929 2724 1517 2792 gerimus,deferatis,
1538 2727 1701 2798 utadj
1716 2729 2162 2800 utorium,quod

507 2813 915 2868 necessarium
949 2813 1252 2880 novimus,
1281 2815 1583 2874 auferatls.
1613 2818 1655 2872 A
1689 2817 1914 2873 familia
1955 2820 2164 2875 Christi

507 2905 745 2956 oratum
777 2907 950 2974 etpro
975 2905 1159 2966 Petro,
1188 2909 1422 2960 oratum
1448 2909 1507 2959 et
1531 2921 1637 2976 pro
1652 2906 1834 2962 Paulo
1862 2924 1874 2972 ;
1899 2912 1988 2962 est
2015 2924 2116 2963 vos
2145 2911 2158 2944 ί

505 2989 566 3044 in
597 2989 729 3060 ejus
748 2991 975 3047 familia
1001 3008 1136 3048 esse
1158 2994 1514 3064 gaudemus,
1535 3001 1592 3050 et
1619 2997 2165 3067 incomparabiliter

501 3077 636 3148 plus
660 3095 845 3151 quam
867 3084 1062 3136 Petrus
1091 3086 1146 3137 et
1169 3082 1383 3138 Paulus
1405 3084 1741 3140 orationum
1766 3086 2162 3144 fraternarum

501 3167 736 3224 auxiliis
767 3170 1124 3239 indigemus.
1143 3173 1316 3228 Orate
1329 3174 1596 3230 certatim
1625 3175 1905 3230 concordi
1932 3183 2164 3232 sancto-

499 3271 616 3328 que
643 3259 966 3314 certamine
1000 3277 1013 3315 :
1041 3276 1161 3316 non
1192 3261 1350 3316 enim
1369 3263 1652 3318 adversus
1667 3264 2014 3320 alterutrum
2043 3282 2164 3321 cer-

499 3347 652 3410 tatis,
688 3347 794 3402 sed
816 3349 1102 3403 adversus
1128 3349 1464 3416 diabolum,
1493 3352 1711 3407 sanctis
1743 3353 2028 3410 omnibus
2057 3355 2162 3410 ini-

499 3435 744 3491 micum.
780 3437 842 3491 in
868 3438 1106 3507 jejuniis
1134 3443 1189 3494 et
1221 3439 1453 3510 vigiliis,
1491 3445 1548 3494 et
1577 3441 1742 3498 omni
1773 3444 2160 3515 castigatione

499 3525 766 3596 corporis
822 3526 1341 3597 quamplurimum
1391 3529 1711 3599 adjuvatur
1767 3533 2149 3599 oratio(Tob.

498 3627 596 3676 xu,
626 3613 702 3682 8).
731 3615 924 3670 Faciat
946 3630 1205 3687 quasque
1238 3621 1493 3672 vestrum
1519 3619 1680 3690 quod
1699 3622 1910 3690 poterit
1954 3639 1964 3675 :
1999 3624 2155 3693 quod

498 3699 682 3756 altera
723 3703 922 3758 minus
953 3709 1166 3777 potest,
1203 3707 1261 3760 in
1291 3722 1361 3762 ea
1410 3723 1544 3778 qua:
1586 3713 1782 3775 potest
1824 3709 1977 3775 facit,
2019 3713 2065 3767 si
2097 3712 2156 3768 in

499 3791 682 3846 altera
706 3792 897 3862 diligit
923 3795 1088 3866 quod
1128 3796 1262 3852 ideo
1293 3799 1439 3869 quia
1469 3813 1588 3854 non
1639 3805 1834 3870 potest
1864 3803 1996 3871 ipsa
2039 3819 2153 3857 non

496 3878 676 3950 facit;
717 3883 970 3951 proinde
1026 3900 1162 3956 quas
1203 3886 1407 3942 minus
1466 3887 1638 3953 valet,
1700 3904 1818 3944 non
1867 3891 2158 3963 impediat

496 3968 630 4039 plus
652 3969 1044 4036 valentem,et
1064 3989 1199 4044 quae
1216 3975 1350 4045 plus
1385 3975 1552 4038 valet,
1579 3992 1698 4031 non
1725 3985 1931 4047 urgeat
1959 3981 2155 4036 minus

496 4057 818 4113 valentem.
859 4062 1295 4117 Conscientiam
1325 4065 1550 4135 quippe
1568 4073 1826 4122 vestram
1847 4071 1957 4123 Deo
1980 4070 2155 4124 debe-

500 4147 571 4203 tis
613 4163 627 4210 ;
670 4148 893 4203 nemini
925 4153 1121 4204 autem
1151 4157 1415 4206 vestrum
1457 4153 1684 4223 aliquid
1718 4155 2006 4222 debeatis,
2039 4158 2152 4214 nisi

499 4240 562 4289 ut
585 4233 846 4290 invicem
913 4235 1198 4305 diligatis.
1253 4241 1538 4296 Exaudiat
1589 4247 1641 4298 te
1691 4243 1995 4310 Dominus,
2051 4247 2153 4318 qui

496 4327 708 4395 potens
737 4329 825 4379 est
846 4325 1039 4381 facere
1068 4343 1246 4398 supra
1271 4345 1456 4400 quam
1487 4330 1744 4401 petimus
1758 4339 1861 4389 aut
1886 4334 2155 4406 intelligi-

496 4427 631 4468 mus
663 4413 906 4481 (Ephes.
928 4430 1004 4478 lli,
1042 4418 1154 4486 20).

950 4504 1287 4562 EPISTOLA
1328 4505 1530 4564 CXXXI
1556 4510 1569 4524 '
1596 4509 1678 4579 (α)
1696 4552 1710 4568 .

496 4591 868 4675 Augustinus
889 4596 1806 4675 Probumresalutat,getgratias
1837 4602 1962 4672 agit
1993 4605 2153 4675 quod

815 4666 885 4720 de
918 4668 1111 4724 salute
1135 4667 1320 4736 ipsius
1337 4670 1524 4738 fuerit
1551 4666 1829 4728 sollicita.

498 4748 765 4807 Dominie
792 4754 2150 4830 insignietmeritoillustri,etpraastantissimse

569 4838 705 4894 tiliae
751 4841 975 4906 PROP8,
1003 4844 1370 4910 AUGUSTINUS,
1427 4848 1485 4902 in
1508 4850 1757 4904 Domino
1802 4851 2076 4912 salutem.

569 4928 923 5002 Estquidem
953 4932 1056 4996 ita,
1079 4933 1323 4998 utdicis,
1339 4935 1586 5006 quodin
1602 4953 1846 5010 corpore
1861 4943 2151 5014 corrupti-

494 5015 599 5074 bili
633 5019 839 5074 anima
871 5021 1211 5086 constituta,
1249 5027 1482 5080 terrena
1503 5028 1768 5096 quadam
1797 5033 2152 5102 contagione

495 5109 945 5178 constringitur,
975 5117 1030 5165 et
1056 5111 1152 5166 tali
1185 5127 1364 5167 onere
1381 5114 1840 5184 quodammodo
1871 5119 2155 5190 depressa

497 5204 796 5267 curvatur,
835 5203 896 5253 ut
924 5199 1117 5256 inimo
1139 5201 1348 5266 multa,
1369 5217 1554 5272 quam
1579 5205 1635 5258 in
1670 5222 1908 5263 summo
1941 5226 2147 5274 unum,

494 5286 722 5344 facilius
746 5290 1130 5360 concupiscat
1161 5291 1464 5359 etcogitet.
1481 5291 1630 5348 Nam
1659 5294 1771 5350 hoc
1790 5297 1966 5353 etiam
1983 5315 2155 5355 sanc-

555 5404 574 5466 ti,
600 5401 656 5466 In
677 5401 803 5466 Mss.
839 5408 1041 5466 septem
1064 5409 1115 5455 et
1139 5406 1255 5455 Am.
1295 5406 1418 5457 Bad.
1444 5407 1525 5458 Er.
1554 5407 1892 5464 habentmos.

557 5463 815 5542 {Collatia
844 5463 924 5542 est
957 5481 1080 5542 cum
1112 5483 1160 5542 ᾳ.
1198 5469 1286 5542 bg.
1315 5470 1391 5542 _bl.
1426 5470 1515 5519 bn.
1547 5485 1592 5520 c.
1647 5485 1723 5542 cc.
1758 5463 1841 5521 cb.
1891 5474 1946 5526 tl‘.
1985 5477 2034 5525 h.
2065 5493 2150 5542 εν.

495 5537 547 5597 ri.
587 5527 1052 5597 r.ns.‘t._duobus
1088 5530 1166 5578 sb.
1203 5527 1498 5582 duobusve.
1552 5538 1784 5597 quatuor
1834 5550 1878 5584 ν.
1937 5543 1989 5588 et
2032 5527 2153 5589 cum

490 5587 608 5634 Am.
649 5587 770 5634 Bad.
802 5590 883 5635 Er.
922 5590 1046 5639 Lov.

527 5650 631 5732 ἐς)
667 5648 810 5732 ἓξὲ
837 5651 1123 5732 ﬂgitium
1157 5659 1340 5710 autem
1367 5658 1604 5715 t3lerat,
1632 5673 1777 5712 nunc
1809 5663 1918 5714 101.
1951 5663 2158 5732 Scripta

495 5709 637 5764 circa
671 5709 813 5760 idem
844 5709 1083 5779 tempus.

2282 322 2340 375 ta
2375 320 2678 390 Scriptura
2708 319 2791 375 ita
2811 318 2954 376 dicit
2984 335 2998 373 :
3034 319 3266 390 Corpus
3290 321 3443 382 enim
3476 323 3635 394 quod
3662 339 3914 384 carrum-

2278 409 2441 477 pitur
2462 414 2755 479 aggravat
2793 408 3078 476 animam,
3106 416 3158 464 et
3191 409 3468 473 deprimit
3497 419 3731 470 terrena
3755 415 3916 472 inha-

2281 498 2487 554 bitatio
2518 514 2748 554 sensum
2779 499 2970 554 multa
2997 499 3350 567 cogitantem
3369 500 3537 568 (Sap.
3567 517 3645 565 ix,
3675 504 3780 572 15).
3810 505 3916 561 Sed

2280 587 2416 642 ideo
2441 588 2600 642 venit
2625 586 2897 642 Salvator
2937 593 3162 651 noster,
3193 587 3298 659 qui
3341 587 3648 645 mulierem
3677 590 3830 648 illam
3863 594 3917 649 in

2279 677 2596 747 Evangelio
2637 692 2739 747 per
2769 676 2978 733 decem
3009 681 3065 732 et
3098 683 3232 733 octo
3263 693 3452 738 annos
3492 694 3760 746 curvam,
3792 697 3918 753 quas

2279 764 2528 820 fortasse
2551 766 2663 820 hoc
2689 765 3086 835 significabat,
3113 767 3298 822 verbo
3315 768 3521 822 salutis
3552 769 3734 824 erexit
3763 772 3918 839 (Luc.

2277 870 2397 918 xm,
2420 854 2628 924 11-13),
2661 860 2723 910 ut
2748 856 2948 912 anima
2974 854 3300 912 christiana
3322 872 3441 910 non
3457 855 3678 914 frustra
3699 858 3914 929 audiat,

2276 942 2523 1000 Sursum
2546 959 2648 998 cor
2673 966 2691 1013 ,-
2724 959 2833 999 nec
2862 943 3080 1000 frustra
3117 944 3498 1014 respondeat,
3532 960 3592 1002 se
3614 945 3824 1004 habere
3851 949 3923 1006 ad

2278 1031 2614 1088 Dominum.
2644 1032 2813 1096 Quod
2863 1033 3099 1088 intuens
3143 1039 3298 1088 recte
3345 1032 3514 1098 facis,
3551 1034 3711 1090 mala
3755 1036 3923 1107 hujus

2280 1121 2489 1178 mundi
2521 1120 2856 1178 tolerabilia
2885 1121 3102 1178 ducere
3135 1137 3242 1193 spe
3284 1122 3482 1177 futuri.
3510 1122 3608 1180 Sic
3639 1125 3796 1181 enim
3821 1142 3922 1184 usu

2277 1210 2542 1284 quodam
2592 1209 2753 1266 bono
2785 1216 3210 1266 convertuntur
3241 1212 3300 1266 in
3332 1210 3588 1280 bonum,
3634 1213 3776 1270 dum
3812 1229 3922 1270 non

2278 1304 2498 1370 augent
2529 1303 2792 1358 nostram
2823 1301 3388 1371 concupiscentiam,
3407 1301 3513 1355 sed
3537 1307 3812 1358 exercent
3832 1319 3925 1374 pa-

2277 1388 2544 1444 tientiam
2561 1406 2574 1454 ;
2592 1388 2666 1444 de
2685 1403 2882 1460 quare
2909 1388 3231 1459 Apostolus
3253 1389 3339 1444 ait
3363 1406 3375 1446 :
3405 1390 3642 1446 Scimus
3655 1392 3923 1461 quoniam

2275 1476 2664 1547 diligentibus
2694 1479 2880 1534 Deum
2912 1480 3108 1536 omnia
3167 1485 3572 1548 cooperantur
3610 1479 3674 1534 in
3723 1479 3920 1538 bonum

2276 1566 2464 1638 (Rom.
2500 1582 2617 1630 Vill,
2647 1566 2764 1636 28).
2815 1567 3046 1633 Omnia,
3077 1567 3262 1639 inquit
3308 1584 3320 1624 :
3363 1583 3487 1622 non
3544 1568 3739 1624 solum
3790 1585 3922 1640 ergo

2274 1655 2518 1726 illaqum
2539 1660 2903 1727 appetuntur
2927 1661 2988 1710 ut
3007 1657 3459 1721 suavia,verum
3485 1658 3666 1713 etiam
3690 1657 3783 1713 illa
3796 1673 3920 1730 quas

2274 1749 2336 1800 ut
2373 1744 2625 1799 molesta
2647 1747 2944 1810 vitantur;
2979 1745 3226 1817 quando
3253 1745 3369 1802 alia
3421 1746 3506 1800 sic
3535 1747 3824 1802 sumimUS
3855 1762 3920 1802 ne

2273 1834 2606 1903 capiamur,
2631 1833 2744 1888 alia
2767 1834 2848 1888 sic
2873 1833 3118 1888 ferimus
3151 1850 3221 1890 ne
3245 1834 3619 1901 frangamur,
3653 1842 3708 1890 et
3729 1851 3919 1892 secun-

2273 1922 2418 1978 dum
2446 1928 2745 1993 praecepta
2771 1922 3043 1978 divinain
3060 1924 3339 1978 omnibus
3362 1923 3591 1992 gratias
3605 1925 3835 1993 agimus
3850 1926 3914 1990 ei,

2272 2013 2346 2066 de
2359 2026 2480 2082 quo
2503 2011 2757 2068 dicimus
2783 2030 2792 2064 :
2818 2012 3171 2068 Benedicam
3186 2012 3502 2068 Dominum
3523 2014 3584 2068 in
3611 2014 3768 2068 omni
3787 2019 3914 2068 tem-

2269 2115 2414 2168 pore
2441 2121 2463 2169 ;
2489 2113 2717 2168 semper
2774 2101 2903 2156 laus
2936 2102 3067 2170 ejus
3095 2101 3158 2156 in
3185 2117 3286 2156 ore
3324 2116 3449 2157 meo
3495 2103 3681 2172 (Psat.
3728 2118 3911 2168 χχχιιι,

2271 2190 2326 2258 2)
2357 2205 2370 2254 ;
2397 2193 2471 2257 et,
2517 2189 2751 2244 Bonum
2779 2195 2860 2243 est
2886 2189 3037 2244 mihi
3085 2189 3414 2245 humiliasti
3440 2206 3554 2256 me,
3585 2198 3645 2245 ut
3679 2191 3906 2253 discam.

2265 2279 2715 2350 justiﬁcaliones
2765 2285 2897 2336 tuas
2925 2280 3114 2351 (Psat.
3145 2297 3335 2346 cxvui,
3371 2283 3484 2352 71).
3540 2284 3736 2354 Neque
3767 2282 3910 2336 enim

2274 2384 2500 2435 revera,
2518 2370 2565 2423 si
2589 2369 2815 2424 fallacis
2844 2370 3249 2448 prosperitatis
3262 2385 3502 2441 semper
3525 2370 3618 2426 hic
3647 2371 3912 2442 tranquil-

2273 2455 2406 2516 litas
2433 2458 2736 2523 arrideret,
2769 2459 2971 2514 anima
3013 2457 3282 2514 humana
3313 2465 3559 2531 portum
3587 2459 3748 2515 illum
3777 2475 3910 2516 verre

2272 2551 2565 2617 certasque
2599 2547 2929 2602 securitatis
2959 2552 3283 2618 appeteret,
3318 2548 3572 2603 domina
3597 2549 3840 2618 insignis
3863 2553 3913 2603 et

2273 2635 2482 2692 merito
2510 2634 2770 2702 illustris,
2813 2640 2869 2690 et
2920 2636 3424 2706 praestantissima
3467 2637 3611 2692 ﬁlia.
3663 2637 3912 2693 Reddens

2273 2723 2472 2794 itaque
2499 2722 2767 2778 debitum
2797 2725 3149 2780 Prasstantite
3199 2730 3311 2780 tute
3344 2725 3722 2782 salutationis
3761 2725 3912 2782 obse-

2272 2813 2503 2886 quium,
2549 2827 2855 2883 agensque
2895 2813 3117 2882 gratias
3144 2813 3308 2884 quod
3337 2813 3549 2870 salutis
3571 2820 3781 2869 nostrae
3802 2812 3912 2868 reli-

2271 2902 2677 2971 giosissimam
2701 2917 2907 2956 curam
2924 2903 3297 2972 regis,posco
3323 2903 3426 2957 tibi
3455 2920 3491 2958 a
3521 2903 3912 2960 Dominofutu-

2272 3006 2350 3044 rte
2376 2991 2506 3046 vitae
2535 2991 2794 3062 praemia,
2813 2992 3243 3064 praesentisque
3267 2991 3513 3058 solatia;
3541 2993 3909 3065 omniumque

2270 3084 2559 3143 vestrum,
2596 3080 2652 3135 in
2676 3095 2934 3152 quorum
2979 3080 3262 3136 cordibus
3314 3096 3419 3153 per
3472 3081 3651 3136 ﬁdem
3704 3081 3910 3138 habitat

2272 3168 2559 3231 Christus,
2595 3184 2687 3223 me
2721 3168 3019 3223 dilectioni
3052 3169 3425 3242 orationique
3447 3169 3819 3225 commendo.
3837 3169 3904 3224 Et

2270 3257 2389 3312 alia
2421 3272 2604 3314 manu
2633 3280 2651 3312 .-
2680 3257 2830 3311 Deus
2883 3272 3060 3314 verus
3119 3263 3174 3313 et
3242 3275 3420 3314 verax
3456 3259 3741 3314 veraciter
3781 3272 3904 3312 con-

2269 3345 2489 3400 soletur
2510 3362 2611 3401 cor
2639 3351 2826 3410 tuum,
2842 3350 2898 3402 et
2925 3346 3472 3418 protegatsalutem
3489 3353 3671 3410 tuam,
3689 3347 3904 3402 domina

2268 3434 2519 3507 insignis
2545 3441 2600 3490 et
2628 3436 2836 3490 merito
2868 3435 3130 3504 illustris,
3151 3452 3218 3491 ac
3241 3437 3734 3507 praestantissima
3769 3435 3896 3490 tilia.

2730 3524 3062 3582 EPISTOLA
3090 3525 3311 3584 CXXXII
3341 3526 3490 3597 '(a).

2265 3611 2637 3681 Augustinus
2681 3612 3020 3678 Volusiano,
3051 3615 3377 3670 exhortans
3413 3615 3592 3670 illum
3636 3623 3696 3668 ul
3723 3627 3900 3668 sacra-

2338 3699 2470 3756 rum
2503 3683 2944 3756 scripturarum
2980 3685 3220 3740 lectioni
3255 3693 3437 3752 vacet,
3469 3687 3689 3756 sibique
3715 3684 3900 3740 rescri-

2339 3755 2435 3808 bat
2465 3754 2516 3809 si
2545 3755 2690 3825 quid
2720 3758 2779 3810 in
2805 3755 2883 3811 eis
2915 3756 3299 3824 difﬁcultatis
3330 3757 3552 3826 legenti
3573 3754 3895 3812 occurrerit.

2266 3843 2521 3898 Domino
2545 3843 2748 3898 illustri
2777 3850 2833 3898 et
2857 3846 3063 3898 merito
3080 3846 3583 3916 prmstantissimo
3601 3845 3718 3900 ﬁlio
3742 3847 3896 3898 V'cLU-

2585 3931 2743 3970 smvo
2767 3916 2865 3986 (ὁ),
2897 3923 3245 3973 AUGUSTINUS
3285 3918 3625 3989 episcopus.

2337 4005 2415 4059 De
2438 4004 2624 4060 salute
2645 4009 2768 4070 tua,
2793 4021 2975 4077 quam
3009 4013 3063 4060 et
3081 4007 3138 4061 in
3165 4007 3279 4062 hoc
3296 4007 3539 4074 saeculo,
3567 4012 3620 4062 et
3648 4007 3704 4060 in
3727 4003 3894 4061 Chris-

2263 4098 2322 4148 to
2397 4109 2524 4148 esse
2592 4093 2790 4164 cupio,
2849 4100 3069 4150 sancta:
3124 4097 3332 4150 matris
3391 4101 3508 4151 tute
3560 4095 3702 4150 vois
3772 4107 3890 4146 sum

2262 4181 2512 4238 fortasse
2539 4182 2717 4237 etiam
2750 4183 2874 4252 ipse
2907 4198 3024 4238 non
3058 4184 3271 4254 impar.
3326 4183 3494 4239 Unde
3546 4199 3631 4238 me
3646 4183 3758 4239 ritis
3793 4181 3891 4234 tuis

2261 4271 2518 4326 reddens
2549 4271 2918 4326 salutationis
2945 4272 3324 4343 obsequium,
3361 4273 3584 4338 hortor,
3646 4279 3694 4327 ut
3723 4269 3890 4330 valeo,

2262 4365 2324 4415 ut
2344 4361 2684 4415 Litterarum
2711 4375 2845 4414 vere
2869 4365 3143 4433 certeque
3159 4367 3503 4418 sanctarum
3527 4361 3717 4417 studio
3739 4365 3787 4415 te
3807 4373 3893 4413 cu-

2260 4466 2389 4505 ram
2414 4464 2531 4503 non
2571 4449 2768 4521 pigeat
2790 4449 3158 4521 impendere.
3189 4452 3431 4507 Sincera
3461 4452 3618 4507 enim
3646 4455 3693 4506 et
3719 4447 3886 4504 solida

2260 4553 2352 4593 res
2369 4543 2475 4602 est,
2506 4553 2612 4592 nec
2641 4538 2852 4593 fucatis
2879 4539 3130 4611 eloquiis
3151 4540 3339 4595 ambit
3376 4541 3451 4596 ad
3482 4539 3627 4596 anin
3650 4555 3763 4599 um,
3796 4550 3889 4591 nec

2263 4626 2611 4697 ullolinguie
2633 4629 2875 4682 tectorio
2901 4629 3077 4684 inane
3103 4628 3329 4701 aliquid
3343 4645 3412 4685 ac
3436 4629 3755 4700 pendulum
3779 4640 3887 4680 cre-

2328 4734 2342 4750 '
2367 4732 2653 4793 Recognita
2684 4732 2750 4797 ad
2782 4746 2836 4797 a.
2874 4733 3041 4797 a.,bg.
3078 4733 3151 4797 ibi.
3201 4749 3244 4782 c.
3284 4748 3358 4783 cc.
3398 4733 3448 4781 tl‘.
3487 4748 3542 4797 g.
3583 4748 3665 4796 g“.
3695 4733 3730 4794 j.
3757 4731 3794 4797 l._
3838 4741 3883 4776 n.

2259 4809 2300 4843 r.
2326 4807 2367 4842 s.
2394 4798 2435 4842 t.
2469 4798 2528 4842 tt.
2551 4808 2630 4844 vc.
2659 4795 2746 4844 vd.
2777 4795 2913 4844 duos
2941 4796 3029 4845 bn.
3059 4796 3194 4846 duos
3231 4797 3310 4848 sb.
3349 4795 3601 4860 quinque
3646 4811 3676 4843 ν.
3707 4797 3754 4844 et
3774 4795 3878 4843 Am.

2259 4856 2478 4907 BadJ'lr.
2512 4856 2637 4906 Lov.

2300 4858 2478 4906 ad.|£r.
2512 4858 2637 4906 Lov.

2323 4923 2393 4979 (ιι)
2420 4919 2606 4968 Aliasl
2642 4935 2651 4967 :
2690 4934 2808 4982 qua:
2856 4924 3035 4968 autem
3086 4923 3174 4969 132
3206 4925 3334 4978 erat,
3374 4935 3516 4970 nunc
3563 4922 3621 4969 26
3646 4924 3669 4975 ἰ,
3703 4917 3882 4978 Scripta

2259 4983 2400 5032 circa
2417 4983 2690 5030 ineuntem
2704 4995 2906 5030 annum
2925 4985 3032 5030 412.

2323 5044 2392 5102 (ὸ)
2433 5045 2758 5108 volusianus
2780 5045 3262 5108 Melaniiejunioris
3287 5046 3586 5096 avunculus
3616 5053 3621 5092 1
3646 5045 3770 5092 uisse
3789 5053 3880 5088 cre-

2262 5106 2420 5162 ditur,
2453 5107 2602 5155 idest
2636 5108 3000 5168 ipsiusmatris
3030 5106 3232 5156 Albinze
3259 5108 3418 5157 frater
3450 5124 3459 5164 ;
3492 5122 3597 5156 non
3653 5111 3784 5154 utem
3806 5115 3879 5163 pa-

2261 5173 2430 5233 truus,
2461 5169 3371 5233 quiaPublicolaMelaniieejusdem
3396 5174 3545 5233 pater
3574 5170 3618 5217 tr
3646 5173 3773 5233 .trem
3788 5177 3876 5212 non

2261 5232 2448 5296 habuit
2468 5234 2825 5293 superstitem,
2864 5247 2926 5281 ex
2948 5236 3101 5295 epist.
3140 5232 3214 5282 94.
3249 5232 3579 5296 Quapropter
3595 5237 3617 5281 ιι
3646 5232 3876 5296 cios._qu83

2261 5308 2359 5357 vox
2375 5293 2439 5342 ad
2468 5291 2718 5357 patruum
2751 5299 2798 5343 et
2835 5291 3163 5344 avunculum
3189 5291 3488 5344 communis
3519 5299 3612 5350 est,
3646 5305 3738 5341 non
3761 5291 3874 5357 bene

2261 5350 2627 5420 abintcrprete
2660 5358 2901 5412 vertitur,
2928 5364 3160 5419 patruus,
3196 5363 3308 5407 tum
3359 5357 3496 5419 apud
3528 5358 3617 5405 l’hc
3646 5357 3773 5420 .ium,

2262 5423 2374 5482 tum
2397 5411 2540 5480 apud
2565 5411 2994 5482 Metaphrastein,
3014 5422 3065 5468 in
3090 5411 3326 5470 Melaniae
3351 5411 3470 5470 vita.
3493 5421 3615 5469 Exst
3650 5422 3705 5466 nt
3719 5411 3873 5464 Rutilii

2263 5481 2326 5529 de
2354 5483 2632 5546 eodem,ut
2653 5481 2856 5544 putant,
2880 5483 3162 5531 Volusiano
3189 5483 3590 5546 versus,quibus
3654 5493 3748 5546 unc
3774 5487 3872 5544 pto-

2264 5544 2499 5591 consulis
2526 5539 2708 5591 Afric'm
2740 5559 2935 5592 munus
2950 5539 3448 5595 sustinuissedocet.
3480 5546 3615 5593 Porri
3663 5539 3868 5589 Melania)

2264 5607 2440 5671 neptis
2461 5610 2514 5654 et
2549 5607 2714 5671 Procli
2749 5607 3613 5671 Constantinopolitaniepiscopic
3646 5617 3712 5671 Ira
3739 5600 3868 5648 Volu-

2265 5669 2476 5745 sianum
2506 5669 2576 5745 ad
2607 5670 2953 5745 christi'anam
2990 5666 3298 5745 religionem
3323 5666 3613 5745 proﬁtenda
3646 5666 3866 5745 nLin

2263 5731 2445 5780 tremis
2476 5730 2766 5783 adductum
2781 5731 2944 5782 fuisse
2961 5727 3490 5797 produntPhotiuset
3505 5732 3611 5780 Meti
3646 5727 3863 5792 phrastes.
