4074 6158
179 188 270 246 509

175 312 316 383 pitat.
351 304 586 364 Multum
611 304 829 369 movet,
884 316 1004 358 non
1035 300 1381 366 verborum,
1435 301 1534 356 sed
1585 316 1786 357 rerum

174 397 386 456 avidum
418 411 431 460 ;
463 392 784 448 etmultum
813 394 1007 455 terret,
1044 389 1268 445 factura
1295 405 1593 445 securum.
1638 392 1788 444 Prie-

172 488 322 558 cipue
342 481 752 554 Apostolorum
767 480 1004 549 linguas
1017 479 1294 534 exhortor
1312 484 1370 534 ut
1387 479 1552 548 legas
1572 494 1585 543 ;
1606 494 1675 533 ex
1693 477 1787 531 his

170 575 305 631 enim
337 571 410 626 ad
425 568 874 638 cognoscendos
907 568 1229 637 Prophetas
1251 566 1792 636 excitaberis,quo—

167 679 281 718 rum
326 658 672 715 testimoniis
715 661 960 712 utuntur
989 655 1269 728 Apostoli.
1316 655 1530 726 Siquid
1565 660 1786 718 autem,

166 750 241 807 vel
259 765 386 804 cum
413 748 656 817 cogitas,
688 745 791 802 tibi
823 745 1394 817 oriturquaastionis,
1429 745 1488 800 in
1520 759 1641 816 quo
1666 743 1787 798 dis-

163 837 427 895 solvendo
460 835 658 890 videar
697 833 1097 898 necessarius,
1134 833 1326 888 scribe
1351 837 1414 888 ut
1438 832 1787 888 rescribam.

161 927 320 996 Magis
350 924 507 980 enim
539 923 653 980 hoc
680 923 826 978 forte
878 922 1129 978 Domino
1182 921 1508 993 adjuvante
1561 926 1789 992 potero,

159 1031 321 1088 quam
337 1028 600 1086 praasens
620 1011 757 1068 talia
771 1011 930 1083 loqui
962 1016 1157 1067 tecum
1177 1027 1188 1066 :
1207 1027 1328 1067 non
1343 1011 1534 1067 solum
1551 1016 1793 1082 propter

159 1103 560 1174 occupationes
591 1101 784 1157 varias
815 1107 872 1156 et
898 1115 1066 1155 meas
1097 1106 1153 1155 et
1175 1105 1306 1155 tuas
1329 1100 1641 1172 (quoniam
1671 1114 1793 1154 non

160 1209 276 1248 cum
317 1191 458 1247 mihi
487 1195 682 1255 vacat,
715 1190 972 1246 occurrit
1002 1193 1066 1244 ut
1105 1193 1160 1244 et
1185 1190 1287 1245 tibi
1329 1191 1543 1258 vacet),
1583 1203 1792 1244 verum

160 1283 312 1340 etiam
328 1283 562 1351 propter
575 1295 782 1335 eorum
797 1279 1120 1334 irruentem
1142 1277 1650 1349 praesentiam,qui
1679 1277 1794 1348 ple-

159 1383 389 1440 rumque
415 1383 537 1424 non
552 1372 692 1424 sunt
716 1367 838 1438 apti
863 1366 960 1423 tali
985 1366 1794 1438 negotio,magisquelingum

159 1456 628 1529 certaminibus,q
639 1473 776 1512 nam
799 1455 1054 1512 scientiae
1071 1455 1394 1511 luminibus
1406 1455 1793 1511 delectantur:

159 1546 302 1619 quod
324 1551 524 1602 autem
553 1546 837 1617 scriptum
873 1544 1148 1609 habetur,
1180 1559 1416 1616 semper
1431 1544 1698 1600 vacatad
1723 1543 1795 1598 le-

160 1635 421 1706 gendum,
451 1650 592 1689 cum
610 1639 782 1690 vacat
805 1633 1021 1704 legenti
1055 1650 1068 1698 ;
1093 1649 1202 1690 nec
1230 1649 1552 1690 onerosum
1573 1633 1796 1705 ﬁtpraa-

165 1740 298 1786 scus,
320 1723 486 1796 quod
501 1738 639 1778 cum
658 1722 816 1778 voles
830 1723 1104 1788 sumitur,
1131 1738 1268 1780 cum
1286 1722 1449 1778 voles
1463 1723 1721 1794 ponitur.

565 1812 902 1866 EPISTOLA
931 1810 1180 1867 CXXXIII
1220 1810 1366 1881 ‘(a).

160 1891 512 1960 Augustinus
557 1890 908 1946 Marcellino
961 1891 1221 1956 tribuno,
1246 1896 1311 1946 ut
1342 1891 1688 1946 Donatistas
1733 1892 1796 1946 in

221 1965 535 2034 quaestione
551 1964 843 2030 confessos
856 1965 1087 2017 atrocia
1100 1962 1616 2031 facinora,puniat
1640 1963 1795 2020 citra

218 2033 572 2159 suptplécium
609 2034 840 2103 capitis,
885 2034 973 2088 uti
1012 2034 1285 2105 congruit
1316 2035 1592 2090 Ecclesiae
1632 2049 1795 2090 man-

217 2120 307 2161 sue
335 2121 369 2160 u
416 2121 529 2160 1m.

161 2184 388 2257 Domino
418 2185 642 2241 eximio
666 2189 721 2240 et
754 2185 965 2240 merito
986 2185 1227 2255 insigni,
1248 2189 1425 2257 atque
1445 2184 1797 2241 charissimo

162 2255 265 2312 ﬁlio
288 2259 668 2321 MARCELLINO,
684 2259 1035 2314 Aucusrmus
1062 2259 1100 2321 ι,
1155 2257 1214 2312 in
1239 2255 1492 2313 Domino
1514 2257 1794 2312 salutem.

227 2350 267 2399 t.
296 2345 817 2404 Circumcelliones
845 2345 975 2402 illos
1007 2350 1063 2402 et
1087 2346 1332 2402 clericos
1348 2347 1531 2418 partis
1563 2347 1796 2411 Donati,

164 2449 296 2506 quos
325 2435 396 2490 de
427 2434 796 2506 Hipponensi
829 2437 850 2472 ³
881 2436 957 2492 ad
967 2435 1260 2506 judicium
1276 2436 1565 2508 profectis
1589 2452 1799 2492 eorum

164 2523 741 2594 publicmdisciplinte
764 2539 907 2580 cura
929 2524 1276 2590 deduxerat,
1313 2541 1349 2581 a
1368 2531 1467 2581 tua
1491 2525 1799 2582 Nobilitate

166 2612 400 2683 comperi
429 2612 692 2678 auditos,
727 2619 782 2667 et
811 2612 1103 2684 plurimos
1133 2629 1341 2669 eorum
1372 2613 1445 2669 de
1473 2614 1800 2670 homicidio

167 2701 768 2772 quodinRestitutum.
801 2701 1162 2758 catholicum
1195 2703 1603 2775 presbyterum
1636 2719 1799 2760 com-

167 2789 450 2856 miserunt,
475 2790 634 2845 etde
661 2790 823 2846 caede
856 2791 1200 2861 Innocentii,
1241 2791 1481 2847 alterius
1524 2792 1802 2848 catholici

168 2879 493 2950 presbyteri,
523 2885 700 2951 atque
730 2879 804 2935 de
835 2879 1010 2935 oculo
1042 2879 1172 2950 ejus
1192 2880 1592 2947 effosso,etde
1616 2881 1802 2951 digito

169 2969 386 3038 prmciso
404 2969 598 3024 fuisse
619 2967 946 3025 confessos.
966 2969 1129 3025 Unde
1153 2969 1296 3025 mihi
1315 2969 1657 3026 sollicitudo
1680 2987 1804 3026 ma-

169 3057 308 3114 xima
334 3058 582 3114 incussa
607 3061 711 3123 est,
753 3073 829 3113 ne
878 3057 1025 3113 forte
1057 3056 1404 3114 Sublimitas
1436 3065 1538 3114 tua
1567 3063 1804 3116 censeat

168 3158 251 3200 eos
279 3152 430 3202 tanta
459 3145 668 3216 legum
692 3147 1003 3201 severitate
1025 3146 1389 3218 plectendos,
1421 3152 1482 3202 ut
1500 3148 1704 3219 qualia
1726 3147 1805 3202 ie-

171 3241 369 3300 cerunt,
393 3235 540 3292 talia
563 3235 888 3306 patiantur.
916 3235 1178 3307 Ideoque
1196 3236 1287 3292 his
1309 3235 1514 3291 litteris
1541 3235 1806 3293 obtestor

129 3321 132 3328 ’
171 3322 324 3380 ﬁdem
351 3331 520 3380 tuam
542 3340 725 3396 quam
754 3323 941 3380 habes
966 3323 1026 3379 in
1057 3324 1308 3389 Christo,
1342 3340 1447 3395 per
1467 3326 1656 3396 ipsius
1696 3327 1805 3381 Do-

168 3412 292 3467 mini
312 3413 526 3469 Christi
555 3413 1046 3477 misericordiam,
1077 3419 1140 3468 ut
1169 3413 1283 3469 hoc
1313 3429 1424 3469 nec
1454 3413 1659 3480 facias,
1695 3430 1806 3470 nec

171 3500 273 3556 ﬁeri
303 3503 556 3559 omnino
588 3504 922 3574 permittas.
971 3503 1258 3568 Quamvis
1286 3503 1445 3558 enim
1477 3503 1555 3560 ab
1597 3520 1803 3560 eorum

169 3588 374 3647 interitu
401 3591 798 3648 dissimulare
825 3607 1165 3663 possemus,
1197 3592 1298 3664 qui
1321 3607 1442 3648 non
1470 3594 1806 3650 accusanti-

173 3676 270 3734 bus
298 3681 540 3746 nostris,
574 3679 681 3735 sed
711 3679 949 3735 illorum
970 3680 1209 3736 Notoria
1231 3681 1251 3712 ³
1284 3679 1355 3735 ad
1385 3697 1539 3752 quos
1570 3681 1804 3738 tuendae

172 3767 396 3836 publicai
430 3769 605 3842 pacis
638 3769 945 3838 vigilantia
978 3768 1333 3841 pertinebat,
1357 3771 1693 3840 praesentati
1725 3771 1807 3826 vi-

169 3854 393 3913 deantur
423 3857 685 3914 examini
718 3875 729 3921 ;
760 3857 1043 3914 nolumus
1059 3861 1238 3913 tatem
1267 3858 1580 3928 passiones
1607 3874 1804 3914 servo-

167 3958 280 4001 rum
309 3946 430 4013 Dei,
459 3947 642 4020 quasi
667 3947 792 4002 vice
813 3946 1067 4014 talionis,
1088 3947 1335 4018 paribus
1357 3946 1804 4018 suppliciisvin-

169 4032 348 4090 dicari.
381 4039 512 4093 Non
543 4051 666 4108 quo
681 4035 949 4091 scelestis
973 4035 1638 4092 hominihuslicentiam
1661 4035 1808 4092 faci-

169 4136 354 4181 norum
371 4125 800 4197 prohibeamus
811 4124 1027 4180 auferri
1045 4141 1057 4191 ;
1076 4124 1180 4180 sed
1198 4124 1521 4196 hocjmagis
1537 4124 1804 4182 sufﬁcere

169 4211 419 4269 volumus
453 4220 520 4271 ut
540 4215 653 4269 vivi
679 4213 913 4270 etnulla
927 4214 1192 4285 corporis
1229 4219 1393 4284 parte
1424 4215 1805 4282 truncati,vel

167 4300 231 4355 ab
253 4301 659 4374 inquietudine
690 4305 908 4360 insana
960 4303 1038 4359 ad
1069 4303 1333 4359 sanitatis
1382 4304 1568 4359 otium
1601 4304 1804 4374 legum

167 4391 486 4448 coercitione
503 4391 857 4462 dirigantur,
876 4391 1017 4448 vela
1033 4392 1311 4461 malignis
1324 4392 1608 4464 operibus
1629 4393 1805 4449 alicui

170 4477 275 4533 utili
295 4483 454 4550 operi
483 4480 866 4552 deputentur.
896 4481 1403 4552 Vocaturquidem
1426 4480 1607 4538 etista
1633 4483 1806 4538 dam-

169 4567 331 4634 natio;
346 4570 600 4642 sedquis
615 4586 733 4626 non
753 4569 1245 4640 intelligatmagis
1259 4570 1607 4625 beneﬁcium
1627 4587 1803 4643 quam

167 4656 507 4726 supplicium
536 4658 1036 4728 nuncupandum,
1071 4657 1168 4713 ubi
1197 4674 1306 4713 nec
1339 4658 1618 4714 saeviendi
1651 4659 1804 4715 rela-

167 4750 318 4800 xetur
334 4748 724 4813 audacia,nec
741 4747 1061 4819 paenitendi
1076 4747 1460 4803 subtrahatur
1476 4749 1762 4805 medicina
1777 4748 1804 4804 ‘i

228 4833 275 4885 2.
300 4834 502 4906 Imple,
520 4836 1051 4907 christianejudex,
1094 4837 1173 4908 pii
1191 4836 1373 4908 patris
1393 4836 1657 4892 ofﬁcium
1681 4854 1695 4904 ;
1721 4838 1803 4894 sic

171 4935 428 4980 succense
450 4925 768 4999 iniquitati,
791 4932 851 4982 ut
875 4925 1182 4981 consulere
1203 4925 1560 4981 humanitati
1592 4927 1805 4982 memi-

169 5012 304 5066 neris
321 5029 332 5068 :
349 5030 455 5068 nec
470 5015 526 5068 in
545 5019 924 5086 peccatorum
942 5014 1348 5070 atrocitatibus
1365 5030 1641 5071 exerceas
1669 5015 1798 5071 ulci-

170 5100 352 5155 scendi
382 5103 721 5173 libidinem;
765 5103 867 5158 sed
885 5108 1271 5175 peccatorum
1313 5103 1657 5160 vulneribus
1705 5120 1803 5161 cu-

224 5207 237 5274 ξ
259 5206 380 5274 _Mss.
403 5210 710 5274 suspensus
731 5212 1035 5274 episcopus.

221 5267 377 5344 ξιον.
403 5271 461 5318 de
486 5267 838 5344 Hipponenh’s
862 5267 1082 5344 εεριηὶα..
1113 5273 1181 5344 At
1210 5284 1239 5320 a
1270 5271 1558 5344 Mss.ahes_t
1580 5273 1800 5344 ecclesia,

172 5342 315 5388 quam
347 5348 551 5400 vocem,
567 5335 677 5383 sive
707 5336 1016 5400 quampiam
1032 5335 1258 5384 similem
1276 5335 1633 5399 supplendam
1649 5337 1805 5387 relin-

174 5403 313 5450 quere
344 5396 478 5445 solet
503 5396 850 5450 Angustinus.

226 5454 367 5517 {,Mss.
392 5462 517 5513 tres,
549 5454 784 5509 Notas-ia.
812 5461 912 5510 Alii
943 5460 1068 5517 duo,
1100 5460 1394 5510 Notatoria.

227 5515 254 5547 ¹
281 5517 420 5588 lianc
451 5523 773 5588 contulimus
799 5538 920 5572 cum
949 5538 995 5570 a.
1028 5515 1113 5586 bg.
1169 5522 1242 5571 bl.
1277 5537 1321 5572 c.
1360 5536 1441 5588 cc.
1465 5523 1519 5588 ﬂ.
1541 5538 1593 5588 g.
1625 5538 1711 5588 gv.
1745 5537 1797 5575 n.

175 5590 208 5624 ι’.
230 5592 269 5650 s.
292 5585 339 5650 t._
359 5597 434 5650 _v_c.
469 5584 677 5650 duobus
699 5601 745 5635 s.
772 5590 964 5650 quator
983 5601 1032 5634 v.
1059 5584 1111 5636 et
1131 5600 1253 5635 cum
1273 5588 1388 5635 Am.
1420 5584 1652 5650 Bader'.
1674 5587 1798 5637 Lov.

205 5641 290 5709 μιν
317 5645 455 5715 arias
486 5646 608 5715 iss:
648 5663 766 5712 quae
789 5641 976 5699 'autem
1004 5650 1093 5699 135
1124 5653 1254 5706 erat,
1292 5661 1434 5698 nunc
1490 5651 1565 5699 99.
1595 5649 1804 5714 Scripta

178 5707 301 5753 circa
331 5707 467 5756 idem
502 5707 727 5774 tempus.

1365 171 1874 233 EPISTOLARUH
1911 170 2200 229 CLASS!S
2243 173 2342 229 ῙῙῙ.

3453 179 3560 237 510

1899 298 2073 354 randi
2097 298 2385 355 adhibeas
2408 298 2798 357 voluntatem.
2818 302 2946 359 Noli
2973 303 3221 375 perdere
3241 308 3554 378 paternam

1902 387 2294 459 diligentiam,
2326 403 2511 460 quam
2562 389 2618 443 in
2665 390 2796 461 ipsa
2844 391 3227 463 inquisitione
3287 395 3553 460 servasti,

1901 476 2146 548 quando
2178 481 2483 532 tantorum
2517 478 2806 534 scelerum
2831 481 3297 551 confessionem,
3320 498 3439 538 non
3460 499 3558 538 ex-

1903 565 2179 621 tendente
2215 565 2492 637 equuleo,
2547 583 2668 623 non
2711 569 3084 626 sulcantibus
3117 571 3378 640 ungulis,
3437 587 3556 626 non

1903 655 2211 710 urentibus
2229 655 2506 722 ﬂammis,
2525 657 2628 711 sed
2647 659 2948 728 virgarum
2967 659 3313 715 verberibus
3334 660 3555 718 eruisti.

1905 744 2011 809 Qui
2041 745 2256 799 modus
2286 745 2658 800 coercitionis
2691 763 2726 802 a
2765 747 3067 816 magistris
3101 750 3314 804 artium
3343 749 3561 805 libera-

1901 833 2069 898 lium,
2099 835 2252 890 etab
2278 834 2421 906 ipsis
2434 835 2807 906 parentibus,
2825 843 3049 908 etssepe
3063 837 3241 894 etiam
3255 837 3560 909 injudiciis

1903 923 2140 978 soletab
2170 923 2468 993 episcopis
2501 924 2792 980 adhiberi.
2828 925 2952 981 Noli
2980 941 3123 995 ergo
3149 926 3407 982 atrocius
3437 928 3563 982 vin-

1903 1012 2123 1079 dicare,
2159 1011 2323 1083 quod
2355 1012 2546 1067 lenius
2575 1013 2866 1069 invenisti.
2887 1015 3227 1087 Inquirendi
3255 1031 3438 1088 quam
3455 1031 3562 1087 pu-

1903 1100 2107 1157 niendi
2127 1101 2450 1156 necessitas
2478 1103 2670 1172 major
2700 1108 2819 1161 est:
2858 1104 2934 1158 ad
2953 1105 3068 1160 hoc
3094 1105 3251 1159 enim
3286 1109 3342 1160 et
3372 1105 3560 1161 mitis-

1906 1190 2039 1246 simi
2064 1189 2339 1246 homines
2363 1191 2594 1246 facinus
2622 1191 2987 1248 occultatnm
3019 1193 3336 1263 diligenter
3382 1198 3560 1265 atque

1904 1279 2192 1337 instanter
2208 1280 2574 1348 examinant,
2602 1287 2663 1335 ut
2689 1281 2992 1337 inveniant
3039 1282 3258 1354 quibus
3288 1287 3559 1354 parcant.

1909 1369 2072 1426 Unde
2111 1368 2464 1441 plerumque
2489 1384 2729 1425 necesse
2757 1376 2862 1436 est,
2879 1375 3224 1427 exerceatur
3249 1372 3447 1427 acrius
3479 1371 3561 1428 in-

1904 1456 2163 1528 quisitio,
2197 1461 2261 1512 ut
2295 1457 2678 1514 manifestato
2719 1459 2937 1514 scelere
2991 1459 3063 1514 sit
3109 1458 3211 1514 ubi
3273 1465 3564 1530 appareat

1905 1546 2327 1604 mansuetudo.
2354 1546 2570 1602 Omnia
2598 1548 2822 1618 quippe
2842 1547 3008 1603 bona
3037 1564 3218 1620 opera
3251 1556 3456 1604 amant
3501 1550 3562 1603 in

1904 1637 2036 1692 luce
2062 1635 2376 1701 constitui;
2406 1651 2525 1690 non
2541 1640 2782 1707 propter
2808 1636 3141 1692 humanam
3165 1637 3561 1707 gloriam,sed

1905 1731 1970 1780 ut
1995 1723 2248 1788 videant,
2283 1723 2364 1779 ait
2396 1724 2707 1790 Dominus,
2737 1724 2889 1782 bona
2915 1740 3096 1792 opera
3123 1732 3340 1794 vestra,
3364 1733 3417 1782 et
3437 1727 3564 1796 glo-

1906 1815 2136 1882 riﬁcent
2153 1815 2391 1869 Patrem
2407 1821 2659 1869 vestrum
2675 1813 2778 1885 qui
2789 1815 2846 1869 in
2861 1814 3019 1870 caelis
3033 1821 3112 1871 est
3129 1815 3371 1886 (Matth.
3387 1831 3442 1881 v,
3457 1820 3472 1869 t
3485 1816 3560 1883 6).

1908 1905 1974 1958 Et
1999 1902 2133 1958 ideo
2153 1918 2275 1958 non
2299 1901 2528 1957 suffecit
2557 1903 2840 1973 Apostolo
2865 1919 3107 1959 monere
3136 1909 3199 1959 ut
3217 1909 3560 1960 mansuetu-

1906 1992 2112 2047 dinem
2134 2006 2526 2056 servaremus,
2564 1991 2670 2046 sed
2701 1995 2762 2046 ut
2791 2006 2922 2046 eam
2947 1992 3124 2047 etiam
3145 1997 3349 2048 notam
3373 1992 3566 2048 omni-

1905 2079 2370 2136 busfaceremus
2391 2097 2404 2146 ;
2429 2079 2850 2144 Mansuetudo,
2867 2080 3079 2152 inquit,
3102 2088 3297 2136 vestra
3325 2083 3467 2136 nota
3491 2080 3564 2136 sit

1907 2168 2171 2225 omnibus
2199 2167 2532 2224 hominibus
2558 2167 2852 2240 (Philipp.
2899 2184 2979 2234 iv,
3022 2171 3074 2239 5)
3113 2187 3129 2238 ;
3163 2174 3220 2224 et
3253 2168 3368 2224 alio
3410 2169 3560 2231 loco.

1907 2257 2419 2314 Mansuetudinem
2453 2263 2815 2314 ostentantes
2838 2257 2912 2312 ad
2933 2273 3126 2315 omnes
3142 2257 3404 2314 homines
3420 2258 3562 2330 (Tit-

1906 2364 1986 2414 in,
2019 2349 2095 2418 2).
2125 2345 2289 2401 Unde
2320 2362 2428 2402 nec
2459 2346 2556 2402 illa
2587 2347 2773 2402 sancti
2808 2345 3018 2413 David,
3051 2347 3296 2419 quando
3321 2346 3564 2402 inimico

1908 2436 2024 2492 sibi
2056 2437 2116 2490 in
2146 2450 2364 2490 manus
2413 2434 2630 2491 tradito
2675 2434 2997 2490 clementer
3052 2437 3317 2506 pepercit
3346 2435 3390 2506 (Ι
3420 2436 3562 2504 Reg.

1907 2542 2060 2591 xx1v,
2080 2523 2843 2596 7),praeciarissimalenitas
2857 2525 3280 2590 emineret,nisi
3296 2529 3565 2596 potestas

1909 2617 2126 2686 pariter
2143 2619 2473 2685 appareret.
2505 2617 2632 2670 Non
2657 2618 2707 2669 te
2727 2628 2868 2683 ergo
2886 2619 3199 2686 exasperet
3219 2611 3567 2670 vindicandi

1908 2708 2193 2776 potestas,
2227 2703 2319 2758 cui
2358 2703 2663 2758 lenitatem
2713 2718 2834 2758 non
2874 2702 3135 2758 excussit
3175 2700 3561 2758 examinandi

1909 2793 2250 2849 necessitas.
2285 2791 2409 2848 Noli
2440 2791 2951 2847 facinoreinvento
2968 2808 3233 2863 quaerere
3248 2806 3565 2862 percusso-

1907 2899 2056 2948 rem,
2086 2883 2142 2936 in
2165 2897 2286 2953 quo
2302 2880 2664 2937 inveniendo
2679 2880 2920 2936 noluisti
2944 2881 3230 2936 adhibere
3256 2886 3556 2936 tortorem.

1982 2975 2032 3027 3.
2065 2973 2366 3026 Postremo
2403 2985 2510 3041 pro
2543 2969 2816 3024 Ecclesia
2846 2969 3089 3024 utilitate
3104 2968 3321 3025 missus
3336 2985 3417 3024 es.
3445 2971 3562 3024 Hoc

1911 3058 2181 3115 Ecclesiae
2213 3057 2539 3122 catholicae,
2583 3061 2784 3122 aut,nt
2815 3057 3064 3112 modum
3091 3057 3558 3128 dispensationis

1913 3164 2060 3204 meas
2075 3163 2194 3203 non
2209 3145 2558 3219 supergredi
2571 3146 2796 3212 videar,
2828 3145 2945 3201 hoc
2963 3144 3235 3202 Ecclesiae
3250 3145 3326 3202 ad
3348 3145 3562 3217 Hippo—

1911 3236 2534 3305 nensinm-Regiorum
2576 3234 2881 3291 diceeesim
2920 3235 3235 3306 pertinenti
3263 3233 3560 3306 prodesse,

1910 3326 2026 3382 hoc
2051 3325 2326 3397 expedire
2343 3329 2661 3380 contestor.
2693 3325 2748 3381 Si
2765 3339 2885 3380 non
2902 3323 3075 3380 audis
3089 3324 3350 3380 amicum
3367 3329 3563 3395 peten-

1913 3415 2198 3480 tem,audi
2214 3414 2558 3486 episcopum
2572 3413 3563 3484 consulentem.Ouamvisquoniam

1913 3504 2234 3560 christiano
2264 3504 2499 3575 loquor,
2534 3503 2794 3558 maxime
2817 3502 2874 3558 in
2906 3502 3006 3558 tali
3023 3518 3225 3566 causa,
3270 3517 3388 3558 non
3405 3516 3567 3556 arro-

1912 3598 2120 3665 ganter
2149 3592 2421 3657 dixerim,
2449 3593 2654 3646 audire
2683 3596 2734 3646 te
2777 3593 3129 3663 episcopum
3160 3590 3438 3646 convenit
3476 3591 3566 3662 ju-

1910 3682 2174 3745 bentem,
2207 3681 2449 3736 domine
2485 3680 2701 3735 eximie
2722 3684 2777 3735 et
2805 3680 3014 3735 merito
3077 3679 3353 3749 insignis,
3387 3684 3566 3750 atque

1911 3769 2256 3826 charissime
2277 3768 2376 3824 fili.
2412 3767 2577 3824 Unde
2601 3768 2723 3824 scio
2745 3767 2990 3839 quidem
3022 3784 3235 3824 causas
3259 3767 3568 3822 ecclesias-

1913 3858 2058 3914 ticas
2089 3857 2451 3913 Excellentiee
2498 3862 2612 3912 tua;
2663 3857 3044 3927 potissimum
3085 3857 3408 3927 injunctas,
3460 3855 3566 3910 sed

1911 3948 2054 4020 quia
2073 3947 2249 4003 credo
2272 3947 2450 4002 istam
2476 3961 2685 4000 curam
2718 3945 2796 4002 ad
2824 3945 3016 4000 virum
3049 3944 3456 4000 clarissimum
3474 3949 3567 4000 at-

1910 4052 2028 4108 que
2063 4035 2455 4107 spectabilem
2499 4033 2919 4106 proconsulem
2966 4033 3282 4105 pertinere,
3318 4032 3396 4088 ad
3425 4048 3565 4088 eum

1912 4125 2385 4198 quoquelitteras
2407 4123 2543 4179 dedi
2565 4139 2744 4195 ;quas
2768 4138 2914 4193 rogo
2929 4129 2990 4178 ut
3010 4123 3136 4194 ipse
3165 4122 3245 4178 illi
3268 4122 3500 4178 tradere
3512 4124 3569 4178 et

1913 4214 2194 4285 allegare,
2229 4214 2276 4270 si
2308 4229 2462 4286 Opus
2494 4216 2604 4278 est,
2635 4228 2758 4269 non
2796 4213 3061 4283 graveris
3088 4229 3100 4268 :
3142 4217 3318 4283 atque
3349 4210 3566 4267 ambos

1911 4305 2183 4369 obsecro,
2217 4319 2291 4359 ne
2323 4303 2731 4374 importunam
2757 4301 3147 4364 arbitremini,
3175 4301 3263 4355 vel
3289 4301 3568 4356 interces-

1913 4393 2166 4459 sionem,
2192 4391 2282 4448 vel
2309 4392 2770 4464 suggestionem,
2803 4390 2892 4446 vel
2919 4389 3384 4448 sollicitudinem
3436 4403 3570 4442 nos-

1912 4485 2063 4538 tram
2094 4497 2109 4547 ;
2141 4485 2196 4536 et
2227 4481 2541 4552 passiones
2593 4477 3027 4533 catholicorum
3087 4492 3398 4532 servorum
3440 4475 3566 4546 Dei,

1912 4586 2047 4643 quae
2081 4568 2330 4626 inﬁrmis
2355 4567 2434 4623 ad
2461 4566 2923 4622 aedificationem
2973 4563 3340 4636 spiritualem
3395 4563 3568 4620 utiles

1911 4674 2042 4715 esse
2069 4657 2309 4721 debent,
2342 4655 2508 4711 haud
2532 4653 2840 4726 reciproca
2877 4654 3270 4720 inimicorum,
3291 4653 3566 4726 aquibus

1909 4748 2071 4820 passi
2110 4751 2268 4812 sunt,
2310 4760 2488 4816 poena
2527 4743 2905 4808 decoloretis,
2938 4743 3043 4798 sed
3084 4743 3280 4814 potius
3320 4742 3572 4798 refracta

1901 4834 2225 4912 judiciaria
2264 4835 2593 4896 severitate,
2635 4837 2693 4888 et.
2726 4840 2984 4888 vestram
3020 4831 3222 4897 ﬁdem,
3266 4833 3409 4904 quia
3464 4830 3569 4886 ﬁlii

1908 4925 2047 4982 estis
2097 4924 2385 4991 Ecclesiae,
2438 4929 2492 4980 et
2543 4923 2730 4995 ipsius
2787 4923 2994 4979 matris
3046 4920 3564 4978 mansuetudinem

1908 5013 2334 5072 commendare
2369 5012 2612 5069 minime
2633 5012 2968 5083 negligatis.
3004 5014 3156 5066 Deus
3187 5009 3569 5079 omnipotens

1909 5105 2316 5168 Prmstantiam
2347 5108 2510 5159 tuam
2543 5102 2720 5158 bonis
2751 5101 3034 5158 omnibus
3055 5103 3291 5168 augeat,
3326 5095 3569 5152 domine

1908 5193 2117 5252 eximie
2165 5197 2220 5248 et
2278 5193 2485 5248 merito
2535 5190 2804 5259 insignis,
2837 5194 3014 5259 atque
3041 5185 3390 5242 charissime
3429 5182 3558 5241 ﬁlii.

2337 5289 2674 5346 EPISTOLA
2716 5285 2960 5343 CXXXIV
2990 5286 3010 5304 '
3041 5284 3140 5351 (α).

1905 5381 2277 5453 Augustinus
2307 5380 2669 5449 Apringium
2698 5375 3110 5446 proconsulem
3141 5379 3316 5444 rogat
3342 5389 3414 5432 ac
3443 5388 3568 5429 mo-

1968 5523 1987 5540 '
2022 5521 2407 5571 Recensuimus
2436 5520 2575 5568 hanc
2600 5517 2664 5567 ad
2708 5533 2755 5565 a.
2787 5517 2876 5580 bg.
2905 5515 2973 5564 bl.
3007 5530 3051 5580 c.
3085 5529 3160 5580 cc.
3197 5514 3279 5580 ch.
3311 5514 3361 5580 if.
3396 5529 3447 5580 g,
3480 5529 3565 5577 gv.

1906 5600 1960 5638 η.
1992 5599 2034 5632 r.
2069 5599 2110 5633 ε.
2152 5585 2232 5632 sb.
2269 5589 2303 5632 t.
2352 5597 2430 5632 vc.
2468 5585 2700 5645 quatuor
2727 5595 2778 5628 ν.
2817 5578 2883 5645 ad
2913 5583 2965 5628 et
2998 5579 3108 5627 λω.
3144 5578 3268 5645 Bad.
3291 5578 3561 5645 _Er:'ia_ov.

1968 5650 2041 5710 (α)
2075 5647 2378 5711 AliastBO:
2412 5640 2531 5711 quin
2565 5647 2749 5695 autem
2777 5644 2867 5694 134
2901 5645 3032 5702 erat,
3069 5655 3214 5694 nunc
3251 5643 3330 5694 58.
3367 5640 3568 5704 Scripta

1908 5709 2036 5765 eum
2071 5709 2360 5775 superiore.
