4074 6158
455 145 554 202 511

527 280 622 329 net
669 279 733 329 ut
767 272 1283 330 Circumcelliones
1315 271 1543 328 atrocia
1575 273 1865 342 confessos
1914 271 2112 327 mitius

527 347 763 413 puniat,
796 360 1010 400 memor
1050 344 1454 399 ecclesiasticae
1483 343 1979 400 mansuetudinis.

458 452 703 506 Domino
723 450 934 522 insigni
953 455 1009 505 et
1029 451 1235 505 merito
1255 450 1596 517 sublimi,ac
1618 448 2111 520 praestantissimo

883 539 1000 594 ﬁlio
1032 539 1326 603 APRINGIO,
1370 546 1738 595 AUGUSTINUS.

534 647 582 698 t.
613 646 739 699 Non
769 644 972 700 dubito
1009 645 1069 700 in
1115 646 1226 701 hac
1269 649 1560 717 potestate
1591 661 1774 717 quam
1818 643 1919 699 tibi
1963 646 2113 698 Deus

456 732 688 787 homini
721 732 777 788 in
811 734 1086 790 homines
1121 735 1302 799 dedit,
1337 735 1598 803 cogitare
1632 740 1683 789 te
1714 734 1985 788 divinum
2019 734 2113 804 ju-

452 821 696 888 dicium,
721 823 820 877 ubi
846 829 901 877 et
925 824 1158 893 judices
1192 826 1435 879 stabunt
1468 826 1756 879 rationem
1785 823 1858 878 de
1882 838 1991 878 suo
2019 824 2107 892 juv

455 910 610 967 dicio
641 912 946 967 reddituri.
982 913 1315 968 Christiana
1341 915 1566 984 quippe
1593 913 1709 967 ﬁde
1737 919 1787 967 te
1810 912 2108 966 imbutum

460 1001 584 1054 scio
607 1022 618 1066 ;
638 1001 794 1056 unde
818 1001 957 1056 mihi
978 1002 1052 1056 ad
1071 1002 1486 1057 Excellentiam
1505 1005 1669 1056 tuam
1687 1001 1879 1072 major
1893 1000 2111 1055 ﬁducia

453 1089 748 1156 tribuitur,
766 1107 883 1146 non
901 1091 1094 1146 solum
1115 1092 1373 1162 petendi,
1395 1107 1601 1146 verum
1625 1092 1801 1145 etiam
1826 1089 2108 1144 monendi

457 1185 698 1250 propter
723 1179 887 1234 illum
908 1181 1244 1245 Dominum,
1266 1181 1323 1235 in
1343 1179 1512 1250 cujus
1541 1179 1763 1234 familia
1791 1179 2107 1233 nobiscum

457 1267 675 1322 cmlesti
696 1267 826 1339 jure
855 1269 1136 1335 censeris,
1162 1270 1220 1323 in
1247 1285 1368 1341 quo
1394 1285 1562 1341 spem
1592 1268 1725 1324 vitae
1751 1274 1979 1322 aeternae
2011 1283 2108 1338 pa-

453 1357 592 1412 riter
623 1357 938 1424 habemus,
973 1365 1026 1412 et
1050 1374 1229 1430 quem
1275 1374 1380 1429 pro
1415 1358 1582 1414 vobis
1611 1357 1668 1412 in
1711 1355 2106 1412 sacrosanctis

451 1446 746 1517 mysteriis
776 1447 1149 1502 invocamus.
1189 1448 1457 1513 Proinde,
1492 1448 1735 1502 domine
1769 1446 2020 1515 insignis
2051 1452 2106 1503 et

455 1535 663 1589 merito
707 1536 996 1602 sublimis,
1042 1553 1109 1590 ac
1149 1537 1644 1606 prmetantissime
1694 1535 1796 1600 ﬁli,
1841 1538 2101 1606 primum

451 1639 658 1695 quaeso
696 1630 758 1678 ut
788 1641 906 1679 non
941 1626 1042 1680 tibi
1079 1625 1277 1680 videar
1310 1627 1685 1696 importunus
1709 1626 1929 1680 irruere
1961 1625 2102 1679 acti-

449 1711 563 1766 bus
587 1713 719 1777 tuis,
749 1729 820 1767 ea
839 1713 1234 1768 sollicitudine
1252 1730 1436 1786 quam
1464 1731 1556 1769 me
1581 1715 1878 1785 praecipue
1901 1729 2102 1784 gerere

450 1805 683 1871 oportet
704 1817 810 1872 pro
835 1802 1091 1856 Ecclesia
1116 1803 1256 1857 mihi
1286 1802 1522 1864 credita.
1553 1804 1724 1873 cujus
1756 1803 2102 1857 utilitatibus

452 1890 662 1957 servio,
691 1891 783 1944 cui
815 1906 937 1945 non
963 1895 1086 1946 tam
1116 1907 1369 1962 praeesse
1401 1908 1582 1964 quam
1629 1892 1914 1962 prodesse
1945 1891 2104 1945 desi-

448 1977 592 2033 dero
617 1993 629 2034 :
660 1978 874 2035 deinde
897 1980 1144 2035 obsecro
1170 1986 1229 2034 ut
1251 1981 1413 2052 quod
1441 1997 1656 2036 moneo
1683 1980 1772 2036 vel
1795 1996 1957 2050 rogo,
1981 1995 2101 2034 non

451 2066 790 2136 dedigneris
822 2069 1110 2140 accipere,
1139 2085 1261 2124 non
1294 2070 1588 2125 cuncteris
1622 2071 2019 2141 acquiescere.

516 2156 1089 2212 2.Circumcelliones
1104 2157 1403 2229 quosdam
1419 2164 1472 2212 et
1487 2158 1730 2213 clericos
1747 2159 2099 2225 donatistas,

451 2259 594 2300 cura
619 2259 826 2299 eorum
847 2247 949 2317 qui
972 2246 1299 2317 disciplinae
1319 2247 1570 2316 publicae
1594 2247 1946 2316 inserviunt,
1966 2264 2102 2318 prae-

452 2333 636 2388 missa
656 2334 910 2399 Notoria,
931 2336 1006 2390 ad
1029 2336 1548 2409 judicialegesque
1566 2337 1854 2407 perduxit.
1879 2339 1940 2391 Hi
1964 2353 2100 2391 cum

449 2422 796 2478 audirentur
821 2441 856 2479 a
881 2426 1007 2480 viro
1035 2426 1366 2480 clarissimo
1397 2432 1453 2480 et
1501 2427 1811 2496 spectabili
1866 2426 2102 2481 tribuno

446 2516 500 2566 et
531 2514 761 2567 notario
789 2513 963 2568 fratre
992 2519 1110 2579 tuo,
1140 2515 1260 2569 tilio
1289 2530 1422 2569 meo
1453 2516 1807 2581 Marcellino,
1842 2532 1958 2570 non
1992 2522 2105 2570 tor-

425 2602 654 2656 ‘mentis
679 2606 1040 2670 ungularum
1054 2609 1232 2675 atque
1255 2603 1662 2671 ﬂammarum,
1680 2605 1780 2658 sed
1799 2604 2102 2673 virgarum

445 2691 698 2755 coerciti,
735 2691 1036 2747 horrenda
1067 2691 1334 2747 facinora
1365 2693 1422 2746 in
1465 2692 1671 2748 fratres
1707 2697 1762 2747 et
1801 2709 2105 2764 compres-

445 2777 686 2850 byteros
720 2797 884 2836 meos
915 2797 945 2835 a
981 2796 1041 2836 se
1072 2785 1411 2853 perpetrata
1437 2781 1692 2836 confessi
1725 2787 1861 2837 sunt
1892 2800 1906 2845 ;
1941 2783 2104 2854 quod

445 2867 664 2924 scilicet
702 2885 888 2924 unum
929 2886 1136 2925 eorum
1179 2875 1494 2941 exceptum
1559 2871 1792 2926 insidiis
1851 2872 2104 2929 trucida-

446 2962 672 3024 verunt,
717 2959 966 3014 alterum
1007 2975 1037 3014 e
1077 2959 1260 3015 domo
1316 2967 1576 3030 raptum,
1646 2960 1821 3016 oculo
1887 2960 2103 3017 effosso

445 3044 749 3119 digitoque
778 3053 1088 3119 amputato
1122 3053 1566 3104 truncaverunt.
1604 3052 1734 3104 Haec
1775 3065 1912 3104 cum
1945 3065 2104 3105 com-

442 3136 726 3206 perissem
768 3136 899 3192 illos
944 3136 1124 3193 fuisse
1165 3138 1495 3206 confessos,
1546 3138 1799 3211 ideoque
1861 3139 2104 3195 minime

441 3222 777 3279 dubitarem
809 3225 921 3280 sub
944 3226 1081 3296 jura
1109 3231 1225 3281 tuae
1254 3227 1475 3281 securis
1504 3242 1632 3281 esse
1665 3232 1963 3289 venturos,
1992 3227 2102 3282 has

441 3311 518 3366 ad
545 3316 709 3367 tuam
737 3313 1110 3368 Nobilitatem
1142 3313 1365 3369 litteras
1389 3315 1735 3381 acceleravi,
1762 3315 1976 3386 quibus
2003 3316 2100 3370 de-

440 3415 670 3472 precor,
707 3406 762 3455 et
800 3417 905 3472 per
945 3402 1413 3457 misericordiam
1455 3403 1661 3458 Christi
1700 3403 1972 3468 obsecro,
2016 3404 2100 3459 sic

443 3488 515 3542 de
544 3493 644 3543 tua
674 3489 899 3558 majore
927 3497 1102 3561 atque
1130 3490 1372 3545 certiore
1404 3491 1672 3547 felicitate
1696 3493 2094 3561 gaudeamus,

440 3581 504 3630 ut
534 3577 617 3631 eis
649 3579 816 3649 paria
857 3593 975 3633 non
1018 3579 1459 3646 retribuantur;
1494 3597 1846 3653 quanquam
1885 3582 2097 3654 lapidis

439 3665 655 3722 ictibus
696 3667 950 3737 digitum
991 3670 1310 3739 praecidere
1349 3669 1710 3742 oculumque
1764 3673 2096 3728 convellere

435 3754 594 3824 leges
647 3758 954 3828 puniendo
986 3773 1105 3812 non
1155 3759 1404 3829 possint,
1439 3759 1602 3830 quod
1649 3760 1742 3816 isti
1792 3763 2094 3819 saeviendo

434 3850 773 3917 potuerunt.
808 3847 974 3901 Unde
1005 3863 1254 3902 securus
1292 3865 1425 3902 sum
1460 3848 1534 3904 de
1566 3849 1636 3903 iis
1666 3852 1899 3921 quihoc
1928 3868 1988 3906 se
2016 3853 2092 3907 fe-

436 3934 584 3989 cisse
615 3935 874 3989 confessi
908 3941 1066 4001 sunt,
1092 3936 1255 4007 quod
1285 3936 1439 3991 hanc
1469 3938 1936 3995 vicissitudinem
1971 3956 2091 3995 non

437 4023 830 4093 reportabunt
859 4039 872 4088 ;
909 4024 1009 4078 sed
1043 4039 1116 4078 ne
1146 4024 1236 4078 vel
1270 4025 1405 4095 ipsi,
1439 4025 1527 4079 vel
1568 4026 1644 4080 illi
1686 4044 1944 4098 quorum
1985 4030 2093 4084 ho-

437 4111 744 4165 micidium
763 4111 1129 4183 patefactum
1150 4119 1254 4176 est,
1277 4131 1379 4184 per
1397 4122 1508 4169 tua:
1534 4118 1838 4184 potestatis
1861 4124 2091 4175 senten-

437 4198 579 4252 tiam
615 4199 959 4264 multentur,
993 4200 1107 4255 hoc
1139 4201 1338 4266 timeo,
1362 4202 1476 4257 hoc
1506 4218 1577 4257 ne
1609 4204 1711 4259 fiat
1743 4211 1797 4260 et
1826 4206 2091 4263 christia—

435 4303 547 4342 nus
566 4287 824 4357 iudicem
843 4303 1009 4358 rogo,
1027 4294 1083 4344 et
1103 4291 1487 4346 christianum
1513 4291 1829 4362 episcopus
1850 4311 2084 4353 moneo.

503 4385 555 4439 3.
610 4388 685 4440 De
717 4386 885 4441 vobis
921 4387 1166 4458 quidem
1206 4387 1425 4444 dixisse
1460 4391 1802 4460 Apostolum
1832 4391 2087 4463 legimus

431 4475 594 4546 quod
632 4490 753 4530 non
787 4476 911 4530 sine
948 4491 1132 4532 causa
1174 4477 1440 4546 gladium
1474 4480 1716 4547 geratis,
1751 4486 1806 4535 et
1839 4484 2084 4539 ministri

436 4563 532 4617 Dei
547 4563 689 4626 sitis,
710 4563 974 4618 vindices
989 4565 1047 4619 in
1067 4582 1168 4621 eos
1187 4567 1282 4637 qui
1302 4566 1454 4621 male
1471 4569 1851 4640 agunt(Rom.
1873 4587 1989 4637 xm,
2009 4574 2083 4642 i);

431 4650 536 4705 sed
580 4651 695 4706 alia
748 4668 932 4708 causa
975 4660 1064 4707 est
1101 4655 1441 4724 provinciae,
1482 4657 1598 4711 alia
1639 4663 1724 4713 est
1767 4660 2033 4715 Ecclesiae
2070 4679 2081 4716 :

434 4738 592 4793 illius
626 4740 956 4795 terribiliter
985 4744 1248 4810 gerenda
1279 4750 1366 4798 est
1400 4746 1872 4812 administratio;
1907 4749 2086 4820 hujus

430 4828 749 4883 clementer
771 4831 1256 4886 commendanda
1277 4840 1364 4886 est
1393 4837 1810 4891 mansuetudo.
1841 4839 1895 4892 Si
1921 4840 2087 4909 apud

425 4916 690 4987 judicem
742 4931 860 4972 non
893 4918 1283 4975 christianum
1316 4921 1456 4976 mihi
1485 4939 1681 4979 sermo
1713 4931 1886 4991 esset,
1920 4928 2086 4984 aliter

428 5021 669 5075 agerem
722 5021 876 5061 :nec
920 5013 1117 5063 tamen
1163 5010 1342 5064 etiam
1401 5010 1482 5065 sic
1533 5013 1802 5070 Ecclesiae
1835 5033 2084 5073 causam

426 5098 784 5160 desererem,
819 5101 872 5150 et
899 5103 1187 5166 quantum
1221 5097 1530 5154 admittere
1569 5101 1932 5175 dignaretur,
1967 5107 2086 5160 ins-

428 5188 615 5240 tarem
630 5200 702 5239 ne
718 5185 1022 5256 passiones
1038 5201 1348 5242 servorum
1369 5189 1461 5242 Dei
1483 5191 1930 5258 catholicorum,
1949 5211 2084 5266 quas

427 5273 709 5342 prodesse
728 5275 944 5329 debent
961 5275 1037 5330 ad
1061 5275 1336 5347 exempla
1362 5277 1681 5347 patientiae,
1708 5281 2084 5340 inimicorum

429 5375 675 5416 suorum
708 5364 1000 5433 sanguine
1034 5364 1397 5421 foedarentur
1425 5373 1498 5432 ;et
1529 5369 1574 5422 si
1607 5369 1785 5425 nollet
1815 5374 2087 5443 acquies-

426 5449 827 5511 cere,inimico
851 5453 1054 5508 animo
1077 5469 1214 5508 eum
1238 5457 1506 5511 resistere
1535 5457 1889 5529 suspicarer.
1918 5463 2085 5518 Nunc

425 5551 566 5590 vero
597 5539 841 5606 quando
873 5542 1036 5611 apud
1071 5547 1119 5597 te
1149 5559 1239 5599 res
1259 5545 1470 5613 agitur,
1496 5547 1612 5602 alia
1635 5549 1776 5603 mihi
1801 5552 1945 5606 ratio
1973 5559 2082 5618 est,

427 5622 546 5681 alia
597 5626 972 5688 consultatio.
1027 5633 1331 5689 Rectorem
1384 5641 1437 5690 te
1489 5637 1731 5709 quidem
1788 5641 2084 5734 prmcelstg

1733 145 1794 201 S.
1838 143 2220 206 AUGUSTINI
2263 146 2582 211 EPISCOPI

3724 181 3814 238 512

2223 279 2526 372 potestatis
2551 283 2837 372 videmus,
2864 285 2969 341 sed
2991 286 3170 343 etiam
3193 287 3372 345 ﬁlium
3395 292 3697 355 christiana:
3718 305 3816 372 pie.

2221 365 2351 418 tatis
2379 371 2788 435 agnoscimus.
2808 374 3109 430 Subdatur
3127 375 3451 435 sublimitas
3482 385 3594 448 tua,
3627 365 3818 447 subda-

2221 456 2314 506 tur
2354 455 2500 511 tides
2528 465 2629 516 tua
2676 484 2685 524 ;
2727 478 2971 519 causam
3007 469 3201 519 tecum
3242 473 3414 524 tracto
3453 486 3816 548 communem,

2222 543 2320 596 sed
2358 549 2414 599 tu
2447 547 2502 600 in
2532 564 2604 603 ea
2635 556 2801 621 potes
2832 553 2996 624 quod
3027 568 3138 621 ego
3171 570 3287 609 non
3338 572 3568 626 possum
3598 583 3608 614 :
3640 543 3815 623 confer

2220 634 2535 691 nobiscum
2566 639 2907 706 consilium,
2942 648 2996 698 et
3030 643 3263 714 porrige
3291 647 3583 704 auxilium.

2289 722 2341 815 li.
2392 725 2706 794 Diligenter
2748 736 2946 786 actum
2983 736 3068 787 est
3104 738 3164 787 ut
3195 733 3408 789 inimici
3441 738 3704 805 Ecclesiae,
3735 744 3823 815 qui

2218 810 2406 867 solent
2428 816 2771 888 vaniloquio
2795 821 3153 876 seductionis
3179 822 3485 879 sollicitare
3499 826 3713 882 animos
3733 810 3824 886 iiu-

2217 901 2433 970 peritos
2465 909 2754 977 tanquam
2787 908 2861 963 de
2897 911 3303 980 persecutione
3335 913 3636 982 gloriantes
3662 933 3821 989 quam

2217 1005 2276 1042 se
2309 995 2530 1064 perpeti
2557 995 2806 1064 jactant,
2838 998 3138 1054 horrenda
3166 999 3423 1058 facinora
3450 1020 3550 1059 sua
3577 1005 3630 1059 in
3653 1007 3826 1064 catho-

2214 1075 2360 1133 licos
2392 1081 2637 1138 clericos
2683 1091 3022 1158 perpetrata
3065 1088 3384 1144 faterentur
3417 1097 3471 1147 et
3509 1094 3623 1147 suis
3653 1095 3821 1151 verbis

2216 1167 2679 1238 implicarentur.
2741 1176 3011 1247 Legenda
3071 1183 3209 1233 sunt
3261 1180 3429 1234 Gesta
3455 1180 3529 1236 ad
3555 1186 3824 1240 sanandas

2214 1258 2465 1325 animas,
2519 1277 2669 1332 quas
2726 1265 3000 1335 pestifera
3054 1267 3337 1323 suasione
3382 1278 3821 1328 venenaverunt:

2215 1349 2509 1419 numquid
2538 1349 2729 1420 placet
2759 1353 2860 1408 tibi
2887 1359 2946 1409 ut
2977 1356 3053 1410 ad
3086 1356 3266 1411 ﬁnem
3292 1360 3615 1421 Gestorum.
3644 1361 3687 1414 si
3713 1377 3826 1415 cru-

2212 1440 2413 1490 entum
2436 1438 2683 1496 istorum
2709 1442 3066 1512 supplicium
3099 1447 3440 1511 continebit,
3466 1448 3703 1517 legendo
3721 1465 3830 1520 per-

2213 1526 2412 1581 venire
2452 1527 2791 1596 timeamus,
2829 1533 2928 1587 ubi
2963 1534 3244 1604 ponimus
3269 1542 3324 1591 et
3346 1537 3537 1607 ipsam
3562 1539 3829 1593 conscien-

2213 1613 2375 1678 tiam,
2427 1632 2500 1672 ne
2549 1619 2774 1674 malum
2809 1638 2916 1691 pro
2950 1624 3128 1689 malo,
3162 1625 3263 1697 qui
3298 1626 3458 1696 passi
3491 1633 3638 1692 sunt,
3663 1628 3831 1683 reddi-

2208 1701 2366 1758 disse
2399 1705 2759 1762 videantur?
2793 1710 2846 1765 Si
2882 1727 3023 1781 ergo
3052 1712 3192 1767 nihil
3219 1713 3379 1768 aliud
3411 1715 3831 1770 constitueretur

2210 1790 2512 1849 frenandae
2572 1797 2810 1854 malitiae
2872 1800 3261 1870 perditorum,
3315 1807 3577 1859 extrema
3606 1804 3830 1859 fortasse

2211 1881 2532 1936 necessitas
2556 1890 2616 1938 ut
2633 1885 2774 1940 tales
2788 1888 3202 1945 occiderentur
3226 1896 3488 1960 urgeret;
3513 1908 3827 1963 quanquam

2208 1970 2370 2039 quod
2406 1970 2481 2024 ad
2514 1987 2621 2027 nos
2653 1975 2880 2041 attinet,
2914 1976 2960 2031 si
2988 1978 3133 2032 nihil
3161 1979 3360 2034 mitius
3384 1979 3469 2034 eis
3493 1980 3612 2035 fieri
3639 1985 3828 2052 posset,

2211 2057 2525 2114 mallemus
2582 2079 2684 2117 eos
2744 2064 2960 2121 liberos
3015 2067 3287 2132 relaxari,
3340 2086 3524 2140 quam
3555 2070 3829 2141 passiones

2209 2144 2456 2201 fratrum
2485 2156 2822 2207 nostrorum
2841 2153 2970 2210 fuso
2993 2172 3202 2212 eorum
3225 2158 3517 2226 sanguine
3545 2158 3796 2213 vindicari
3819 2175 3829 2212 :

2209 2250 2369 2290 nunc
2426 2253 2565 2293 vero
2623 2257 2759 2296 cum
2794 2243 3021 2314 aliquid
3052 2245 3175 2300 ﬁeri
3209 2247 3425 2317 possit,
3466 2262 3584 2318 quo
3613 2251 3666 2301 et
3696 2246 3830 2301 mitis

2210 2326 2662 2383 commendetur
2715 2332 2987 2400 Ecclesia,
3046 2339 3102 2389 et
3152 2335 3476 2391 immitium
3525 2335 3833 2390 cohibeatur

2210 2414 2490 2480 audacia;
2516 2432 2620 2471 cur
2647 2433 2763 2473 non
2782 2419 3052 2476 flectasin
3078 2429 3312 2494 partem
3339 2424 3834 2494 providentiorem,

2211 2500 2618 2576 lenioremque
2633 2509 3182 2583 sententiam,quod
3200 2511 3646 2583 licetjudicibus
3670 2512 3835 2568 facere

2211 2591 2388 2646 etiam
2416 2608 2532 2648 non
2559 2595 2618 2649 in
2643 2598 2842 2652 causis
2872 2600 3361 2657 Ecclesiee‘lTime
3385 2619 3524 2672 ergo
3553 2603 3834 2657 nobiscum

2209 2679 2498 2749 judicium
2528 2683 2624 2738 Dei
2660 2687 2861 2750 Patris,
2883 2695 2937 2744 et
2955 2691 3320 2747 commenda
3345 2690 3833 2746 mansuetudinem

2214 2769 2419 2822 matris
2456 2787 2467 2824 :
2499 2786 2635 2827 cum
2664 2775 2824 2829 enim
2856 2782 2915 2831 tu
2947 2779 3116 2846 facis,
3144 2780 3406 2835 Ecclesia
3439 2779 3594 2844 facit,
3629 2784 3837 2850 propter

2212 2872 2393 2927 quam
2421 2859 2588 2926 facis,
2609 2868 2664 2916 et
2689 2864 3036 2934 cujustilius
3071 2867 3235 2923 facis.
3273 2869 3573 2924 Contende
3602 2867 3836 2923 bonitate

2213 2961 2350 3001 cum
2392 2948 2563 3004 malis
2601 2966 2613 3005 :
2654 2951 2731 3005 illi
2763 2953 2981 3009 scelere
3019 2956 3270 3012 immani
3316 2957 3587 3012 membra
3625 2956 3693 3010 de
3727 2969 3837 3008 cor-

2214 3050 2354 3105 pore
2412 3037 2543 3093 vivo
2573 3040 2915 3097 avulserunt
2946 3059 2958 3108 ;
2994 3048 3053 3099 tu
3085 3061 3264 3117 opere
3303 3045 3667 3101 misericordi
3694 3042 3837 3098 efﬁce

2214 3129 2274 3179 ut
2306 3125 2402 3182 illa
2444 3143 2577 3198 quin
2623 3128 2892 3186 nefandis
2939 3134 3222 3204 operibus
3278 3138 3654 3200 exercebant,
3683 3129 3838 3188 alicui

2215 3214 2340 3268 utili
2401 3219 2564 3288 operi
2622 3219 2850 3291 integra
2907 3238 3113 3278 eorum
3178 3225 3458 3281 membra
3516 3223 3836 3279 deserviant.

2214 3302 2293 3356 Illi
2327 3319 2444 3358 non
2478 3315 2871 3378 pepercerunt
2893 3313 3325 3368 correctionem
3363 3313 3472 3369 sibi
3499 3307 3839 3385 praedicanti-

2209 3391 2322 3445 bus
2351 3394 2450 3448 Dei
2483 3396 2666 3450 servis
2690 3414 2703 3464 ;
2730 3404 2790 3452 tu
2806 3414 2982 3470 parce
3009 3402 3492 3472 comprehensis,
3529 3417 3698 3472 parce
3719 3399 3839 3453 duc-

2211 3479 2306 3543 tis,
2336 3497 2509 3551 parce
2551 3487 2858 3542 convictis.
2894 3489 2977 3544 Illi
3009 3492 3196 3560 impio
3230 3491 3390 3547 ferro
3422 3491 3696 3547 fuderunt
3724 3502 3838 3542 san-

2210 3570 2449 3637 guinem
2484 3573 2994 3633 Christianum:tu
3019 3582 3092 3634 ab
3115 3596 3327 3637 eorum
3354 3580 3647 3651 sanguine
3681 3578 3836 3632 etiam

2201 3658 2525 3726 juridicum
2571 3663 2839 3731 gladium
2881 3668 3093 3723 cohibe
3129 3675 3376 3741 propter
3429 3670 3734 3726 Christum.
3764 3661 3835 3717 Illi

2207 3748 2477 3804 ministro
2515 3751 2786 3808 Ecclesiae
2819 3758 3017 3811 occiso
3059 3762 3445 3813 extorserunt
3486 3758 3734 3829 spatium
3770 3750 3839 3806 vi-

2205 3837 2380 3892 vendi
2406 3855 2416 3891 :
2449 3844 2510 3894 tu
2553 3840 2808 3896 inimicis
2839 3843 3108 3901 Ecclesiae
3135 3847 3480 3903 viventibus
3505 3846 3698 3901 relaxa
3721 3856 3836 3912 spa-

2205 3924 2349 3980 tium
2381 3928 2731 3997 pmnitendi.
2763 3932 2961 3988 Talem
2991 3941 3040 3989 te
3061 3942 3296 4006 oportet
3319 3952 3454 3991 esse
3478 3937 3536 3990 in
3555 3948 3730 3990 causa
3753 3932 3838 3985 Ec-

2199 4013 2423 4086 clesirej
2438 4017 2669 4073 udicem
2685 4020 3832 4094 christianum,petentibus,monentibus,

2203 4102 2698 4162 intercedentibus
2715 4110 2908 4165 nobis.
2929 4113 3127 4168 Solent
3147 4113 3428 4169 homines
3451 4112 3694 4185 quando
3714 4124 3832 4165 cum

2200 4190 2454 4248 inimicis
2502 4210 2713 4253 eorum
2751 4201 3039 4256 convictis
3079 4203 3269 4256 lenius
3307 4205 3527 4275 agitur,
3561 4218 3596 4257 a
3628 4200 3835 4255 mitiore

2201 4283 2494 4340 sententia
2525 4301 2882 4354 provocare:
2917 4290 3021 4345 sed
3053 4291 3331 4347 inimicos
3366 4298 3603 4347 nostros
3627 4291 3701 4344 ita
3724 4285 3835 4341 dili-

2199 4371 2415 4439 gimus,
2451 4380 2511 4427 ut
2536 4374 2648 4428 nisi
2669 4376 2742 4430 de
2777 4382 2874 4433 tua
2905 4379 3226 4436 christiana
3259 4381 3608 4436 obedientia
3639 4390 3838 4450 praesu-

2200 4474 2459 4525 mamus,
2490 4478 2525 4516 a
2552 4468 2656 4520 tua
2687 4481 2897 4521 severa
2925 4470 3213 4524 sententia
3240 4484 3665 4540 provocemus.
3706 4468 3837 4520 Deus

2197 4551 2574 4619 omnipotens
2610 4555 3029 4612 Excellentiam
3060 4563 3221 4613 tuam
3267 4559 3604 4615 auctiorem
3644 4554 3842 4611 felicio-

2197 4651 2445 4709 remque
2491 4649 2820 4709 conservet,
2856 4645 3101 4700 domine
3133 4647 3390 4716 insignis
3423 4655 3478 4703 et
3511 4645 3715 4702 merito
3753 4655 3840 4695 su-

2197 4725 2415 4792 blimis,
2460 4745 2528 4783 ac
2571 4733 3061 4800 praestantissime
3096 4734 3196 4789 fili.

2659 4839 2986 4895 EPISTOLA
3027 4841 3247 4896 cxxxv
3281 4843 3294 4859 ·
3339 4843 3446 4913 (a).

2206 4940 2525 4999 Volusianus
2567 4946 2881 5016 Augustino,
2911 4964 3212 5018 proponens
3239 4949 3328 5003 illi
3354 4949 3676 5021 quaestiones
3701 4965 3714 5001 :
3736 4959 3844 5016 quo-

2267 5031 2417 5085 modo
2445 5035 2579 5088 Deus
2616 5036 2900 5090 immensus
2926 5037 3115 5091 claudi
3138 5040 3379 5109 potuerit
3421 5046 3576 5093 utero
3607 5033 3842 5106 virginis.

2276 5124 2326 5172 et
2355 5122 2586 5191 infantis
2610 5127 2924 5196 corpusculo
2953 5143 2967 5190 ;
2995 5143 3066 5180 an
3095 5128 3285 5181 mundi
3314 5145 3509 5182 curam
3563 5121 3845 5181 deseruerit

2268 5216 2511 5279 interim,
2545 5221 2640 5268 etc.
2679 5232 2692 5279 ;
2725 5231 2850 5269 num
2890 5217 3056 5270 etiam
3102 5216 3393 5272 miraculis
3426 5218 3562 5272 satis
3591 5214 3848 5270 declarata

2267 5308 2338 5360 sit
2371 5306 2484 5374 ejus
2512 5303 2794 5358 divinitas.

2258 5468 2501 5540 {Exstat
2561 5480 2682 5516 cum
2718 5468 2943 5531 epistola
2984 5483 3174 5525 cxxxu,
3213 5470 3265 5517 in
3297 5468 3495 5518 iisdem
3532 5467 3664 5521 Cdd.
3705 5474 3848 5527 supra

2199 5530 2496 5704 “£33394:
2619 5606 2740 5666 qua;
2768 5596 2949 5642 autem
2981 5595 3066 5642 135
3100 5597 3227 5651 erat,
3283 5607 3431 5643 nunc
3496 5594 3608 5642 110.
3663 5590 3851 5651 Scripta

2199 5669 2258 5704 su
2355 5658 2566 5704 mitium
2617 5669 2744 5704 anni
2773 5657 2888 5704 412.

2199 5657 2297 5704 sub
2355 5657 2566 5704 initium
2617 5657 2744 5706 anni
2773 5657 2888 5704 412.
