4074 6158
231 122 338 181 513

265 250 501 306 Domino
524 266 646 305 vere
674 257 877 315 sancto,
905 266 967 305 ac
998 250 1193 306 merito
1230 252 1532 308 venerabili
1566 252 1721 325 patri
1750 257 1853 307 Au-

593 354 829 395 cusrmo
865 339 1126 411 episeopo,
1158 340 1529 397 Vowsunus.

304 433 350 483 i.
386 428 538 483 Petis
569 446 668 493 me,
702 429 793 482 vir
818 428 1113 497 probitatis
1131 430 1469 503 justitiaque
1483 430 1885 493 documentum,

225 524 283 572 ut
299 516 491 588 aliqua
512 535 577 572 es:
596 517 863 588 ambiguis
890 518 1136 573 lectionis
1168 520 1360 589 perita
1390 520 1641 574 discenda
1673 534 1889 590 percon-

224 611 333 661 ter.
411 607 729 676 Amplector
783 608 1021 676 gratiam
1080 608 1323 662 muneris
1379 609 1657 676 imperati,
1708 622 1887 677 meque

221 692 395 748 libens
436 695 496 748 in
522 694 841 765 disciplinas
874 700 995 749 tuas
1024 696 1211 765 offero,
1238 698 1431 751 veteris
1458 696 1733 751 sententia
1758 711 1890 749 auc-

219 783 505 838 toritatem
534 791 761 846 secutus,
796 800 913 855 qua
942 785 1151 839 nullam
1178 785 1248 839 ad
1284 786 1693 855 perdiscendum
1721 784 1889 839 abun-

218 872 364 926 dare
402 872 585 926 credit
619 878 850 927 atatem.
887 872 1068 943 Neque
1128 873 1397 929 immerito
1450 875 1683 945 sapiens,
1745 890 1886 943 pru-

217 960 423 1015 dentia
452 960 636 1015 studia
685 960 853 1015 nullis
904 961 1173 1025 terminis,
1236 979 1394 1033 neque
1446 964 1549 1033 ﬁne
1604 961 1884 1026 conclusit,

219 1049 447 1121 quando
474 1049 803 1120 primordiis
832 1051 946 1105 suis
974 1057 1183 1105 remota
1210 1052 1386 1106 virtus
1407 1054 1424 1088 ¹
1455 1068 1729 1123 nunquam
1756 1050 1888 1105 adeo

216 1146 514 1193 reseratur
536 1137 877 1207 adeuntibus,
902 1146 961 1193 ut
985 1139 1158 1194 omnis
1180 1140 1435 1210 protinus
1462 1140 1533 1195 ad
1557 1141 1885 1211 agnitionem

215 1233 480 1298 patescat.
534 1228 761 1283 Domine
799 1245 919 1282 vere
962 1235 1161 1292 sancte,
1199 1244 1261 1283 ac
1307 1231 1501 1284 merito
1559 1228 1888 1284 venerabilis

217 1324 403 1387 pater,
434 1323 512 1371 est
540 1333 716 1387 opera
750 1318 995 1387 pretium
1024 1334 1326 1387 cognoscere
1355 1319 1593 1373 habitam
1623 1320 1771 1373 inter
1796 1334 1888 1372 nos

215 1406 478 1476 proxime
515 1406 1017 1476 confabulationem.
1054 1406 1378 1471 Quibusdam
1426 1409 1719 1463 amicorum
1768 1424 1887 1461 con-

219 1495 476 1549 ventibus
510 1493 816 1558 aderamus,
850 1497 1151 1565 frequentes
1186 1496 1610 1567 proferebantur
1640 1496 1757 1551 illic
1786 1513 1887 1567 pro

218 1583 471 1653 ingeniis
487 1584 786 1655 studiisque
812 1585 1111 1640 sententia.
1134 1586 1277 1640 Erat
1309 1593 1487 1641 tamen
1516 1603 1686 1640 sermo
1714 1586 1886 1640 rheto-

210 1672 347 1726 rica
388 1672 629 1742 partitio
653 1688 673 1726 .'
702 1672 848 1743 apud
887 1679 1249 1743 agnoscentem
1296 1674 1479 1745 loquor
1505 1696 1526 1744 ,-
1555 1691 1679 1728 nam
1722 1675 1884 1729 etiam

212 1760 326 1814 ista
347 1760 516 1831 paulo
541 1768 663 1815 ante
688 1762 940 1816 docuisti.
971 1762 1375 1817 Adstruebatur
1398 1763 1527 1834 quid
1552 1772 1677 1819 esset
1705 1764 1887 1819 inven-

209 1850 320 1915 tio,
355 1866 477 1921 qua
527 1851 856 1905 inventionis
894 1852 1194 1907 acrimonia
1223 1855 1264 1921 ³,
1292 1861 1524 1923 quantus
1566 1852 1887 1924 disponendi

213 1939 399 2009 labor,
432 1957 551 2011 qua
585 1940 967 1995 translationis
985 1944 1188 2013 gratia,
1216 1960 1333 2013 qua
1363 1943 1733 1998 iconismatum
1764 1944 1887 2014 pul-

214 2027 506 2093 chritudo,
539 2036 587 2083 et
624 2045 727 2099 pro
772 2029 987 2100 ingenio
1028 2038 1330 2101 naturaque
1371 2033 1617 2087 materia
1640 2032 1888 2103 apposita

209 2118 391 2171 etiam
430 2117 649 2172 dicendi
673 2117 928 2189 facultas.
952 2118 1072 2172 Alii
1102 2136 1296 2174 rursus
1318 2122 1583 2191 poeticam
1611 2120 1884 2176 elevabant

201 2206 485 2274 faventes.
501 2206 584 2261 Ne
608 2206 742 2261 hanc
758 2207 969 2277 quidem
986 2207 1302 2278 eloquentia
1324 2217 1528 2280 partem
1548 2210 1769 2264 tacitam
1789 2217 1885 2265 aut

208 2296 549 2350 inhonoram
581 2297 601 2330 ⁸
640 2295 929 2367 relinquis,
962 2304 1020 2351 ut
1047 2300 1425 2354 convenienter
1445 2305 1600 2369 poeta
1627 2298 1832 2353 dixerit
1863 2318 1883 2354 :

406 2383 551 2434 Inter
578 2385 818 2434 victrices
848 2385 1101 2435 hederam
1128 2387 1222 2435 tibi
1255 2401 1466 2449 serpere
1501 2388 1697 2436 lauros.

1106 2449 1269 2511 (Virg.
1304 2450 1475 2498 Bucol.
1507 2450 1595 2498 ecl.
1628 2452 1697 2511 8.)

208 2526 530 2581 Dicebatur
558 2542 683 2597 ergo
708 2535 947 2598 quantus
976 2530 1273 2584 wconomia
1301 2536 1435 2584 esset
1464 2539 1710 2594 ornatus,
1760 2546 1883 2601 qua

206 2616 662 2686 metaphorarum
698 2624 965 2682 venustas,
1006 2626 1217 2689 quanta
1260 2618 1313 2671 in
1366 2620 1765 2689 comparatione
1797 2636 1885 2673 su-

207 2704 467 2760 blimitas
496 2721 655 2775 nam
682 2705 813 2759 leves
864 2706 1151 2777 enodesque
1207 2724 1405 2770 versus,
1468 2715 1647 2778 atque,
1700 2716 1757 2763 ut
1804 2709 1885 2763 ita

204 2794 497 2858 dixerim,
528 2810 866 2849 casurarum
896 2796 1167 2851 modulata
1182 2798 1420 2852 varatio.
1450 2798 1597 2852 Tunc
1627 2796 1696 2851 ad
1719 2798 1886 2867 fami-

209 2883 426 2939 liarem
460 2890 610 2937 tuam
626 2883 1023 2954 philosophiam
1058 2902 1230 2939 sermo
1281 2885 1532 2955 deﬂectit,
1587 2903 1745 2957 quam
1778 2886 1885 2956 ipse

206 2974 589 3028 Aristotelico
628 2989 772 3027 more
804 2978 1060 3045 tanquam
1087 2976 1438 3030 [socraticum
1463 2977 1643 3047 fouere
1674 2993 1885 3031 consue-

205 3080 396 3118 veras.
436 3062 817 3128 Quarebamus
841 3069 890 3116 et
917 3064 1061 3133 quid
1083 3064 1250 3134 egerit
1269 3072 1574 3135 praceptor
1594 3082 1659 3120 ex
1688 3067 1853 3136 Lyceo
1867 3082 1884 3131 ;

204 3152 350 3224 quid
382 3151 689 3206 Academia
722 3152 1008 3223 multiplex
1072 3160 1122 3206 et
1170 3154 1484 3208 continuata
1549 3156 1822 3209 cunctatio
1862 3175 1881 3221 ,-

205 3241 348 3313 quid
374 3240 469 3295 ille
480 3241 791 3311 disputator
819 3258 885 3296 ea:
911 3242 1140 3296 Portica
1162 3258 1186 3307 ;
1202 3242 1335 3313 quid
1364 3243 1718 3313 Physicorum
1734 3245 1883 3315 peri-

207 3332 292 3386 tia
338 3348 358 3395 ;
402 3330 537 3400 quid
566 3330 973 3401 Epicureorum
1018 3333 1264 3401 voluptas
1300 3354 1320 3400 ,-
1351 3332 1480 3403 quid
1522 3333 1665 3386 inter
1711 3350 1886 3387 omnes

210 3420 453 3491 inﬁnita
528 3418 850 3489 disputandi
901 3419 1093 3488 libido,
1145 3428 1368 3491 tuncque
1416 3422 1601 3493 magis
1636 3422 1886 3493 ignorata

208 3509 449 3573 veritas,
481 3513 757 3579 postquam
782 3516 1171 3579 prasumptum
1203 3516 1277 3563 est
1303 3510 1439 3580 quod
1450 3512 1614 3581 possit
1644 3513 1881 3582 agnosci.

281 3600 344 3651 2.
386 3597 530 3652 Dum
552 3599 612 3651 in
643 3598 726 3651 his
745 3598 1120 3668 confabulatio
1161 3606 1346 3653 nostra
1383 3609 1713 3667 remoratur,
1748 3617 1886 3656 unus

209 3706 234 3744 e
276 3687 489 3743 multis
514 3708 533 3743 .-
564 3688 638 3741 Et
669 3688 808 3757 quis,
836 3687 1037 3757 inquit,
1066 3694 1140 3741 est
1169 3689 1439 3759 sapientia
1475 3690 1546 3743 ad
1590 3690 1887 3761 perfectum

212 3776 675 3833 Christianitatis
718 3776 972 3839 imbutus,
1001 3778 1097 3847 qui
1121 3778 1372 3848 ambigua
1400 3778 1459 3833 in
1485 3780 1682 3849 quibus
1710 3781 1887 3835 hareo

210 3866 389 3938 possit
416 3865 658 3935 aperire,
681 3865 975 3936 dubiosque
1012 3883 1259 3921 assensus
1282 3884 1420 3921 meos
1447 3885 1575 3922 vera
1592 3872 1675 3923 vel
1694 3871 1890 3925 verisi-

212 3956 346 4011 mili
382 3953 706 4009 credulitate
737 3954 963 4024 ﬁrmare
992 3953 1020 4009 εἰ
1044 3954 1328 4026 Stupemus
1353 3961 1605 4011 tacentes.
1642 3958 1794 4013 Tunc
1828 3960 1886 4014 in

213 4046 338 4099 hac
369 4050 557 4114 sponte
595 4044 907 4113 prorumpit
938 4062 957 4098 :
984 4044 1165 4099 Miror
1186 4051 1372 4099 utrum
1395 4046 1595 4100 mundi
1626 4046 1889 4103 Dominus

215 4142 267 4189 et
302 4140 493 4187 rector
532 4132 865 4186 intemerata
906 4131 1129 4201 femina
1172 4149 1366 4204 corpus
1398 4135 1720 4205 impleverit,
1764 4154 1888 4208 per-

211 4222 421 4277 tulerit
458 4219 629 4275 decem
662 4222 927 4275 mensium
966 4222 1120 4292 longa
1172 4222 1275 4277 illa
1326 4222 1555 4293 fastidia
1612 4232 1803 4290 mater,
1839 4234 1889 4281 et

212 4318 407 4367 tamen
454 4310 608 4379 virgo
646 4310 811 4364 enixa
849 4311 920 4363 sit
958 4310 1303 4365 solemnitate
1353 4313 1629 4382 pariendi,
1688 4322 1736 4369 et
1774 4320 1889 4385 post

212 4401 338 4455 hac
376 4398 675 4468 virginitas
710 4400 922 4453 intacta
941 4403 1329 4471 permanserit.
1393 4402 1496 4456 His
1526 4410 1576 4458 et
1614 4403 1729 4458 alia
1765 4406 1890 4459 sub-

214 4489 400 4544 nectit
431 4506 452 4543 :
478 4486 643 4541 Intra
672 4488 1053 4558 corpusculum
1104 4490 1379 4558 vagientis
1421 4492 1679 4559 in/antia
1736 4493 1885 4557 latet,

213 4580 314 4633 cui
330 4592 453 4647 par
491 4577 593 4631 vix
618 4578 1234 4647 ‘putaturuniversitas
1264 4601 1283 4647 ,-
1316 4582 1889 4651 patiturpuerilitatis

213 4683 417 4726 annos.
446 4665 721 4730 adolescit,
754 4666 1030 4734 iuventute
1059 4667 1331 4722 solidatur
1356 4686 1377 4721 ,ο
1399 4676 1508 4723 tam
1548 4670 1646 4724 diu
1690 4688 1722 4725 a
1754 4672 1890 4726 sedi-

215 4757 315 4811 bus
342 4755 463 4809 suis
492 4754 634 4809 abest
660 4755 753 4809 ille
794 4763 1071 4826 regnator,
1099 4763 1255 4827 atque
1286 4759 1356 4812 ad
1402 4775 1565 4813 unum
1606 4776 1891 4830 corpuscu-

216 4846 336 4901 lum
366 4846 537 4898 totius
567 4843 758 4898 mundi
776 4860 913 4898 cura
942 4846 1287 4913 transfertur
1324 4863 1348 4911 ,'
1376 4847 1571 4902 deinde
1597 4847 1655 4901 in
1686 4866 1890 4904 somnos

214 4932 545 4999 resolvitur,
572 4932 687 4987 cibo
726 4934 929 4999 alitur,
963 4950 1139 4989 omnes
1173 4935 1488 4991 mortalium
1535 4938 1699 4991 sentit
1735 4940 1892 5009 affec-

279 5089 293 5119 ί
317 5085 484 5156 Unus
504 5083 676 5156 yatic.
709 5084 877 5135 codex
902 5087 1102 5136 caeteris
1127 5088 1528 5151 refragantibus
1554 5089 1782 5153 praefert,
1816 5107 1892 5140 re-

214 5155 367 5197 mota
402 5152 616 5200 veritas,

279 5215 300 5244 ⁸
329 5211 394 5277 In
417 5210 547 5277 Mss,
582 5209 962 5277 septemdecim
992 5226 1001 5259 :
1030 5212 1378 5261 Astruebatur
1409 5214 1531 5277 quid
1565 5220 1686 5264 esset
1712 5216 1890 5265 inven-

222 5274 393 5323 tionis
424 5273 731 5320 acrimonia.

283 5337 302 5365 ³
328 5338 479 5402 Lov.,
499 5335 862 5402 inhonoratam
876 5336 1214 5402 reliquuMss.
1231 5338 1428 5401 plures,
1445 5340 1892 5402 reliquissent.Sed

218 5397 523 5465 legendum
547 5411 669 5465 cum
688 5397 925 5465 melioris
943 5397 1083 5448 nata
1108 5397 1257 5465 Cddf,
1286 5397 1595 5450 inhonorain
1624 5404 1890 5465 relinquis,

222 5460 670 5527 _L§u_dat_qu_i_ppe
699 5463 1059 5527 Augustinum
1105 5463 1249 5525 quod
1288 5464 1550 5527 poeticam
1581 5460 1889 5515 nobilifarit}

222 5524 382 5587 libris
400 5522 655 5587 videlicet
676 5524 997 5587 conscriptis,
1025 5524 1091 5574 de
1110 5522 1329 5575 musica.

232 5642 242 5651 .
292 5588 309 5613 ⁴
328 5585 494 5651 _Edd,,
639 5600 818 5644 parva.
843 5585 924 5634 At.
954 5586 1077 5651 MSS,
1107 5589 1292 5650 viginti
1318 5596 1421 5637 tres
1440 5590 1621 5639 tumin
1638 5590 1757 5647 hac,
1778 5595 1893 5641 tum

230 5647 291 5698 in
324 5647 491 5712 Epist.
530 5648 619 5697 137
652 5652 961 5699 constanter
994 5647 1211 5707 habent,
1238 5653 1321 5701 cui
1337 5667 1446 5716 par
1474 5655 1579 5703 vix.

1456 118 1965 184 EPISTOLARUM
2006 116 2301 179 CLASSIS
2340 115 2437 176 Ill.

3549 123 3657 184 5H

2000 254 2131 315 tus;
2170 262 2263 301 nec
2293 245 2423 301 ullis
2453 243 2876 315 competentibus
2920 244 3092 316 signis
3145 252 3313 303 tanta
3350 250 3659 321 majestatis

1992 337 2209 392 indicia
2239 335 2561 395 clarescunt,
2622 333 2873 404 quoniam
2913 334 3144 390 lurvalis
3176 338 3191 372 ¹
3226 337 3328 392 illa
3372 340 3655 410 purgatio,

1993 426 2256 481 debilium
2303 440 2473 490 cura,
2509 422 2727 477 reddita
2772 424 2886 477 vita
2952 423 3247 495 defunctis,
3312 426 3441 494 hac,
3507 429 3555 483 si
3607 436 3656 485 et

1994 516 2129 570 alios
2162 520 2180 549 ³
2219 515 2430 583 cogites,
2462 512 2569 567 Deo
2597 528 2769 583 parva
2801 518 2947 567 sunt.
2996 513 3393 570 Intervenimns
3420 518 3657 574 ulterius

1996 602 2595 675 inquirenti,solutuque
2605 601 2960 666 conventu,ad
2971 603 3201 672 potioris
3217 606 3432 674 peritia
3455 608 3656 662 merita

1993 692 2331 755 distulimus,
2348 707 2409 745 ne
2435 690 2562 745 dum
2584 690 2857 745 incautius
2876 694 3446 761 secreta;temerantur,
3464 694 3522 751 in
3543 696 3655 751 cul-

1988 798 2120 853 pam
2131 782 2382 851 deﬂecter
2402 787 2450 833 et
2469 796 2629 834 error
2644 780 2923 833 innocuus.
2940 780 3232 851 Accepisti,
3258 783 3345 835 vir
3354 785 3655 855 totiusIglo-

1994 875 2095 926 ria
2134 887 2323 939 capax,
2368 868 2661 939 imperitia
2690 868 3075 937 confessionem
3102 890 3125 939 ,-
3161 870 3293 939 quid
3335 888 3369 925 a
3395 873 3653 942 partibus

1993 960 2184 1017 vestris
2204 960 2536 1016 desideretur
2552 959 2813 1030 agnoscis.
2838 959 3068 1014 Interest
3096 960 3258 1031 fama
3283 967 3410 1028 tua,
3431 971 3489 1018 ut
3514 980 3656 1033 qua-

1992 1051 2103 1105 sita
2158 1050 2484 1104 noverimus.
2533 1048 2820 1119 Utcumque
2858 1047 3049 1119 absque
3099 1048 3421 1104 detrimento
3472 1053 3655 1109 cultus

1992 1139 2168 1194 divini
2203 1140 2264 1193 in
2300 1137 2433 1192 aliis
2458 1136 2820 1192 sacerdotibus
2850 1137 3118 1192 toleratur
3142 1138 3369 1194 inscitia
3395 1162 3414 1209 ;
3450 1150 3507 1195 at
3536 1158 3654 1197 cum

1992 1230 2062 1283 ad
2091 1229 2388 1283 antistitem
2416 1227 2783 1296 Augustinum
2821 1228 3059 1292 venitur,
3086 1226 3191 1297 legi
3212 1227 3351 1282 deest
3392 1229 3656 1301 quidquid

1991 1317 2283 1387 contigerit
2336 1317 2605 1385 ignorari.
2652 1315 2975 1370 Incolumem
3041 1316 3443 1372 Venerationem
3504 1326 3653 1374 tuam

1992 1406 2258 1461 divinitas
2303 1422 2508 1459 summa
2572 1410 2809 1468 tueatur,
2869 1404 3083 1459 domine
3141 1421 3259 1461 vere
3333 1414 3530 1477 sancte,
3594 1424 3657 1463 ac

1995 1505 2190 1561 merito
2212 1503 2536 1558 venerabilis
2558 1510 2740 1573 pater.

2414 1590 2751 1645 EPISTULA
2782 1590 3056 1645 CXXXVI
3088 1592 3103 1608 '
3134 1592 3233 1662 (a).

1991 1681 2352 1739 Marcellinus
2364 1680 2686 1749 Augustino,
2702 1695 2903 1749 rogans
2923 1686 2988 1733 ut
3009 1679 3304 1735 Volusiano
3318 1680 3488 1750 faciat
3503 1685 3654 1747 satis,

2064 1761 2110 1807 et
2138 1769 2376 1806 narrans
2407 1751 2664 1823 quosdam
2705 1752 3041 1805 calumniari
3084 1754 3221 1822 quod
3250 1752 3396 1807 Deus
3432 1762 3657 1809 veterem

2065 1825 2251 1895 Legem
2277 1840 2395 1893 pra
2426 1823 2588 1895 tadio
2608 1839 2697 1876 seu
2723 1823 3078 1895 consiliorum
3112 1826 3477 1879 inconstantia
3495 1826 3653 1881 abro-

2061 1894 2232 1965 garit,
2254 1895 2487 1966 quodque
2503 1894 2755 1947 doctrina
2766 1894 3076 1965 evangelica
3101 1897 3171 1949 sit
3187 1896 3506 1966 reipublica
3535 1899 3657 1952 inu-

2063 1967 2209 2035 tilis,-
2232 1966 2459 2035 denique
2486 1966 2812 2020 christianos
2834 1966 3115 2036 principes
3140 1967 3367 2021 multum
3387 1968 3657 2024 malorum

2064 2040 2330 2092 invexisse
2353 2036 2689 2106 reipublica.

1990 2128 2218 2181 Domino
2243 2127 2577 2196 nimiumque
2603 2123 2924 2189 venerabili,
2948 2132 3000 2180 et
3015 2126 3256 2181 omnibus
3279 2127 3415 2181 mihi
3442 2128 3652 2200 ofﬁciis

1966 2282 1969 2283 ν
2060 2216 2215 2271 unice
2244 2214 2564 2285 per-colando
2595 2214 2748 2284 patri
2783 2216 3116 2280 AUGUSTINO,
3150 2218 3565 2272 Msacnanus.

2063 2308 2114 2360 1.
2141 2306 2242 2360 Vir
2260 2305 2495 2359 illustris
2518 2304 3228 2359 VolusianusBeatitudinis
3254 2312 3364 2359 tua
3386 2305 3526 2359 mihi
3557 2305 3652 2361 lit-

1991 2401 2133 2449 teras
2174 2394 2321 2464 legit,
2358 2394 2468 2447 imo
2493 2409 2578 2447 me
2600 2391 2808 2463 quidem
2834 2400 3045 2462 cogente
3073 2392 3323 2463 pluribus
3350 2393 3495 2465 legit,
3529 2411 3647 2466 qua

1988 2482 2189 2537 scilicet
2222 2482 2403 2535 omnia
2450 2498 2567 2552 qua
2597 2498 2631 2534 a
2671 2486 2717 2534 te
2758 2480 3040 2546 dicuntur,
3074 2497 3191 2535 cum
3221 2498 3342 2537 vere
3392 2482 3649 2537 miranda

1987 2572 2100 2626 sint
2127 2587 2491 2642 usquequaque
2518 2571 2752 2624 miratus
2813 2586 2950 2623 sum.
2984 2570 3266 2625 Sermonis
3289 2572 3429 2625 enim
3461 2571 3651 2626 divini

1988 2663 2171 2732 gratia
2193 2659 2715 2722 humilitertumens,
2732 2658 2894 2729 facile
2915 2665 2974 2713 ut
2998 2660 3231 2729 placeret
3249 2661 3651 2716 emeruitﬂinc

1989 2755 2131 2804 enim
2162 2749 2468 2820 plurimum
2487 2748 2708 2819 placuit,
2739 2746 2876 2818 quod
2889 2748 3119 2802 hominis
3144 2749 3647 2821 gressusaliquanto

1992 2838 2284 2893 titubantes
2315 2837 2438 2892 boni
2480 2838 2751 2907 propositi
2799 2838 3187 2892 exhortatione
3208 2844 3458 2895 statuere
3478 2850 3524 2895 et
3552 2840 3651 2911 ﬁr-

1989 2944 2139 2981 mare
2162 2926 2453 2981 contendis.
2501 2927 2603 2981 Est
2626 2925 2766 2979 enim
2796 2925 2947 2979 nobis
2968 2941 3089 2980 cum
3121 2926 3295 2981 eodem
3327 2927 3649 2998 quotidiana

1987 3033 2087 3088 pro
2117 3015 2324 3070 viribus
2350 3014 2570 3078 nostris,
2599 3022 2646 3069 et
2672 3030 2775 3084 pro
2792 3014 3001 3084 ingenti
3039 3022 3357 3085 paupertate
3395 3016 3653 3087 disputa-

1992 3104 2088 3159 tio.
2123 3106 2341 3159 Sancta
2354 3102 2619 3175 siquidem
2642 3104 2839 3157 matris
2867 3104 2984 3173 ejus
3008 3105 3311 3173 precatione
3331 3106 3650 3176 compulsus,

1989 3210 2124 3249 cura
2152 3193 2290 3247 mihi
2319 3200 2396 3248 est
2434 3210 2551 3247 eum
2580 3193 2918 3263 frequentius
2946 3191 3225 3247 salutandi
3250 3197 3433 3264 gratia
3464 3211 3655 3251 conve-

1992 3284 2134 3347 nire,
2161 3283 2282 3337 licet
2296 3282 2460 3336 vicem
2478 3284 2537 3335 in
2552 3282 2650 3336 hac
2659 3290 2814 3353 parte
2840 3281 3058 3336 reddere
3076 3284 3236 3337 etiam
3250 3287 3358 3353 ipse
3376 3285 3651 3355 dignetur.

1990 3373 2221 3442 Accepta
2249 3380 2425 3427 autem
2454 3370 2888 3426 Venerabzlitatis
2918 3378 3028 3425 tua
3056 3371 3303 3441 epistola,
3355 3372 3505 3428 homo
3555 3375 3655 3445 qui

1991 3477 2023 3514 a
2056 3462 2182 3517 veri
2212 3461 2317 3515 Dei
2350 3459 2670 3525 stabilitate,
2702 3460 2993 3514 multorum
3032 3477 3257 3530 quorum
3288 3461 3347 3515 in
3392 3462 3490 3517 hac
3520 3462 3652 3517 urbe

1990 3552 2142 3620 copia
2174 3556 2246 3603 est
2286 3549 2643 3620 persuasione
2673 3556 2974 3613 revocatur,
3009 3549 3090 3601 ita
3140 3556 3316 3604 motus
3356 3557 3455 3615 est,
3488 3558 3549 3606 ut
3582 3551 3653 3618 si,

1991 3646 2248 3710 quantum
2263 3638 2374 3708 ipse
2386 3638 2692 3706 conﬁrmat,
2712 3636 3025 3691 litterarum
3038 3637 3415 3707 prolixitatem
3434 3640 3656 3695 minime

1989 3726 2351 3800 formidasset,
2386 3743 2535 3780 omne
2557 3725 2906 3780 Beatitudini
2938 3732 3043 3779 tua
3081 3726 3219 3795 quod
3259 3726 3449 3782 habere
3477 3734 3651 3799 potest

1993 3818 2319 3871 insinuasset
2357 3814 2682 3885 ambiguum.
2740 3814 2849 3869 Sed
2891 3821 3070 3869 tamen
3107 3816 3266 3877 satis,
3306 3816 3446 3870 sicut
3489 3818 3654 3872 etiam

1994 3906 2105 3976 ipse
2132 3904 2361 3975 probare
2397 3902 2725 3974 dignaberis,
2758 3902 2899 3958 culto
2936 3908 3286 3974 accurateque
3312 3921 3569 3971 sermone,
3607 3912 3657 3961 et

1993 3995 2248 4050 Romana
2314 3993 2624 4064 eloquentia
2692 3994 2869 4047 nitore
2931 3993 3241 4064 perspicuo,
3308 3993 3496 4065 aliqua
3550 3994 3659 4050 sibi

1993 4084 2192 4138 exsolvi
2224 4082 2813 4154 impendiopostulavit.
2836 4081 2963 4146 Qua
2976 4081 3187 4153 quidem
3213 4084 3439 4153 quastio
3464 4100 3659 4155 usque-

1993 4191 2199 4246 quaque
2262 4173 2467 4227 detrita
2518 4178 2616 4241 est,
2646 4179 2900 4227 eteorum
2947 4188 3112 4242 super
3176 4173 3272 4227 hac
3302 4180 3456 4243 parte
3520 4175 3654 4230 satis

1994 4270 2122 4319 nota
2149 4262 2447 4327 calliditas,
2475 4262 2574 4333 qui
2613 4261 3060 4333 dispensationem
3092 4261 3375 4316 dominica
3403 4262 3660 4318 incarna-

1996 4354 2157 4408 tionis
2170 4351 2459 4422 infamant.
2475 4350 2582 4405 Sed
2602 4357 2777 4405 tamen
2799 4352 2963 4405 etiam
2988 4367 3077 4420 ego
3110 4350 3169 4403 in
3201 4350 3298 4404 hac
3319 4358 3499 4420 parte,
3524 4352 3655 4422 quia

1990 4441 2249 4512 plurimis
2276 4439 2540 4511 quidquid
2568 4440 2907 4509 rescripseris
2924 4439 3278 4509 profuturum
3298 4455 3402 4493 esse
3426 4440 3653 4511 conﬁdo,

1995 4537 2245 4601 precator
2297 4529 2630 4591 accesserim,
2661 4535 2719 4582 ut
2751 4527 2821 4581 ad
2867 4545 2927 4581 ea
2956 4527 3276 4597 vigilantius
3331 4529 3655 4599 respondere

1995 4618 2256 4689 digneris,
2294 4618 2350 4671 in
2371 4616 2563 4688 quibus
2594 4616 2737 4670 nihil
2766 4616 3001 4686 amplius
3026 4616 3339 4680 Dominum,
3363 4634 3521 4687 quam
3552 4619 3657 4674 alii

1998 4707 2233 4761 homines
2260 4709 2759 4777 /acerepotuerunt,
2788 4705 3011 4775 gessisse
3032 4706 3396 4760 mentiuntur.
3431 4710 3476 4763 Α
3484 4708 3657 4777 pallo-

1996 4798 2149 4852 nium
2164 4795 2427 4867 siquidem
2448 4812 2602 4849 suum
2618 4794 2770 4849 nobis
2786 4800 2834 4848 et
2846 4795 2890 4849 A
2901 4796 3167 4865 puleium,
3186 4796 3419 4868 aliosque
3436 4799 3655 4869 magica

2064 4906 2074 4932 ¹
2128 4902 2275 4951 Unus
2311 4917 2337 4950 e
2370 4902 2536 4951 Vatic.
2566 4901 2711 4957 Mss,
2748 4901 2988 4964 carnalis
3025 4901 3117 4948 illa
3149 4904 3416 4964 purgatio.
3466 4905 3535 4953 At
3567 4902 3655 4952 alii

1998 4979 2186 5016 omnes
2209 4965 2425 5020 habent,
2442 4964 2660 5013 larvalis
2681 4980 2697 5019 ;
2709 4963 2761 5012 id
2776 4968 2857 5013 est
2882 4964 3123 5013 liberatio
3137 4979 3167 5012 a
3181 4963 3538 5019 daemonibus,
3563 4968 3656 5029 qui

1999 5029 2157 5078 larva
2184 5031 2503 5077 vocitantur.

2059 5091 2261 5160 {Apud
2282 5087 3065 5160 μοις.’διξᾶείιυθηΕςΙᾷηᾹιξσἐι
3087 5087 3197 5160 alia
3227 5087 3273 5160 si
3306 5088 3506 5160 cogites.
3555 5087 3655 5160 Sed

2000 5154 2053 5202 in
2085 5150 2208 5201 Mss.
2242 5152 2326 5200 hic
2357 5156 2406 5201 et
2432 5152 2570 5201 intra
2595 5150 2649 5199 in
2685 5152 2843 5213 Epist.
2877 5152 2967 5199 137
3014 5150 3224 5212 legitur,
3256 5150 3435 5213 haesi
3458 5156 3505 5198 et
3526 5152 3657 5200 alios

2000 5218 2201 5279 cogites.
2230 5217 2314 5265 Sic
2342 5229 2501 5279 porro
2532 5212 2743 5279 legebat
2775 5212 3127 5279 Augustinus,
3164 5226 3287 5261 cum
3315 5212 3390 5279 ad
3427 5212 3525 5279 [ξος
3552 5227 3655 5279 res-

2000 5274 2234 5341 pdndeat
2275 5293 2286 5326 :
2328 5274 2569 5325 Fatemur
2589 5274 2789 5339 quidem
2824 5274 2881 5323 eti
2898 5289 2990 5322 nos
3033 5275 3160 5322 talia
3194 5276 3399 5337 gessisse
3434 5274 3657 5339 Prophe-

2000 5347 2093 5435 ιαῗιτ
2125 5345 2356 5470 litim.
2386 5417 2433 5470 ᾳ.
2468 5401 2553 5463 bg.
2588 5400 2660 5449 bl.
2692 5399 2781 5470 bp.
2814 5412 2858 5447 ε.
2892 5412 2966 5447 cc.
2984 5398 3035 5446 α.
3061 5412 3111 5461 ς.
3142 5399 3298 5470 ενι).
3336 5400 3653 5470 ιηηητηεδ.

2001 5480 2043 5513 s.
2076 5469 2115 5513 t.
2143 5480 2229 5513 vc.
2264 5465 2349 5512 vd.
2378 5465 2514 5512 duos
2553 5475 2601 5512 a.
2641 5463 2879 5525 quinque
2933 5476 2981 5509 v.
3027 5463 3320 5525 recognita,
3351 5466 3403 5513 et
3425 5463 3493 5514 ad
3533 5466 3650 5519 Am.

2001 5528 2131 5575 Bad.
2170 5527 2253 5575 Er.
2284 5528 2407 5575 Lov.

2001 5528 2131 5579 Bad.
2170 5528 2253 5575 Er.
2284 5528 2407 5575 Lov.

2064 5594 2133 5653 (ᾳ)
2193 5589 2333 5638 Alias
2362 5591 2390 5636 6
2422 5602 2433 5636 :
2464 5600 2585 5651 quae
2619 5588 2797 5635 autem
2836 5586 2925 5634 136
2971 5590 3100 5644 erat,
3136 5599 3283 5638 nunc
3329 5589 3409 5645 77,
3442 5590 3653 5653 Scripta

2003 5652 2192 5702 eodem
2224 5656 2479 5716 tempore.
