4074 6158
333 107 442 166 815

333 233 478 288 artis
506 232 742 288 homines
787 231 847 288 in
871 231 1102 288 medium
1154 231 1468 302 proferunt,
1508 245 1735 301 quorum
1778 231 1990 302 majora

333 324 661 380 contendunt
687 323 926 378 extitisse
950 321 1238 376 miracula.

405 413 456 466 2.
484 415 787 483 Ipseautem
805 411 892 464 vir
919 410 1162 464 illustris
1177 409 1431 480 superius
1449 417 1798 472 memoratus,
1813 409 1987 464 multa

333 517 438 556 esse
448 502 598 555 dixit
614 499 967 570 praesentibus
986 499 1308 570 aliquantis,
1323 516 1439 570 quae
1462 499 1596 553 huic
1607 505 1814 568 possent
1823 499 1990 569 jungi

335 607 438 645 non
462 590 733 644 immerito
760 589 1048 660 quaestioni
1073 591 1114 655 ¹,
1140 591 1208 654 si,
1243 593 1303 644 ut
1326 594 1452 643 ante
1480 587 1621 653 dixi,
1650 605 1756 642 non
1782 587 1847 642 ab
1874 589 1990 658 ejus

329 679 578 752 partibus
604 678 912 750 epistolaris
941 678 1284 734 considerata
1313 678 1554 733 brevitas
1586 677 1800 748 fuisset.
1853 677 1986 742 Quae

333 776 511 823 tamen
541 767 660 824 licet
691 768 920 823 scribere
942 768 1389 833 noluerit,tacere
1417 784 1521 822 non
1551 774 1625 821 est
1659 783 1865 836 passus.
1893 765 1988 820 Di-

331 857 475 912 cebat
506 858 654 912 enim
685 857 822 928 quod
842 856 944 912 etsi
959 856 1073 911 sibi
1107 857 1267 911 hodie
1310 857 1712 912 incarnationis
1748 856 1990 910 domini-

333 962 408 1002 cae
448 949 595 1000 ratio
624 946 968 1011 redderetur,
990 946 1148 1000 reddi
1181 947 1283 1003 vix
1305 946 1376 1000 ad
1407 944 1681 1016 liquidum
1697 945 1865 1016 possit
1891 959 1989 998 cur

336 1035 422 1088 hic
463 1035 626 1100 Deus,
669 1035 764 1105 qui
799 1041 849 1089 et
888 1035 1094 1092 Veteris
1129 1035 1456 1091 Testamenti
1484 1034 1625 1089 Deus
1663 1050 1772 1088 esse
1788 1035 1984 1103 ﬁrma-

335 1129 449 1187 tur,
489 1126 689 1194 spretis
720 1123 988 1180 veteribus
1031 1124 1320 1194 sacriﬁciis
1359 1124 1654 1178 delectatus
1699 1130 1771 1176 est
1817 1123 1987 1176 novis.

333 1212 496 1268 Nihil
531 1213 673 1268 enim
703 1213 912 1283 corrigi
938 1230 1083 1284 posse
1129 1212 1394 1268 asserebat
1421 1213 1538 1267 nisi
1563 1211 1706 1283 quod
1747 1211 1990 1281 ante/ac-

337 1309 450 1357 tum
474 1318 585 1357 non
609 1309 749 1356 recte
776 1302 1110 1371 probaretur
1134 1323 1155 1371 ;
1178 1301 1259 1355 vel
1285 1302 1423 1372 quod
1449 1301 1606 1355 semel
1626 1306 1764 1355 recte
1787 1301 1987 1370 factum

331 1391 423 1455 sit,
457 1390 742 1445 immutari
772 1389 1046 1444 ullatenus
1071 1405 1173 1444 non
1206 1389 1464 1453 debuisse,
1497 1391 1649 1445 Recte
1677 1406 1823 1444 enim
1845 1389 1994 1459 facta

331 1478 536 1533 dicebat
563 1479 783 1533 mutari
819 1479 930 1532 nisi
957 1479 1156 1548 injuste
1186 1495 1291 1532 non
1343 1495 1490 1548 posse
1531 1500 1552 1547 ,-
1580 1478 1816 1532 maxime
1860 1478 1992 1547 quia

334 1569 440 1622 ista
465 1567 706 1622 varietas
733 1568 1113 1621 inconstantiae
1149 1567 1313 1621 Deum
1342 1567 1506 1637 possit
1559 1583 1802 1637 arguere.
1850 1567 1989 1622 Tum

331 1655 522 1710 deinde
549 1656 688 1726 quod
709 1657 825 1725 ejus
843 1656 1163 1726 praedicatio
1193 1661 1348 1726 atque
1375 1656 1647 1719 doctrina,
1672 1655 1990 1725 reipublicae

332 1744 573 1800 moribus
635 1744 792 1799 nulla
837 1760 906 1800 ea:
956 1751 1112 1814 parte
1169 1746 1492 1812 conveniat;
1528 1751 1728 1815 utpote.
1782 1745 1920 1799 sicut
1958 1762 1991 1798 a

331 1834 521 1888 multis
558 1832 789 1902 dicitur,
822 1835 975 1904 cujus
1006 1834 1097 1888 hoc
1118 1841 1312 1888 constet
1342 1839 1681 1904 praeceptum,
1736 1841 1794 1888 ut
1848 1832 1992 1887 nulli

337 1923 532 1978 malum
602 1939 707 1994 pro
769 1922 910 1977 malo
980 1923 1207 1978 reddere
1284 1923 1560 1978 debeamus
1633 1923 1807 1994 (Rom.
1890 1939 1991 1986 xu,

337 2017 444 2078 17),
511 2019 560 2066 et
638 2011 964 2082 percutienti
1046 2011 1212 2066 aliam
1272 2011 1516 2082 praebere
1582 2011 1890 2068 maxillam.
1942 2017 1990 2065 et

332 2100 568 2173 pallium
598 2101 732 2155 dare
767 2102 1083 2171 persistenti
1129 2101 1370 2156 tunicam
1413 2101 1621 2166 tollere,
1663 2108 1710 2155 et
1762 2117 1884 2154 cum
1935 2117 1992 2154 eo

333 2191 433 2261 qui
466 2206 561 2244 nos
597 2191 899 2260 angariare
924 2189 1192 2255 voluerit,
1232 2191 1315 2244 ire
1361 2189 1548 2244 debere
1589 2191 1767 2260 spatio
1802 2189 1993 2244 itineri

331 2278 610 2349 duplicato
645 2278 869 2346 (Matth.
906 2295 959 2346 ν,
988 2279 1177 2350 39-41)
1236 2294 1248 2331 :
1291 2295 1413 2349 qua:
1456 2278 1639 2333 omnia
1675 2277 1990 2348 reipublicm

329 2366 566 2422 moribus
583 2367 781 2420 asserit
814 2383 919 2420 esse
946 2367 1256 2421 contraria.
1286 2366 1430 2421 Nam
1463 2367 1589 2436 quis
1621 2366 1740 2421 tolli
1775 2366 1888 2420 sibi
1925 2365 1992 2419 ab

334 2456 476 2511 hoste
505 2455 721 2526 aliquid
746 2455 1023 2524 patiatur,
1055 2456 1140 2510 vel
1170 2455 1426 2510 Romanae
1464 2455 1761 2524 provinciae
1788 2455 1992 2524 depre-

331 2543 516 2598 datori
541 2561 645 2597 non
666 2543 812 2597 mala
846 2543 973 2598 velit
1000 2543 1127 2597 belli
1143 2544 1272 2614 jure
1311 2560 1568 2606 reponere
1619 2544 1645 2597 ?
1683 2544 1757 2597 Et
1795 2551 1994 2598 cetera

335 2647 452 2703 quae
479 2632 588 2686 dici
617 2631 687 2686 ad
719 2631 936 2702 reﬁgua
961 2648 1130 2703 posse,
1153 2631 1411 2702 intelligit
1446 2632 1844 2688 Venerabilitas
1874 2636 1987 2686 tua.

334 2719 463 2775 Haec
487 2737 611 2791 ergo
630 2721 808 2778 omnia
842 2721 947 2791 ipsi
965 2735 1137 2791 posse,
1168 2719 1398 2790 adjungi
1425 2720 1661 2774 aestimat
1681 2720 1988 2790 quaestioni,

335 2810 393 2863 in
424 2815 635 2864 tantum
667 2816 731 2864 ut
783 2826 880 2879 per
923 2808 1250 2863 christianos
1291 2809 1583 2880 principes,
1630 2809 1993 2864 christianam

333 2899 651 2970 religionem
677 2899 919 2955 maxima
952 2916 1018 2953 ea:
1047 2905 1208 2970 parte
1222 2905 1512 2963 servantes,
1552 2904 1702 2952 tanta
1757 2899 1991 2969 (etiamsi

335 2990 444 3060 ipse
467 2988 528 3043 de
584 2989 680 3044 hac
726 2995 883 3060 parte
937 2995 1132 3058 taceat)
1184 2988 1502 3059 respublica:
1551 2989 1706 3043 mala
1760 2991 1991 3044 evenisse

334 3078 688 3148 manifestum
706 3078 804 3132 sit.

403 3167 458 3221 3.
491 3166 660 3232 Unde,
701 3167 840 3222 sicut
867 3165 1156 3222 Beatitudo
1176 3173 1270 3221 tua
1296 3182 1491 3220 mecum
1518 3165 1783 3236 dignatur
1805 3183 1992 3238 agnos-

333 3271 471 3319 cere,
491 3255 563 3310 ad
593 3255 705 3310 haec
727 3255 910 3309 omnia
937 3255 1220 3324 (quoniam
1258 3254 1557 3308 multorum
1585 3254 1832 3310 manibus
1872 3257 1989 3312 sine

335 3344 502 3400 dubio
541 3345 805 3399 tradetur
834 3342 1157 3397 Sanctitatis
1186 3350 1298 3397 tuae
1323 3342 1634 3397 desiderata
1692 3345 1988 3414 responsio)

329 3433 521 3505 plenus
543 3433 689 3486 debet
719 3438 766 3486 et
793 3431 1141 3487 elucubratus
1170 3431 1456 3486 solutionis
1489 3431 1720 3502 plendor
1740 3433 1986 3502 ostendi,-

333 3523 573 3578 maxime
599 3523 731 3592 quia
753 3538 870 3576 cum
906 3521 1012 3575 ista
1039 3528 1384 3592 gererentur,
1415 3522 1652 3575 eximius
1682 3521 1990 3593 Hipponen-

331 3611 407 3665 sis
436 3611 680 3681 regionis
707 3627 975 3681 possessor
1013 3618 1060 3665 et
1091 3610 1340 3665 dominus
1358 3626 1600 3680 praesens
1630 3610 1849 3676 aderat,
1895 3612 1990 3683 qui

333 3706 382 3754 et
411 3698 760 3754 Sanctitatem
786 3706 936 3754 tuam
953 3701 1052 3755 sub
1083 3700 1277 3754 ironise
1301 3698 1612 3754 adulatione
1649 3699 1917 3765 laudaret,
1940 3706 1988 3755 et

330 3787 457 3851 sibi,
489 3804 608 3843 cum
636 3787 698 3843 de
729 3787 813 3842 his
863 3795 1151 3859 quaereret,
1205 3789 1431 3843 mini-me
1488 3788 1831 3858 satisfactum
1883 3805 1990 3843 esse

332 3877 689 3932 contenderet.
727 3877 844 3947 Ego
875 3894 998 3932 vero
1035 3877 1108 3931 ad
1138 3877 1248 3932 haec
1279 3879 1462 3931 omnia
1481 3878 1858 3947 promissionis
1885 3895 1990 3933 non

333 3965 624 4022 immemor
645 3965 733 4020 sed
763 3969 986 4021 exactor
1018 3965 1189 4020 libros
1219 3965 1410 4035 conﬁci
1467 3965 1746 4035 deprecor,
1803 3965 1990 4021 Eccle-

331 4055 452 4124 siae,
492 4055 586 4110 hoc
621 4055 857 4109 maxime
898 4061 1150 4124 tempore,
1208 4054 1614 4109 incredibiliter
1649 4055 1986 4126 profuturos.

752 4143 1082 4198 EPISTULA
1117 4142 1404 4196 cxxxvu
1431 4147 1448 4164 ·
1477 4144 1577 4213 (a).

334 4230 634 4302 Respondet
658 4232 997 4303 Augustinus
1030 4231 1100 4284 ad
1135 4231 1379 4301 singulas
1411 4233 1730 4302 quaestiones
1743 4235 1992 4305 superius

814 4321 1114 4391 propositas
1137 4337 1173 4374 a
1203 4320 1509 4376 Volusiano.

330 4409 582 4466 Domino
612 4408 821 4464 illustri
845 4415 904 4464 et
934 4410 1144 4465 merito
1167 4409 1404 4479 insigni,
1421 4416 1476 4465 et
1500 4411 1991 4481 praestantissimo

403 4499 522 4556 ﬁlio
549 4499 1334 4562 Vowrssquucusrmvsin
1357 4499 1612 4554 Domino
1643 4500 1918 4557 salutem.

404 4589 623 4644 CAPUT
641 4588 927 4645 PRIMUM.
947 4617 1013 4628 -—
1044 4589 1096 4641 1.
1118 4588 1249 4657 Legi
1274 4588 1497 4644 litteras
1523 4593 1672 4654 tuas,
1691 4591 1748 4644 in
1771 4591 1991 4662 quibus

333 4677 455 4734 vidi
486 4677 692 4748 magni
730 4677 1054 4746 cujusdam
1085 4677 1310 4746 dialogi
1341 4679 1667 4749 specimen,
1703 4678 1993 4737 laudabili

330 4767 621 4824 brevitate
641 4766 1166 4836 comprehensum.
1184 4767 1563 4836 Respondere
1592 4768 1769 4836 igitur
1789 4769 1989 4832 debui,

333 4872 440 4914 nec
481 4871 589 4928 pro
627 4855 911 4910 dilatione
942 4854 1168 4926 aliquid
1209 4857 1613 4911 excusationis
1663 4874 1988 4930 opponere.

332 4945 732 5001 Acciditenim
745 4949 1105 5015 Opportune,
1132 4951 1192 4998 ut
1223 4944 1301 4998 ab
1328 4945 1538 5000 alienis
1564 4949 1816 5015 negotiis
1845 4946 1991 5004 mihi

333 5033 768 5107 aliquantulum
799 5037 1052 5088 vacaret.
1072 5033 1300 5098 Quibus
1330 5041 1529 5090 autem
1553 5034 1851 5090 dictandis
1879 5038 1993 5093 hoc

333 5125 518 5180 otium
549 5128 874 5178 statueram
905 5121 1273 5193 impendere,
1305 5123 1613 5193 paululum
1649 5125 1869 5191 distuli,
1894 5143 1994 5182 ne-

334 5227 645 5285 quaquam
672 5211 901 5282 justum
935 5227 1066 5266 esse
1095 5213 1418 5266 arbitratus
1445 5218 1702 5284 utquem
1731 5215 1805 5268 ad
1835 5232 1996 5287 qure-

397 5320 410 5350 ί
441 5317 562 5382 Mss.
605 5316 871 5382 undecim,
903 5317 1090 5365 multas
1121 5331 1221 5382 esse
1247 5317 1395 5373 dixit,
1453 5332 1563 5380 quin
1620 5320 1734 5367 huic
1791 5326 1995 5382 possent

331 5378 624 5442 jungirnon
656 5381 912 5428 immerito
957 5379 1278 5442 quaestiones.

399 5442 416 5461 '
438 5441 514 5489 Ad
533 5442 834 5506 Cdd.supra
854 5441 1289 5506 natatos,quibus
1307 5442 1994 5506 epistolacxxxucontine-

342 5508 428 5553 tur
457 5505 721 5565 castigata
755 5504 870 5551 fuit.

401 5568 471 5637 (α.)
499 5566 651 5637 Alias
688 5567 714 5612 3
753 5579 911 5637 :qua:
939 5570 1122 5616 autem
1159 5567 1246 5617 137
1303 5571 1436 5624 erat,
1496 5581 1641 5620 nunc
1671 5570 1747 5620 78.
1795 5573 1997 5637 Scripta

336 5627 500 5694 paulo
538 5631 658 5690 post
679 5627 1027 5691 superiorem.

1609 103 1668 161 S.
1711 101 2099 163 AUGUSTIN!
2142 104 2475 164 EPISCOPI

3649 108 3762 169 516

2097 232 2357 288 rendum
2373 233 2719 289 exhortatus
2739 232 2866 305 ipse
2888 231 3139 302 fueram,
3157 232 3461 292 differrem
3490 249 3761 309 quaeren-

2099 325 2235 376 tem.
2261 321 2407 386 Quis
2424 328 2623 377 autem
2640 327 2937 388 nostrum,
2957 323 3058 394 qui
3075 321 3310 390 Christi,
3328 329 3390 379 ut
3410 340 3763 396 possumus,

2096 409 2351 479 gratiam
2385 410 2810 476 ministramus,
2840 427 2978 466 cum
3011 416 3115 466 tua
3143 427 3319 467 verca
3351 412 3574 480 legerit,
3599 414 3678 468 ita
3711 418 3764 468 te

2098 498 2232 553 velit
2258 498 2526 556 doctrina
2552 500 2764 555 instrui
2794 499 3139 567 christiana,
3166 506 3230 556 ut
3254 501 3361 556 tibi
3390 507 3622 558 tantum
3643 502 3766 558 suf-

2095 587 2252 642 ﬁciat
2271 588 2348 643 ad
2371 588 2774 653 salutem,non
2789 588 2972 659 hujus
3000 589 3355 662 vitas,quam
3371 592 3612 662 vaporis
3629 605 3765 646 esse

2095 677 2478 742 simillimam,
2499 678 2791 733 tantillum
2807 680 3176 750 apparentis,
3191 679 3417 734 etillico
3436 693 3766 736 vanescen-

2097 765 2169 821 tis
2182 772 2361 838 atque
2374 768 2698 837 pereuntis,
2720 783 2916 823 sermo
2930 768 3169 822 divinus
3185 767 3515 824 admonere
3529 770 3767 824 curavit

2094 854 2299 926 (Jacobi
2319 871 2398 920 iv,
2434 855 2662 926 l5),sed
2694 855 2854 912 illam
2875 855 3122 912 salutem
3153 860 3592 928 propterquam
3627 857 3762 913 adi-

2095 945 2446 1016 piscendam
2504 951 2556 1000 et
2607 946 2663 1000 in
2698 951 2986 1000 internum
3017 945 3410 1001 obtinendam
3451 945 3762 1002 christiani

2096 1050 2307 1089 sumus
2338 1033 2365 1088 7
2390 1035 2604 1090 Parum
2636 1041 2723 1090 est
2748 1050 2889 1104 ergo
2921 1035 3096 1090 nobis
3130 1035 3213 1090 sic
3240 1040 3294 1092 te
3323 1036 3628 1106 instrui,ut
3655 1036 3762 1096 tibi

2096 1123 2172 1178 sit
2196 1122 2509 1180 liberanda
2539 1123 2705 1180 satis.
2742 1124 3051 1194 Ingenium
3077 1124 3306 1196 quippe
3339 1130 3398 1180 et
3446 1123 3764 1196 eloquium

2097 1216 2267 1268 tuum
2301 1217 2420 1268 tam
2451 1212 2746 1268 excellens
2781 1217 3026 1283 tamque
3055 1211 3428 1269 luculentum
3472 1212 3764 1284 prodesse

2094 1300 2728 1367 debetetiamcmteris,
2763 1307 2973 1356 contra
2996 1316 3255 1373 quorum
3293 1301 3632 1358 tarditatem
3654 1318 3764 1357 seu

2097 1391 2566 1460 perversitatem,
2608 1391 3181 1448 convenientissime
3234 1390 3616 1447 defendenda
3675 1397 3769 1446 est

2099 1485 2274 1534 tantae
2300 1481 2506 1549 gratias
2532 1479 2921 1554 dispensatio,
2953 1495 3138 1551 quam
3164 1480 3442 1551 superbae
3477 1479 3767 1536 animulae

2098 1567 2261 1623 nihili
2281 1569 2568 1639 pendunt,
2587 1585 2722 1640 quae
2737 1569 2914 1625 nimis
2927 1568 3206 1624 affectant
3221 1568 3537 1640 plurimum
3563 1585 3768 1640 posse,

2097 1661 2154 1713 et
2178 1658 2255 1713 ad
2283 1675 2392 1712 sua
2426 1657 2564 1714 vitia
2588 1657 2864 1714 sananda
2892 1657 2982 1712 vel
3011 1659 3192 1714 etiam
3223 1657 3576 1714 refrenanda
3617 1657 3771 1714 nihil

2099 1753 2375 1818 possunt.

2168 1866 2220 1916 2.
2252 1863 2478 1927 Quaeris
2511 1862 2924 1930 igitur,Utrum
2955 1862 3148 1916 mundi
3184 1861 3448 1917 Dominus
3495 1868 3546 1918 et
3587 1869 3774 1918 rector

2097 1953 2434 2008 intemeratae
2446 1952 2668 2023 feminae
2699 1968 2892 2022 corpus
2915 1951 3222 2022 impleverit
3247 1973 3266 2021 ;
3294 1951 3584 2023 pertulerit
3596 1953 3772 2007 decens

2097 2043 2362 2096 mensium
2394 2041 2547 2111 longa
2568 2040 2665 2095 illa
2690 2040 2918 2111 fastidia
2933 2047 3125 2106 mater,
3145 2048 3195 2096 et
3224 2047 3398 2095 tamen
3417 2042 3568 2112 virgo
3601 2042 3770 2096 enixa

2097 2131 2168 2185 sit
2196 2131 2529 2186 solemnitate
2557 2130 2831 2200 pariendi,
2847 2137 2894 2184 et
2913 2137 3027 2200 post
3046 2130 3157 2184 haec
3169 2130 3473 2200 virginitas
3500 2129 3770 2184 inviolata

2096 2220 2470 2290 permanserit.
2497 2218 2699 2274 Utrum
2727 2219 2879 2272 intra
2894 2235 3061 2289 corpu
3074 2219 3277 2274 sculum
3290 2220 3558 2289 vagientis
3577 2219 3774 2289 infan-

2099 2309 2194 2362 tia:
2229 2309 2473 2372 latuerit,
2505 2310 2597 2361 cui
2620 2323 2721 2378 par
2771 2308 2868 2361 vix
2906 2315 3149 2378 putatur
3178 2309 3511 2362 universitas
3539 2330 3558 2376 ,ο
3585 2324 3776 2378 passus

2095 2397 2268 2468 fuerit
2293 2397 2837 2468 puerilitatisannos.
2856 2396 3180 2462 adoleverit,
3205 2398 3491 2468 juventute
3511 2396 3775 2452 solidatus

2096 2487 2167 2541 sit
2199 2507 2219 2554 ;
2253 2494 2360 2540 tam
2388 2485 2486 2540 diu
2507 2503 2538 2539 a
2559 2485 2778 2540 sedibus
2805 2488 2919 2541 suis
2935 2485 3174 2556 abfuerit
3199 2493 3458 2557 regnator
3480 2486 3772 2558 ille,atque

2099 2575 2156 2628 in
2172 2591 2336 2628 unum
2361 2575 2758 2644 corpusculum,
2796 2576 2967 2629 totius
2991 2575 3187 2629 mundi
3204 2592 3337 2630 cura
3371 2574 3769 2645 translatasit;

2098 2664 2285 2718 deinde
2304 2666 2361 2717 in
2374 2680 2577 2718 somnos
2604 2664 2873 2718 resolutus
2895 2664 2966 2718 sit
2977 2677 3001 2735 ,'
3028 2664 3140 2718 cibo
3157 2665 3322 2719 alitus
3349 2681 3527 2719 omnes
3557 2673 3767 2720 morta-

2100 2753 2238 2807 lium
2255 2755 2479 2806 senserit
2508 2753 2766 2822 affectus;
2797 2769 2964 2824 neque
2987 2753 3116 2807 ullis
3147 2753 3558 2824 competentibus
3586 2754 3767 2824 signis

2097 2841 2400 2896 claruerint
2431 2848 2596 2896 tantae
2629 2841 2927 2912 majestatis
2959 2842 3165 2896 indicia
3196 2843 3491 2913 ;quoniam
3528 2841 3758 2897 larvalis

2097 2931 2198 2985 illa
2220 2932 2494 3002 purgatio,
2509 2929 2765 2984 debilium
2786 2947 2932 2985 curm
2951 2931 3168 2985 reddita
3185 2934 3300 2985 vita
3312 2932 3600 3001 de/unctis,
3625 2932 3758 2997 haec,

2095 3021 2147 3075 si
2177 3028 2224 3074 et
2256 3020 2389 3074 alios
2410 3020 2726 3090 cogitemus,
2746 3022 2851 3074 Deo
2880 3035 3058 3089 parva
3082 3028 3230 3075 sunt.
3264 3020 3426 3074 Hanc
3461 3020 3675 3075 scribis
3698 3019 3759 3076 in

2095 3110 3018 3182 quodamconveutuamicorum
3053 3110 3130 3164 ab
3167 3125 3284 3164 uno
3317 3125 3387 3165 ex
3427 3109 3627 3165 multis
3651 3109 3756 3181 qui

2097 3197 2609 3262 aderant,illatam
2640 3213 2767 3252 esse
2784 3198 3211 3266 quaestionem;
3240 3215 3342 3253 vos
3363 3204 3560 3254 autem
3578 3198 3760 3253 inter-

2096 3289 2325 3344 venisse
2341 3287 2580 3342 ulterius
2598 3287 2938 3357 inquirenti,
2961 3287 3347 3360 solutumque
3371 3293 3759 3354 conventum,

2097 3377 2174 3435 ad
2203 3375 2448 3448 potioris
2479 3375 2702 3446 peritiae
2719 3376 2928 3430 merita
2957 3375 3280 3440 distulisse,
3301 3392 3372 3431 ne
3391 3374 3762 3430 dumincau-

2096 3467 2209 3521 tius
2237 3470 2463 3519 secreta
2482 3464 2937 3528 temerantur,in
2955 3464 3194 3535 culpam
3227 3463 3562 3520 deﬂecteret
3595 3479 3763 3520 error

2095 3569 2414 3611 ωηοοιιυε.

2169 3674 2220 3726 3.
2246 3667 2463 3725 Deinde
2493 3667 2570 3723 ad
2601 3683 2697 3724 me
2727 3668 3060 3724 litterarum
3079 3673 3317 3724 tuarum
3342 3668 3547 3738 dirigis
3578 3670 3764 3724 inten~

2096 3757 2724 3828 tionem,etposthanc
2746 3757 3059 3828 imperitia
3086 3757 3765 3823 confessionem,admo-

2096 3865 2200 3904 nes
2235 3852 2294 3902 ut
2322 3863 2358 3902 a
2383 3847 2656 3919 partibus
2687 3846 2920 3902 nostris
2957 3847 3105 3918 quid
3133 3846 3505 3902 desideretur
3548 3861 3760 3917 agnos-

2097 3936 2368 4006 cam.Adj
2381 3935 2553 4005 ungis
2566 3936 2749 3990 etiam
2763 3935 2943 3991 famae
2973 3951 3121 3992 mea;
3137 3936 3424 3992 interesse
3439 3934 3764 4006 utqusesita

2097 4024 2586 4096 novei'etis,quod
2605 4030 2806 4080 utcum
2819 4041 2855 4096 q
2867 4041 2938 4080 ue
2953 4025 3185 4096 absque
3211 4023 3764 4080 detrimentodivini

2097 4115 2290 4171 cultus
2342 4115 2401 4169 in
2437 4113 2566 4168 aliis
2611 4114 3026 4169 sacerdotibus
3075 4113 3357 4169 toleratur
3397 4113 3646 4176 inscitia,
3707 4117 3764 4168 at

2099 4202 2328 4262 cumad
2359 4203 2794 4258 meantistitem
2816 4202 3201 4272 venitur,legi
3224 4202 3436 4258 deesse
3464 4200 3760 4273 quidquid

2098 4292 2407 4363 contigerit
2440 4291 2720 4360 ignorari.
2749 4292 3004 4346 Primum
3033 4291 3210 4361 igitur
3234 4292 3391 4348 hanc
3420 4291 3494 4346 de
3521 4304 3616 4346 me
3638 4289 3760 4360 opi-

2097 4385 2340 4439 nionem
2370 4380 2540 4436 facile
2569 4386 3240 4453 praisumptam,quaaso
3270 4380 3563 4452 deponas,
3583 4394 3758 4434 eum-

2098 4488 2215 4545 que
2234 4469 2504 4526 animum
2517 4471 2794 4541 quamvis
2823 4485 2966 4539 erga
2981 4486 3073 4524 me
3091 4469 3755 4532 benevolentissimum,

2100 4561 2298 4616 solvas
2347 4564 2524 4631 atque
2555 4575 2776 4624 exuas;
2813 4575 2883 4615 ac
2913 4559 2986 4614 de
3019 4575 3114 4615 me
3159 4559 3304 4615 mihi
3348 4557 3541 4627 magis
3575 4572 3761 4628 quam

2101 4648 2377 4704 ullialteri
2400 4649 2628 4715 credas,
2645 4649 2690 4702 si
2715 4648 2858 4704 mihi
2887 4648 3218 4704 dilectionis
3244 4648 3434 4702 vicem
3451 4645 3759 4718 rependis.

2099 4741 2281 4794 Tanta
2306 4737 2574 4793 estenim
2604 4737 3068 4794 christianarum
3110 4736 3484 4808 profunditas
3529 4735 3765 4790 Littera-

2100 4843 2258 4889 rum,
2289 4832 2349 4882 ut
2377 4827 2436 4882 in
2478 4827 2563 4881 eis
2594 4827 2859 4898 quotidie
2885 4826 3258 4899 proﬁcerem,
3295 4825 3341 4879 si
3372 4841 3474 4880 eas
3499 4823 3657 4879 solas
3683 4823 3764 4880 ab

2101 4917 2340 4971 ineunte
2383 4916 2635 4987 pueritia
2667 4931 2855 4988 usque
2884 4915 2963 4971 ad
2993 4915 3360 4986 decrepitam
3395 4917 3758 4970 senectutem

2105 5006 2366 5060 maximo
2393 5006 2779 5068 otio,summo
2794 5005 3010 5069 studio,
3035 5004 3275 5059 meliore
3311 5003 3550 5072 ingenio
3582 5017 3763 5057 cona-

2100 5109 2193 5149 rer
2237 5093 2590 5148 addiscere:
2635 5109 2755 5148 non
2783 5093 2948 5165 quod
2995 5093 3072 5149 ad
3107 5109 3177 5147 ea
3243 5107 3376 5163 quae
3428 5090 3768 5147 necessaria

2104 5183 2707 5246 suntsaluti,tantain
2739 5184 2822 5238 eis
2845 5183 3226 5256 perveniatur
3259 5181 3634 5245 difﬁcultate;
3661 5179 3766 5235 sed

2103 5289 2236 5328 cum
2256 5272 2587 5343 quisqueibi
2606 5273 2784 5327 fidem
2799 5272 3207 5337 tenuerit,sine
3220 5271 3366 5344 quia
3380 5272 3475 5342 pie
3491 5275 3768 5342 recteque

2102 5376 2223 5416 non
2279 5361 2515 5425 vivitur,
2585 5368 2702 5417 tam
2767 5361 2972 5427 multa,
3031 5367 3277 5432 tamque
3335 5357 3765 5432 multiplicibus

2104 5452 2522 5521 mysteriorum
2557 5452 2920 5507 umbraculis
2941 5458 3198 5521 opacata
3225 5448 3607 5518 intelligenda
3639 5462 3764 5518 pro-

2103 5538 2437 5594 ﬁcientibus
2481 5546 2723 5606 restant,
2757 5546 3040 5612 tantaque
3071 5553 3191 5596 non
3229 5537 3424 5594 solum
3469 5539 3526 5592 in
3575 5535 3768 5593 verbis

2103 5628 2327 5702 quibus
2356 5629 2473 5688 ista
2497 5629 2658 5688 dicta
2683 5633 2844 5698 sunt,
2875 5645 3084 5686 verum
3115 5627 3297 5686 etiam
3327 5627 3387 5682 in
3414 5627 3596 5684 rebus
3627 5640 3768 5698 qua
