4074 6164
213 121 328 196 ΒΗ

190 261 763 330 intelligendaasunt,
788 261 928 317 latet
951 259 1203 318 altitudo
1217 263 1546 334 sapientiae,
1571 270 1635 320 ut
1667 280 1848 320 anno-

181 353 462 417 sissimis,
486 351 874 421 acutissimis,
897 349 1383 421 ﬂagrantissimis
1402 353 1722 423 cupiditate
1736 355 1852 408 dis-

183 441 367 497 cendi
385 443 497 496 hoc
510 441 1010 512 contingat,quod
1037 439 1249 496 eadem
1268 443 1569 512 Scriptura
1583 443 1850 513 quodam

180 529 324 585 loco
347 531 542 593 habet,
578 532 727 585 Cum
777 530 1273 586 consummaverit
1312 531 1501 595 homo,
1537 537 1678 587 tunc
1706 531 1852 587 inci-

178 621 278 688 pit
304 619 516 688 (Eccli.
551 634 710 681 xviii,
734 618 812 687 6).

260 708 492 763 CAPUT
514 708 579 762 ll.
603 708 735 761 -4.
761 706 877 762 Sed
905 705 1049 778 quid
1075 707 1214 762 hinc
1237 707 1407 778 plura
1428 707 1457 762 ἳ
1480 709 1849 764 Veniendum

178 798 388 869 potius
422 803 513 851 est
544 796 619 851 ad
650 812 776 851 rem
807 812 991 867 quam
1040 797 1310 867 requiris.
1356 797 1458 853 Ubi
1504 799 1761 869 primum
1797 804 1850 854 te

175 885 333 940 scire
363 887 519 952 volo,
540 900 659 940 non
689 885 800 939 hoc
831 884 1052 940 habere
1084 885 1470 941 christianam
1491 887 1846 952 doctrinam,

170 974 349 1046 quod
381 975 464 1030 ita
487 975 562 1029 sit
595 971 995 1030 Deusinfusus
1023 974 1208 1044 carni,
1237 991 1442 1047 quaex
1476 975 1697 1045 virgine
1717 992 1847 1031 nas-

172 1067 434 1127 ceretur,
480 1067 544 1118 ut
583 1079 781 1118 curam
849 1063 1259 1132 gubernanda
1319 1065 1716 1120 universitatis
1761 1065 1850 1120 vel

172 1149 516 1207 deseruerit
550 1151 636 1206 vel
670 1152 954 1216 amiserit,
995 1153 1087 1207 vel
1119 1153 1194 1207 ad
1227 1152 1371 1208 illud
1423 1154 1849 1225 corpusculum

171 1241 352 1312 quasi
386 1245 761 1296 contractam
795 1242 1110 1296 materiam
1143 1241 1849 1314 collectamquetranstu-

170 1329 324 1384 lerit.
363 1330 684 1385 Hominum
719 1331 824 1384 iste
881 1346 1092 1385 sensus
1124 1336 1226 1393 est,
1266 1331 1409 1386 nihil
1454 1332 1567 1386 nisi
1594 1348 1848 1404 corpora

170 1419 509 1473 valentium
543 1419 805 1486 cogitare
839 1435 852 1484 ;
897 1418 1022 1473 sive
1045 1419 1158 1474 ista
1180 1421 1492 1485 crassiora,
1521 1425 1671 1477 sicut
1709 1427 1850 1477 sunt

171 1508 406 1562 humor
437 1512 619 1579 atque
659 1508 901 1568 humus,
931 1509 1052 1562 sive
1105 1509 1436 1574 subtiliora,
1476 1511 1628 1565 sicut
1665 1511 1844 1574 aeris,

171 1602 226 1650 et
259 1596 449 1663 lucis;
485 1597 589 1650 sed
611 1601 809 1651 tamen
829 1612 1103 1667 corpora,
1122 1614 1382 1668 quorum
1401 1598 1630 1653 nullum
1658 1605 1850 1671 potest

169 1701 305 1740 esse
361 1686 586 1756 ubique
633 1691 843 1750 totum,
901 1685 1191 1758 quoniam
1235 1701 1338 1756 per
1382 1688 1847 1744 innumerabiles

169 1779 379 1844 partes
395 1775 558 1828 aliud
575 1773 715 1828 alibi
732 1773 948 1829 habeat
964 1790 1207 1829 necesse
1226 1782 1844 1847 est,etquantumcum

167 1879 292 1934 que
334 1863 408 1917 sil
441 1879 660 1935 corpus
699 1879 802 1918 seu
853 1864 1475 1938 quantulumcumque
1520 1883 1848 1938 corpuscu-

168 1953 325 2013 lum,
365 1951 480 2007 loci
511 1958 761 2022 occupet
782 1953 1066 2023 spatium,
1101 1954 1502 2026 eumdemque
1532 1955 1731 2011 locum
1762 1957 1846 2012 sic

168 2041 451 2112 impleat,
488 2046 548 2096 ut
575 2042 633 2095 in
663 2041 781 2096 ulla
811 2042 939 2112 ejus
966 2050 1129 2112 parte
1161 2043 1232 2097 sit
1259 2048 1467 2098 totum.
1504 2051 1582 2100 Ac
1611 2061 1714 2115 per
1734 2046 1845 2101 hoc

172 2130 430 2184 densari
463 2145 533 2184 ac
566 2145 884 2194 rarescere,
915 2131 1182 2186 contrahi
1208 2137 1262 2186 et
1294 2133 1542 2198 dilatari,
1571 2135 1627 2188 in
1653 2135 1845 2189 minu-

174 2220 294 2274 tias
326 2220 512 2273 deteri
546 2225 601 2274 et
634 2220 1026 2288 grandescere
1059 2220 1115 2273 in
1147 2221 1386 2286 molem,
1422 2238 1537 2277 non
1575 2223 1682 2277 nisi
1719 2239 1844 2278 cor-

165 2323 397 2380 porum
439 2313 544 2362 est.
591 2310 785 2376 Longe
826 2309 986 2363 aliud
1018 2315 1102 2364 est
1143 2311 1358 2364 animae
1404 2319 1617 2367 natura
1657 2328 1840 2383 quam

166 2398 730 2469 corporis:quanto
760 2399 951 2466 magis
981 2398 1100 2467 Dei,
1131 2400 1231 2470 qui
1262 2409 1489 2454 creator
1515 2406 1600 2455 est
1633 2406 1689 2454 et
1719 2402 1842 2456 ani-

167 2503 288 2541 mae
320 2487 665 2556 etcorporis
683 2487 710 2542 ?
729 2491 852 2542 Non
878 2488 958 2541 sic
990 2487 1142 2541 Deus
1163 2488 1378 2544 dicitur
1403 2490 1646 2561 implere
1677 2506 1846 2545 mun-

165 2575 347 2638 dum,
394 2574 557 2630 velut
610 2581 814 2647 atque,
861 2576 1022 2631 velut
1057 2593 1177 2642 aer,
1226 2577 1381 2632 velut
1435 2579 1565 2649 ipsa
1612 2579 1732 2643 lux,
1784 2585 1846 2635 ut

168 2666 412 2719 minore
441 2665 529 2718 sui
563 2670 730 2735 parte
756 2665 1050 2720 minorem
1085 2667 1294 2721 mundi
1319 2668 1562 2738 impleat
1589 2675 1840 2740 partem,

165 2759 220 2808 et
240 2753 486 2822 majore
511 2753 820 2823 majorem.
841 2753 1008 2808 Novit
1032 2754 1251 2826 ubique
1277 2762 1429 2810 totus
1449 2772 1599 2822 esse,
1615 2758 1844 2814 etnullo

166 2843 467 2897 contineri
515 2843 686 2908 loco;
737 2842 898 2897 novit
945 2843 1142 2897 venire
1194 2861 1313 2899 non
1360 2847 1688 2901 recedendo
1744 2847 1845 2902 ubi

168 2936 333 2998 erat;
378 2931 543 2986 novit
575 2931 739 2986 abire
773 2947 890 2986 non
925 2932 1258 2988 deserendo
1290 2950 1410 3005 quo
1438 2941 1699 2991 venerat.

237 3023 299 3074 5.
335 3019 577 3076 Miratur
610 3019 719 3074 hoc
746 3035 915 3074 mens
944 3020 1233 3086 humana,
1263 3027 1318 3077 et
1348 3023 1490 3094 quia
1520 3040 1636 3078 non
1667 3024 1842 3095 capit,

166 3107 428 3163 fortasse
450 3124 558 3162 nec
586 3108 800 3163 credit:
828 3109 1075 3179 seipsam
1095 3110 1366 3181 primitus
1390 3111 1618 3180 ingrata
1643 3114 1658 3148 ¹
1679 3115 1845 3168 mire-

170 3197 574 3268 tur,seipsam
600 3197 932 3267 paululum,
961 3198 1008 3252 si
1032 3205 1242 3270 potest,
1265 3201 1491 3255 attollat
1514 3217 1548 3256 a
1574 3217 1840 3273 corpore,

170 3291 225 3341 et
269 3285 351 3341 ab
389 3287 474 3340 eis
509 3287 686 3341 rebus
722 3303 875 3359 quas
909 3287 1054 3343 solet
1099 3291 1312 3344 sentire
1363 3305 1466 3360 per
1494 3307 1750 3362 corpus;
1791 3297 1845 3347 et

173 3375 381 3430 videat
411 3377 544 3446 ipsa
576 3376 718 3447 quid
763 3378 838 3430 sit
867 3393 1002 3448 quae
1039 3379 1220 3432 utitur
1250 3394 1517 3450 corpore.
1556 3380 1666 3434 Sed
1700 3381 1845 3436 forte

175 3479 295 3520 non
335 3469 529 3535 potest
572 3481 584 3519 :
627 3465 827 3536 magni
861 3467 1083 3537 quippe
1123 3473 1208 3520 est
1239 3467 1480 3536 ingenii,
1511 3474 1573 3524 ut
1603 3469 1683 3524 ait
1713 3471 1847 3541 qui-

174 3553 343 3617 dam,
366 3569 651 3608 sevocare
681 3559 941 3610 mentem
970 3572 1004 3609 a
1027 3556 1318 3621 sensibus,
1339 3563 1392 3612 et
1423 3559 1844 3628 cogitationem

180 3658 213 3697 a
259 3643 702 3697 consuetudine
740 3642 1036 3698 abducere
1078 3646 1325 3715 (Cicero,
1359 3646 1571 3713 Quaest.
1611 3649 1841 3704 Tuscul.

184 3731 282 3785 lib.
317 3736 390 3800 t).
414 3731 587 3801 Ipsos
613 3746 754 3800 ergo
783 3734 1048 3804 corporis
1078 3749 1290 3788 sensus
1317 3736 1626 3806 aliquanto
1652 3738 1846 3792 insue-

179 3820 317 3884 tius,
339 3826 396 3874 et
423 3818 764 3888 vigilantius
793 3827 1208 3890 perscrutetur.
1228 3825 1376 3879 Sunt
1401 3831 1554 3879 certe
1580 3827 1845 3898 quinque

179 3909 380 3980 partiti
413 3910 682 3979 corporis
730 3925 960 3979 sensus,
995 3911 1091 3983 qui
1123 3927 1231 3966 nec
1271 3914 1397 3968 sine
1437 3929 1701 3984 corpore,
1736 3932 1844 3972 nec

178 3997 304 4051 sine
349 3997 559 4052 anima
604 4013 737 4052 esse
769 4006 1020 4068 possunt
1051 4017 1064 4054 :
1097 4001 1241 4071 quia
1281 4017 1474 4072 neque
1515 4004 1730 4058 sentire
1759 4009 1846 4061 est

178 4088 288 4141 nisi
315 4086 776 4157 viventis,quod
801 4088 878 4142 ab
901 4089 1103 4144 anima
1125 4095 1209 4144 est
1228 4091 1489 4161 corpori;
1509 4108 1699 4164 neque
1719 4093 1842 4149 sine

179 4175 485 4246 corporeis
519 4175 944 4241 instrumentis,
981 4183 1034 4231 et
1061 4180 1234 4248 quasi
1266 4179 1425 4233 vasis
1453 4186 1630 4251 atque
1662 4197 1840 4253 orga-

178 4265 268 4318 nis
311 4264 616 4329 videmus,
656 4265 957 4330 audimus,
1000 4268 1349 4336 ceeterisque
1391 4269 1579 4324 tribus
1621 4270 1840 4326 utimur

176 4351 476 4406 sensibus.
507 4351 773 4406 lntendat
804 4353 930 4406 haec
963 4355 1164 4409 anima
1192 4356 1519 4421 rationalis,
1548 4364 1603 4413 et
1629 4375 1841 4414 sensus

177 4441 449 4511 corporis
493 4456 611 4494 non
669 4441 948 4496 sensibus
992 4446 1279 4514 corporis,
1327 4446 1430 4499 sed
1475 4447 1604 4516 ipsa
1645 4455 1840 4503 mente

178 4537 358 4600 atque
394 4530 624 4584 ratione
664 4530 1018 4586 consideret.
1065 4534 1226 4587 Certe
1260 4536 1474 4589 sentire
1504 4534 1686 4590 homo
1718 4553 1838 4591 non

175 4625 393 4689 potest,
428 4617 540 4671 nisi
575 4620 732 4672 vivat
759 4635 770 4685 ;
805 4619 942 4675 vivit
973 4627 1175 4676 autem
1203 4621 1260 4676 in
1289 4639 1483 4687 carne,
1513 4632 1838 4696 antequam

177 4715 366 4762 morte
392 4712 712 4778 utrumque
740 4707 1078 4765 dirimatur.
1102 4712 1418 4775 Quomodo
1436 4714 1617 4782 igitur
1637 4715 1842 4771 anima

175 4811 310 4868 qua:
337 4801 480 4850 sunt
507 4802 673 4850 extra
705 4813 935 4852 carnem
968 4815 1137 4854 suam
1181 4801 1385 4866 sensit,
1426 4817 1561 4872 quae
1603 4805 1840 4860 nonnisi

175 4884 231 4938 in
261 4900 444 4940 carne
469 4900 581 4940 sua
612 4885 1013 4942 vivitiAnnon
1035 4889 1110 4943 ab
1134 4890 1261 4960 ejus
1291 4907 1464 4945 carne
1493 4891 1839 4961 longissime

176 4973 396 5028 absunt
419 4972 616 5028 sidera
640 4973 698 5028 in
727 4975 917 5030 caelo?
938 4991 1140 5031 annon
1165 4978 1223 5032 in
1255 4978 1403 5033 coelo
1434 4978 1588 5033 videt
1610 4979 1838 5034 solem?

174 5065 260 5116 An
292 5061 514 5116 sentire
546 5077 666 5117 non
693 5071 778 5118 est
811 5065 1030 5133 videre,
1055 5083 1189 5121 cum
1222 5068 1293 5121 sit
1324 5069 1382 5122 in
1411 5069 1675 5140 quinque
1708 5085 1841 5124 sen-

175 5151 342 5205 sibus
375 5151 602 5206 casteris
627 5153 1001 5209 excellentior
1031 5156 1196 5210 visus
1220 5157 1246 5210 ‘I
1277 5163 1360 5211 An
1397 5163 1450 5213 et
1483 5159 1535 5211 in
1573 5158 1721 5213 coelo
1763 5159 1839 5213 vi-

174 5241 274 5305 vit,
319 5241 464 5311 quia
504 5244 562 5294 et
600 5241 657 5295 in
707 5242 856 5297 caelo
887 5243 1080 5308 sentit,
1117 5251 1171 5300 et
1215 5262 1430 5300 sensus
1483 5263 1613 5301 esse
1659 5263 1778 5302 non
1815 5252 1836 5284 ³

174 5333 370 5399 potest
401 5329 501 5384 ubi
533 5331 648 5385 vita
670 5347 789 5386 non
819 5339 905 5386 est
927 5331 1056 5387 ‘iAn
1080 5335 1271 5399 sentit,
1298 5341 1352 5390 et
1380 5335 1480 5390 ubi
1514 5352 1634 5391 non
1662 5338 1832 5409 vivit;

239 5456 254 5521 ξ
293 5454 421 5521 ltiss.
453 5468 647 5521 novem
684 5456 948 5521 :Seipsam
981 5460 1225 5520 primitus
1248 5463 1441 5510 mirata
1465 5463 1702 5511 miretur.

237 5515 254 5542 '
290 5517 510 5587 Erasmo
533 5519 706 5587 visum
738 5515 818 5587 est
848 5515 1188 5587 nega-tionem
1215 5523 1302 5572 hic
1323 5526 1666 5587 superﬂuere,
1695 5538 1834 5574 eam-

176 5581 530 5656 queomisere
559 5581 1066 5656 LovaniensesiSed
1093 5587 1290 5635 habent
1313 5581 1435 5640 Mss.
1460 5601 1666 5647 omnes,
1686 5591 1739 5637 et
1766 5587 1833 5637 ad

177 5653 396 5691 sensum
432 5656 797 5695 necessarium
823 5653 1042 5698 omnino
1063 5663 1364 5700 censemus.

1448 127 1945 196 EPISTULARUM
1981 127 2276 193 CLASSIS
2317 131 2410 191 lII.

3515 147 3622 205 518

1963 261 2107 334 quia
2138 275 2274 316 cum
2307 262 2363 315 in
2398 276 2506 316 sua
2535 264 2766 318 tantum
2799 276 2977 321 carne
3019 266 3196 334 vivat,
3230 273 3406 328 sentit
3437 273 3618 330 etiam

1962 350 2021 405 in
2049 349 2144 404 his
2168 349 2336 414 locis,
2368 365 2503 420 quas
2532 356 2744 421 praeter
2782 352 2910 422 ejus
2941 370 3184 412 carnem
3217 362 3521 418 continent
3548 379 3620 418 ea

1962 454 2098 510 quas
2132 440 2316 508 tangit
2341 444 2586 510 aspectu
2603 440 2630 493 ‘I
2650 441 2900 497 Videsne
2922 459 3104 514 quam
3129 446 3242 502 hoc
3276 449 3349 505 sit
3368 450 3620 508 latebro-

1964 543 2099 583 sum
2140 527 2199 581 in
2236 543 2414 582 sensu
2460 533 2583 583 tam
2626 531 2970 602 conspicuo,
2999 534 3102 604 qui
3150 536 3311 591 visus
3361 539 3620 596 dicitur?

1959 617 2206 671 Attende
2234 621 2288 671 et
2313 617 2606 672 auditum.
2633 621 2776 673 Nam
2804 626 2858 674 et
2880 620 3004 691 ipse
3033 639 3095 677 se
3136 624 3293 680 foras
3324 629 3619 698 quodam-

1961 705 2144 760 modo
2175 704 2457 760 diffundit
2486 721 2520 760 a
2551 721 2747 761 carne.
2775 708 2938 764 Unde
2969 712 3127 766 enim
3157 713 3618 782 dicimus,Foris‘

1961 798 2155 861 sonat,
2188 795 2300 848 nisi
2341 794 2420 848 ibi
2455 795 2784 850 sentiamus
2829 797 2929 852 ubi
2962 800 3185 855 sonat?
3225 804 3374 872 Ergo
3407 809 3460 860 et
3501 806 3618 862 illic

1961 886 2127 937 extra
2154 897 2394 939 carnem
2425 889 2690 940 nostram
2727 886 2999 941 vivimus.
3039 891 3126 944 An
3160 893 3373 947 sentire
3403 910 3615 965 possu-

1961 986 2096 1025 mus
2121 976 2178 1026 et
2211 971 2308 1026 ubi
2337 987 2456 1028 non
2485 973 2920 1039 vivimus,cum
2949 992 3160 1033 sensus
3188 980 3315 1036 sine
3342 983 3462 1038 vita
3489 999 3616 1040 esse

1959 1074 2079 1116 non
2107 1063 2340 1132 possit?

2027 1151 2082 1206 6.
2099 1151 2299 1206 Caeteri
2323 1156 2440 1206 tres
2459 1166 2672 1206 sensus
2691 1153 2854 1223 apud
2867 1155 2946 1209 sei
2956 1171 3095 1227 psos
3120 1159 3619 1234 sentiunt,quam-

1964 1238 2044 1293 vis
2076 1241 2149 1294 de
2180 1238 2399 1295 olfactu
2435 1246 2761 1312 utcumque
2796 1245 2980 1312 possit
3007 1245 3289 1303 dubitari.
3328 1251 3404 1306 De
3435 1258 3616 1320 gustu

1958 1333 2156 1383 autem
2185 1333 2363 1399 atque
2398 1333 2557 1384 tactu
2589 1330 2750 1386 nulla
2779 1335 3189 1391 controversia
3221 1344 3326 1403 est,
3351 1341 3515 1410 quod
3547 1358 3616 1399 ea

1957 1433 2091 1488 quia
2132 1425 2444 1486 gustamus
2493 1426 2548 1473 et
2589 1422 2912 1487 tangimus,
2959 1437 3078 1478 non
3120 1425 3262 1480 alibi
3317 1443 3504 1498 quam
3556 1431 3613 1485 in

1957 1521 2135 1560 carne
2167 1513 2369 1561 nostra
2399 1507 2712 1562 sentimus.
2746 1511 2996 1565 Proinde
3027 1511 3119 1566 isti
3152 1519 3266 1568 tres
3295 1533 3503 1571 sensus
3538 1521 3615 1574 ab

1955 1594 2069 1650 hac
2091 1596 2566 1650 consideratione
2597 1606 3038 1653 semoveantur.
3063 1601 3226 1655 Visus
3256 1605 3614 1678 auditusque

1958 1683 2213 1738 atferunt
2263 1684 2598 1739 mirabilem
2651 1688 3094 1756 quaestionem;
3148 1697 3251 1746 aut
3306 1696 3616 1764 quomodo

1958 1773 2162 1827 anima
2188 1774 2401 1828 sentiat
2427 1773 2526 1828 ubi
2553 1788 2673 1828 non
2695 1775 2854 1840 vivit,
2881 1780 3307 1848 autquomodo
3333 1782 3486 1839 vivat
3515 1784 3617 1840 ubi

1955 1876 2074 1916 non
2124 1867 2232 1916 est.
2267 1861 2466 1932 Neque
2499 1863 2655 1917 enim
2687 1865 2796 1917 nisi
2832 1865 2888 1918 in
2939 1881 3117 1921 carne
3149 1885 3257 1925 sua
3295 1876 3410 1938 est;
3444 1873 3617 1929 sentit

1954 1955 2155 2004 autem
2186 1950 2365 2005 etiam
2395 1957 2608 2021 praeter
2637 1966 2878 2007 carnem
2910 1969 3104 2010 suam.
3127 1955 3210 2011 lbi
3238 1960 3460 2030 quippe
3485 1977 3616 2016 sen-

1955 2037 2020 2092 tit
2056 2037 2154 2092 ubi
2185 2039 2380 2103 videt;
2416 2038 2559 2110 quia
2598 2045 2654 2093 et
2687 2039 2884 2095 videre
2918 2045 3134 2098 sentire
3163 2050 3254 2099 est
3285 2063 3298 2100 :
3329 2047 3410 2102 ibi
3442 2050 3616 2104 sentit

1955 2127 2056 2182 ubi
2089 2127 2287 2191 audit;
2325 2128 2468 2198 quia
2505 2133 2560 2181 et
2601 2128 2830 2194 audire,
2865 2131 3078 2187 sentire
3110 2140 3218 2191 est.
3246 2138 3360 2190 Aut
3388 2151 3532 2206 ergo
3559 2142 3614 2193 et

1952 2215 2034 2270 ibi
2067 2217 2206 2270 vivit
2233 2235 2247 2283 ;
2280 2231 2350 2270 ac
2377 2231 2482 2285 per
2521 2215 2632 2271 hoc
2668 2219 2841 2272 etiam
2872 2225 2927 2273 et
2958 2219 3038 2274 ibi
3069 2227 3190 2287 est;
3224 2231 3326 2279 aut
3356 2226 3529 2281 sentit
3558 2231 3614 2281 et

1952 2304 2056 2359 ubi
2087 2320 2206 2359 non
2235 2305 2412 2369 vivit;
2442 2311 2544 2359 aut
2581 2305 2719 2361 vivit
2749 2311 2804 2361 et
2837 2308 2936 2362 ubi
2969 2324 3090 2364 non
3122 2317 3227 2366 est.
3257 2316 3386 2368 Haec
3407 2315 3615 2370 omnia

1953 2396 2105 2449 mira
2135 2401 2302 2459 sunt;
2336 2393 2480 2448 nihil
2511 2392 2728 2449 horum
2753 2396 3038 2452 afﬁrmari
3067 2401 3192 2455 sine
3222 2403 3488 2473 quadam
3519 2421 3612 2460 ve-

1949 2483 2036 2539 lut
2067 2481 2434 2538 absurditate
2463 2489 2657 2553 potest
2684 2501 2700 2537 :
2731 2490 2787 2540 et
2815 2485 2888 2540 de
2916 2503 3096 2542 sensu
3130 2488 3436 2562 loquimur
3462 2509 3615 2549 mor-

1953 2573 2151 2628 ticino.
2188 2571 2338 2638 Quid
2373 2572 2548 2640 igitur
2575 2577 2662 2627 est
2693 2574 2822 2645 ipsa
2851 2575 3074 2642 anima,
3109 2585 3321 2648 praeter
3350 2584 3615 2652 corporis

1954 2677 2219 2725 sensum,
2241 2660 2298 2714 id
2326 2660 2486 2715 estin
2515 2667 2708 2717 mente
2739 2679 2860 2732 qua
2883 2664 2993 2720 ista
3010 2667 3395 2724 considerat?
3416 2674 3615 2743 Neque

1953 2751 2112 2805 enim
2161 2766 2342 2804 sensu
2386 2750 2673 2820 corporis,
2723 2752 2797 2805 de
2842 2753 2985 2824 ipsis
3029 2758 3296 2812 sensibus
3349 2761 3614 2831 corporis

1946 2839 2196 2910 judicat.
2227 2841 2292 2893 Et
2317 2845 2600 2909 putamus
2632 2839 2807 2894 nobis
2829 2841 2903 2895 de
2932 2845 3368 2914 omnipotentia
3401 2849 3498 2904 Dei
3531 2851 3615 2904 in-

1953 2926 2231 2983 credibile
2261 2927 2377 2981 dici
2409 2927 2658 2998 aliquid,
2678 2943 2813 2982 cum
2843 2929 3057 2985 dicitur
3080 2933 3338 2989 Verbum
3373 2937 3614 3009 Dei,per

1951 3016 2116 3087 quod
2140 3016 2345 3070 omnia
2378 3015 2532 3070 facta
2564 3021 2720 3081 sunt,
2745 3017 2826 3071 sic
2857 3022 3260 3091 assumpsisse
3291 3036 3508 3095 corpus
3541 3042 3612 3082 ex

1954 3105 2201 3175 virgine,
2233 3109 2288 3158 et
2317 3103 2591 3159 sensibus
2622 3106 2974 3176 apparuisse
3006 3109 3381 3178 mortalibus,
3411 3118 3471 3168 ut
3501 3114 3613 3170 im-

1953 3193 2370 3249 mortalitatem
2402 3210 2576 3248 suam
2609 3210 2728 3249 non
2753 3197 3102 3268 corruperit,
3132 3204 3190 3253 ut
3221 3202 3611 3260 aeternitatem

1954 3298 2074 3338 non
2141 3284 2474 3350 mutaverit,
2524 3290 2585 3337 ut
2633 3290 2991 3354 potestatem
3031 3302 3152 3342 non
3202 3289 3500 3356 minuerit,
3553 3299 3615 3348 ut

1952 3371 2530 3427 administrationem
2568 3373 2772 3426 mundi
2808 3389 2928 3428 non
2956 3375 3300 3442 deseruerit,
3331 3386 3452 3435 uta
3479 3382 3611 3436 sinu

1954 3461 2155 3524 Patris,
2187 3461 2242 3514 id
2273 3467 2360 3516 est
2391 3478 2424 3516 a
2453 3467 2701 3527 secreto,
2735 3477 2858 3533 quo
2894 3479 3029 3520 cum
3065 3465 3164 3521 illo
3195 3471 3252 3522 et
3282 3467 3342 3524 in
3374 3468 3473 3526 illo
3503 3475 3611 3536 est,

1953 3564 2073 3605 non
2101 3549 2440 3605 recesserit!

2023 3647 2074 3694 7.
2118 3640 2378 3695 Verbum
2414 3641 2510 3694 Dei
2542 3641 2623 3695 sic
2655 3641 2930 3711 intellige,
2959 3659 3064 3714 per
3093 3645 3258 3716 quod
3287 3647 3440 3704 facta
3472 3657 3611 3706 sunt

1952 3730 2177 3794 omnia,
2207 3745 2328 3784 non
2370 3735 2432 3783 ut
2471 3729 2600 3798 ejus
2636 3731 2880 3785 transire
2921 3732 3147 3802 aliquid
3179 3737 3417 3803 cogites,
3453 3744 3509 3792 et
3537 3755 3610 3795 ex

1951 3817 2147 3874 futuro
2181 3818 2541 3888 praeteritum
2576 3817 2719 3872 ﬁeri.
2750 3821 2937 3874 Manet
2968 3822 3140 3876 sicuti
3161 3829 3271 3886 est,
3302 3831 3357 3880 et
3385 3828 3608 3898 ubique

1953 3911 2141 3961 totum
2173 3912 2280 3961 est.
2315 3906 2483 3960 Venit
2515 3913 2709 3960 autem
2743 3923 2879 3962 cum
2915 3909 3350 3978 manifestatur,
3381 3920 3434 3968 et
3469 3931 3605 3970 cum

1951 3996 2280 4052 occultatur
2300 3995 2591 4050 abscedit.
2607 3995 2790 4051 Adest
2807 4001 3000 4053 tamen
3017 3998 3137 4054 sive
3158 4002 3460 4059 occultum
3483 4004 3606 4062 sive

1950 4084 2359 4148 manifestum,
2394 4083 2546 4138 sicut
2583 4083 2685 4138 lux
2723 4083 2893 4140 adest
2921 4086 3108 4142 oculis
3142 4094 3200 4144 et
3243 4089 3516 4157 videntis,
3551 4097 3610 4151 et

1951 4175 2089 4229 caeci
2110 4191 2122 4228 :
2144 4173 2245 4227 sed
2270 4171 2484 4227 videnti
2507 4171 2675 4227 adest
2708 4188 2986 4243 praesens,
3013 4191 3173 4232 caeco
3195 4194 3331 4234 vero
3357 4180 3606 4238 absens.

1949 4267 2128 4318 Adest
2153 4271 2208 4318 et
2232 4277 2348 4316 vox
2373 4261 2754 4316 audientibus
2777 4263 3042 4328 auribus,
3070 4265 3242 4321 adest
3271 4268 3452 4325 etiam
3481 4289 3608 4327 sur-

1949 4352 2040 4407 dis
2071 4352 2208 4407 :sed
2244 4351 2354 4405 illis
2380 4355 2562 4421 patet,
2594 4351 2738 4405 istas
2764 4350 2921 4406 latet.
2953 4354 3102 4417 Quid
3135 4361 3333 4411 autem
3363 4359 3608 4416 mirabi-

1947 4441 2064 4497 lius
2097 4456 2282 4511 quam
2315 4439 2373 4494 id
2404 4439 2569 4509 quod
2603 4439 2820 4493 accidit
2850 4441 2909 4494 in
2941 4442 3192 4497 vocibus
3223 4447 3439 4500 nostris
3473 4464 3604 4504 ver-

1948 4530 2162 4599 bisque
2190 4527 2640 4594 sonantibus,in
2668 4542 2726 4580 re
2749 4527 2966 4583 scilicet
2985 4531 3200 4600 raptim
3227 4535 3605 4592 transitoria?

1949 4622 2094 4674 Cum
2127 4616 2284 4670 enim
2316 4614 2638 4684 loquimur,
2674 4629 2747 4668 ne
2778 4617 3054 4671 secundm
3085 4619 3329 4688 quidem
3357 4623 3604 4693 syllaba

1947 4708 2116 4762 locus
2147 4708 2254 4767 est,
2283 4703 2398 4757 nisi
2428 4702 2619 4773 prima
2647 4718 2860 4758 sonare
2886 4705 3214 4773 destiterit;
3236 4714 3293 4764 et
3323 4715 3525 4768 tamen
3557 4715 3605 4771 si

1951 4811 2107 4851 unus
2138 4793 2290 4848 adsit
2319 4791 2575 4859 auditor,
2607 4795 2796 4846 totum
2827 4793 2996 4849 audit
3022 4797 3187 4867 quod
3219 4797 3512 4868 dicimus;
3545 4809 3605 4860 et

1948 4886 1997 4940 si
2029 4885 2150 4938 duo
2191 4881 2407 4946 adsint,
2442 4882 2816 4936 tantumdem
2857 4883 3041 4938 ambo
3072 4885 3322 4942 audiunt
3352 4891 3516 4960 quod
3547 4896 3603 4948 et

1949 4972 2198 5042 singulis
2229 4976 2416 5026 totum
2450 4976 2573 5036 est;
2610 4973 2668 5024 et
2707 4971 2756 5023 si
2797 4972 3000 5026 audiat
3043 4974 3357 5032 multitudo
3400 4979 3600 5044 silens,

1947 5078 2068 5118 non
2102 5063 2250 5116 inter
2279 5075 2340 5113 se
2373 5058 2771 5130 particulatim
2812 5062 3228 5117 comminuunt
3257 5080 3438 5120 sonos
3470 5072 3600 5122 tan-

1945 5167 2128 5224 quam
2176 5149 2364 5213 cibos,
2413 5146 2517 5202 sed
2561 5163 2739 5202 omne
2788 5150 2954 5219 quod
3003 5157 3176 5205 sonat
3223 5157 3278 5205 et
3315 5155 3601 5211 omnibus

1948 5245 2136 5298 totum
2165 5244 2341 5302 est,et
2363 5236 2613 5305 singulis
2639 5241 2848 5291 totum.
2878 5237 3172 5307 ltanejam
3196 5255 3316 5295 non
3346 5242 3485 5298 illud
3511 5252 3600 5302 est

1944 5331 2143 5402 potius
2183 5324 2549 5390 incredibile,
2607 5325 2654 5378 si
2697 5325 2947 5379 verbum
2996 5327 3255 5383 hominis
3305 5334 3598 5389 transiens

1943 5418 2108 5491 quod
2131 5415 2369 5471 exhibet
2390 5413 2656 5477 auribus,
2684 5412 2938 5468 Verbum
2967 5414 3065 5468 Dei
3088 5432 3448 5486 permanens
3475 5439 3596 5480 non

1943 5505 2247 5563 exhiberet
2291 5503 2471 5558 rebus
2521 5504 2563 5569 ¹,
2596 5506 2658 5556 ut
2704 5503 3223 5573 quemadmodum
3265 5508 3378 5565 hoc
3419 5513 3598 5570 simul

2003 5648 2016 5674 ι
2055 5644 2111 5693 In
2139 5642 2285 5708 prius
2302 5640 2511 5692 excusis
2528 5639 2824 5704 legebatur:
2850 5642 2995 5704 Quod
3024 5645 3287 5700 «hibetur
3302 5652 3583 5707 auribus...
