4074 6164
520 127 626 182 519

518 250 758 307 auditur
782 267 817 307 a
845 248 1095 319 singulis
1123 247 1297 303 etiam
1332 248 1541 311 totum,
1566 245 1644 302 ita
1671 244 1816 301 illud
1844 244 2015 301 simul
2047 242 2169 298 ubi-

519 357 637 414 que
671 342 741 396 sit
770 340 1001 396 totum?

589 434 640 486 8.
671 430 795 485 Non
814 430 1009 499 itaque
1030 425 1418 480 metuendum
1434 424 1961 495 estcorpusculum
1977 420 2168 477 infan-

521 521 631 586 tia,
662 535 733 574 ne
764 521 822 573 in
851 517 949 571 illo
983 521 1176 570 tantas
1208 516 1224 550 ί
1256 513 1410 570 Deus
1447 516 1755 583 angustias
1786 529 2000 584 passus
2035 525 2164 565 esse

514 609 804 663 videatur.
823 609 1018 677 Neque
1037 605 1196 659 enim
1225 603 1399 670 mole,
1435 604 1541 658 sed
1563 604 1770 658 virtute
1797 618 2054 671 magnus
2076 604 2166 655 est

515 697 668 752 Deus
699 715 710 762 ;
748 695 849 767 qui
883 693 1257 766 providentia
1288 709 1396 749 sua
1425 693 1728 748 meliorem
1771 707 2018 747 sensum
2053 690 2163 745 for-

514 784 747 840 miculis
787 789 842 839 et
871 783 1123 855 apiculis
1154 782 1317 837 dedit
1347 798 1532 853 quam
1562 780 1750 837 asinis
1783 785 1839 835 et
1870 779 2112 835 camelis
2147 796 2159 845 ;

514 875 612 946 qui
630 891 700 929 ex
720 889 906 944 grano
937 871 1338 926 minutissimo
1366 871 1608 925 seminis
1637 874 1865 925 tantam
1893 868 2163 923 ﬁculnea

515 963 750 1019 arboris
781 961 1253 1032 magnitudinem
1276 966 1455 1029 creat,
1488 975 1624 1014 cum
1653 974 1723 1014 ex
1759 958 1942 1014 multo
1976 959 2163 1028 majo-

513 1053 682 1108 ribus
713 1051 1043 1106 seminibus
1095 1049 1270 1118 longe
1305 1049 1535 1103 minora
1586 1049 1767 1102 multa
1793 1052 2113 1102 nascantur
2144 1063 2159 1111 ;

515 1141 616 1213 qui
640 1139 922 1211 pupillam
954 1145 1074 1194 tam
1100 1153 1350 1209 parvam
1374 1136 1735 1201 ditavitacie,
1762 1152 1880 1207 qua
1901 1151 2004 1206 per
2025 1150 2163 1190 ocu-

513 1231 602 1285 los
641 1231 953 1293 emicante,
980 1228 1038 1282 in
1067 1227 1185 1282 ictu
1216 1226 1499 1298 temporis
1531 1226 1746 1280 calum
1781 1241 1960 1296 prope
1986 1223 2160 1278 dimi-

515 1319 681 1374 dium
728 1317 1075 1372 lustraretur
1107 1334 1120 1383 ;
1149 1316 1251 1387 qui
1293 1331 1364 1369 ex
1406 1322 1629 1385 puncto
1663 1317 1718 1368 et
1747 1315 1921 1384 quasi
1957 1317 2160 1367 centro

513 1408 758 1471 cerebri,
803 1423 1013 1461 sensus
1049 1421 1257 1459 omnes
1289 1404 1564 1474 quinaria
1615 1402 2027 1457 distributione
2053 1400 2164 1455 dif-

513 1496 712 1553 fundit
753 1511 764 1560 ;
798 1495 899 1566 qui
932 1493 1130 1557 corde,
1167 1493 1436 1546 membro
1478 1496 1600 1546 tam
1650 1491 1883 1560 exiguo,
1927 1489 2160 1544 vitalem

516 1589 745 1639 motum
780 1599 882 1654 per
911 1582 1175 1652 corporis
1210 1586 1423 1635 cuncta
1468 1579 1774 1650 dispensat
1808 1596 1820 1633 :
1854 1579 1951 1633 his
1985 1583 2162 1649 atque

514 1671 860 1742 hujusmodi
886 1670 1065 1725 rebus
1091 1669 1404 1724 insinuans
1428 1683 1649 1736 magna
1663 1669 1734 1721 de
1751 1667 2035 1732 minimis,
2059 1667 2160 1738 qui

516 1777 636 1817 non
652 1766 733 1815 est
763 1776 980 1832 parvus
1001 1759 1058 1813 in
1083 1758 1301 1829 parvis.
1330 1758 1462 1827 ipsa
1485 1759 1643 1811 enim
1682 1756 2032 1824 magnitudo
2057 1756 2161 1809 vir-

514 1849 655 1906 tutis
677 1849 824 1919 ejus,
872 1864 1004 1919 qua
1032 1847 1224 1902 nullas
1255 1846 1312 1900 in
1341 1851 1595 1916 angusto
1628 1845 1802 1900 sentit
1831 1844 2162 1914 angustias,

516 1943 750 1993 uterum
805 1936 1154 2007 virginalem
1201 1951 1322 1990 non
1371 1935 1712 2000 adventitio,
1748 1935 1849 1988 sed
1883 1934 2166 2003 indigena

514 2028 827 2099 puerperio
843 2024 1184 2080 fecundavit
1201 2042 1212 2076 :
1229 2025 1359 2095 ipsa
1373 2023 1484 2078 sibi
1502 2023 1767 2078 animam
1787 2024 2159 2089 rationalem,

514 2121 570 2172 et
603 2131 708 2188 per
731 2115 942 2170 eadem
970 2115 1148 2169 etiam
1189 2128 1406 2182 corpus
1447 2113 1803 2178 humanum,
1855 2116 2164 2183 totumque

513 2205 761 2262 omnino
774 2205 1081 2260 hominem
1097 2202 1154 2256 in
1172 2201 1382 2256 melius
1402 2201 1779 2264 mutandum,
1796 2201 1958 2256 nullo
1983 2202 2163 2257 modo

512 2294 574 2349 in
605 2292 866 2348 deterius
901 2296 1128 2347 mutata
1161 2290 1460 2360 coaptavit
1495 2305 1752 2355 ;nomen
1777 2289 2164 2344 humanitatis

512 2382 589 2439 ab
613 2397 683 2437 eo
711 2381 1030 2450 dignanter
1051 2393 1389 2442 assumens,
1407 2378 1730 2433 divinitatis
1744 2378 1792 2431 ei
1811 2378 2047 2448 largiter
2071 2379 2163 2433 tri-

511 2470 728 2526 buens.
762 2471 898 2541 Ipsa
936 2469 1122 2522 virtus
1154 2483 1257 2538 per
1297 2467 1594 2521 inviolata
1651 2467 1853 2521 matrsi
1901 2467 2162 2537 virginea

513 2561 763 2625 viscera,
815 2557 1081 2612 membra
1112 2556 1354 2612 infantis
1394 2555 1614 2620 eduxit,
1648 2571 1796 2626 qua,
1829 2561 2032 2626 postea
2063 2571 2164 2627 per

513 2647 720 2703 clausa
733 2647 883 2702 ostia
900 2644 1414 2715 membrajuvenis
1428 2644 1747 2698 introduxit
1761 2644 2162 2714 (Joan.xx,26)

514 2735 615 2790 Hic
630 2736 676 2789 si
691 2735 842 2790 ratio
859 2734 1166 2805 quaritur,
1184 2749 1301 2788 non
1320 2732 1428 2788 erit
1443 2731 1740 2788 mirabile:
1760 2732 1804 2785 si
1824 2732 2160 2804 exemplum

512 2825 795 2897 poscitur,
829 2839 947 2879 non
976 2823 1082 2878 erit
1113 2821 1435 2892 singulare.
1477 2823 1692 2875 Demus
1717 2822 1898 2876 Deum
1937 2821 2160 2893 aliquid

510 2929 712 2986 posse,
754 2912 917 2984 quod
950 2927 1058 2966 nos
1086 2911 1380 2967 fateamur
1404 2911 1758 2979 investigare
1807 2926 1926 2965 non
1964 2927 2157 2982 posse.

513 3005 576 3058 1n
591 3002 808 3058 talibus
825 3000 1003 3056 rebus
1025 3005 1144 3056 tota
1157 3001 1306 3055 ratio
1326 2999 1563 3056 factiest
1589 3001 1853 3070 potentia
1874 2999 2157 3058 facientis.

584 3091 808 3149 CAPUT
839 3091 929 3145 ΙΙΙ.
967 3123 1031 3131 —
1055 3094 1105 3146 9.
1139 3093 1269 3146 lam
1297 3089 1462 3156 illud,
1491 3089 1655 3162 quod
1688 3090 1745 3144 in
1773 3105 2016 3145 somnos
2043 3091 2158 3146 sol-

510 3183 683 3238 vitur.
706 3187 761 3236 et
787 3180 921 3236 cibo
949 3180 1440 3244 alitur,etomnes
1465 3178 1764 3233 humanos
1790 3180 1964 3234 sentit
1988 3180 2160 3235 aﬂ‘ec-

511 3277 629 3336 tus,
677 3270 981 3326 hominem
1037 3268 1359 3339 persuadet
1400 3267 1766 3331 hominibus,
1813 3283 1993 3338 quem
2040 3285 2157 3325 non

509 3359 891 3429 consumpsit
942 3357 1165 3427 utique,
1215 3357 1318 3410 sed
1369 3356 1712 3426 assumpsit.
1751 3359 1893 3411 Ecce
1925 3359 2006 3410 sic
2041 3358 2158 3414 fac-

510 3454 634 3504 tum
662 3454 747 3502 est
782 3464 796 3513 ;
838 3452 891 3501 et
918 3451 1115 3501 tamen
1149 3445 1398 3516 quidam
1437 3445 1717 3510 haretici,
1753 3461 2021 3516 perverse
2051 3449 2160 3502 mi-

508 3536 699 3592 rando
717 3534 1144 3605 laudandaque
1167 3534 1295 3603 ejus
1319 3535 1612 3601 virtutem,
1649 3540 1924 3588 naturam
1950 3535 2156 3591 huma-

509 3641 650 3681 nam
715 3625 774 3679 in
807 3640 876 3679 eo
921 3639 1167 3694 prorsus
1209 3637 1530 3691 agnoscere
1560 3622 1896 3690 noluerunt,
1932 3624 2030 3679 ubi
2072 3631 2159 3681 est

512 3714 708 3771 omnis
737 3715 938 3786 gratia
969 3711 1437 3775 commendatio,
1485 3727 1606 3783 quo
1639 3711 1836 3768 salvos
1867 3712 2004 3768 facit
2038 3730 2156 3769 cre-

506 3805 713 3860 dentes
758 3804 814 3858 in
875 3818 958 3866 se,
1008 3801 1340 3874 profundos
1393 3801 1703 3856 thesauros
1762 3802 2064 3872 sapientia
2103 3807 2159 3858 et

507 3893 764 3949 scientia
797 3892 1126 3956 continens,
1166 3895 1221 3946 et
1250 3890 1367 3945 fide
1403 3894 1629 3945 mentes
1656 3889 1954 3955 imbuens,
2004 3908 2156 3963 quas

508 3985 582 4040 ad
614 3989 898 4039 aternam
931 3980 1492 4050 contemplationem
1535 3980 1792 4034 veritatis
1831 3981 2159 4037 incommu-

506 4072 703 4127 tabilis
720 4070 1026 4142 provehat.
1054 4069 1201 4133 Quid
1223 4069 1267 4122 si
1293 4068 1682 4137 Omnipotens
1701 4069 2005 4125 hominem
2031 4072 2157 4126 ubi-

508 4174 767 4230 cumque
799 4157 1123 4213 formatum
1155 4171 1274 4210 non
1303 4171 1374 4210 ex
1407 4161 1676 4210 materno
1714 4163 1878 4212 utero
1910 4165 2153 4228 crearet,

510 4247 612 4303 sed
636 4245 1013 4318 repentinum
1038 4244 1276 4299 inferret
1303 4243 1644 4315 aspectibus
1669 4244 1695 4298 ‘I
1725 4245 1869 4315 quid
1897 4246 1943 4300 si
1965 4247 2156 4302 nullas

508 4354 578 4393 ex
611 4335 864 4409 parvulo
889 4335 948 4390 in
975 4335 1284 4405 juventam
1313 4337 1565 4388 mutaret
1596 4339 1818 4402 atates,
1851 4335 2047 4390 nullos
2079 4337 2157 4391 ci-

505 4427 638 4495 bos,
663 4425 858 4481 nulios
873 4428 1112 4495 caperet
1125 4438 1373 4478 somnos
1389 4420 1636 4477 ?Nonne
1657 4423 2001 4493 opinionem
2017 4441 2156 4482 con-

504 4517 772 4572 ﬁrmaret
801 4513 1036 4583 erroris,
1080 4529 1190 4568 nec
1221 4512 1524 4568 hominem
1574 4528 1782 4568 verum
1824 4515 2155 4586 suscepisse

506 4605 626 4661 ullo
668 4604 851 4660 modo
892 4603 1228 4658 crederetur
1263 4624 1274 4667 ;
1314 4606 1370 4657 et
1399 4601 1545 4656 dum
1573 4604 1777 4658 omnia
1807 4603 2156 4660 mirabiliter

505 4694 663 4759 facit,
697 4693 952 4749 auferret
977 4692 1138 4763 quod
1173 4691 1626 4747 misericorditer
1653 4691 1837 4747 fecit?
1869 4696 2033 4748 Nunc
2065 4711 2154 4748 ve-

503 4799 570 4840 ro
593 4783 672 4839 ita
702 4783 851 4838 inter
875 4782 1062 4836 Deum
1085 4786 1136 4836 et
1165 4781 1440 4837 homines
1461 4782 1752 4836 mediator
1772 4783 2070 4854 apparuit,
2095 4789 2154 4840 ut

501 4874 562 4930 in
591 4875 810 4928 unitate
843 4886 1113 4943 persona
1144 4870 1434 4941 copulaus
1484 4876 1798 4942 utramque
1850 4877 2150 4938 naturam,

504 4971 558 5020 et
609 4962 785 5018 solita
841 4959 1190 5015 sublimaret
1243 4957 1519 5027 insolitis,
1575 4965 1630 5014 et
1680 4959 1920 5014 insolita
1970 4959 2153 5015 solitis

504 5055 880 5124 temperaret.

579 5144 657 5196 tO.
694 5141 846 5207 Quid
871 5143 1070 5194 autem
1103 5151 1220 5192 non
1250 5137 1467 5191 mirum
1498 5135 1633 5192 facit
1677 5139 1828 5191 Deus
1855 5137 1914 5192 in
1956 5137 2152 5192 omni-

500 5229 614 5285 bus
632 5237 914 5285 creatura
945 5227 1227 5291 motibus,
1263 5226 1372 5280 nisi
1399 5225 1830 5280 consuetudine
1857 5227 2152 5296 quotidia-

503 5335 582 5374 na
628 5320 922 5375 viluissent
971 5321 982 5375 l
1038 5317 1302 5388 Denique
1331 5331 1516 5387 quam
1560 5315 1747 5370 multa
1789 5318 2003 5371 usitata
2036 5316 2150 5371 cal-

502 5414 732 5473 cantur,
767 5425 902 5480 qua
934 5405 1306 5463 considerata
1329 5409 1646 5474 stupentur
1681 5407 1690 5461 l
1728 5405 1875 5460 sicut
1905 5406 2036 5477 ipsa
2065 5408 2149 5461 vis

501 5528 606 5563 non
635 5514 894 5561 exhibetur
928 5515 1097 5562 rebus.
1137 5515 1202 5560 At
1235 5514 1287 5561 in
1319 5512 1569 5562 omnibus
1603 5525 1764 5575 prope
1797 5512 1914 5562 Mss.
1955 5529 1966 5562 :
2010 5513 2153 5573 Quod

505 5575 700 5626 exhibet
736 5576 1015 5628 auribus...
1048 5589 1154 5622 non
1185 5575 1435 5623 exhiberet
1461 5575 1624 5624 rebus.

570 5641 584 5671 ¹
614 5635 993 5687 Novemdecim
1026 5637 1173 5693 Mss.,
1212 5641 1400 5686 tantus.

1803 119 1862 175 s.
1899 114 2280 174 AUGUSTINI
2323 113 2642 172 EPISCOPI
3791 128 3887 185 520

2277 241 2599 307 seminum,
2629 257 2781 313 quos
2804 256 3089 298 numeros
3125 241 3320 309 habet,
3352 252 3407 302 et
3449 262 3632 319 quam
3657 251 3890 320 vivaces,

2271 347 2457 403 quam
2489 331 2784 396 efﬁcaces,
2827 348 3012 404 quam
3038 332 3286 390 latenter
3318 341 3610 407 potentes,
3642 357 3814 412 quam
3841 345 3893 399 in

2273 435 2459 490 parvo
2508 436 2728 490 magna
2761 422 3094 488 molientes,
3141 423 3276 494 quis
3306 424 3485 481 adeat
3533 427 3748 496 animo,
3777 433 3894 504 quis

2271 513 2512 579 promat
2543 509 2781 582 eloquio
2811 509 2838 564 ‘i
2869 510 2965 565 Ille
2998 511 3177 581 igitur
3204 512 3315 568 sibi
3347 514 3650 572 hominem
3680 519 3797 575 sine
3825 539 3898 577 se-

2272 598 2431 652 mine
2462 604 2741 669 operatus
2771 604 2878 663 est,
2909 601 3011 672 qui
3044 601 3103 655 in
3126 617 3323 656 rerum
3357 608 3570 659 natura
3596 605 3718 662 sine
3745 612 3899 665 semi-

2272 685 2448 743 nibus
2469 693 2749 758 operatur
2769 695 2824 743 et
2850 689 3101 744 semina.
3119 690 3214 745 Ille
3236 690 3293 744 in
3315 707 3425 747 suo
3449 709 3692 765 corpore
3716 712 3900 755 nume-

2269 791 2368 831 ros
2406 780 2741 847 temporum
2777 793 3209 850 mensurasque
3239 783 3497 837 servavit
3526 788 3779 850 atatum,
3809 787 3899 858 qui

2271 865 2398 920 sine
2421 865 2540 920 ulla
2554 866 2644 920 sui
2662 867 3055 922 mutabilitate
3070 869 3359 924 mutando
3383 873 3900 931 contexitordinem

2270 953 2648 1010 saculorum.
2669 954 2785 1010 Hoc
2805 955 2965 1010 enim
2997 956 3179 1011 crevit
3206 957 3264 1011 in
3290 963 3579 1030 tempore,
3614 962 3769 1032 quod
3797 979 3902 1018 ca-

2270 1042 2350 1113 pit
2369 1059 2440 1097 ex
2455 1048 2742 1115 tempore.
2761 1045 3013 1100 Verbum
3031 1052 3228 1101 autem
3243 1047 3300 1100 in
3316 1048 3629 1120 principio,
3649 1065 3746 1121 per
3757 1053 3901 1124 quod

2269 1131 2425 1188 facta
2455 1137 2589 1188 sunt
2620 1138 2912 1204 tempora,
2935 1139 3168 1204 tempus
3199 1135 3372 1207 elegit
3403 1138 3568 1209 quod
3602 1141 3902 1212 susciperet

2270 1236 2534 1284 carnem,
2550 1237 2669 1277 non
2691 1224 2940 1293 tempori
2963 1224 3134 1278 cessit
3159 1228 3219 1278 ut
3241 1231 3567 1281 verteretur
3587 1227 3645 1281 in
3660 1244 3898 1285 carnem.

2271 1312 2458 1364 Homo
2484 1310 2706 1382 quippe
2733 1313 2854 1367 Deo
2879 1313 3150 1377 accessit,
3177 1328 3297 1368 non
3326 1314 3480 1369 Deus
3508 1331 3544 1370 a
3573 1332 3633 1371 se
3660 1320 3899 1374 recessit.

2348 1404 2427 1452 lt.
2463 1401 2554 1454 Sic
2580 1405 2780 1455 autem
2813 1401 3062 1472 quidam
3096 1402 3261 1456 reddi
3292 1402 3402 1457 sibi
3435 1405 3719 1460 rationem
3753 1407 3902 1475 ﬂagi-

2270 1491 2412 1556 tant,
2438 1489 2746 1557 quomodo
2784 1492 2932 1543 Deus
2963 1489 3192 1544 homini
3225 1492 3559 1561 permixtus
3591 1495 3679 1560 sit,
3713 1503 3768 1549 ut
3799 1513 3902 1552 una

2269 1575 2432 1631 ﬁeret
2456 1593 2715 1647 persona
2743 1579 3130 1644 Christi,cum
3157 1581 3269 1634 hoc
3292 1581 3482 1635 semel
3506 1580 3629 1636 ﬁeri
3656 1590 3902 1653 oportue-

2269 1665 2368 1734 rit;
2393 1665 2564 1736 quasi
2591 1667 2878 1721 rationem
2904 1668 3013 1737 ipsi
3038 1669 3289 1723 reddant
3317 1669 3390 1723 de
3418 1686 3480 1725 re
3506 1686 3640 1742 qua
3667 1673 3904 1743 quotidie

2270 1753 2353 1816 ﬁt,
2385 1755 2693 1824 quomodo
2725 1756 3042 1812 misceatur
3067 1758 3271 1813 anima
3292 1761 3554 1829 corpori,
3573 1768 3632 1814 ut
3659 1777 3771 1816 una
3795 1777 3907 1832 per-

2271 1857 2420 1898 sona
2458 1841 2560 1898 ﬂat
2598 1844 2879 1902 hominis.
2909 1849 3056 1900 Nam
3101 1846 3249 1902 sicut
3290 1847 3347 1902 in
3395 1849 3620 1904 unitate
3661 1865 3904 1920 persona

2272 1932 2475 1986 anima
2507 1933 2704 1987 unitur
2734 1933 2988 2004 corpori,
3026 1940 3087 1989 ut
3115 1935 3299 1990 homo
3343 1937 3458 2006 sit;
3493 1939 3573 1992 ita
3614 1938 3672 1992 in
3708 1941 3904 1995 unitate

2270 2035 2540 2091 persona
2562 2023 2712 2075 Deus
2736 2023 2937 2077 unitur
2965 2023 3218 2090 homini,
3245 2029 3308 2080 ut
3329 2024 3600 2080 Christus
3630 2027 3792 2082 sit.ln
3822 2028 3905 2083 illa

2270 2125 2412 2178 ergo
2441 2126 2694 2180 persona
2720 2111 2978 2167 mixtura
2999 2119 3084 2167 est
3105 2113 3322 2168 anima
3347 2122 3404 2168 et
3427 2117 3790 2185 corporis;in
3811 2118 3904 2172 hac

2270 2215 2528 2270 persona
2563 2198 2819 2255 mixtura
2845 2205 2934 2256 est
2956 2201 3055 2256 Dei
3078 2210 3132 2257 et
3157 2203 3449 2259 hominis:
3479 2203 3527 2258 si
3557 2211 3750 2260 tamen
3774 2221 3906 2260 rece-

2269 2288 2374 2343 dat
2405 2289 2640 2344 auditor
2669 2306 2704 2344 a
2736 2291 3166 2346 consuetudine
3199 2307 3547 2363 corporum,
3580 2310 3702 2366 qua
3738 2295 3905 2350 solent

2271 2378 2388 2431 duo
2419 2377 2679 2448 liquores
2712 2379 2794 2433 ita
2823 2381 3214 2449 commisceri,
3243 2387 3305 2436 ut
3332 2389 3547 2437 neuter
3574 2389 3758 2438 servet
3784 2384 3905 2438 inte-

2271 2468 2548 2536 gritatem
2582 2483 2753 2522 suam
2781 2484 2792 2532 ;
2827 2484 3178 2539 quanquam
3210 2474 3268 2524 et
3296 2471 3355 2524 in
3389 2471 3539 2541 ipsis
3580 2473 3903 2543 corporibus

2271 2557 2391 2610 aeri
2425 2555 2526 2610 lux
2552 2556 2896 2626 incorrupta
2923 2558 3261 2615 misceatur.
3279 2561 3432 2628 Ergo
3462 2576 3719 2630 persona
3739 2562 3903 2616 homi-

2271 2644 2384 2712 nis,
2411 2645 2668 2699 mixtura
2695 2651 2781 2700 est
2803 2646 3018 2700 anima
3044 2651 3099 2701 et
3125 2650 3420 2718 corporis:
3441 2665 3701 2718 persona
3727 2658 3899 2704 autem

2271 2734 2500 2800 Christi,
2521 2735 2776 2788 mixtura
2801 2739 2890 2789 est
2921 2735 3017 2789 Dei
3041 2741 3095 2790 et
3124 2736 3410 2790 hominis.
3433 2739 3583 2792 Cum
3613 2738 3767 2793 enim
3790 2741 3901 2792 Ver‘

2269 2821 2413 2877 bum
2462 2823 2561 2876 Dei
2612 2824 2969 2892 permixtum
3017 2829 3102 2879 est
3148 2825 3364 2880 anima
3395 2826 3644 2882 habenti
3688 2844 3899 2898 corpus,

2270 2911 2446 2965 simul
2473 2916 2530 2965 et
2560 2912 2827 2966 animam
2855 2914 3113 2983 suscepit
3140 2919 3195 2968 et
3223 2929 3461 2984 corpus.
3489 2915 3638 2970 Illud
3663 2916 3901 2986 quotidie

2269 2999 2336 3053 fit
2365 2999 2440 3054 ad
2473 3000 2878 3070 procreandos
2905 3000 3342 3057 homineszhoc
3374 3004 3564 3058 semel
3591 3006 3802 3060 factum
3830 3011 3901 3059 est

2269 3087 2347 3143 ad
2377 3088 2721 3142 liberandos
2752 3088 3050 3143 homines.
3095 3091 3523 3148 Verumtamen
3553 3093 3801 3148 duarum
3830 3108 3901 3147 re-

2267 3191 2400 3230 rum
2416 3176 2905 3246 incorporearum
2921 3180 3265 3233 commixtio
3285 3179 3520 3234 facilius
3533 3181 3690 3236 credi
3705 3181 3896 3244 debuit,

2267 3280 2452 3335 quam
2488 3266 2662 3319 unius
2689 3265 3077 3335 incorporea,
3095 3274 3149 3322 et
3174 3267 3412 3322 alterius
3438 3286 3756 3340 corporea.
3775 3273 3896 3325 Nam

2269 3353 2316 3407 si
2355 3353 2562 3408 anima
2591 3354 2652 3407 in
2685 3370 2793 3409 sua
2825 3359 3038 3410 natura
3069 3371 3189 3410 non
3217 3356 3476 3423 fallatur,
3512 3359 3896 3430 incorporeum

2267 3457 2328 3496 se
2359 3459 2490 3497 esse
2522 3443 2974 3512 comprehendit
3009 3462 3021 3496 :
3057 3444 3241 3500 multo
3275 3447 3470 3516 magis
3506 3448 3895 3518 incorporeum

2267 3538 2354 3587 est
2395 3531 2649 3586 Verbum
2698 3532 2815 3597 Dei,
2850 3548 2920 3586 ac
2960 3549 3064 3604 per
3103 3533 3216 3588 hoc
3253 3535 3428 3589 Verbi
3479 3537 3576 3591 Dei
3616 3543 3670 3592 et
3706 3538 3895 3592 anima

2267 3619 2608 3675 credibilior
2637 3620 2840 3676 debuit
2873 3637 3004 3676 esse
3035 3623 3368 3692 permixtio,
3401 3641 3590 3695 quam
3623 3626 3823 3680 anima
3850 3629 3896 3679 et

2266 3709 2550 3781 corporis.
2575 3709 2686 3764 Sed
2709 3710 2822 3765 hoc
2848 3709 2904 3764 in
2939 3710 3112 3765 nobis
3140 3711 3282 3782 ipsis
3309 3716 3676 3783 experimur:
3695 3713 3822 3768 illud
3843 3714 3892 3767 in

2267 3798 2494 3855 Christo
2513 3798 2750 3853 credere
2768 3800 2785 3868 j
2801 3798 3071 3853 ubemur.
3097 3799 3154 3854 Si
3178 3807 3376 3856 autem
3407 3807 3724 3874 utrumque
3744 3801 3892 3856 nobis

2267 3889 2484 3959 pariter
2515 3889 2888 3958 inexpertum
2911 3887 3274 3943 credendum
3310 3891 3744 3962 praciperetur,
3771 3888 3892 3962 quid

2265 3977 2482 4032 horum
2523 3976 2691 4030 citius
2732 3976 3108 4032 crederemus
3135 3978 3162 4034 7
3195 3980 3514 4043 Quomodo
3558 3996 3679 4036 non
3709 3979 3893 4035 fatere-

2267 4081 2400 4120 mur
2431 4065 2552 4120 duo
2582 4064 3154 4137 incorporea,quam
3189 4084 3372 4122 unum
3404 4084 3754 4141 corporeum
3775 4066 3892 4122 alte-

2266 4169 2518 4225 rumque
2547 4153 2964 4225 incorporeum
2999 4155 3228 4210 facilius
3261 4158 3528 4228 potuisse
3552 4155 3822 4213 misceri?
3851 4152 3889 4206 si

2266 4250 2466 4298 tamen
2498 4258 2615 4298 non
2659 4243 2900 4311 indigne
2930 4243 3006 4299 ad
3047 4245 3158 4300 ista
3192 4245 3488 4300 mixtionis
3526 4246 3612 4301 vel
3647 4248 3888 4301 mixtura

2265 4347 2485 4388 nomen
2519 4331 2868 4396 admittitur,
2905 4340 3144 4404 propter
3172 4337 3666 4391 consuetudinem
3706 4347 3886 4404 corpo-

2265 4420 2480 4477 ralium
2511 4436 2730 4488 rerum,
2760 4420 2935 4491 longe
2967 4421 3133 4477 aliter
3165 4439 3228 4477 se
3254 4423 3609 4479 habentium
3634 4423 3888 4492 aliterque

2265 4515 2564 4565 notarum.

2340 4599 2423 4652 t2.
2458 4597 2715 4653 Verbum
2748 4599 2924 4667 igitur
2951 4598 3072 4665 Dei,
3102 4600 3382 4672 idemque
3412 4603 3508 4657 Dei
3543 4601 3731 4665 Filius,
3757 4595 3885 4654 Patri

2265 4692 2613 4751 coaternus,
2634 4688 2965 4759 eademque
2991 4689 3177 4743 Virtus
3199 4694 3253 4744 et
3271 4691 3572 4761 Sapientia
3589 4691 3683 4745 Dei
3701 4690 3747 4760 (1
3770 4688 3885 4742 Cor.

2266 4794 2299 4845 ι,
2332 4777 2442 4847 24),
2478 4792 2513 4830 a
2545 4792 2802 4847 superno
2829 4777 2945 4831 fine
2977 4784 3262 4833 creatura
3291 4780 3594 4835 rationalis
3623 4794 3798 4850 usque
3820 4773 3884 4830 ad

2264 4866 2538 4920 infimum
2569 4865 2748 4920 ﬁnem
2777 4873 3061 4922 creatura
3087 4867 3412 4938 corporalis
3437 4871 3726 4938 attingens
3752 4863 3884 4920 forti-

2266 4961 2369 5016 ter,
2396 4959 2451 5010 et
2478 4956 2809 5025 disponens
2840 4957 3046 5011 omnia
3077 4958 3340 5012 suaviter
3361 4958 3880 5026 (Sap.Vlll,i),pl‘&s-

2266 5061 2404 5100 sens
2433 5051 2488 5100 et
2517 5045 2726 5108 latens,
2774 5061 3072 5116 nusquam
3115 5045 3414 5112 conclusa,
3454 5062 3744 5118 nusquam
3782 5042 3880 5096 dis-

2263 5134 2436 5198 cissa,
2463 5150 2763 5205 nusquam
2795 5133 3160 5198 tumida,sed
3191 5136 3316 5189 sine
3341 5135 3494 5191 mole
3522 5135 3732 5207 ubique
3759 5135 3873 5191 tota,

2263 5223 2439 5290 longe
2471 5223 2586 5278 alio
2617 5222 2798 5278 modo
2827 5223 3117 5294 quodam,
3152 5240 3336 5295 quam
3369 5240 3438 5279 eo
3477 5241 3596 5296 quo
3627 5217 3876 5277 creaturis

2262 5313 2488 5367 cateris
2537 5311 2723 5376 adest,
2767 5313 3026 5384 suscepit
3071 5313 3401 5383 hominem,
3441 5328 3618 5385 seque
3653 5316 3704 5366 et
3739 5308 3823 5364 illo
3860 5306 3870 5338 '

2259 5400 2395 5457 fecit
2416 5417 2598 5455 unum
2629 5404 2828 5456 Jesum
2852 5402 3174 5466 Christum,
3200 5403 3581 5458 mediatorem
3605 5399 3695 5454 Dei
3721 5405 3766 5453 et
3791 5398 3874 5450 lio-

2261 5579 2446 5689 c‘t'lllta
2480 5577 2602 5627 Mss.
2640 5578 3038 5643 septemdecim.
3067 5580 3134 5628 At
3159 5593 3344 5629 omnes
3372 5579 3500 5629 Edd.
3518 5578 3720 5632 habent,
3748 5585 3872 5636 seque

2336 5656 2350 5686 ι
2401 5656 2502 5688 um.

2336 5656 2502 5688 mum.
