4074 6164
75 192 160 253 524
1308 188 1644 252 EPISTOLA
1654 190 1728 249 BI

1843 188 2129 250 CLASSIS
2156 187 2250 247 lIl.

71 323 283 379 minum
335 318 378 389 (Ι
427 318 571 374 Tim.
625 333 683 382 ιι,
731 318 807 387 5),
841 317 1136 389 aequalem
1187 319 1335 375 Patri
1378 319 1709 376 secundum

70 409 444 471 divinitatem,
475 406 766 462 minorem
795 412 993 463 autem
1025 411 1187 463 Patre
1220 409 1555 465 secundum
1588 424 1714 464 car-

70 516 212 561 nem,
241 498 354 553 hoc
385 502 471 551 est
502 495 831 551 secundum
866 496 1215 569 hominem;
1252 497 1714 553 incommutabi-

71 591 183 645 liter
212 586 613 642 immortalem
648 585 983 641 secundum
1013 587 1304 659 aequalem
1328 589 1478 643 Patri
1501 587 1713 643 divini-

72 684 257 740 tatem,
306 677 709 747 eamdemque
766 676 1113 732 mutabilem
1170 682 1351 749 atque
1398 677 1711 732 mortalem

70 765 385 823 secundum
418 769 742 835 cognatam
775 766 791 800 ¹
829 764 1001 820 nobis
1033 765 1463 822 infirmitatem.
1500 770 1558 821 In
1591 782 1713 838 quo

70 856 304 918 Christo,
335 869 412 929 eo
448 858 715 925 tempore
759 854 925 925 quod
966 854 1545 926 opportunissimum
1585 855 1714 926 ipse

68 949 324 1002 noverat.
353 946 411 997 et
438 946 574 998 ante
605 942 822 997 saacula
848 942 1244 1014 disposuerat,
1272 943 1434 1000 venit
1462 943 1717 999 homini-

69 1033 167 1088 δας
199 1031 609 1102 magisterium
648 1034 704 1085 et
744 1029 1131 1100 adjutorium,
1164 1032 1240 1087 ad
1275 1032 1714 1103 capessendam

71 1119 491 1191 sempiternam
522 1118 794 1175 salutem.
828 1119 1231 1191 Magisterium
1268 1121 1512 1192 quidem
1556 1126 1616 1176 ut
1645 1135 1709 1175 ea

71 1226 187 1283 quis
216 1209 317 1264 hic
340 1212 478 1264 ante
508 1207 667 1264 dicta
694 1212 833 1264 sunt
860 1208 1077 1265 utiliter
1106 1224 1267 1275 vera,
1295 1225 1416 1265 non
1460 1209 1653 1265 solum
1682 1224 1717 1264 a

73 1297 366 1369 PrOpbetis
387 1297 628 1363 sanctis,
658 1297 760 1369 qui
788 1296 997 1353 omnia
1026 1313 1165 1353 vera
1194 1298 1490 1367 dixerunt,
1509 1314 1715 1353 verum

72 1389 227 1443 etiam
261 1402 300 1441 a
333 1385 702 1457 philosophis
736 1390 916 1458 atque
948 1386 1093 1458 ipsis
1120 1386 1330 1459 poetis,
1364 1393 1421 1443 et
1447 1387 1718 1457 cujusce-

75 1476 213 1531 modi
246 1475 599 1531 auctoribus
621 1474 952 1531 litterarum
986 1476 1155 1547 (quos
1184 1477 1369 1532 multa
1392 1492 1528 1533 vera
1556 1476 1718 1532 falsis

74 1565 366 1620 miscuisse
385 1564 520 1636 quis
543 1563 892 1634 ambigat?),
911 1564 1062 1619 illius
1085 1567 1260 1621 etiam
1286 1566 1345 1620 in
1374 1582 1549 1621 carne
1573 1582 1720 1638 prte-

76 1659 293 1710 sentata
322 1653 704 1710 conﬁrmaret
728 1654 1072 1718 auctoritas,
1097 1660 1339 1728 propter
1362 1671 1464 1712 eos
1494 1657 1596 1727 qui
1623 1655 1721 1711 illa

75 1760 175 1799 non
203 1748 462 1815 possent
496 1743 557 1797 in
589 1742 722 1814 ipsa
752 1743 966 1800 intima
997 1743 1242 1799 veritate
1272 1759 1512 1799 cernere
1543 1749 1722 1815 atque

74 1833 398 1888 discernere
446 1847 627 1904 :quee
666 1830 890 1887 Veritas
941 1836 995 1889 et
1038 1838 1364 1905 antequam
1415 1832 1720 1888 hominem

77 1925 423 1990 assumeret,
458 1919 591 1992 ipse
622 1922 644 1955 ²
674 1919 881 1976 aderat
912 1921 1220 1987 omnibus,
1253 1922 1355 1993 qui
1386 1922 1515 1993 ejus
1546 1922 1725 1992 parti-

78 2011 214 2083 cipes
237 2025 381 2065 esse
414 2013 756 2081 potuerunt.
772 2010 1020 2065 Maxime
1050 2025 1192 2065 vero
1225 2027 1348 2066 suae
1372 2009 1725 2066 incarnatio-

77 2101 153 2154 nis
191 2098 481 2170 exemplo
518 2098 579 2153 id
617 2096 932 2154 salubriter
967 2099 1282 2170 persuasit,
1331 2104 1394 2155 ut
1434 2099 1723 2172 quoniam

79 2188 343 2243 homines
380 2186 648 2259 plerique
684 2185 1005 2242 divinitatis
1048 2187 1226 2257 avidi,
1261 2203 1367 2259 per
1404 2192 1726 2259 potestates

80 2277 339 2332 caelestes
367 2291 523 2347 quas
553 2275 696 2330 deos
726 2280 1023 2346 putarent,
1048 2278 1315 2347 ritusque
1346 2278 1536 2332 varios
1562 2275 1728 2331 illici-

82 2371 288 2435 torum,
321 2380 444 2420 non
471 2380 800 2431 sacrorum,
825 2365 927 2419 sed
960 2365 1430 2436 sacrilegiorum,
1459 2364 1726 2421 ambien-

80 2455 204 2510 dum
243 2453 366 2511 sibi
406 2454 836 2509 arbitrarentur
874 2454 951 2509 ad
995 2457 1198 2520 Deum,
1236 2454 1430 2525 magis
1471 2455 1728 2527 superbe

80 2560 247 2615 quam
299 2542 417 2614 pie,
459 2558 583 2614 qua
624 2543 684 2597 in
722 2557 783 2597 re
831 2558 939 2614 pro
988 2543 1224 2614 Angelis
1267 2545 1489 2599 sanctis
1533 2544 1616 2598 eis
1665 2559 1725 2599 se

82 2634 382 2688 dtemones
421 2631 717 2703 superbiae
759 2631 1119 2700 cognatione
1154 2633 1176 2667 ³
1210 2638 1579 2704 supponunt,
1619 2632 1730 2688 sci-

80 2728 191 2777 rent
221 2720 509 2777 homines
557 2725 681 2775 tam
730 2720 1076 2791 proximum
1118 2737 1250 2776 esse
1304 2724 1482 2777 Deum
1527 2723 1729 2794 pietati

82 2810 413 2877 hominum,
437 2808 517 2864 ad
543 2823 721 2881 quem
750 2809 906 2864 velut
932 2808 1108 2879 longe
1133 2810 1396 2882 positum
1430 2826 1534 2883 per
1558 2812 1731 2867 inter-

82 2900 295 2970 positas
330 2902 651 2970 potestates
692 2897 1061 2964 ambiebant,
1090 2903 1154 2954 ut
1191 2898 1498 2956 hominem
1547 2902 1730 2956 susci-

83 3004 202 3059 pere
234 2987 608 3056 dignaretur,
633 2991 689 3041 et
716 3002 852 3041 cum
881 2986 980 3041 illo
1004 2987 1155 3042 uniri
1176 2988 1446 3060 quodam
1463 2989 1647 3045 modo
1669 2994 1733 3045 ut

84 3078 125 3131 ei
151 3078 231 3133 sic
255 3080 641 3147 coaptaretur
665 3075 851 3131 homo
874 3080 1047 3143 totus,
1065 3078 1582 3148 quemadmodum
1609 3078 1734 3134 ani-

85 3182 179 3222 mae
207 3180 460 3236 corpus;
481 3169 731 3235 excepta
753 3166 1130 3221 concretione
1154 3166 1445 3232 mutabili,
1465 3169 1523 3221 in
1546 3183 1731 3239 quam

86 3271 188 3311 non
220 3254 585 3310 convertitur
618 3253 794 3319 Deus,
827 3258 882 3309 et
912 3269 1091 3326 quam
1124 3256 1396 3310 videmus
1431 3256 1593 3328 quod
1630 3255 1734 3312 ha-

85 3343 204 3399 beat
224 3352 280 3399 et
303 3358 529 3413 corpus
550 3347 605 3397 et
635 3341 896 3396 animus.
927 3342 1303 3413 Adjutorium
1332 3344 1732 3416 autem,quod

89 3432 197 3487 sine
226 3431 424 3504 gratia
452 3430 591 3485 ﬁdei
622 3446 760 3502 qua:
791 3431 869 3486 ab
902 3430 999 3486 illo
1032 3440 1140 3499 est,
1170 3448 1348 3488 nemo
1379 3438 1571 3505 potest
1609 3434 1736 3488 vin-

91 3536 199 3576 cere
225 3518 747 3590 concupiscentias
770 3518 1010 3575 vitiosas
1031 3524 1118 3584 ;et
1138 3520 1186 3575 si
1213 3538 1334 3593 qua
1360 3538 1566 3578 earum
1593 3522 1735 3579 resi-

92 3609 194 3665 dua
224 3625 350 3665 non
382 3608 609 3674 vicerit,
642 3607 853 3663 veniali
884 3608 1237 3665 remissione
1273 3612 1534 3683 purgari.
1563 3612 1731 3677 Quod

92 3713 214 3767 ergo
243 3698 324 3755 ad
354 3696 767 3766 magisterium
796 3697 926 3767 ejus
954 3699 1176 3765 attinet,
1210 3702 1345 3770 quis
1373 3717 1530 3757 nunc
1552 3707 1736 3758 extre-

92 3802 208 3841 mus
229 3787 440 3852 idiota,
473 3786 561 3841 vel
593 3801 728 3857 quae
761 3784 993 3856 abjecta
1023 3788 1370 3846 muliercula
1402 3806 1521 3846 non
1554 3791 1736 3847 credit

92 3877 292 3932 animae
308 3874 821 3931 immortalitatem
840 3876 1142 3949 vitamque
1157 3884 1288 3949 post
1309 3885 1563 3936 mortem
1586 3881 1737 3936 futu-

90 3967 243 4021 ram?
265 3965 440 4031 Quod
470 3964 632 4035 apud
665 3964 896 4021 Graecos
927 3965 1067 4022 olim
1100 3969 1330 4038 primus
1371 3970 1737 4042 Pherecydes

90 4055 352 4127 Assyrius
400 4070 539 4110 cum
583 4052 972 4125 disputasset,
1019 4057 1418 4127 Pythagoram
1466 4059 1736 4115 Samium

89 4143 228 4199 illius
261 4143 693 4215 disputationis
737 4144 1001 4199 novitate
1040 4151 1377 4217 permotum
1415 4164 1486 4204 ex
1516 4150 1737 4205 athleta

90 4233 141 4286 in
179 4232 610 4305 philosophum
653 4233 842 4288 vertit.
884 4237 1047 4289 Nunc
1078 4251 1218 4305 ergo
1250 4237 1415 4309 quod
1447 4240 1602 4293 Maro
1635 4240 1734 4305 ait,

86 4327 135 4377 et
157 4338 367 4378 omnes
393 4321 1037 4387 videmus;Amomum
1062 4325 1373 4396 Assyrium
1402 4326 1581 4395 vulgo
1603 4344 1739 4383 nas-

85 4411 257 4467 citur:
287 4410 458 4483 quod
490 4415 692 4466 autem
720 4410 797 4466 ad
827 4411 1197 4481 adjutorium
1229 4415 1433 4482 gratias
1466 4417 1735 4487 pertinet,

84 4515 208 4571 quae
238 4503 299 4556 in
330 4498 561 4554 Christo
596 4504 701 4564 est,
733 4498 861 4569 ipse
894 4505 984 4555 est
1014 4502 1280 4565 omnino,

174 4597 283 4664 Quo
314 4597 457 4646 duce
489 4596 533 4664 si
564 4609 672 4660 qua
706 4600 929 4664 manent
959 4597 1172 4664 sceleris
1207 4601 1432 4664 vestigia
1457 4604 1647 4660 nostri,

174 4660 323 4710 Irrita
351 4658 615 4724 perpetua
651 4659 859 4709 solvent
891 4658 1173 4711 formidine
1198 4658 1391 4718 terras.

1159 4740 1330 4806 (Virg.
1368 4744 1477 4793 Ecl.
1515 4747 1584 4809 4.)

154 4839 374 4895 CAPUT
387 4839 476 4893 lV.
508 4869 572 4877 —
588 4838 675 4894 t3.
700 4836 1020 4905 Sednulta,
1046 4838 1344 4913 inquiunt,
1363 4846 1743 4912 competenti-

92 4926 189 4983 bus
227 4929 413 4999 signis
466 4928 824 4984 claruerunt
875 4934 1059 4984 tantae
1087 4931 1419 4999 majestatis
1464 4932 1691 4990 indicia
1723 4954 1743 4991 :

90 5016 221 5087 quia
242 5016 497 5074 larvatis
526 5016 635 5072 illa
656 5018 961 5086 purgatio,
993 5018 1275 5075 debilium
1298 5036 1474 5087 curae,
1506 5023 1743 5081 reddita

94 5108 207 5161 vita
230 5107 551 5178 defunctis,
579 5107 630 5161 si
671 5112 723 5161 et
760 5105 865 5162 alii
902 5108 1368 5176 considerentur,
1403 5112 1521 5167 Deo
1548 5128 1743 5182 parva

91 5201 236 5250 sunt.
270 5198 546 5251 Fatemur
576 5194 822 5266 quidem
845 5199 902 5249 et
926 5211 1036 5251 nos
1068 5196 1206 5253 talia
1227 5199 1503 5269 quaedam
1538 5200 1744 5258 fecisse

93 5282 425 5357 Prophetas.
480 5285 632 5340 Nam
680 5285 741 5339 in
791 5284 884 5340 his
935 5285 1120 5356 signis
1169 5288 1315 5360 quid
1364 5291 1743 5349 excellentius

152 5396 169 5461 ξ
198 5393 350 5461 Edd.,
376 5392 660 5461 _cog_nitam_.
683 5392 782 5441 Sed
817 5392 1007 5461 melius
1042 5395 1166 5461 Mss.
1201 5400 1341 5461 octo,
1374 5404 1659 5461 cognatam.

154 5459 173 5524 ξ
203 5456 266 5524 in
282 5455 598 5524 Edd_.,‘ipsa._
628 5455 981 5524 Reposuimus
1012 5472 1074 5524 ei;
1106 5459 1292 5521 viginti
1325 5455 1468 5516 Msst,
1496 5462 1619 5524 ipse.

153 5518 326 5567 3Edd.
378 5519 511 5589 Bad.
563 5518 840 5589 ErLIsev”
894 5518 1750 5589 superbmc—ogitationis.'Aliquol.

97 5580 507 5648 Mss.,sup_erbite
532 5580 855 5648 cogitatione.
888 5582 984 5648 Alii
1013 5580 1261 5648 quatuor,
1285 5580 1748 5648 cognationem'Sed

96 5643 281 5754 ἒξειὶοτ
311 5643 426 5694 visa
470 5647 551 5693 est
584 5644 812 5692 aliorum
848 5643 1085 5708 quinque
1116 5645 1292 5706 lectio,
1325 5643 1487 5712 quam
1528 5650 1613 5700 hic
1636 5651 1752 5701 red-

134 5719 290 5754 imus.
1384 5744 1385 5747 η

134 5719 290 5755 imus.
1384 5744 1385 5747 η

304 5805 544 5865 Panos.
581 5803 834 5865 XXXIII.

3359 184 3465 250 522

1825 333 2013 391 quam
2056 322 2324 374 mortuos
2356 317 2749 374 resurrexisse
2780 316 2807 373 ?
2838 317 2993 373 Fecit
3035 318 3148 374 hoc
3200 317 3351 374 Elias
3384 318 3479 389 (ΙΙΙ

1824 408 1964 478 Reg.
1999 424 2141 472 xvu,
2186 408 2298 479 22),
2343 406 2477 463 fecit
2523 408 2634 463 hoc
2666 409 2906 464 Elisaeus
2958 408 3047 475 (IV
3075 409 3215 478 Reg.
3248 424 3328 477 iv,
3363 409 3476 480 35).

1825 498 1969 551 Nam
2002 495 2076 550 de
2103 511 2416 565 magorum
2442 496 2765 561 miraculis,
2789 502 2985 551 utrum
3009 495 3188 551 etiam
3214 502 3479 551 mortuos

1826 582 2263 648 suscitaverint,
2292 584 2370 638 illi
2404 585 2655 640 viderint
2682 585 2784 656 qui
2814 588 2871 639 et
2899 584 3213 656 Apuleium
3253 600 3313 639 se
3344 600 3481 640 con-

1826 676 1915 727 tra
1930 672 2299 742 magicarum
2329 673 2547 729 artium
2576 674 2823 729 crimina
2837 674 3250 744 copiossisime
3281 673 3480 729 defen-

1825 762 2085 829 dentem,
2129 768 2421 819 conantur
2461 779 2581 819 non
2629 763 2993 825 accusando,
3029 762 3135 817 sed
3179 763 3481 818 laudando

1825 852 2196 908 convincere.
2229 855 2346 909 Nos
2373 852 2652 925 legimus,
2689 868 2899 923 magos
2931 852 3365 924 lEgyptiorum,
3394 866 3481 906 ar-

1827 939 1974 994 tium
2030 942 2277 998 istarum
2333 941 2743 1013 peritissimos,
2790 958 2826 997 a
2868 944 3064 1013 Moyse
3115 940 3339 996 famulo
3386 937 3482 995 Dei

1828 1027 2011 1083 fuisse
2050 1035 2382 1101 superatos,
2412 1046 2550 1086 cum
2594 1030 2673 1085 illi
2708 1030 2991 1103 quaedam
3036 1029 3184 1085 mira
3214 1028 3485 1085 nefandis

1827 1118 2052 1174 artibus
2081 1124 2345 1189 agerent,
2368 1119 2462 1174 ille
2487 1120 2606 1175 Deo
2628 1119 2971 1191 simpliciter
2998 1121 3014 1155 ¹
3038 1118 3336 1182 invocato,
3362 1133 3487 1173 ma-

1828 1208 2211 1263 chinamenta
2254 1224 2461 1263 eorum
2489 1214 2703 1264 cuncta
2729 1209 3098 1263 subverteret
3130 1206 3350 1279 (Exod.
3382 1222 3481 1271 vu,

1828 1298 1972 1366 vni).
2008 1297 2122 1353 Sed
2154 1303 2211 1352 et
2236 1298 2363 1368 ipse
2396 1300 2646 1369 Moyses,
2677 1302 2732 1352 et
2752 1298 2944 1353 caeteri
2982 1296 3285 1368 Prophetas
3316 1311 3487 1351 vera-

1829 1386 2046 1442 cissimi
2070 1387 2386 1443 Dominum
2412 1387 2706 1443 Christum
2729 1387 3257 1459 prophetaverunt,
3287 1392 3341 1441 et
3366 1385 3486 1455 glo-

1830 1475 1980 1531 riam
2024 1491 2309 1546 magnam
2355 1477 2406 1531 ei
2452 1475 2747 1531 dederunt
2789 1476 2994 1542 ;hunc
3029 1491 3150 1530 non
3194 1478 3483 1545 tanquam

1830 1580 2035 1636 parem
2078 1564 2208 1630 sibi,
2244 1580 2353 1619 nec
2398 1566 2457 1620 in
2500 1564 2713 1620 eadem
2762 1564 3191 1619 miraculorum
3226 1562 3490 1635 potentia

1832 1654 2225 1724 superiorem,
2254 1654 2355 1709 sed
2384 1654 2562 1727 plane
2606 1654 2923 1709 Dominum
2970 1656 3154 1708 Deum
3189 1651 3487 1716 omnium,

1832 1746 1889 1798 et
1927 1742 2235 1799 hominem
2278 1748 2523 1815 propter
2565 1743 2840 1798 homines
2878 1741 3127 1808 factum,
3175 1746 3489 1796 venturum

1832 1832 2404 1903 prtenuntiaverunt.
2441 1832 2550 1897 Qui
2575 1839 2891 1903 propterea
2913 1837 2965 1887 et
2991 1831 3119 1902 ipse
3143 1830 3281 1887 talia
3302 1830 3492 1885 facere

1831 1920 2037 1989 voluit,
2072 1936 2144 1976 ne
2171 1927 2325 1977 esset
2354 1921 2709 1987 absurdum,
2741 1936 2877 1992 quae
2911 1936 3010 1991 per
3042 1919 3172 1976 illos
3199 1919 3419 1974 fecerat
3444 1917 3492 1972 si

1830 2007 1957 2078 ipse
1990 2023 2107 2063 non
2150 2009 2385 2064 faceret.
2423 2008 2535 2065 Sed
2577 2012 2775 2063 tamen
2818 2013 2873 2063 et
2904 2007 3127 2079 aliquid
3180 2007 3491 2079 proprium

1835 2095 2026 2151 facere
2055 2097 2261 2152 debuit
2290 2114 2301 2152 :
2336 2098 2500 2153 nasci
2530 2098 2605 2153 de
2635 2097 2881 2167 virgine,
2923 2112 2957 2152 a
3001 2097 3250 2152 mortuis
3295 2110 3493 2150 resur-

1834 2200 1991 2255 gere,
2020 2189 2079 2241 in
2110 2186 2328 2241 caelum
2361 2186 2698 2242 ascendere.
2726 2189 2844 2241 Hoc
2869 2188 2984 2242 Deo
3006 2186 3109 2258 qui
3141 2200 3357 2257 parum
3380 2199 3494 2256 pu-

1837 2278 1937 2339 tat,
1970 2275 2116 2346 quid
2158 2275 2289 2347 plus
2319 2280 2623 2346 exspectet
2653 2275 2882 2345 ignoro.

1913 2367 1993 2419 14.
2033 2363 2299 2419 Arbitror
2327 2363 2488 2419 enim
2529 2364 2670 2420 talia
2716 2364 2992 2437 ﬂagitari,
3039 2363 3243 2435 qualia
3282 2377 3494 2434 gerens

1834 2453 2167 2520 hominem,
2201 2453 2392 2509 facere
2427 2468 2550 2509 non
2584 2458 2604 2489 ³
2648 2452 2870 2509 debuit.
2902 2456 3047 2509 Nam
3096 2452 3152 2508 in
3205 2452 3494 2525 principio

1838 2547 1963 2597 erat
1994 2542 2271 2607 Verbum,
2306 2547 2362 2598 et
2388 2541 2644 2598 Verbum
2670 2547 2796 2598 erat
2826 2542 2991 2613 apud
3019 2542 3228 2607 Deum,
3253 2546 3308 2596 et
3341 2544 3493 2596 Deus

1839 2636 1963 2687 erat
1986 2631 2264 2695 Verbum,
2292 2636 2347 2687 et
2374 2631 2579 2688 omnia
2601 2647 2707 2704 per
2731 2632 2930 2703 ipsum
2957 2631 3113 2688 facta
3130 2635 3269 2686 sunt
3298 2629 3495 2701 (Joan.

1838 2740 1873 2791 ι,
1926 2721 1993 2792 t).
2027 2724 2177 2776 Num
2210 2721 2452 2776 homine
2484 2726 2818 2790 assumpto,
2848 2720 3032 2776 alium
3081 2719 3379 2775 mundum
3412 2717 3500 2774 fa-

1838 2826 1968 2865 cere
1996 2808 2218 2875 debuit,
2238 2814 2298 2865 ut
2322 2826 2457 2864 eum
2484 2826 2611 2865 esse
2629 2809 3030 2875 crederemus,
3049 2825 3155 2881 per
3173 2824 3355 2881 quem
3380 2807 3498 2864 fac-

1841 2903 1936 2954 tus
1973 2903 2056 2953 est
2086 2898 2351 2953 mundus
2378 2900 2407 2955 7
2441 2898 2552 2955 Sed
2586 2913 2693 2953 nec
2729 2896 2920 2970 major
2952 2899 3233 2961 mundus,
3266 2912 3375 2951 nec
3406 2896 3497 2951 isti

1840 2987 2083 3060 aequalis
2113 2988 2170 3041 in
2204 2988 2317 3042 hoc
2346 2989 2573 3042 mundo
2604 2987 2730 3041 ﬁeri
2754 2992 2971 3058 posset.
3003 2987 3057 3042 Si
3088 2992 3286 3041 autem
3312 2985 3500 3041 mino-

1841 3093 1965 3133 rem
2001 3076 2215 3132 faceret
2251 3077 2405 3131 infra
2444 3076 2647 3142 istum,
2678 3075 2947 3131 similiter
2976 3074 3089 3130 hoc
3119 3089 3360 3149 quoque
3391 3090 3500 3144 pa-

1839 3183 1973 3223 rum
1998 3169 2326 3237 putaretur.
2361 3165 2509 3231 Quia
2526 3180 2667 3234 ergo
2698 3181 2818 3220 non
2842 3164 3154 3236 oportebat
3184 3168 3247 3219 ut
3272 3178 3498 3218 novum

1840 3255 2058 3311 faceret
2080 3255 2397 3326 mundum,
2429 3270 2585 3311 nova
2603 3254 2736 3309 fecit
2754 3255 2812 3310 in
2843 3253 3093 3311 mundo.
3116 3253 3318 3310 Homo
3339 3250 3500 3307 enim

1841 3348 1914 3401 de
1941 3344 2169 3416 virgine
2193 3350 2559 3417 procreatus,
2587 3348 2643 3400 et
2673 3360 2709 3400 a
2740 3342 2988 3400 mortuis
3017 3342 3077 3398 in
3109 3347 3393 3398 aeternam
3422 3338 3503 3395 vi-

1840 3438 1965 3490 tam
1996 3434 2402 3500 resuscitatus,
2434 3438 2490 3488 et
2516 3449 2695 3505 super
2734 3433 2917 3489 ccelos
2952 3432 3263 3498 exaltatus,
3292 3434 3505 3503 poten-

1843 3524 1957 3579 tius
1988 3523 2237 3580 fortasse
2263 3540 2417 3595 opus
2446 3528 2536 3578 est
2565 3538 2752 3595 quam
2774 3522 3055 3577 mundus.
3087 3522 3187 3575 Hic
3217 3520 3365 3576 forte
3387 3534 3505 3575 res-

1843 3612 2132 3684 pondent,
2172 3628 2233 3666 se
2274 3612 2495 3667 factum
2537 3611 2650 3666 hoc
2695 3627 2819 3666 esse
2866 3625 2988 3665 non
3041 3610 3301 3665 eredere.
3349 3607 3504 3674 Quid

1844 3717 1985 3772 ergo
2044 3702 2146 3756 fiat
2190 3700 2561 3768 hominibus,
2622 3701 2723 3771 qui
2780 3697 3035 3754 minima
3088 3701 3501 3760 contemnunt,

1844 3789 2073 3861 majora
2106 3805 2224 3844 non
2258 3788 2557 3845 credunt?
2588 3788 2835 3844 Reddita
2874 3787 2993 3843 vita
3023 3786 3335 3855 defunctis,
3367 3785 3503 3841 ideo

1844 3879 2115 3948 creditur,
2138 3881 2279 3950 quia
2304 3877 2568 3933 fecerunt
2591 3877 2708 3945 alii,
2733 3882 2786 3931 et
2815 3892 3026 3948 parum
3056 3881 3146 3930 est
3175 3876 3290 3930 Deo
3324 3890 3337 3929 :
3363 3888 3502 3929 caro

1848 3968 2083 4040 propria
2122 3968 2196 4023 de
2222 3967 2449 4036 virgine
2483 3971 2698 4030 creata,
2733 3972 2788 4020 et
2827 3982 2861 4019 a
2903 3970 3092 4020 morte
3133 3966 3189 4019 in
3224 3969 3503 4019 aeternam

1846 4059 2026 4113 vitam
2057 4072 2237 4128 super
2267 4056 2449 4112 coelos
2473 4056 2688 4122 levata,
2732 4054 2866 4111 ideo
2898 4070 3018 4109 non
3047 4053 3327 4117 creditur,
3360 4051 3506 4124 quia

1844 4161 2023 4201 nemo
2065 4145 2216 4210 fecit,
2252 4150 2305 4200 et
2345 4145 2627 4216 competit
2657 4144 2793 4199 Deo.
2835 4148 2916 4198 Ac
2946 4158 3052 4214 per
3083 4142 3197 4197 hoc
3224 4156 3359 4213 quas
3391 4139 3507 4195 sibi

1845 4234 2101 4306 quisque
2129 4232 2345 4299 facilia,
2376 4248 2495 4288 non
2529 4232 2707 4298 factu,
2744 4231 2849 4287 sed
2872 4236 3072 4302 captu,
3106 4234 3293 4302 putat,
3330 4244 3505 4300 aequo

1845 4324 2049 4379 animo
2080 4322 2295 4394 accipit
2325 4338 2338 4389 ;
2372 4338 2555 4393 supra
2584 4337 2655 4377 ea
2684 4320 2860 4376 veluti
2895 4321 3031 4375 ﬁcta
3064 4334 3173 4391 pro
3204 4318 3367 4374 falsis
3398 4317 3506 4371 du-

1847 4412 1921 4468 cit
1955 4430 1966 4467 :
2004 4411 2121 4467 noli
2155 4412 2238 4466 eis
2266 4426 2393 4466 esse
2425 4409 2653 4474 similis,
2688 4408 2942 4464 obsecro
2978 4412 3051 4461 te.

1916 4504 2005 4558 15.
2057 4500 2444 4571 Disputantur
2472 4498 2599 4553 haec
2638 4498 2834 4563 latius,
2882 4500 2940 4551 et
2981 4510 3192 4551 omnes
3223 4492 3505 4566 quaestio-

1847 4606 1993 4646 num
2034 4588 2510 4644 necessariarum
2544 4587 2710 4641 sinus
2742 4584 3091 4657 perscrutati
3131 4582 3506 4653 discussique

1846 4677 2228 4750 panduntur:
2261 4677 2361 4731 sed
2392 4674 2711 4730 intellectui
2738 4673 2888 4728 fides
2918 4672 3145 4728 aditum
3179 4670 3393 4742 aperit,
3421 4671 3508 4725 in-

1849 4765 2096 4822 fidelitas
2124 4765 2363 4821 claudit.
2395 4766 2581 4829 Quem
2610 4778 2731 4818 non
2760 4766 2998 4818 moveat
3029 4761 3102 4817 ad
3139 4760 3507 4816 credendum

1852 4860 2046 4911 tantus
2069 4854 2146 4910 ab
2173 4854 2338 4909 initio
2366 4852 2492 4925 ipse
2522 4868 2714 4907 rerum
2749 4857 3057 4921 gestarum
3087 4850 3257 4915 ordo,
3293 4853 3349 4905 et
3378 4849 3509 4919 ipsa

1850 4945 2143 5001 connexio
2167 4950 2524 5015 temporum,
2558 4942 2867 5014 prteteritis
2895 4939 3070 4995 tidem
3104 4940 3178 4994 de
3209 4935 3507 5010 praesenti-

1851 5035 1965 5090 bus
1982 5034 2222 5098 faciens,
2234 5033 2432 5104 priora
2447 5030 2874 5103 posterioribus
2896 5034 2951 5085 et
2964 5027 3393 5084 recentioribus
3409 5040 3512 5079 an-

1853 5125 2019 5197 tiqua
2052 5122 2422 5179 conﬁrmans
2458 5122 2487 5177 (ἵ
2518 5120 2762 5190 Eligitur
2809 5134 2963 5173 unus
3011 5133 3080 5172 ex
3121 5120 3293 5185 gente
3341 5111 3510 5169 Chal-

1852 5215 2143 5278 daeorum,
2164 5212 2377 5283 pietate
2402 5208 2752 5264 ﬁdelissima
2765 5206 3067 5278 praeditus,
3093 5203 3185 5258 cui
3210 5200 3511 5273 promissa

1854 5302 2059 5357 divina
2092 5306 2222 5372 post
2251 5304 2479 5355 tantam
2524 5297 2882 5352 saeculorum
2916 5294 3128 5347 seriem
3176 5289 3510 5346 novissimis

1856 5390 2217 5462 temporibus
2250 5387 2611 5459 complenda
2644 5383 2994 5457 prodantur,
3042 5387 3220 5453 atque
3265 5380 3327 5435 in
3382 5379 3513 5450 ejus

1918 5527 1930 5557 ¹
1956 5525 2085 5573 Edd.
2113 5524 2233 5573 Lov.
2254 5523 2375 5572 Bad.
2392 5526 2445 5571 et
2464 5522 2548 5569 Er.
2574 5519 2793 5573 habent,
2822 5515 2921 5564 Deo
2938 5515 3236 5577 suppliciter
3262 5515 3516 5563 invocato.

1858 5589 1923 5636 At
1954 5588 2077 5635 Mss.
2100 5586 2385 5635 lectionem
2416 5587 2656 5632 nostram
2688 5579 2994 5644 praeferunt.

1919 5653 1937 5683 ²
1963 5650 2019 5698 In
2053 5649 2181 5697 Edd.
2225 5648 2436 5712 legitur,
2482 5638 2797 5712 facerleﬁon
2816 5641 3002 5690 debuit.
3049 5639 3150 5689 Sed
3179 5638 3333 5689 abest
3358 5638 3518 5702 parti-

1864 5712 1987 5764 cula
2005 5723 2211 5776 negans
2240 5705 2567 5774 {plerisque
2596 5707 2724 5757 Cdd.
2748 5705 2872 5755 Mss.

2861 5800 3228 5883 (Diae-Sept.)
