4074 6158
594 204 701 262 523

578 332 804 388 semine
822 347 1030 387 omnes
1049 336 1254 402 gentes
1279 328 1571 387 habiturae
1590 328 2068 386 benedictionem
2091 347 2238 403 prae-

575 422 924 477 nuntiantur
956 420 1121 491 (Gen.
1165 438 1266 487 xu,
1300 426 1378 491 2).
1425 420 1524 475 Hic
1570 435 1757 475 unum
1801 420 1985 475 Deum
2026 437 2232 476 verum

574 511 775 566 colens
807 511 1204 565 universitatis
1231 515 1584 573 creatorem,
1602 510 1791 579 gignit
1811 509 2002 567 tilium
2029 527 2231 580 senex,

574 600 649 654 de
688 599 943 669 conjuge
964 615 1149 671 quam
1183 616 1289 672 spe
1318 600 1587 671 pariendi
1615 599 1852 670 penitus
1885 600 2230 655 destitutam

574 687 850 743 sterilitas
881 694 1151 761 aetasque
1173 688 1302 759 jam
1353 687 1589 744 fecerat.
1634 690 2002 759 Propagatur
2032 704 2100 743 ex
2136 689 2232 744 illo

572 779 1100 833 numerosissimus
1121 780 1400 851 populus,
1428 776 1851 848 multiplicatus
1873 776 1932 831 in
1956 780 2228 849 Egypto,

571 881 695 938 quo
725 866 888 922 illam
923 867 1167 939 stirpem
1206 883 1279 922 ex
1323 866 1715 923 orientalibus
1761 865 2050 937 partibus,
2098 882 2233 936 pro-

570 956 772 1011 missis
785 955 1126 1028 effectisque
1139 956 1488 1012 crebescens
1505 955 1819 1027 dispositio
1833 955 2232 1012 divinatrans-

568 1046 828 1101 miserat.
858 1045 1138 1101 Educitur
1158 1062 1230 1100 ex
1259 1044 1497 1116 Egypti
1524 1045 1801 1100 servitute
1834 1060 1979 1113 gens
2012 1044 2227 1112 valida,

570 1135 885 1191 horrendis
907 1136 1091 1205 signis
1118 1140 1299 1206 atque
1318 1134 1623 1190 miraculis
1653 1155 1663 1199 ;
1695 1133 2006 1204 pulsisque
2028 1134 2230 1204 impiis

570 1227 865 1296 gentibus,
892 1226 951 1279 in
981 1232 1197 1280 terram
1223 1223 1635 1295 promissionis
1662 1223 1946 1294 perducta
1975 1230 2031 1278 et
2059 1239 2226 1278 cons-

569 1315 761 1383 tituta,
795 1329 981 1385 regno
1026 1316 1206 1369 etiam
1236 1314 1619 1368 sublimatur.
1654 1313 1879 1367 Deinde
1916 1312 2227 1383 praevales-

569 1412 736 1460 cente
766 1410 1031 1476 peccato,
1057 1403 1359 1472 sacrilegis
1386 1403 1635 1458 ausibus
1662 1405 1846 1456 Deum
1876 1418 2099 1467 verum,
2125 1403 2227 1473 qui

568 1496 649 1549 eis
672 1501 835 1549 tanta
854 1494 1145 1548 beneﬁcia
1163 1493 1516 1555 contulerat,
1549 1493 1875 1562 saepissime
1890 1491 2223 1558 offendens,

566 1585 865 1655 variisque
917 1582 1220 1651 ﬂagellata
1278 1581 1574 1649 cladibus,
1623 1591 1679 1635 et
1732 1580 2227 1652 prosperitatibus

566 1673 891 1740 consolata,
919 1686 1105 1742 usque
1128 1671 1205 1725 ad
1230 1670 1441 1726 Christi
1463 1669 1935 1725 incarnationem
1966 1669 2227 1725 declara-

566 1763 909 1833 tionemque
949 1760 1312 1831 perducitur.
1366 1760 1555 1824 Quem
1605 1759 1920 1823 Christum,
1956 1760 2055 1814 Dei
2098 1762 2227 1814 Ver-

560 1852 731 1916 bum,
776 1854 876 1906 Dei
908 1850 1141 1914 Filium,
1184 1850 1368 1903 Deum
1410 1849 1469 1902 in
1510 1863 1693 1903 carne
1728 1855 2068 1913 venturum,
2103 1864 2225 1903 mo-

559 1943 837 2005 riturum,
885 1946 1380 2003 resurrecturum,
1440 1938 1499 1991 in
1555 1937 1769 1992 caelum
1810 1953 2223 2003 ascensuruin,

561 2029 1117 2102 prtepollentissimo
1141 2043 1251 2082 suo
1281 2028 1544 2092 nomine,
1561 2028 1620 2081 in
1644 2026 1928 2081 omnibus
1948 2027 2224 2095 gentibus

558 2120 785 2176 dicatos
813 2118 925 2172 sibi
964 2117 1219 2188 populos
1252 2117 1641 2187 habiturum;
1676 2115 1859 2187 inque
1891 2116 1991 2170 illo
2022 2117 2221 2180 remis,

560 2210 789 2264 sionem
823 2216 1227 2278 peccatorum,
1255 2206 1627 2276 salutemque
1659 2213 1943 2259 asternam
1965 2206 2223 2260 futuram

558 2314 685 2354 esse
734 2296 1133 2360 credentibus,
1189 2298 1396 2349 omnia
1457 2295 1647 2363 gentis
1702 2294 1853 2348 illius
1905 2294 2219 2365 promissa,

557 2402 768 2442 omnes
791 2384 1137 2457 pI'OphelitB,
1168 2383 1525 2447 sacerdotia,
1557 2384 1873 2447 sacriﬁcia,
1905 2383 2220 2454 templum,

558 2481 614 2532 et
643 2484 856 2530 cuncta
887 2474 1134 2528 omnino
1168 2478 1549 2527 sacramenta
1588 2478 1935 2526 sonuerunt.

633 2587 716 2638 16.
752 2582 1005 2655 Venitet
1045 2581 1307 2635 Christus
1342 2598 1353 2647 ;
1394 2578 1771 2650 complentur
1800 2580 1859 2634 in
1906 2581 2035 2650 ejus
2068 2585 2221 2645 ortu,

558 2674 698 2735 vita,
748 2672 941 2735 dictis,
994 2669 1185 2734 factis,
1234 2668 1645 2740 passionibus,
1678 2676 1889 2732 morte,
1930 2686 2223 2725 resurrec-

558 2763 739 2826 tione,
790 2760 1159 2823 ascensione,
1204 2760 1399 2813 omnia
1448 2758 1747 2830 przeconia
1798 2759 2225 2829 Prophetarum

559 2849 1143 2925 (Malth.1,25).i\littit
1166 2847 1451 2919 Spiritum
1473 2856 1770 2913 sanctum,
1788 2848 1994 2919 implet
2018 2848 2222 2903 fideles

556 2957 679 2997 una
694 2942 753 2995 in
772 2940 945 2995 domo
961 2944 1357 3007 congregatos
1372 2938 1864 3007 (Acl.n,2),ethoc
1880 2942 2076 3007 ipsum
2095 2953 2222 3007 pro-

558 3032 747 3086 missu
764 3030 1059 3085 morando
1075 3037 1247 3099 atque
1263 3026 1665 3081 desiderando
1680 3032 2227 3097 exspectantes.lm-

555 3120 695 3193 pleti
716 3125 917 3176 autem
935 3117 1151 3189 Spiritu
1170 3122 1396 3181 sancto,
1413 3116 2225 3187 loquunturrepentelinguis

555 3210 821 3265 omnium
850 3209 1145 3277 gentium,
1172 3214 1430 3275 arguunt
1451 3205 1703 3259 ﬁdenter
1732 3220 1976 3271 errores,
2007 3205 2221 3276 praedi-

553 3302 694 3354 cant
709 3296 1171 3353 saluberrimam
1194 3295 1528 3359 veritatem,
1548 3299 1931 3349 exhortantur
1944 3296 2018 3349 ad
2037 3296 2221 3366 poeni-

554 3388 799 3442 tentiam
825 3386 1137 3457 prteteritae
1170 3383 1487 3455 culpabilis
1505 3386 1659 3447 vitae,
1681 3383 2113 3453 indulgentiam
2144 3384 2218 3438 de

552 3475 760 3529 divina
808 3475 996 3543 gratia
1042 3472 1411 3544 pollicentur.
1447 3472 1931 3526 Praedicationem
1980 3472 2215 3542 pietatis

553 3579 834 3634 vera-ique
868 3562 1171 3632 religionis
1208 3578 1378 3629 Signa
1410 3562 1803 3631 congruentia
1830 3567 1885 3615 et
1927 3561 2213 3617 miracula

550 3658 1020 3723 consequuntur.
1073 3651 1373 3705 Excitatur
1404 3652 1695 3705 adversus
1736 3666 1838 3705 eos
1879 3666 2037 3705 saeva
2084 3650 2213 3705 inﬁ-

548 3740 757 3796 delitas
788 3757 801 3808 ;
837 3741 1089 3796 tolerant
1119 3739 1422 3811 praedicta,
1460 3745 1701 3809 sperant
1746 3740 2061 3810 promissa,
2101 3740 2212 3794 do-

546 3836 677 3885 cent
710 3834 1026 3901 praacepta.
1057 3831 1314 3884 Numero
1346 3829 1543 3897 exigui
1572 3844 1677 3899 per
1706 3828 1999 3882 mundum
2027 3828 2211 3883 disse-

544 3919 869 3982 minantur,
930 3919 1186 3990 populos
1226 3917 1502 3973 facilitate
1537 3916 1794 3972 mirabili
1835 3922 2206 3989 convertunt,

541 4008 695 4062 inter
719 4008 987 4061 inimicos
1014 4014 1328 4077 augentur,
1362 4007 1878 4078 persecutionibus
1910 4012 2203 4068 crescunt,

542 4111 649 4167 per
675 4096 1070 4152 afﬂictionum
1099 4096 1415 4163 angustias
1462 4111 1651 4165 usque
1686 4096 1742 4148 in
1786 4102 2076 4149 terrarum
2111 4112 2205 4149 ex-

542 4190 731 4240 trema
762 4184 1104 4238 dilatantur.
1143 4186 1223 4237 Ex
1256 4184 1743 4254 imperitissimis,
1771 4200 1843 4238 ex
1876 4183 2205 4254 abjectissi-

542 4273 674 4339 mis,
730 4289 801 4328 ex
862 4272 1243 4344 paucissimis
1304 4272 1741 4337 illuminantur,
1800 4272 2203 4337 nobilitantur,

538 4362 1005 4432 multiplicantur
1058 4361 1533 4433 praeclarissima
1582 4361 1838 4431 ingenia,
1882 4362 2204 4417 cultissima

537 4451 777 4523 eloquia
810 4468 824 4518 ;
859 4450 1287 4523 mirabilesque
1338 4451 1577 4523 peritias
1627 4456 1960 4515 acutorum,
1994 4450 2203 4507 facun-

537 4541 755 4597 dornm
807 4549 987 4613 atque
1028 4542 1343 4597 doctorum
1391 4541 1715 4611 subjugant
1746 4540 1993 4609 Christo,
2028 4548 2083 4596 et
2122 4542 2199 4596 ad

536 4632 989 4702 praedicandum
1018 4631 1170 4687 viam
1214 4632 1448 4702 pietatis
1479 4630 1801 4702 salutisque
1829 4636 2193 4691 convertunt.

536 4719 790 4774 Alternis
840 4719 1309 4775 adversitatibus
1342 4725 1399 4774 et
1438 4720 1925 4791 prosperitatibus
1973 4736 2192 4787 rerum,

533 4808 881 4880 patientiam
916 4814 971 4863 et
1019 4810 1474 4879 temperantiam
1519 4808 1833 4878 vigilanter
1876 4816 2190 4865 exercent:

532 4896 765 4953 mundo
788 4897 1125 4953 declinante
1147 4898 1206 4952 in
1227 4903 1514 4965 extrema,
1541 4898 1830 4969 fessisque
1856 4898 2034 4953 rebus
2056 4905 2191 4955 aeta-

529 4992 646 5043 tem
681 4986 953 5043 ultimam
989 4993 1371 5058 protestante,
1405 4987 1594 5042 multo
1634 4988 1932 5053 ﬁdentius,
1966 4987 2107 5059 quia
2138 4994 2191 5044 et

527 5076 641 5132 hoc
667 5076 1022 5149 praedictum
1050 5082 1156 5145 est,
1186 5083 1468 5132 aeternam
1501 5076 1751 5132 civitatis
1784 5076 2039 5131 cmlestis
2072 5077 2190 5133 feli-

528 5166 766 5222 citatem
796 5172 1159 5238 exspectant.
1190 5170 1380 5238 Atque
1408 5166 1558 5221 inter
1584 5166 1708 5221 haec
1731 5167 1953 5231 omnia,
1983 5174 2188 5223 contra

527 5256 852 5311 Ecclesiam
909 5256 1120 5311 Christi
1174 5256 1496 5327 impiarum
1555 5256 1815 5324 gentium
1868 5256 2185 5312 infidelitas

525 5344 721 5399 fremit
751 5360 763 5397 :
794 5346 1008 5400 evincit
1029 5345 1124 5401 illa
1147 5347 1448 5417 patiendo,
1474 5350 1529 5399 et
1550 5346 1970 5399 inconcussam
2004 5344 2182 5401 ﬁdem

527 5432 677 5487 inter
706 5433 1122 5489 obsistentium
1161 5434 1449 5490 saevitiam
1491 5432 1845 5505 proﬁtendo.
1897 5435 2181 5490 Revelatae

527 5520 814 5590 veritatis,
862 5539 997 5595 quas
1041 5525 1145 5579 diu
1194 5524 1505 5596 promissis
1535 5524 1803 5594 mysticis
1845 5524 2178 5589 velabatur,

527 5610 820 5666 sacriﬁcio
875 5614 1247 5678 succedente,
1304 5614 1405 5669 illa
1458 5613 1752 5668 sacriﬁcia
1801 5612 2023 5685 quibus
2063 5613 2176 5669 hoc

522 5697 914 5771 ﬁgurabatur,
944 5702 1149 5774 templi
1176 5703 1365 5775 ipsius
1394 5705 1700 5760 eversione
1732 5702 2033 5760 tolluntur.
2069 5705 2175 5761 Re-

1876 204 1914 261 S
1927 244 1943 261 .
1986 202 2375 264 AUGUSTINI
2412 202 2732 266 EPISCOPI

3849 228 3930 291 52L

2347 333 2537 405 proba
2568 350 2672 405 per
2704 333 3112 391 inﬁdelitatem
3143 352 3286 408 gens
3318 337 3444 409 ipsa
3471 343 3783 405 Iudaeorum
3816 369 3934 412 ase-

2347 423 2526 478 dibus
2560 426 2905 496 exstirpata,
2939 441 3045 497 per
3079 427 3373 483 mundum
3416 446 3809 510 usquequaque
3836 445 3934 499 ἀίε,

2348 512 2628 582 pergitur,
2665 518 2728 569 ut
2768 513 2989 585 ubique
3018 520 3209 584 portet
3234 513 3474 572 Codices
3513 529 3754 591 sanctos,
3785 545 3845 585 ac
3870 535 3935 589 sic

2345 602 2673 673 prophetiae
2706 603 3134 667 testimonium,
3169 620 3289 677 qua
3332 606 3581 663 Christus
3627 618 3679 668 et
3723 618 3936 678 Ecclesia

2342 692 2746 762 praenuntiata
2789 697 2896 757 est,
2948 708 3022 747 ne
3071 693 3146 747 ad
3203 699 3436 765 tempus
3486 713 3521 752 a
3564 701 3725 757 nobis
3771 705 3938 765 ﬁctum

2343 779 2804 849 existimaretur,
2836 781 2914 836 ab
2941 780 3087 852 ipsis
3116 782 3470 839 adversariis
3495 788 3832 861 proferatur;
3861 797 3937 852 ubi

2341 868 2524 923 etiam
2557 869 2719 940 ipsos
2752 870 3104 941 praedictum
3137 876 3227 926 est
3269 887 3388 927 non
3422 872 3596 931 fuisse
3642 881 3939 940 credituros.

2340 957 2586 1028 Templa
2637 964 2690 1013 et
2744 960 3067 1014 simulacra
3096 960 3467 1028 daemonum,
3498 966 3747 1038 ritusque
3796 975 3941 1028 sacri-

2339 1043 2452 1114 legi
2484 1045 2774 1116 paulatim
2800 1054 2977 1118 atque
3004 1048 3342 1104 alternatim
3369 1053 3685 1109 secundum
3701 1059 3942 1128 praedicta

2340 1134 2691 1203 prophetica
2713 1134 3159 1191 subvertuntur.
3188 1138 3452 1193 Hmreses
3471 1140 3737 1198 adversus
3760 1161 3941 1204 nomen

2341 1220 2571 1287 Christi,
2617 1225 2728 1278 sub
2761 1225 3097 1280 velamento
3126 1234 3329 1282 tamen
3356 1229 3613 1284 nominis
3651 1233 3852 1301 Christi,
3880 1239 3941 1292 ad

2341 1311 2418 1366 ad
2451 1313 2845 1368 exercendam
2880 1314 3213 1372 doctrinam
3248 1325 3469 1373 sanctae
3493 1320 3795 1391 religionis,
3823 1325 3943 1382 sicut

2339 1404 2752 1471 praenuntiata:
2783 1406 2939 1469 sunt,
2976 1404 3292 1474 pullulant.
3326 1409 3457 1462 Haec
3488 1411 3682 1465 omnia
3711 1412 3845 1467 sicut
3884 1414 3941 1469 le-

2340 1497 2559 1558 guntur
2587 1492 2889 1563 praedicta,
2926 1494 3005 1548 ita
3042 1500 3365 1551 cernuntur
3404 1496 3660 1567 impleta,
3711 1506 3865 1571 atque
3891 1519 3943 1556 ex

2336 1578 2431 1633 his
2455 1580 2581 1650 jam
2638 1587 2720 1636 tot
2751 1588 2806 1637 et
2855 1583 3031 1637 tantis
3086 1599 3221 1655 quae
3269 1590 3511 1649 restant,
3577 1595 3943 1659 exspectantur

2337 1667 2665 1739 implenda.
2723 1671 2863 1734 Quae
2907 1671 3145 1725 tandem
3198 1688 3369 1727 mens
3427 1674 3603 1729 avida
3632 1678 3943 1745 aeternitatis,

2335 1757 2588 1829 vitaeque
2613 1758 2921 1829 praesentis
2950 1760 3232 1816 brevitate
3264 1772 3558 1832 permota,
3585 1774 3774 1820 contra
3796 1766 3943 1837 hujus

2335 1847 2552 1901 divinae
2586 1847 2953 1902 auctoritatis
2980 1848 3184 1903 lumen
3214 1849 3576 1922 culmenque
3619 1855 3944 1909 contendat?

2407 1934 2629 1990 CAPUT
2654 1939 2709 1990 V.
2753 1968 2820 1976 ——
2857 1943 2938 1992 t7.
2977 1940 3117 2002 Quae
3147 1938 3603 2011 disputationes,
3630 1958 3755 2013 quae
3782 1943 3944 1998 litteris

2334 2024 2739 2093 quorumlibet
2762 2025 3278 2097 philosophorum,
3313 2043 3454 2098 quae
3485 2028 3640 2098 leges
3670 2032 3945 2101 quarumli-

2335 2112 2433 2165 bet
2459 2114 2785 2181 civitatum,
2815 2114 3055 2169 duobus
3090 2116 3429 2187 praeceptis,
3461 2133 3533 2171 ex
3562 2118 3764 2190 quibus
3790 2121 3945 2174 Chris-

2337 2207 2429 2254 tus
2455 2201 2572 2255 dici
2606 2208 2789 2256 totam
2825 2205 3036 2272 Legem
3070 2206 3516 2278 Prophetasque
3570 2208 3829 2278 pendere,
3856 2208 3945 2262 ullo

2334 2290 2516 2344 modo
2549 2292 2664 2344 sint
2696 2293 3125 2363 comparandae
3166 2305 3181 2354 :
3215 2295 3450 2364 Diliges
3470 2297 3771 2351 Dominum
3800 2299 3943 2351 Deum

2335 2385 2500 2434 tuum
2529 2394 2602 2435 ex
2626 2386 2745 2435 toto
2768 2383 2946 2437 corde
2972 2388 3091 2447 tuo,
3120 2389 3172 2438 et
3204 2399 3278 2439 ex
3308 2391 3441 2439 tota
3465 2386 3664 2440 anima
3696 2390 3809 2453 tua,
3831 2392 3874 2440 et
3893 2401 3947 2440 ex

2334 2473 2455 2522 tota
2479 2478 2671 2524 mente
2691 2476 2796 2525 tua
2809 2483 2832 2540 ,'
2847 2476 2921 2535 et,
2938 2472 3149 2541 diliges
3163 2473 3516 2540 proximum
3531 2482 3691 2529 tuum
3711 2484 3945 2545 tanquam

2336 2556 2587 2624 teipsum
2616 2559 2645 2609 ‘?
2675 2560 2915 2629 (Matth.
2966 2576 3107 2625 xxu,
3142 2565 3229 2627 37,
3259 2562 3380 2633 39).
3425 2565 3524 2618 Hic
3552 2564 3945 2635 physica,quo-

2336 2647 2496 2699 niam
2529 2664 2737 2702 omnes
2792 2651 3061 2703 omnium
3121 2660 3481 2707 naturarum
3539 2669 3729 2709 causa;
3779 2655 3829 2706 in
3866 2656 3951 2706 Deo

2336 2742 2599 2790 creatore
2635 2743 2790 2792 sunt.
2828 2740 2926 2792 Hic
2973 2739 3186 2803 ethica,
3228 2742 3532 2812 quoniam
3584 2744 3698 2798 vita
3730 2742 3872 2797 bona
3912 2747 3953 2794 et

2333 2822 2589 2880 honesta
2617 2841 2735 2880 non
2769 2826 3009 2882 aliunde
3042 2830 3351 2895 formatur,
3392 2848 3581 2902 quam
3609 2848 3739 2887 cum
3766 2847 3829 2886 ea
3854 2847 3953 2902 quae

2335 2913 2639 2982 diligenda
2672 2922 2830 2985 sunt,
2864 2918 3390 2987 quemadmodum
3443 2920 3741 2990 diligenda
3784 2924 3901 2973 sunt
3922 2923 3949 2977 ί,

2334 3001 2679 3071 diliguntur,
2714 3004 2829 3060 hoc
2888 3013 2976 3061 est
3005 3008 3159 3061 Deus
3205 3015 3261 3063 et
3292 3010 3629 3079 proximus.
3658 3010 3751 3064 Hic
3774 3008 3950 3078 logica,

2332 3094 2622 3161 quoniam
2654 3094 2870 3148 veritas
2896 3095 3222 3167 lumenque
3255 3100 3475 3153 anima:
3490 3098 3802 3162 rationalis,
3832 3111 3949 3151 non-

2332 3181 2443 3235 nisi
2476 3182 2630 3236 Deus
2657 3190 2762 3237 est.
2794 3184 2896 3238 Hic
2936 3187 3112 3240 etiam
3169 3186 3499 3243 laudabilis
3530 3187 3851 3260 reipublicae
3885 3200 3953 3240 sa-

2330 3268 2422 3323 lus
2458 3287 2469 3324 :
2510 3286 2703 3342 neque
2761 3274 2920 3327 enim
2981 3275 3258 3329 conditur
3298 3284 3356 3331 et
3412 3278 3741 3332 custoditur
3768 3276 3950 3346 Optime

2330 3358 2554 3425 civitas,
2590 3360 2705 3414 nisi
2728 3361 3119 3419 fundamento
3159 3368 3216 3418 et
3242 3365 3489 3421 vinculo
3512 3367 3667 3432 ﬁdei,
3686 3366 3950 3435 ﬁrmaeque

2328 3450 2684 3514 concordiae,
2714 3467 2850 3505 cum
2883 3452 3109 3506 bonum
3143 3469 3476 3509 commune
3518 3457 3791 3527 diligitur,
3819 3452 3948 3525 quod

2326 3553 2633 3592 summum
2674 3555 2743 3594 ac
2778 3539 3155 3596 verissimum
3198 3545 3356 3597 Deus
3410 3552 3521 3609 est,
3579 3554 3754 3616 atque
3793 3542 3845 3596 in
3873 3541 3948 3594 illo

2322 3626 2571 3681 invicem
2633 3629 3031 3684 sincerissime
3073 3647 3134 3685 se
3193 3632 3461 3702 diligunt
3518 3634 3809 3697 homines,
3838 3645 3949 3685 cum

2322 3722 2563 3786 propter
2584 3717 2750 3771 illum
2788 3735 2848 3772 se
2875 3719 3153 3789 diligunt,
3189 3722 3306 3785 cui,
3330 3739 3459 3795 quo
3479 3725 3686 3779 animo
3715 3722 3947 3791 diligant.

2319 3806 2617 3862 occultare
2643 3823 2763 3862 non
2796 3814 3074 3878 possunt.

2396 3899 2477 3948 18.
2512 3896 2716 3950 Modus
2744 3904 2943 3952 autem
2988 3898 3120 3969 ipse
3153 3898 3418 3967 dicendi,
3447 3917 3572 3973 quo
3604 3907 3801 3957 sancta
3828 3896 3949 3953 Scri-

2317 3988 2493 4053 ptura
2507 3986 2856 4051 contexitur,
2871 4002 3054 4057 quam
3070 3988 3354 4044 omnibus
3370 3991 3761 4057 accessibilis,
3774 4003 3953 4061 quam-

2316 4073 2405 4126 vis
2438 4074 2818 4143 paucissimis
2840 4077 3220 4146 penetrabilis
3245 4077 3257 4131 !
3292 4081 3375 4134 Ea
3401 4095 3544 4151 quas
3576 4086 3776 4151 aperta
3801 4075 3951 4132 conti-

2313 4168 2431 4225 net,
2461 4165 2632 4233 quasi
2659 4166 2890 4218 amicus
2908 4164 3239 4231 familiaris,
3264 4169 3401 4224 sine
3434 4169 3579 4225 fuco
3593 4169 3671 4224 ad
3688 4164 3952 4237 corloqui-

2316 4256 2407 4305 tur
2434 4252 2816 4308 indoctorum
2857 4261 3038 4325 atque
3065 4256 3385 4312 doctorum
3426 4275 3440 4313 :
3481 4275 3556 4315 ea
3589 4275 3728 4314 vero
3756 4272 3877 4329 quae
3903 4253 3949 4306 in

2314 4342 2617 4412 mysteriis
2647 4343 2922 4409 occultat,
2966 4360 3074 4399 nec
3104 4346 3233 4417 ipsa
3292 4347 3547 4420 eloquio
3590 4348 3843 4421 superbo
3869 4342 3953 4398 eri-

2312 4431 2413 4498 git,
2456 4447 2581 4501 quo
2608 4447 2726 4487 non
2758 4434 2975 4489 audeat
3005 4437 3288 4491 accedere
3318 4454 3505 4493 meus
3537 4435 3887 4495 tardiuscula
3908 4437 3950 4485 et
4022 4486 4023 4491 η

2309 4516 2627 4586 inerudita,
2662 4522 2835 4592 quasi
2867 4538 3097 4594 pauper
3144 4526 3220 4579 ad
3268 4525 3525 4582 divitem
3562 4546 3575 4597 ;
3613 4525 3718 4581 sed
3774 4522 3952 4579 invitat

2308 4623 2518 4663 omnes
2549 4610 2759 4664 humili
2786 4626 3081 4677 sermone,
3111 4628 3265 4684 quos
3290 4630 3419 4670 non
3446 4616 3649 4671 solum
3664 4613 3951 4670 manifesta

2308 4703 2534 4767 pascat,
2569 4698 2671 4754 sed
2699 4700 2879 4755 etiam
2920 4707 3146 4757 secreta
3172 4710 3457 4761 exerceat
3485 4706 3752 4770 veritate,
3778 4703 3880 4759 hoc
3903 4700 3949 4754 in

2304 4788 2594 4857 promptis
2619 4790 2783 4860 quod
2814 4790 2876 4844 in
2896 4791 3213 4847 reconditis
3244 4792 3511 4849 habens.
3545 4796 3664 4849 Sed
3689 4810 3759 4849 ne
3776 4795 3952 4864 aperta

2302 4874 2721 4943 fastidirentur,
2755 4879 2965 4935 eadem
3021 4896 3227 4936 rursus
3253 4890 3475 4953 operta
3534 4884 3948 4941 desiderantur,

2300 4964 2635 5022 desiderata
2665 4968 2929 5037 quodam
2989 4970 3169 5026 modo
3219 4979 3629 5043 renovantur,
3690 4974 3951 5029 renovata

2300 5054 2561 5108 suaviter
2591 5054 2962 5113 intimantur.
2995 5058 3094 5112 His
3120 5056 3443 5116 salubriter
3472 5068 3530 5118 et
3562 5078 3753 5133 prava
3797 5058 3950 5115 corri-

2297 5148 2538 5211 guntur,
2560 5149 2616 5198 et
2646 5161 2831 5215 parva
2862 5148 3220 5212 nutriuntur,
3251 5155 3306 5203 et
3331 5166 3573 5221 magna
3598 5152 3952 5207 oblectantur

2296 5231 2554 5302 ingenia.
2584 5233 2680 5290 llle
2713 5235 2851 5291 huic
2901 5236 3184 5292 doctrinae
3241 5238 3537 5295 inimicus
3567 5248 3655 5296 est
3703 5242 3940 5299 animus,

2293 5322 2395 5393 qui
2426 5322 2513 5376 vel
2544 5326 2799 5379 errando
2825 5340 2957 5379 eam
2972 5328 3157 5381 nescit
3182 5342 3311 5381 esse
3334 5328 3830 5394 saluberrimam,
3868 5323 3944 5379 vel

2292 5410 2411 5466 odit
2442 5413 2793 5483 aegrotando
2832 5415 3222 5472 medicinam.

2351 5590 2366 5621 ¹
2388 5588 2532 5657 _Edd.
2561 5592 2833 5657 omittunt,
2888 5593 3311 5654 quemadmodum
3358 5594 3638 5657 diligenda
3662 5599 3807 5657 sunt;
3834 5604 3943 5657 qua:

2282 5651 2455 5778 ἔθθέἓέ
2484 5654 2738 5764 intVatic.
2769 5651 3025 5719 quin-que,
3054 5660 3108 5705 et
3134 5651 3605 5720 inseptemdécim
3618 5656 3797 5709 Gallic.
3831 5651 3941 5703 Mss.

2458 5730 2530 5764 un
2561 5731 2637 5765 ur.
