4074 6164
139 224 239 287 525

205 359 287 411 l9.
310 353 487 409 Vides
513 365 698 426 quam
730 347 1026 426 prolixam
1077 350 1391 425 epistolam
1432 351 1693 409 fecerim.
1726 352 1785 408 Si

130 444 269 517 quid
291 458 435 514 ergo
459 447 512 499 te
536 448 752 508 movet,
782 447 959 514 atque
988 441 1138 498 inter
1157 458 1267 497 nos
1294 442 1637 514 pertractari
1659 447 1786 499 tan-

128 533 163 587 ti
192 531 403 601 habes,
436 547 555 587 non
574 530 677 587 tibi
703 530 883 587 faciat
912 531 1221 601 angustias
1242 530 1601 586 usitatarum
1634 532 1785 603 epis-

124 619 378 677 tolarum
406 619 1011 676 velutcustodiendus
1028 619 1274 687 modus;
1307 620 1449 692 quia
1479 626 1535 675 et
1560 620 1784 692 optime

123 711 276 767 nosti
302 726 490 782 quam
536 710 795 780 grandes
844 726 945 766 eas
999 716 1223 767 veteres
1260 710 1600 781 habuerint,
1644 726 1783 767 cum

122 799 347 871 aliquid
377 805 625 870 agerent
646 799 812 872 quod
852 799 1145 872 explicare
1174 800 1429 856 breviter
1467 815 1589 856 non
1628 800 1783 856 vale-

120 894 268 946 rent.
300 888 370 944 Et
402 889 452 943 si
474 893 785 945 auctorum
824 888 902 945 ad
928 888 1077 945 alias
1109 887 1333 945 litteras
1359 888 1783 960 pertinentium

119 993 249 1034 mos
281 982 440 1034 esset
464 978 636 1042 alius,
655 982 997 1034 nostrorum
1028 976 1203 1033 nobis
1232 977 1294 1033 in
1315 977 1424 1033 hac
1445 993 1507 1033 re
1536 976 1782 1048 dignius

116 1066 413 1124 imitanda
439 1066 801 1139 praeberetur
814 1067 1156 1123 auctoritas.
1174 1067 1407 1139 Inspice
1428 1067 1508 1123 ita
1531 1067 1779 1122 modum

117 1156 519 1227 Epistolarum
564 1155 1049 1229 apostolicorum,
1096 1156 1190 1212 vel
1242 1172 1450 1213 eorum
1472 1156 1651 1212 etiam
1676 1157 1780 1228 qui

115 1245 211 1301 illa
242 1245 453 1301 divina
481 1244 724 1316 eloquia
753 1248 1157 1301 tractaverunt
1188 1261 1201 1311 ;
1231 1250 1287 1302 et
1322 1261 1443 1301 non
1494 1245 1695 1316 pigeat
1724 1248 1780 1300 te

114 1333 201 1390 vel
232 1335 436 1393 multa
465 1333 794 1406 quaerendo
847 1349 1207 1406 proponere,
1242 1333 1291 1388 si
1332 1338 1519 1390 multa
1567 1339 1621 1389 te
1651 1349 1780 1405 per-

117 1429 379 1491 movent,
410 1422 505 1478 vel
537 1422 863 1494 aliquando
887 1422 1111 1478 diutius
1142 1438 1378 1478 versare
1407 1422 1570 1495 quod
1617 1439 1779 1495 quae-

114 1513 212 1578 ris,
239 1517 317 1567 ut;
344 1517 642 1585 quantum
658 1512 783 1566 ﬁeri
798 1527 903 1583 per
928 1512 1076 1567 tales
1092 1511 1301 1584 quales
1333 1528 1547 1568 sumus
1564 1516 1774 1583 potest,

112 1617 224 1657 non
256 1607 581 1657 remaneat
630 1600 1022 1658 dubitationis
1080 1600 1354 1657 nubilum
1383 1599 1545 1673 quod
1585 1600 1778 1657 obstet

111 1689 325 1747 lumini
350 1689 637 1747 veritatis.

174 1784 263 1836 20.
304 1780 445 1836 Scio
473 1779 632 1835 enim
681 1777 1106 1835 Excellentiam
1151 1782 1339 1846 tuam,
1367 1779 1773 1850 quorumdam

109 1870 340 1943 perpeti
372 1867 873 1925 obstinatissimas
902 1868 1424 1937 contradictiones,
1453 1868 1553 1941 qui
1594 1883 1776 1941 prop-

110 1966 265 2016 terea
298 1963 536 2032 putant,
570 1957 659 2013 vel
691 1958 886 2030 putari
916 1957 1529 2013 voluntchristianam
1556 1957 1776 2013 doctri-

110 2064 243 2105 nam
279 2048 522 2104 utilitati
542 2062 665 2103 non
681 2047 1000 2102 convenire
1026 2045 1392 2119 reipublicae,
1412 2049 1549 2118 quia
1563 2046 1775 2102 nolunt

110 2146 263 2195 stare
299 2136 741 2209 rempublicam
771 2135 1046 2191 ﬁrmitate
1077 2136 1380 2199 virtutum,
1431 2135 1536 2190 sed
1577 2136 1773 2206 impu-

107 2228 289 2283 nitate
320 2226 623 2281 vitiorum.
675 2227 800 2280 Non
827 2230 1028 2279 autem
1059 2225 1208 2279 sicut
1231 2225 1356 2294 regi
1394 2223 1646 2288 homini,
1679 2229 1771 2284 vel

107 2315 353 2371 cuilibet
384 2313 635 2386 principi
671 2313 940 2378 civitatis,
982 2313 1065 2369 ita
1095 2312 1273 2368 etiam
1328 2316 1447 2369 Deo
1474 2312 1770 2385 quidquid

106 2421 137 2463 a
164 2403 384 2461 multis
428 2408 710 2475 peccatur
747 2402 1005 2457 inultum
1035 2406 1140 2457 est.
1176 2402 1574 2458 Misericordia
1630 2417 1769 2457 vero

105 2497 226 2567 ejus
262 2498 327 2549 et
348 2492 541 2563 gratia
591 2491 916 2564 prtedicata
958 2490 1306 2546 hominibus
1328 2507 1432 2563 per
1460 2491 1769 2546 hominem

106 2584 432 2647 Christum,
467 2581 981 2653 impartitaautem
1008 2596 1112 2651 per
1129 2583 1312 2636 Deum
1327 2580 1550 2652 Deique
1579 2580 1768 2635 ﬁlium

104 2673 399 2730 eumdem
426 2672 624 2743 ipsum
666 2670 983 2736 Christum,
1029 2685 1152 2725 non
1192 2670 1409 2726 deserit
1438 2686 1540 2725 eos
1565 2670 1667 2742 qui
1699 2685 1770 2725 ex

101 2764 225 2833 ejus
255 2761 389 2817 fide
413 2761 639 2825 vivunt,
675 2773 936 2830 eumque
950 2757 1046 2830 pie
1072 2758 1291 2823 colunt,
1318 2758 1441 2813 sive
1476 2757 1637 2814 mala
1662 2759 1771 2815 hu-

98 2852 193 2922 jus
214 2850 274 2905 vi
287 2855 359 2906 te
374 2846 1021 2921 patienterfortiterque
1036 2840 1434 2917 experiantur,
1455 2847 1579 2902 sive
1592 2846 1768 2903 bonis

102 2940 230 3011 ejus
273 2936 744 2994 misericorditer
768 2951 839 2992 ac
868 2940 1269 3007 temperanter
1298 2940 1541 2991 utantur
1572 2952 1586 3002 ;
1615 2940 1770 2992 aeter-

102 3044 242 3085 num
281 3042 395 3099 pro
426 3029 678 3097 utroque
735 3024 1053 3097 praemium
1101 3024 1392 3095 recepturi
1447 3024 1507 3079 in
1539 3024 1770 3080 civitate

104 3130 381 3189 superna
431 3120 614 3185 atque
645 3112 870 3179 divina,
922 3111 1025 3168 ubi
1050 3111 1179 3184 jam
1234 3128 1357 3167 non
1411 3112 1488 3167 sit
1522 3113 1769 3168 moleste

101 3203 427 3262 toleranda
458 3202 787 3265 calamitas,
819 3216 930 3257 nec
961 3201 1258 3259 laboriose
1288 3201 1577 3258 frenanda
1603 3201 1771 3273 cupi-

103 3294 286 3358 ditas,
320 3292 432 3349 sed
461 3291 591 3348 sola
616 3291 742 3346 sine
769 3290 1343 3357 ulladifﬁcultate,et
1364 3306 1501 3347 cum
1517 3290 1771 3363 perfecta

104 3384 383 3440 libertate
414 3380 728 3437 retinenda
748 3382 847 3436 Dei
869 3386 923 3435 et
951 3380 1203 3452 proximi
1227 3380 1506 3437 charitas.
1536 3379 1769 3436 Incolu-

105 3490 261 3530 mem
292 3471 752 3542 t’elicioremque'
776 3475 828 3524 te
856 3469 1419 3526 misericordissima
1445 3470 1545 3526 Dei
1580 3470 1771 3526 omni-

108 3562 375 3634 potentia
402 3564 654 3625 tueatur,
684 3558 928 3614 domine
941 3558 1181 3614 illustris
1201 3560 1481 3615 etmerito
1494 3559 1767 3632 insignis,

108 3669 171 3709 ac
184 3649 696 3724 praestantissime
711 3647 812 3703 ﬁli.
839 3648 1123 3704 Sanctam
1139 3648 1267 3703 etin
1290 3648 1517 3705 Christo
1540 3648 1767 3719 dignis-

108 3742 254 3798 sime
312 3738 742 3797 honorandam
787 3741 1062 3802 matrem,
1119 3738 1291 3809 cujus
1342 3754 1450 3809 pro
1509 3742 1565 3793 te
1618 3738 1770 3793 Deus

104 3846 315 3903 preces
348 3826 653 3894 exaudiat,
684 3841 793 3899 pro
842 3826 1066 3882 meritis
1101 3827 1312 3881 vestris
1336 3826 1769 3882 ofﬁciosissime

107 3920 325 3975 saluto.
364 3918 623 3973 Sanctus
655 3914 835 3971 frater
864 3919 919 3970 et
950 3914 1344 3987 coepiscopus
1386 3931 1555 3970 meus
1587 3915 1770 3971 Possi-

104 4008 234 4065 dius
268 4004 686 4065 Praastantiam
710 4008 973 4059 vestram
1004 4003 1259 4059 multum
1292 4003 1527 4060 salutat.

507 4092 847 4149 EPISTULA
889 4092 1209 4148 CXXXVIII
1233 4093 1248 4109 '
1275 4094 1374 4165 (α).

100 4184 488 4257 Augustinus
518 4183 600 4257 ad
646 4182 1481 4257 Marcellinum,respondens
1510 4182 1771 4257 epistolae

176 4253 306 4321 4'36,
342 4271 467 4328 qua
508 4253 937 4328 nimirumitle
984 4256 1235 4328 petierat
1292 4262 1354 4309 ut
1407 4253 1769 4328 satisfaceret

186 4324 538 4389 Volusiano,
553 4331 605 4380 et
632 4324 1005 4395 signiﬁcarat
1037 4326 1321 4395 quosdam
1342 4324 1771 4394 reprehendere

168 4400 341 4472 quod
369 4400 528 4472 Deus
563 4404 812 4472 veterem
866 4397 1088 4472 Legem
1122 4398 1484 4466 abrogasset,
1540 4412 1767 4472 necnon

167 4466 446 4529 asserere
457 4468 793 4524 doctrinam
818 4469 1219 4537 evangelicum
1232 4483 1353 4523 esse
1376 4466 1767 4536 perniciosam

171 4540 528 4611 reipublicae
559 4561 581 4610 ,-
606 4554 677 4596 ac
707 4539 1087 4611 demur/anon
1121 4540 1315 4611 deesse
1339 4542 1441 4610 qui
1467 4539 1772 4611 Apollonii

168 4610 536 4684 Ap’uleiique
587 4610 812 4681 magica
855 4610 1117 4667 ludibria
1173 4610 1477 4667 miraculis
1545 4610 1771 4667 Christi

168 4686 565 4755 pres/errent.

99 4775 366 4833 Domino
408 4770 627 4828 eximio
667 4775 721 4827 et
763 4770 976 4826 merito
1006 4770 1246 4841 insigni,
1303 4770 1656 4826 charissimo
1700 4786 1770 4826 ac

170 4860 734 4921 desiderantissimo
759 4859 883 4916 ﬁlio
914 4863 1284 4929 MARCELLINO,
1316 4860 1771 4929 Anausrmusﬁn

172 4952 439 5009 Domino
464 4949 740 5005 salutem.

172 5042 343 5099 CAP.
378 5039 665 5096 PRIMUM.
694 5068 763 5079 -—-
797 5043 843 5093 1.
879 5037 1091 5093 Illustri
1119 5038 1246 5093 viro
1275 5041 1332 5094 et
1362 5036 1772 5111 eloquentissi-

99 5149 230 5197 mo,
265 5128 567 5200 nobisque
583 5127 970 5183 dilectissimo
985 5126 1358 5193 Volusiano‘,
1373 5143 1495 5183 non
1508 5127 1770 5199 amplius

96 5236 298 5295 quam
331 5217 413 5274 ad
439 5216 586 5273 illud
612 5216 777 5289 quod
802 5216 1227 5289 inquirendum
1256 5217 1506 5289 putavit,
1532 5232 1773 5288 respon-

98 5309 381 5365 dendum
414 5305 525 5361 fuit
556 5322 570 5360 :
604 5306 681 5360 ad
709 5320 779 5360 ea
830 5320 972 5361 vero
997 5320 1131 5377 quas
1183 5306 1327 5360 mihi
1354 5305 1775 5377 pertractanda

95 5405 291 5471 atque
323 5393 611 5451 solvenda
634 5392 693 5449 in
722 5393 971 5467 epistola
1003 5399 1102 5451 tua
1126 5394 1253 5466 ipse
1285 5394 1513 5459 misisti,
1545 5395 1664 5449 sive
1695 5393 1772 5450 ab

165 5508 180 5536 ί
220 5504 379 5561 Edd.,
411 5502 521 5565 ﬁlio
563 5501 861 5552 Volusiano.
898 5505 965 5551 At
1004 5503 1125 5552 Mss.
1162 5507 1344 5553 carent
1378 5517 1525 5559 voce,
1553 5503 1680 5565 ﬁlio.

163 5570 198 5602 ’
234 5566 535 5629 Emendata
561 5565 625 5613 ad
654 5566 870 5615 eosdem
900 5566 1027 5616 Cdd.
1055 5581 1178 5616 cum
1203 5579 1414 5623 cxxxvr,
1451 5570 1505 5616 et
1522 5568 1777 5629 praeterea

95 5632 169 5683 ad
204 5630 445 5680 alterum
476 5628 566 5677 bn.
601 5632 651 5677 et
678 5629 971 5679 adsextum
1009 5644 1057 5678 ν.

168 5695 253 5754 (a)
288 5691 431 5741 Alias
459 5693 487 5738 5
516 5705 527 5739 :
556 5703 676 5755 quas
708 5695 891 5743 autem
944 5692 1032 5742 138
1068 5696 1198 5750 erat,
1233 5705 1377 5743 nunc
1422 5692 1531 5741 122.
1569 5690 1777 5753 Scripta

92 5756 304 5809 eodem
331 5758 592 5819 tempore.

1378 216 1885 284 EPISTOLARUM
1927 226 2221 285 CLASSIS
2276 228 2372 286 ΙΙΙ.

3441 234 3550 291 526

1894 352 2016 420 illo,
2051 353 2171 410 sive
2201 355 2377 411 etiam
2419 353 2496 411 ab
2523 353 2653 411 aliis
2694 353 2788 411 vel
2825 360 3239 428 suggerantur,
3272 358 3361 415 vel
3391 359 3554 431 inge-

1894 446 2121 507 rantur,
2151 444 2229 499 ad
2266 447 2324 498 te
2349 443 2547 514 potius
2577 458 2684 515 pro
2715 444 2936 499 viribus
2967 446 3183 500 nostris
3197 453 3554 517 pertractata

1893 536 1949 587 et
1971 530 2165 587 soluta
2197 531 2346 587 mitti
2379 531 2713 587 debuerunt
2740 548 2753 599 ;
2784 547 2903 588 non
2932 533 3012 589 sic
3033 536 3552 605 quemadmodum

1893 620 1967 675 de
1992 620 2084 675 his
2114 621 2419 691 agendum
2433 626 2520 677 est
2546 620 2843 676 librorum
2870 624 3127 691 negotio,
3144 623 3247 679 sed
3264 625 3554 696 quemad-

1895 708 2146 765 modum
2180 714 2374 781 potest
2403 709 2705 781 epistolari
2738 713 2833 767 sat
2862 725 2994 766 esse
3047 711 3363 785 colloquio,
3396 718 3457 771 ut
3503 715 3553 771 si

1893 797 1997 855 tibi
2018 798 2216 855 visum
2250 799 2442 864 fuerit,
2461 798 2565 872 qui
2588 814 2797 855 eorum
2824 804 3023 855 motus
3050 802 3413 872 quotidianis
3433 804 3553 859 dis-

1892 887 2305 959 putationibus
2335 888 2637 960 experiris,
2666 893 2722 945 et
2754 888 2868 944 illis
2899 889 3175 958 legantur
3201 890 3296 946 has
3319 890 3548 949 littera.

1891 980 1962 1033 At
2000 977 2047 1032 si
2073 977 2355 1033 auriculis
2383 993 2592 1035 eorum
2620 978 2819 1034 minus
2833 979 3049 1050 pietate
3073 979 3208 1035 ﬁdei
3225 981 3547 1051 praeoultis,

1892 1080 2090 1121 sermo
2147 1067 2255 1122 iste
2284 1082 2407 1123 non
2448 1067 2683 1131 sufﬁcit,
2744 1067 2911 1139 prius
2952 1067 3103 1124 inter
3138 1085 3247 1125 nos
3273 1072 3435 1142 quod
3466 1073 3549 1128 eis

1891 1161 2067 1227 putas
2096 1157 2363 1213 sufﬁcere
2377 1163 2718 1229 peragatur,
2738 1164 2859 1214 tum
2876 1158 3119 1214 demum
3136 1160 3357 1217 adillos
3388 1164 3549 1234 quod

1891 1250 2201 1316 peractum
2230 1246 2404 1301 fuerit
2418 1246 2765 1318 perferatur.
2798 1248 2973 1304 Multa
2999 1250 3157 1303 enim
3182 1255 3340 1313 sunt,
3370 1267 3404 1307 a
3423 1252 3550 1323 qui-

1888 1334 2002 1388 bus
2031 1349 2244 1390 sensus
2276 1350 2485 1391 eorum
2526 1336 2575 1391 si
2606 1335 2805 1391 adhuc
2837 1335 3121 1392 abhorret
3150 1344 3204 1392 et
3226 1339 3426 1404 resilit,
3460 1341 3550 1397 vel

1890 1421 2161 1479 uberiore
2194 1423 2284 1478 vel
2312 1422 2616 1479 subtiliore
2644 1424 3004 1491 ratione,vel
3030 1430 3183 1481 certe
3199 1428 3549 1486 auctoritate

1888 1513 1980 1566 cui
2005 1512 2270 1568 resistere
2282 1512 2599 1582 indignum
2614 1518 2841 1585 putent,
2858 1529 2993 1585 pers
3004 1514 3206 1571 uaderi
3220 1516 3548 1588 aliquando

1884 1597 2131 1656 forsitan
2159 1601 2408 1672 possint.

1957 1693 2008 1743 2.
2044 1689 2266 1760 Ergoin
2294 1689 2543 1761 epistola
2558 1690 2939 1761 tuaposuisti,
2969 1692 3191 1748 moveri
3224 1697 3547 1765 quosdam,

1885 1791 1991 1832 cur
2018 1778 2114 1834 hic
2144 1780 2320 1842 Deus,
2354 1778 2457 1850 qui
2482 1784 2534 1835 et
2584 1779 2793 1836 veteris
2850 1781 3207 1837 Testamenti
3248 1782 3401 1840 Deus
3432 1799 3552 1841 esse

1882 1868 2182 1937 ﬁrmatur,
2209 1869 2423 1936 spretis
2444 1868 2737 1924 veteribus
2767 1869 3098 1938 sacriﬁciis,
3125 1871 3450 1929 delectatus
3471 1876 3545 1929 sit

1882 1956 2068 2012 novis.
2098 1956 2270 2013 Nihil
2294 1957 2450 2013 enim
2482 1958 2705 2027 corrigi
2725 1973 2894 2026 posse
2918 1966 3213 2025 asserunt,
3247 1961 3366 2016 nisi
3387 1963 3548 2032 quod

1883 2051 2022 2100 ante
2051 2061 2168 2100 non
2201 2052 2357 2102 recte
2374 2046 2610 2115 factum
2640 2046 3040 2116 probaretur;
3062 2048 3149 2104 vel
3174 2050 3334 2119 quod
3371 2051 3545 2107 semel

1881 2138 2037 2189 recte
2058 2133 2291 2203 factum
2344 2136 2438 2198 sit,
2501 2136 2848 2191 nullatenus
2896 2137 3205 2193 immutari
3254 2138 3537 2196 debuisse.

1880 2223 2056 2279 Recte
2084 2222 2237 2278 enim
2260 2223 2431 2292 facta
2461 2222 2668 2279 dicunt
2726 2226 2950 2280 mutari
2986 2225 3103 2282 nisi
3151 2227 3367 2297 injuste
3420 2244 3540 2284 non

1877 2324 2065 2380 posse.
2101 2310 2234 2367 Haec
2264 2311 2450 2367 verba
2480 2328 2547 2366 ex
2576 2310 2783 2366 litteris
2817 2312 3007 2369 tuisin
3032 2314 3144 2369 has
3159 2331 3323 2370 meas
3354 2321 3541 2371 trans-

1882 2398 2012 2456 tuli.
2054 2399 2279 2464 Quibus
2306 2401 2352 2454 si
2380 2400 2746 2471 respondere
2775 2402 3014 2472 copiose
3068 2402 3267 2469 velim,
3301 2408 3538 2476 tempus

1882 2504 1976 2544 me
2007 2488 2178 2544 citius
2210 2504 2396 2560 quam
2421 2488 2697 2560 exempla
2721 2488 3063 2555 defecerint,
3092 2492 3312 2564 quibus
3338 2510 3539 2550 rerum

1877 2577 2009 2648 ipsa
2038 2582 2254 2633 natura
2283 2583 2339 2632 et
2367 2593 2552 2649 opera
2582 2578 2873 2644 humana,
2934 2585 3098 2636 certa
3151 2582 3398 2647 ratione,
3429 2598 3538 2654 pro

1877 2669 2219 2737 temporum
2273 2667 2715 2738 opportunitate
2788 2672 3112 2734 mutentur,
3164 2686 3273 2726 nec
3338 2674 3540 2728 tamen

1876 2755 2089 2811 eadem
2116 2756 2265 2811 ratio
2298 2756 2372 2810 sit
2402 2755 2703 2811 mutabilis
2729 2756 2979 2825 quaista
3008 2762 3340 2817 mutantur.
3378 2762 3540 2818 Unde

1876 2860 2075 2915 pauca
2099 2860 2591 2913 commemorem,
2626 2848 2688 2900 ut
2718 2860 2787 2899 ex
2816 2844 2908 2900 his
2935 2847 3189 2903 excitata
3247 2849 3540 2920 quodam-

1877 2933 2062 2988 modo
2090 2933 2214 3003 jam
2246 2948 2351 3003 per
2411 2932 2585 3004 plura
2616 2932 2832 2989 similia
2871 2934 3011 3005 vigil
3042 2939 3240 2991 currat
3264 2936 3535 2994 intentio.

1875 3022 2079 3078 Nonne
2106 3021 2496 3087 hiemiaestas,
2525 3021 2729 3077 addito
2759 3022 2978 3078 sensim
3000 3023 3213 3089 calore,
3235 3026 3535 3083 succedit?

1875 3124 2076 3165 nonne
2107 3108 2334 3164 diurnis
2365 3114 2641 3181 tempora
2669 3115 2961 3166 nocturna
2990 3116 3297 3168 vertuntur
3322 3112 3351 3168 ?
3379 3113 3534 3182 Quo-

1875 3200 1982 3255 ties
2038 3203 2255 3255 nostrae
2305 3199 2608 3255 variantur
2668 3204 2867 3255 aetates
2909 3200 3362 3258 ladolescentiae
3393 3218 3534 3274 pue-

1873 3287 2009 3345 ritia
2039 3303 2160 3343 non
2188 3287 2449 3345 reditura
2478 3288 2951 3359 cedit;juventus
2977 3290 3391 3348 adolescentiae
3404 3308 3527 3349 non

1876 3392 2166 3433 mansura
2220 3376 2529 3445 succedit;
2563 3377 2777 3433 ﬁniens
2824 3378 3195 3449 iuventutem
3254 3388 3528 3438 senectus

1876 3472 2066 3522 morte
2096 3466 2317 3522 ﬁnitur.
2359 3469 2491 3523 Haec
2540 3466 2740 3523 omnia
2772 3473 3094 3537 mutentur,
3127 3485 3237 3526 nec
3268 3477 3532 3529 mutatur

1875 3555 2093 3613 divinae
2126 3555 2514 3627 providentiae
2540 3555 2707 3620 ratio,
2737 3572 2859 3626 qua
2880 3555 2945 3611 ﬁt
2977 3561 3038 3613 ut
3068 3558 3178 3614 ista
3209 3565 3531 3618 mutentur.

1875 3647 2003 3700 Non
2019 3644 2632 3715 autem,opinor,cum
2658 3644 2922 3714 agricola
2948 3650 3150 3701 aestate
3164 3648 3323 3703 aliud
3339 3650 3535 3721 jusse-

1876 3732 1966 3798 rit,
1987 3732 2439 3804 quamjusserat
2456 3732 2838 3801 hieme,,ratio
2853 3738 3117 3789 mutatur
3135 3737 3530 3804 agriculturae.

1876 3823 2107 3877 Etcum
2154 3835 2331 3876 mane
2366 3820 2554 3889 surgit
2610 3820 2714 3892 qui
2766 3826 2939 3876 nocte
2991 3821 3360 3893 quiescebat,
3400 3826 3534 3881 vita:

1876 3909 2195 3966 consilium
2228 3924 2349 3964 non
2382 3910 2653 3966 mutavit.
2676 3908 2849 3964 Aliud
2866 3909 3149 3982 magister
3174 3911 3535 3971 adolescenti

1874 4014 2062 4071 quam
2114 4013 2302 4070 puero
2344 3997 2591 4064 solebat,
2653 3999 2962 4070 imposuit.
3027 4001 3303 4058 Doctrina
3359 4001 3535 4073 igitur

1877 4091 2185 4157 constans,
2218 4091 2447 4143 mutato
2479 4093 2779 4160 praecepto
2830 4103 2952 4144 non
2993 4092 3225 4147 mutata
3284 4091 3535 4150 mutavit

1876 4174 2351 4231 instructionem.

1946 4269 2002 4322 3.
2040 4268 2186 4321 Nam
2222 4281 2479 4337 magnus
2510 4265 2604 4321 ille
2649 4272 2998 4323 nostrorum
3032 4273 3370 4341 temporum
3411 4285 3531 4326 me-

1874 4354 2047 4409 dicus
2102 4355 2506 4422 Vindicianus,
2564 4355 2874 4411 consultus
2928 4357 3283 4427 aquodam,
3338 4358 3532 4414 dolori

1875 4443 2004 4513 ejus
2056 4443 2327 4498 adhiberi
2354 4443 2531 4513 jussit
2574 4443 2739 4514 quod
2780 4444 2838 4497 in
2886 4448 3151 4515 tempore
3201 4461 3530 4515 congruere

1877 4530 2188 4586 videbatur
2205 4553 2216 4596 ;
2233 4531 2573 4586 adhibitum
2588 4532 2813 4587 sanitas
2838 4538 3157 4588 consecuta
3179 4538 3284 4589 est.
3314 4534 3532 4591 Deinde

1876 4626 2014 4692 post
2046 4635 2238 4674 annos
2287 4619 2514 4690 aliquot
2558 4620 2768 4675 eadem
2801 4636 3007 4676 rursus
3049 4621 3317 4693 corporis
3347 4639 3534 4681 causa

1876 4713 2181 4764 commota
2211 4710 2253 4774 ²,
2303 4708 2418 4763 hoc
2448 4707 2606 4763 idem
2666 4708 2762 4764 ille
2813 4710 3045 4780 putavit
3074 4711 3481 4769 adhibendum
3515 4730 3529 4780 ;

1876 4796 2210 4853 adhibitum
2242 4797 2411 4852 vertit
2438 4797 2498 4851 in
2537 4797 2728 4868 pejus.
2763 4797 2996 4855 Miratus
3033 4801 3283 4857 recurrit
3310 4802 3387 4858 ad
3413 4818 3535 4858 me-

1876 4886 2100 4951 dicum,
2137 4885 2363 4941 indicat
2406 4885 2627 4941 factum
2667 4903 2678 4942 :
2712 4891 2770 4942 at
2810 4886 2902 4943 ille
2937 4892 2998 4945 ut
3028 4895 3154 4945 erat
3187 4891 3531 4953 acerrimus,

1876 4976 1957 5033 ita
1986 4975 2314 5047 respondit,
2345 4977 2479 5032 Ideo
2506 4977 2660 5032 male
2692 4982 2969 5046 acceptus
2990 4993 3071 5043 es,
3103 4979 3243 5051 quia
3287 4994 3391 5049 ego
3422 4994 3535 5034 non

1874 5064 2066 5135 iussi;
2096 5069 2158 5119 ut
2184 5080 2395 5119 omnes
2426 5065 2532 5136 qui
2584 5065 2919 5136 audissent,
2977 5082 3316 5139 parumque
3337 5066 3534 5122 homi-

1876 5170 2015 5210 nem
2048 5160 2296 5209 nossent
2318 5169 2435 5209 non
2470 5170 2608 5209 eum
2666 5161 2791 5209 arte
2822 5154 3165 5210 medicinali
3192 5155 3393 5227 ﬁdere,
3428 5156 3535 5212 sed

1877 5244 2078 5299 nescio
2105 5242 2430 5315 quaillicita
2448 5245 2709 5313 potentia
2728 5247 3024 5314 putarent.
3052 5244 3214 5299 Unde
3229 5260 3365 5299 cum
3380 5250 3534 5302 esset

1878 5348 1915 5389 a
1970 5332 2340 5404 quibusdam
2402 5338 2612 5404 postea
2668 5331 3048 5403 stupentibus
3105 5332 3529 5404 interrogatus,

1942 5501 1957 5532 ί
1988 5498 2140 5555 Edd.,
2163 5504 2357 5549 mutato
2385 5504 2637 5561 pra-cepto
2661 5512 2765 5546 non
2813 5503 2975 5547 mutat
3017 5499 3424 5551 instructionem.
3471 5506 3538 5555 At

1880 5562 2002 5635 Mss.
2040 5562 2241 5626 viginti,
2274 5577 2376 5611 non
2410 5567 2607 5610 mutata
2640 5561 2860 5610 mutavit
2894 5562 3296 5613 instructionem.
3338 5567 3538 5617 Praetu-

1904 5639 1975 5672 ιω
2019 5638 2060 5672 s.

1881 5624 1896 5673 1
1944 5688 1962 5717 ³
1980 5639 2143 5751 ἓάιῂ
2174 5700 2331 5751 causa
2349 5690 2621 5751 commotus
2646 5685 2752 5736 hoc.
2767 5686 2875 5737 Nos
2904 5689 3245 5751 reposuimus
3270 5696 3535 5749 commota,

1884 5763 1949 5799 ex
1978 5749 2104 5799 Mss.
2129 5749 2220 5814 qui
2252 5749 2412 5813 paulo
2449 5754 2571 5813 post
2603 5751 2861 5801 omittunt
2892 5749 3078 5802 vocem
3108 5752 3411 5805 adhibitum.
