4074 6158
561 238 665 301 527

563 370 980 443 aperuitquod
997 380 1118 426 non
1152 362 1584 436 intellexerant,
1619 368 1891 425 videlicet
1946 368 2026 424 illi
2050 364 2209 425 aetati

551 460 681 530 jam
716 476 837 515 non
876 460 990 514 hoc
1020 476 1081 516 se
1138 460 1321 515 fuisse
1348 461 1678 531 jussurum.
1725 461 1977 514 Tantum
2032 458 2209 527 igitur

560 549 715 604 valet
743 548 969 603 ratione
1000 554 1175 621 atque
1212 552 1228 586 ¹
1263 550 1491 606 artibus
1506 564 1626 605 non
1654 548 1919 612 mutatis,
1944 546 2091 620 quid
2122 562 2208 601 se-

554 637 819 691 cundum
834 652 936 693 eas
955 638 1027 693 sit
1040 654 1145 710 pro
1171 646 1505 711 temporum
1533 638 1806 694 varietate
1820 636 2204 691 mutandum.

624 726 677 780 4.
711 729 839 782 Non
860 728 1058 798 itaque
1077 744 1286 783 verum
1312 726 1573 799 estquod
1600 726 1830 790 dicitur,
1848 725 2030 781 semel
2052 731 2204 780 recte

551 814 1152 881 factum,nullatenus
1183 833 1315 872 esse
1345 817 1956 872 mutandum.Mutata
1980 814 2205 887 quippe

522 938 527 945 ι
552 906 838 975 temporis
868 921 1071 972 causa,
1102 905 1265 978 quod
1296 912 1449 961 recte
1476 910 1612 960 ante
1640 905 1865 960 factum
1896 905 2103 970 fuerat,
2123 905 2205 960 ita

550 999 751 1052 mutar
779 1010 916 1050 vera
954 996 1105 1051 ratio
1136 995 1489 1067 plerumque
1518 994 1770 1063 ﬂagitat,
1828 998 1892 1049 ut
1920 1010 2054 1049 cum
2087 994 2203 1065 ipsi

549 1083 771 1153 dicant,
804 1091 960 1140 recte
986 1099 1107 1139 non
1154 1085 1278 1139 ﬁeri
1310 1085 1357 1138 si
1389 1089 1669 1153 mutetur,
1731 1087 1939 1139 contra
1989 1084 2201 1140 veritas

549 1173 786 1240 clamet,
815 1178 973 1229 recte
1004 1188 1126 1228 non
1154 1172 1280 1228 ﬁeri
1310 1172 1423 1227 nisi
1455 1177 1715 1228 mutetur
1743 1190 1756 1240 ;
1788 1172 1932 1244 quia
1973 1178 2203 1228 utrum-

546 1278 665 1335 que
697 1268 834 1316 tunc
848 1262 1215 1326 eritrectum,
1237 1262 1283 1316 si
1301 1262 1405 1317 erit
1429 1278 1536 1332 pro
1566 1266 1902 1332 temporum
1921 1262 2200 1317 varietate

546 1351 875 1406 diversum.
912 1350 1083 1415 Quod
1112 1352 1274 1406 enim
1314 1352 1373 1405 in
1413 1351 1748 1406 diversitate
1803 1366 2198 1422 personarum

548 1456 669 1496 uno
688 1447 953 1508 tempore
980 1440 1251 1496 accidere
1285 1446 1495 1511 potest,
1525 1440 1741 1495 uthuic
1780 1440 2197 1511 liceataliquid

543 1529 790 1601 impune
817 1529 1030 1596 facere,
1073 1547 1193 1586 non
1221 1530 1394 1585 liceat
1415 1530 1494 1585 illi
1520 1547 1533 1596 ;
1560 1546 1676 1585 non
1703 1531 1867 1599 quod
1888 1530 2197 1585 dissimilis

543 1635 636 1675 res
658 1619 1049 1691 sit,sedquod
1078 1622 1124 1674 is
1162 1618 1261 1691 qui
1292 1619 1429 1675 facit
1469 1638 1480 1674 :
1519 1620 1599 1675 ita
1620 1620 1697 1675 ab
1731 1636 1849 1674 una
1864 1620 2197 1691 eademque

540 1724 803 1781 persona
833 1709 1080 1763 diversis
1113 1708 1520 1780 temporibus,
1551 1714 1690 1763 tunc
1721 1716 1952 1780 oportet
1972 1708 2197 1780 aliquid

538 1796 684 1862 ﬁeri,
712 1803 849 1853 tunc
881 1814 999 1853 non
1032 1805 1264 1869 oportet
1293 1815 1305 1864 ;
1338 1813 1457 1853 non
1489 1798 1651 1870 quod
1680 1800 1769 1853 sui
1801 1798 2110 1853 dissimilis
2125 1800 2197 1854 sit

537 1887 643 1959 qui
672 1886 833 1950 facit,
866 1889 970 1941 sed
1001 1890 1250 1959 quando
1282 1887 1443 1942 facit.

611 1980 663 2030 5.
695 1977 826 2030 Haec
854 1977 1108 2048 quaestio
1134 1993 1318 2049 quam
1349 1977 1465 2032 late
1495 1981 1712 2048 pateat,
1740 1974 2000 2047 profecto
2041 1976 2196 2031 videt

537 2065 812 2136 quisquis
845 2066 1077 2136 pulchri
1109 2067 1350 2138 aptique
1382 2066 1725 2121 distantiam
1760 2083 2027 2135 sparsam
2049 2082 2195 2137 quo-

536 2153 868 2210 dammodo
891 2155 949 2209 in
985 2156 1359 2211 universitate
1376 2172 1573 2211 rerum
1606 2155 1779 2221 valet,
1797 2171 1989 2223 neque
2009 2155 2194 2223 negli-

536 2243 620 2313 git
647 2243 882 2302 intueri.
918 2245 1238 2300 Pulchrum
1286 2246 1445 2300 enim
1482 2262 1584 2316 per
1630 2246 1892 2315 seipsum
1926 2245 2195 2300 conside-

534 2337 699 2388 ratur
728 2340 907 2405 atque
930 2334 1227 2400 laudatur,
1247 2335 1341 2389 cui
1374 2340 1543 2405 turpe
1569 2349 1639 2389 ac
1665 2334 1931 2388 deforme
1963 2341 2195 2389 contra-

534 2421 690 2477 rium
723 2428 830 2477 est.
863 2426 1082 2493 Aplum
1111 2439 1269 2487 vero,
1303 2422 1481 2477 cuiex
1506 2422 1760 2477 adverso
1786 2429 1874 2477 est
1900 2424 2190 2494 ineptum,

535 2513 712 2583 quasi
736 2511 1048 2580 religatum
1082 2512 1299 2582 pendet
1321 2511 1582 2573 aliunde.
1614 2527 1723 2566 nec
1749 2528 1820 2567 ex
1848 2513 2189 2583 semetipso,

536 2600 639 2655 sed
660 2616 814 2655 exeo
839 2600 1648 2671 cuiconnectitur,judicatur
1673 2622 1685 2654 :
1706 2602 1988 2655 nimirum
2017 2603 2197 2658 etiam

534 2686 754 2765 decens
787 2695 967 2761 atque
998 2690 1303 2760 indecens,
1337 2689 1430 2746 vel
1490 2690 1604 2745 hoc
1632 2690 1791 2744 idem
1836 2696 1942 2755 est,
1976 2691 2063 2745 vel
2098 2708 2194 2763 pe-

532 2776 701 2832 rinde
734 2777 1007 2833 habetur.
1038 2784 1156 2849 Age
1179 2795 1359 2845 nunc,
1384 2795 1453 2835 ea
1470 2796 1603 2850 quae
1624 2781 1905 2845 diximus,
1940 2780 2089 2835 refer
2118 2780 2194 2836 ad

533 2866 679 2922 illud
712 2867 869 2921 unde
896 2867 1113 2937 agitur.
1166 2873 1380 2939 Aptum
1430 2868 1540 2924 fuit
1584 2870 1791 2940 primis
1824 2869 2194 2940 temporibus

534 2956 897 3012 sacriﬁcium
928 2957 1088 3029 quod
1131 2964 1495 3029 praeceperat
1519 2960 1689 3021 Deus,
1725 2974 1885 3013 nunc
1909 2975 2043 3015 vero
2073 2974 2193 3014 non

532 3045 612 3100 ita
652 3051 755 3100 est.
796 3044 970 3101 Aliud
1011 3046 1170 3101 enim
1218 3048 1494 3119 praecepit
1533 3048 1696 3120 quod
1752 3048 1891 3103 huic
1941 3051 2193 3120 tempori

532 3138 741 3206 aptum
774 3141 950 3201 esset,
984 3136 1089 3207 qui
1142 3136 1327 3191 multo
1360 3138 1551 3207 magis
1603 3154 1789 3209 quam
1816 3139 1999 3193 homo
2031 3139 2194 3195 novit

530 3224 674 3295 quid
715 3224 931 3295 cuique
987 3226 1240 3295 tempori
1303 3227 1759 3281 accommodate
1792 3226 2187 3293 adhibeatur;

531 3311 677 3382 quid
703 3312 952 3383 quando
983 3314 1302 3383 impertiat,
1360 3314 1564 3378 addat,
1601 3314 1850 3380 auferat,
1891 3314 2188 3374 detrahat.

531 3406 769 3471 augeat,
800 3402 1127 3467 minuatve,
1162 3403 1552 3458 immutabilis
1610 3404 2011 3469 mutabilium,
2041 3406 2191 3460 sicut

529 3493 779 3559 creator,
810 3491 889 3545 ita
918 3491 1275 3555 moderator,
1311 3491 1503 3546 donec
1534 3492 1794 3547 universi
1834 3493 2032 3548 saeculi
2065 3494 2189 3565 pul-

529 3576 820 3646 chritudo,
849 3577 1015 3649 cujus
1044 3580 1346 3650 particulae
1370 3586 1505 3635 sunt
1530 3596 1666 3653 quae
1694 3582 1813 3635 suis
1845 3582 2187 3653 quibusque

528 3666 898 3737 temporibus
929 3674 1067 3739 apta
1100 3675 1258 3734 sunt,
1294 3670 1452 3725 velut
1488 3685 1777 3739 magnum
1814 3687 2052 3727 carmen
2084 3688 2182 3726 cu-

520 3754 766 3825 jusdam
790 3756 1107 3812 ineﬁabilis
1124 3759 1260 3813 mod
1273 3758 1514 3814 ulatoris
1528 3764 1823 3828 excurrat,
1844 3765 2021 3832 atque
2048 3762 2184 3817 inde

526 3849 828 3901 transeant
884 3846 943 3900 in
1003 3851 1289 3902 aeternam
1342 3848 1913 3919 contemplationem
1967 3851 2182 3921 speciei

525 3932 627 4005 qui
670 3934 857 3989 Deum
886 3936 991 3990 rite
1023 3936 1245 4001 colunt,
1266 3936 1444 3992 etiam
1480 3954 1617 3991 cum
1642 3942 1880 4008 tempus
1911 3945 1997 3992 est
2022 3940 2181 3994 fidei.

597 4026 647 4076 6.
685 4022 1199 4079 Fallunturautem
1242 4026 1344 4097 qui
1373 4026 1717 4080 existimant
1748 4027 1871 4081 haec
1893 4028 2185 4098 Deumju-

524 4109 663 4163 bere
707 4126 890 4165 causa
923 4128 1045 4165 sum
1073 4112 1336 4168 utilitatis
1373 4114 1462 4168 vel
1491 4115 1811 4185 voluptatis
1849 4132 1861 4170 :
1891 4123 1945 4171 et
1980 4119 2181 4173 merito

523 4205 838 4254 moventur
869 4216 974 4254 cur
1009 4203 1160 4255 Deus
1201 4202 1316 4257 ista
1346 4203 1678 4266 mutaverit,
1731 4206 1903 4274 quasi
1930 4206 2175 4262 delecta-

520 4287 679 4343 tione
709 4288 979 4344 mutabili
1038 4289 1199 4345 aliud
1236 4290 1347 4347 sibi
1386 4291 1609 4362 jubens
1649 4292 1841 4347 offerri
1894 4293 1993 4348 illo
2020 4296 2181 4366 prius

519 4380 806 4447 tempore,
843 4377 1004 4433 aliud
1034 4379 1162 4434 isto.
1208 4379 1336 4435 Non
1373 4385 1568 4435 autem
1602 4381 1682 4436 ita
1709 4386 1810 4436 est.
1844 4382 1992 4437 Nihil
2030 4386 2179 4439 Deus

512 4464 680 4535 jubet
710 4466 875 4538 quod
917 4466 1019 4522 sibi
1054 4468 1256 4539 prosit,
1292 4469 1393 4524 sed
1436 4469 1517 4524 illi
1546 4470 1641 4524 cui
1668 4470 1862 4540 jubet.
1914 4471 2052 4527 Ideo
2084 4490 2178 4529 ve-

515 4569 619 4609 rus
644 4560 732 4609 est
756 4556 1059 4623 Dominus,
1093 4558 1195 4628 qui
1224 4574 1389 4613 servo
1416 4574 1536 4614 non
1570 4558 1810 4629 indiget,
1842 4566 2029 4631 etquo
2060 4578 2177 4617 ser-

518 4658 623 4697 vus
652 4643 898 4713 indiget.
916 4644 977 4699 In
998 4646 1303 4718 eaquippe
1318 4648 1617 4719 Scriptura
1630 4664 1765 4720 quae
1784 4654 1949 4703 vetus
1970 4650 2176 4707 dicitur

514 4732 981 4800 Testamentum,
1019 4739 1074 4790 et
1105 4750 1175 4790 eo
1206 4743 1471 4807 tempore
1510 4753 1632 4808 quo
1665 4738 1861 4793 adhuc
1908 4738 2006 4795 illa
2034 4739 2175 4795 offe-

513 4819 797 4876 rebantur
822 4822 1114 4877 sacriﬁcia
1143 4840 1278 4896 quae
1310 4825 1424 4881 hoc
1466 4830 1731 4897 tempore
1763 4843 1882 4882 non
1910 4826 2175 4883 offerun-

520 4914 633 4974 tur,
666 4909 893 4965 dictum
928 4916 1015 4966 est
1044 4927 1055 4965 :
1081 4913 1226 4968 Dixi
1274 4914 1544 4978 Domino,
1599 4916 1753 4971 Deus
1809 4931 1970 4972 meus
1999 4932 2054 4974 es
2084 4924 2168 4985 tu,

510 5001 791 5072 quoniam
834 5000 1117 5057 bonorum
1152 5018 1417 5059 meorum
1449 5020 1566 5059 non
1594 5020 1723 5075 eges
1754 5005 1934 5077 (Psat.
1963 5024 2062 5073 xv,
2090 5009 2165 5078 2).

509 5089 625 5144 Nec
646 5089 882 5144 illorum
916 5105 1057 5159 ergo
1117 5092 1546 5148 sacriﬁciorum
1600 5094 1814 5163 egebat
1855 5095 2031 5162 Deus,
2061 5112 2168 5151 nec

510 5178 870 5251 cujusquam
895 5185 1027 5248 eget
1045 5197 1334 5252 unquam,
1378 5182 1480 5237 sed
1510 5198 1707 5237 rerum
1747 5183 2029 5238 divinitus
2062 5185 2164 5241 im-

506 5269 882 5337 partitarum,
931 5269 1018 5325 vel
1067 5270 1387 5325 imbuendo
1444 5272 1757 5326 virtutibus
1811 5273 2034 5339 animo,
2075 5275 2163 5329 vel

507 5361 745 5412 mternm
774 5358 945 5413 saluti
991 5359 1415 5431 adipiscendae,
1450 5363 1732 5431 quaedam
1778 5361 1946 5433 signa
2000 5372 2159 5432 sunt,

506 5460 762 5515 quorum
822 5447 1217 5504 celebratione
1275 5456 1452 5520 atque
1495 5448 1820 5516 functione,
1865 5467 1983 5507 non
2016 5453 2156 5521 Deo,

508 5532 614 5586 sed
636 5533 808 5588 nobis
826 5536 988 5591 utilia
1002 5538 1236 5608 pietatis
1262 5538 1456 5594 ofﬁcia
1472 5545 1836 5596 exercentur.

567 5703 582 5732 ¹
614 5701 737 5751 Mss.
770 5702 1028 5813 gguinque,
1073 5705 1204 5754 valet
1232 5707 1387 5763 ratio,
1422 5712 1479 5757 ut
1516 5709 1729 5758 artibus.
1774 5709 1892 5767 Alii,
1955 5713 2159 5762 ratione

567 5780 653 5813 aue
675 5771 778 5813 arti
814 5780 896 5813 us-

502 5770 653 5832 atque
675 5770 897 5821 artibus.

1864 243 1925 302 S.
1968 242 2356 302 AUGUSTINI
2400 241 2718 303 EPISCOPI
3798 250 3907 315 .323

2388 374 2441 425 7.
2470 369 2653 424 Nimis
2679 372 2879 425 autem
2908 367 3154 438 longum
3186 371 3291 432 est,
3326 369 3716 429 convenienter
3742 375 3908 451 dispu-

2320 462 2440 515 tare
2480 460 2552 514 de
2585 459 2864 514 varietate
2898 457 3234 528 signorum,
3268 473 3401 529 quae
3433 474 3561 514 cum
3586 462 3656 517 ad
3683 479 3766 520 res
3786 468 3911 525 divi-

2317 563 2425 603 nas
2456 548 2765 619 pertinent,
2785 549 3169 604 Sacramenta
3183 546 3567 618 appellantur.
3585 551 3909 614 Sicutautem

2316 654 2437 693 non
2464 638 2602 693 ideo
2631 636 2929 692 mutabilis
2955 637 3136 692 homo
3158 638 3196 701 1,
3225 636 3369 707 quia
3383 652 3547 692 mane
3586 639 3751 706 aliud,
3779 644 3910 702 aliud

2318 742 2560 798 vespere
2594 743 2607 791 ;
2641 726 2787 781 illud
2818 727 2930 781 hoc
2978 741 3197 789 mense,
3225 724 3364 779 illud
3397 725 3540 792 alio;
3574 744 3684 784 non
3708 731 3807 787 hoc
3825 734 3913 791 isto

2315 830 2472 871 anno
2510 816 2675 887 quod
2706 815 2805 870 illo
2837 828 2848 867 :
2875 815 2955 869 ita
2997 831 3115 870 non
3140 814 3275 870 ideo
3303 815 3594 871 mutabilis
3613 820 3768 883 Deus,
3795 824 3915 893 quia

2319 904 2573 960 universi
2614 904 2812 959 saeculi
2844 904 3035 975 priore
3080 903 3382 959 volumine
3427 903 3603 968 aliud,
3634 906 3784 967 aliud
3811 926 3919 979 pos-

2314 992 2525 1048 teriore
2556 993 2665 1048 sibi
2684 993 2859 1063 jussit
2887 990 3105 1057 offerri,
3140 1009 3261 1065 quo
3291 994 3696 1050 convenienter
3732 997 3917 1066 signiﬁ-

2316 1082 2499 1137 tiones
2524 1082 2602 1138 ad
2631 1082 2963 1137 doctrinam
2991 1082 3295 1151 religionis
3351 1081 3785 1141 saluberrimam
3810 1101 3919 1157 per-

2313 1171 2582 1236 tinentes,
2607 1187 2713 1242 per
2743 1171 3052 1227 mutabilia
3081 1176 3350 1243 tempora
3376 1170 3500 1227 sine
3523 1172 3636 1228 ulla
3666 1174 3916 1232 suimuta-

2313 1261 2470 1317 tione
2519 1260 2885 1331 disponeret.
2958 1264 3104 1316 Nam
3160 1266 3220 1316 ut
3280 1262 3572 1327 noverint,
3626 1279 3768 1333 quos
3815 1263 3920 1321 haec

2310 1354 2575 1416 movent,
2598 1350 2725 1420 jam
2750 1350 2861 1405 hoc
2889 1350 3070 1405 fuisse
3097 1350 3155 1405 in
3188 1351 3417 1406 ratione
3448 1351 3664 1416 divina,
3686 1368 3781 1408 nec
3808 1370 3919 1409 cum

2310 1439 2421 1494 ista
2439 1456 2597 1494 nova
2623 1441 3144 1505 constituerentur,
3166 1440 3363 1496 subito
3389 1440 3583 1511 priora
3596 1442 3921 1512 displicuisse

2313 1527 2465 1583 velut
2490 1528 2763 1583 mutabili
2800 1529 3123 1594 voluntate,
3149 1530 3254 1584 sed
3284 1530 3537 1599 hocjam
3570 1530 3738 1586 ﬁxum
3758 1538 3807 1585 et
3832 1540 3925 1587 sta-

2308 1620 2501 1671 tutum
2530 1616 2710 1672 fuisse
2736 1618 2796 1672 in
2828 1618 2959 1688 ipsa
2990 1618 3283 1689 sapientia
3340 1618 3459 1683 Dei,
3502 1620 3595 1673 cui
3624 1619 3692 1674 de
3723 1620 3922 1689 majori-

2308 1705 2423 1760 bus
2455 1706 2634 1761 etiam
2694 1723 2890 1761 rerum
2956 1707 3390 1763 mutationibus
3422 1708 3630 1763 eadem
3666 1709 3925 1779 Scriptura

2309 1794 2449 1848 dicit
2479 1811 2491 1848 :
2524 1795 2780 1851 Mutabis
2808 1811 2897 1860 ea,
2929 1803 2981 1852 et
3015 1797 3415 1852 mutabuntur
3449 1818 3468 1854 .-
3500 1802 3561 1851 tu
3594 1803 3773 1853 autem
3798 1796 3922 1852 idem

2306 1882 2431 1951 ipse
2461 1898 2518 1939 es
2550 1885 2738 1953 (Psal.
2794 1900 2868 1953 CI,
2924 1889 3012 1950 27,
3069 1887 3157 1957 28)
3193 1902 3207 1952 ;
3242 1886 3671 1941 insinuandum
3719 1892 3795 1941 est
3840 1885 3923 1949 eis,

2309 1973 2699 2027 mutationem
2736 1973 2910 2029 istam
2943 1982 3459 2031 sacramentorum
3493 1975 3828 2030 Testamenti
3854 1990 3923 2028 ve-

2310 2062 2443 2116 teris
2469 2067 2523 2117 et
2556 2062 2689 2117 novi
2735 2064 2910 2119 etiam
2966 2063 3316 2133 praedictam
3372 2063 3559 2119 fuisse
3612 2063 3928 2135 prOpheticis

2308 2150 2571 2205 vocibus.
2602 2151 2685 2205 Ita
2711 2153 2871 2206 enim
2900 2151 3199 2218 videbunt,
3230 2153 3275 2206 si
3309 2159 3613 2224 poterunt,
3632 2153 3685 2207 id
3725 2152 3862 2224 quod
3883 2152 3924 2204 in

2307 2243 2575 2309 tempore
2608 2256 2828 2295 novum
2862 2246 2969 2306 est,
3016 2257 3138 2296 non
3191 2258 3323 2297 esse
3382 2258 3607 2299 novum
3640 2241 3790 2314 apud
3816 2256 3926 2295 eum

2305 2327 2412 2399 qui
2435 2328 3012 2399 condidittempora,
3037 2330 3233 2385 etsine
3263 2336 3380 2386 tem
3394 2348 3537 2402 pore
3564 2331 3735 2386 habet
3760 2330 3929 2385 omnia

2305 2433 2441 2487 quae
2474 2418 2597 2472 suis
2628 2418 2972 2490 quibusque
3013 2420 3392 2490 temporibus
3465 2437 3571 2493 pro
3624 2436 3815 2476 eorum
3846 2435 3931 2474 va-

2306 2507 2511 2560 rietate
2547 2506 2865 2562 distribuit.
2896 2507 3044 2562 Nam
3074 2514 3129 2563 et
3154 2508 3606 2581 inillopsalmo,
3630 2509 3773 2564 unde
3798 2525 3929 2564 com—

2307 2596 2639 2650 memoravi
2670 2594 2917 2667 aliquid,
2952 2613 3073 2669 quo
3114 2597 3600 2655 demonstrarem
3656 2615 3769 2654 non
3792 2613 3930 2667 egere

2305 2686 2490 2739 Deum
2522 2684 2827 2739 sacriﬁciis
2846 2688 3088 2754 nostris,
3120 2689 3213 2743 cui
3241 2688 3464 2744 dicitur
3488 2707 3501 2744 :
3535 2690 3678 2745 Dixi
3704 2688 3930 2749 Domino,

2304 2774 2458 2828 Deus
2486 2790 2646 2829 meus
2672 2789 2728 2830 es
2760 2780 2843 2839 tu,
2872 2777 3153 2846 quoniam
3189 2778 3485 2835 bonorum
3543 2795 3793 2835 meorum
3836 2792 3931 2831 non

2300 2876 2429 2930 eges
2470 2862 2689 2932 ;paulo
2724 2871 2857 2934 post
2887 2865 3100 2934 legitur
3131 2883 3202 2922 ex
3253 2883 3524 2938 persona
3576 2867 3796 2932 Christi,
3827 2866 3933 2920 Non

2299 2952 2674 3021 congregabo
2710 2956 3129 3011 conventicula
3160 2970 3363 3012 eorum
3435 2958 3510 3013 de
3565 2955 3931 3028 sanguinibus,

2302 3038 2416 3093 hoc
2456 3046 2545 3094 est
2577 3056 2860 3111 pecorum
2889 3043 3165 3109 victimis,
3195 3046 3425 3117 quibus
3458 3048 3618 3117 prius
3649 3059 3936 3114 congrega-
4030 3088 4031 3101 χ

2302 3127 2521 3183 bantur
2576 3132 2992 3189 conventicula
3041 3134 3395 3190 Judteorum
3434 3152 3446 3190 :
3491 3141 3548 3191 et
3610 3135 3745 3190 alibi
3797 3133 3931 3193 dicit,

2300 3217 2434 3272 Non
2469 3219 2752 3287 accipiam
2784 3221 2855 3277 de
2886 3238 3065 3277 manu
3087 3231 3193 3279 tua
3224 3226 3475 3290 vitulos,
3510 3240 3695 3297 neque
3735 3224 3800 3280 de
3824 3235 3935 3293 gre-

2298 3307 2469 3375 gibus
2493 3308 2605 3363 tuis
2639 3310 2835 3365 hircos
2859 3312 3046 3381 (Psal.
3072 3329 3226 3378 xux,
3252 3315 3305 3383 9)
3343 3330 3354 3368 :
3390 3320 3450 3371 et
3472 3315 3625 3370 alius
3659 3313 3932 3386 propheta,

2297 3397 2469 3461 Ecce,
2504 3396 2713 3469 inquit,
2748 3400 2868 3455 dies
2902 3403 3155 3470 venient,
3185 3403 3328 3458 dicit
3364 3405 3687 3472 Dominus,
3733 3410 3782 3459 et
3822 3416 3933 3456 con-

2296 3486 2549 3551 ﬁrmabo
2576 3503 2754 3555 super
2779 3490 3015 3545 domum
3056 3492 3232 3547 Jacob
3264 3498 3690 3550 testamentum
3724 3505 3927 3551 novum.

2295 3588 2413 3628 non
2473 3574 2623 3630 sicut
2669 3580 3076 3634 testamentum
3140 3583 3301 3651 quod
3360 3583 3636 3652 disposui
3690 3579 3930 3651 patribus

2293 3676 2516 3729 eorum,
2549 3680 2679 3720 cum
2713 3667 2895 3722 eduxi
2913 3683 3004 3723 eos
3037 3669 3107 3725 de
3124 3675 3287 3725 terra
3316 3673 3598 3742 Egypti
3625 3672 3762 3740 (Jer.
3791 3683 3925 3730 xm,

2292 3754 2379 3816 3t,
2415 3754 2502 3821 32)
2533 3755 2595 3807 Et
2625 3754 2742 3809 alia
2768 3756 3192 3814 multasuntde
3223 3759 3338 3815 hac
3357 3778 3422 3816 re
3440 3761 3793 3826 testimonia,
3824 3758 3925 3830 qui.

2293 3840 2404 3894 bus
2430 3841 2543 3897 hoc
2575 3842 2761 3898 Deum
2793 3844 3089 3901 facturum
3121 3862 3248 3903 esse
3276 3851 3645 3919 praedictum
3680 3855 3779 3915 est,
3816 3860 3928 3919 qu

2292 3944 2764 3987 commemorare
2796 3949 2956 3989 nunc
2985 3934 3232 4005 longum
3254 3943 3363 3995 est.

2364 4049 2413 4099 8.
2443 4046 2685 4117 Hicjam
2710 4049 2754 4101 si
2787 4049 2928 4104 satis
2977 4054 3257 4118 constitit,
3291 4056 3461 4125 quod
3490 4064 3647 4112 recte
3678 4056 3787 4112 alio
3809 4061 3932 4107 tem-
4030 4118 4031 4125 γ

2291 4150 2433 4205 pore
2457 4139 2844 4194 constitutum
2867 4146 2977 4205 est,
2995 4141 3155 4196 idem
3182 4151 3337 4198 recte
3357 4146 3482 4201 alio
3507 4154 3770 4217 tempore
3784 4158 3931 4216 posse
4030 4168 4031 4173 η

2293 4224 2530 4287 mutari,
2564 4227 2846 4281 mutantis
2886 4244 3086 4300 opere,
3118 4246 3238 4285 non
3276 4232 3685 4306 dispositione
3712 4240 3928 4293 mutata,

2287 4328 2471 4383 quam
2514 4314 2971 4385 dispositionem
3030 4320 3421 4390 intelligibilis
3465 4326 3622 4381 ratio
3681 4324 3931 4384 continet,

2291 4401 2390 4455 ubi
2419 4401 2545 4457 sine
2576 4408 2840 4475 tempore
2895 4406 3071 4462 simul
3124 4415 3262 4465 sunt
3288 4428 3433 4482 quas
3486 4415 3546 4468 in
3588 4413 3933 4485 temporibus
4030 4478 4031 4483 η

2288 4489 2466 4545 simul
2508 4492 2631 4546 fieri
2668 4509 2786 4548 non
2821 4504 3092 4564 possunt,
3125 4498 3270 4569 quia
3299 4507 3588 4573 tempora
3621 4518 3741 4558 non
3779 4495 3934 4555 simul

2284 4586 2567 4646 currunt;
2596 4582 2900 4652 quispiam
2923 4584 3189 4641 fortassis
3222 4596 3767 4660 exspectetcausas
3793 4607 3825 4645 a
3848 4604 3934 4643 no-

2281 4668 2375 4723 bis
2395 4669 2583 4739 ipsius
2598 4670 2945 4727 mutationis
2962 4675 3430 4749 accipere,quod
3454 4682 3588 4753 ipse
3605 4682 3758 4737 nosti
3770 4692 3933 4752 quam

2283 4756 2579 4827 prolixisit
2603 4762 2842 4830 negotii.
2868 4764 3284 4820 Verumtamen
3306 4767 3578 4825 breviter
3598 4770 3717 4825 dici
3745 4772 3933 4841 potest,

2277 4845 2440 4916 quod
2471 4846 2701 4901 homini
2729 4853 2905 4904 acuto
2933 4850 3184 4907 fortasse
3232 4854 3563 4923 suffecerit,
3601 4859 3733 4914 aliis
3756 4871 3931 4912 sacra-

2278 4933 2491 4989 mentis
2535 4939 2921 5006 praenuntiari
2954 4940 3249 4997 Christum
3281 4959 3429 5001 cum
3464 4953 3757 5002 venturus
3780 4951 3931 5006 esset.

2279 5022 2411 5076 aliis
2426 5039 2562 5077 cum
2581 5024 2836 5081 venisset
2866 5030 3619 5105 annuntiarioportuisse;
3653 5037 3803 5090 sicut
3826 5048 3935 5088 ωο-

2277 5110 2355 5165 do
2378 5127 2488 5166 nos
2519 5112 2787 5184 idipsum
2821 5116 3154 5187 loquentes,
3190 5120 3523 5179 diversitas
3554 5140 3758 5180 rerum
3790 5138 3937 5179 com-

2274 5200 2420 5271 pulit
2453 5201 2628 5257 etiam
2657 5203 2840 5259 verba
2867 5212 3119 5262 mutare.
3156 5210 3470 5280 Siquidem
3498 5214 3668 5269 aliud
3696 5220 3785 5269 est
3808 5227 3936 5283 prae-

2274 5290 2555 5356 nuntiari,
2596 5292 2758 5347 aliud
2798 5296 3181 5361 annuntiari;
3224 5298 3392 5354 aliud
3453 5317 3601 5358 cum
3671 5312 3935 5359 venturus

2271 5376 2431 5433 aliud
2461 5396 2599 5434 cum
2634 5382 2910 5438 venisset.
3159 5404 3162 5407 ν

2342 5494 2561 5549 CAPUT
2593 5498 2659 5552 ll.
2685 5527 2749 5536 —
2778 5500 2829 5552 9.
2863 5500 3027 5554 Nunc
3061 5499 3278 5558 deinde
3307 5502 3638 5562 videamus
3677 5506 3851 5579 quale
3872 5506 3937 5560 sit
4030 5556 4031 5571 ,

2268 5580 2414 5636 illud
2443 5582 2501 5637 in
2534 5585 2782 5655 epistola
2839 5592 2941 5643 tua
2974 5591 3260 5661 sequitur.
3313 5592 3614 5665 Adjecisti
3643 5598 3799 5651 enim
3845 5609 3935 5648 eos

2265 5670 2462 5726 dicere
2492 5674 2648 5742 quod
2682 5674 2899 5730 Christi
2919 5680 3272 5746 praedicatio
3311 5664 3500 5754 atque
3530 5685 3810 5743 doctrina
3838 5681 3934 5739 νεὶ·
4030 5664 4031 5733 ἶ

2324 5781 2339 5812 ι
2370 5780 2497 5831 Mss.
2527 5782 2926 5846 septemdecim,
2961 5787 3112 5841 Deus.
