4074 6164
182 94 359 181 θερί

171 249 448 320 publica?
477 248 735 306 moribus
774 249 943 306 nulla
986 265 1060 307 ex
1102 257 1274 319 parte
1303 249 1633 314 conveniat,
1687 251 1856 320 cujus

176 340 298 393 hoc
331 345 557 395 constet
587 355 705 396 esse
758 346 1140 408 praceptum,
1197 347 1259 394 ut
1289 340 1449 395 nulli
1494 341 1720 395 malum
1746 356 1855 408 pro

171 429 358 483 malo
383 429 631 485 reddere
654 429 1161 488 debeamuisom.
1188 446 1284 491 xu,
1316 430 1417 499 l7),
1447 436 1499 485 et
1520 430 1850 497 percutien-

171 516 221 571 ti
250 518 453 574 aliam
492 518 758 586 praebere
782 520 1121 581 maxillam,
1142 525 1193 574 et
1225 518 1477 587 pallium
1500 519 1645 574 dare
1670 520 1724 575 ei
1750 520 1857 589 qui

167 607 459 662 tunicam
501 610 747 677 auferre
774 609 1115 675 perstiterit,
1148 612 1203 663 et
1233 624 1363 663 cum
1392 624 1456 664 eo
1488 608 1589 679 qui
1615 624 1716 663 nos
1748 623 1852 663 an-

163 697 436 765 gariare
462 698 732 760 voluerit,
794 698 881 753 ire
926 698 1136 753 debere
1172 697 1365 766 spatio
1395 698 1625 753 itineris
1654 698 1852 766 dupli-

161 789 311 841 cato
354 786 595 855 (Matth.
631 787 915 858 v,39-4t).
975 787 1109 853 Ouw
1139 788 1335 843 omnia
1363 787 1702 856 reipublicae
1732 803 1850 844 mo-

160 874 349 930 ribus
380 881 735 931 asseruntur
754 891 873 932 esse
899 876 1206 932 contraria
1240 894 1255 929 :
1294 877 1444 932 Nam
1478 877 1627 948 quis,
1658 877 1849 949 inqui-

159 968 304 1031 unt,
332 964 679 1020 tollisibiab
708 964 867 1021 hoste
884 966 1415 1036 aliquidpatiatur,
1446 967 1538 1021 vel
1564 967 1845 1022 Romanae

152 1053 508 1122 provincias
559 1054 1068 1121 depraedatoribus
1122 1069 1240 1111 non
1298 1055 1458 1109 mala
1522 1056 1658 1109 velit
1705 1055 1846 1111 belli

142 1145 305 1211 jure
340 1143 671 1211 reponere?
686 1145 817 1198 Haec
842 1148 1019 1215 atque
1048 1143 1423 1214 hujusmodit
1445 1143 1626 1198 verba
1648 1144 1842 1199 obtre-

573 1231 697 1287 sive
745 1248 866 1287 non
929 1233 1129 1300 tando,
1173 1233 1277 1287 sed
1326 1233 1654 1303 quaerendo
1706 1234 1841 1289 talia

156 1232 499 1295 ctantium,

153 1321 577 1392 loquentium,
612 1336 792 1391 opero
824 1320 1207 1376 siusfortasse
1222 1321 1563 1386 refellerem,
1610 1322 1718 1376 nisi
1746 1322 1837 1378 hae

152 1408 646 1479 disceptationes
658 1409 1049 1465 habetrentur
1061 1426 1189 1464 cum
1203 1409 1337 1464 viris
1352 1410 1838 1465 liberaliterinsti-

156 1499 305 1552 utis.
332 1499 507 1554 Unde
521 1499 661 1571 quid
677 1515 831 1570 opus
844 1504 930 1554 est
945 1499 1615 1563 utdiutiuslaboremus,
1634 1515 1701 1555 ac
1718 1515 1835 1554 non

152 1588 333 1658 ipsos
365 1589 571 1659 potius
621 1594 1041 1659 percontemur
1090 1589 1396 1659 quomodo
1428 1592 1702 1659 poterant
1732 1604 1835 1657 gu-

153 1678 429 1732 bernare
460 1682 641 1748 atque
674 1692 893 1747 augere
915 1677 1372 1748 rempublicam,
1406 1693 1589 1749 quam
1622 1693 1832 1749 expar-

148 1782 225 1819 va
260 1771 324 1820 et
357 1766 531 1837 inopi
575 1782 857 1837 magnam
887 1767 1357 1839 opulentamque
1411 1768 1690 1832 fecerunt,
1725 1768 1829 1839 qui

150 1855 655 1925 acceptainjuria
684 1856 990 1925 ignoscere
1016 1857 1489 1928 quam'persequi
1525 1857 1829 1912 malebant

147 1944 540 2013 (Sallustius,
572 1945 718 2000 Bell.
760 1944 959 2017 Catil.)
994 1945 1022 2000 ‘t
1051 1946 1361 2017 quomodo
1393 1946 1602 2001 Caesari
1637 1948 1827 2001 admi-

148 2033 469 2088 nistratori
526 2034 732 2104 utique
760 2034 1125 2104 reipublicae,
1161 2052 1359 2090 mores
1387 2036 1514 2105 ejus
1540 2035 1823 2091 extollens

148 2123 364 2177 Cicero
411 2121 664 2189 dicebat,
694 2122 851 2194 quod
885 2123 1031 2179 nihil
1067 2124 1331 2179 oblivisci
1365 2124 1579 2179 soleret
1602 2124 1819 2178 nisiin-

141 2212 342 2281 jurias
374 2211 573 2280 (Orat.
604 2227 717 2280 pro
755 2213 820 2280 0.
850 2212 1144 2283 Ligario.)
1178 2218 1199 2267 ἲ)
1230 2214 1471 2269 Dicebat
1503 2214 1663 2268 enim
1705 2213 1817 2268 hoc

143 2307 266 2356 tam
307 2316 580 2370 magnus
607 2301 903 2367 laudator,
930 2309 1029 2356 aut
1053 2306 1171 2358 tam
1204 2318 1463 2372 magnus
1491 2302 1766 2358 adulator
1800 2320 1812 2357 :

143 2390 246 2444 sed
269 2390 327 2444 si
365 2389 670 2454 laudator,
704 2390 879 2445 talem
915 2392 1205 2447 Caesarem
1234 2399 1478 2447 noverat
1501 2392 1577 2457 ;si
1609 2396 1811 2447 autem

141 2479 455 2546 adulator,
483 2479 657 2534 talem
682 2495 812 2534 esse
840 2480 1057 2535 debere
1091 2481 1445 2535 ostendebat
1479 2480 1808 2551 principem

139 2568 695 2640 civitatis,qualem
732 2569 897 2624 illum
926 2569 1211 2624 fallaciter
1236 2570 1621 2641 praedicabat.
1660 2571 1811 2635 Quid

139 2663 229 2712 est
280 2663 496 2712 autem
527 2674 647 2713 non
676 2658 923 2713 reddere
971 2658 1194 2713 malum
1228 2675 1337 2730 pro
1363 2659 1539 2724 malo,
1570 2660 1679 2713 nisi
1711 2659 1809 2714 ab-

137 2745 394 2801 horrere
436 2746 512 2801 ab
543 2746 865 2801 ulciscendi
902 2746 1145 2801 libidine
1174 2749 1202 2803 7
1230 2748 1391 2819 quod
1432 2753 1517 2801 est
1566 2752 1810 2818 accepta

140 2835 466 2905 ignoscere
521 2835 695 2890 malle
746 2852 927 2907 quam
976 2836 1274 2907 persequi,
1307 2841 1363 2891 et
1403 2836 1545 2891 nihil
1584 2836 1693 2891 nisi
1724 2836 1808 2891 in-

136 2925 336 2994 jurias
372 2924 665 2979 oblivisci.

214 3027 303 3078 ιο.
326 3024 462 3077 Haac
486 3039 620 3077 cum
646 3022 703 3077 in
718 3023 1216 3094 eorumleguntur
1229 3022 1595 3088 auctoribus,
1615 3023 1808 3079 excla-

141 3118 350 3167 matur
371 3116 428 3166 et
444 3111 748 3182 plauditur
764 3127 777 3177 ;
794 3111 1049 3167 describi
1070 3116 1251 3183 atque
1276 3112 1586 3183 praedicari
1610 3128 1805 3167 mores

138 3201 444 3264 videntur,
478 3200 699 3271 quibus
715 3199 968 3269 dignum
1000 3205 1484 3269 essetexsurgere
1509 3200 1806 3257 civitatem

138 3305 274 3360 qua:
297 3294 381 3344 tot
407 3288 684 3358 gentibus
718 3290 1055 3360 imperaret,
1117 3289 1277 3361 quod
1316 3294 1558 3360 accepta
1588 3290 1806 3360 injuria

137 3378 457 3448 ignoscere
486 3393 671 3449 quam
704 3379 983 3450 persequi
1019 3378 1343 3433 malebant.
1390 3380 1536 3434 Cum
1559 3395 1700 3434 vero
1733 3379 1807 3436 le-

139 3469 296 3537 gitur
331 3467 713 3539 praecipiente
753 3467 1101 3523 auctoritate
1139 3468 1363 3532 divina,
1397 3484 1513 3522 non
1558 3468 1808 3524 redden-

143 3557 289 3612 dum
332 3555 560 3611 malum
594 3573 702 3627 pro
724 3556 915 3623 malo;
949 3573 1086 3613 cum
1120 3557 1240 3613 haec
1272 3562 1393 3612 tam
1415 3557 1673 3613 salubris
1706 3559 1807 3614 ad-

146 3646 399 3702 monitio
451 3646 1015 3717 congregationibus
1072 3647 1455 3718 populorum,
1518 3653 1803 3720 tanquam

143 3735 406 3806 publicis
440 3736 747 3807 utriusque
779 3752 955 3790 sexus
978 3741 1157 3807 atque
1175 3736 1446 3791 omnium
1480 3742 1725 3792 aetatum
1751 3742 1806 3793 et

144 3825 511 3895 dignitatum
544 3824 868 3888 scholis,de
892 3825 1194 3896 superiore
1216 3824 1349 3879 loco
1377 3831 1677 3897 personat,
1707 3842 1806 3882 ac-

145 3920 394 3969 cusatur
423 3913 629 3983 religio
657 3919 944 3985 tanquam
976 3914 1218 3969 inimica
1245 3913 1589 3985 reipublicae
1626 3914 1637 3969 ι
1664 3916 1804 3980 Quae

146 4004 214 4066 si,
240 4002 578 4071 utd'rguum
610 4007 715 4067 est,
738 4002 1060 4068 audiretur,
1090 4002 1265 4071 longe
1291 4003 1498 4057 melius
1528 4004 1800 4074 Romulo,

142 4094 354 4157 Numa,
384 4094 580 4159 Bruto,
610 4092 953 4164 czeterisque
984 4092 1096 4147 illis
1118 4095 1402 4147 Romanae
1434 4093 1625 4162 gentis
1658 4110 1803 4165 prte-

139 4180 1598 4249 claris,viris,constitueret,consecraretﬁrmaret,
1624 4197 1801 4249 auge-

139 4277 347 4343 retque
366 4286 489 4325 rem
504 4269 828 4338 publicam.
847 4270 1000 4336 Quid
1023 4271 1178 4326 enim
1195 4276 1279 4325 est
1303 4270 1656 4342 respublica,
1687 4272 1799 4326 nisi

137 4374 230 4415 res
247 4359 501 4431 populi?
518 4360 627 4413 Res
641 4374 782 4428 ergo
796 4360 1155 4425 communis,
1177 4375 1267 4414 res
1286 4360 1488 4431 utique
1525 4360 1795 4414 civitatis.

140 4449 289 4515 Quid
321 4452 416 4503 est
447 4454 640 4503 autem
673 4448 897 4513 civitas,
933 4448 1039 4502 nisi
1112 4448 1432 4503 multitudo
1484 4449 1795 4504 hominum

139 4538 192 4592 in
220 4536 536 4610 quoddam
570 4536 876 4591 vinculum
918 4536 1161 4591 redacta
1195 4536 1533 4591 concordiae
1562 4536 1590 4590 ‘?
1624 4537 1796 4607 Apud

138 4641 239 4681 eos
253 4628 416 4681 enim
433 4627 513 4680 ita
533 4625 742 4694 legitur
763 4641 775 4679 :
798 4624 971 4679 Brevi
984 4624 1303 4689 multitudo
1334 4626 1597 4693 dispersa
1619 4631 1797 4696 atque

142 4715 651 4786 vaga,concordia
682 4714 887 4770 civitas
906 4714 1076 4781 facta
1090 4720 1239 4770 erat.
1267 4716 1404 4779 Quae
1438 4731 1616 4785 porro
1650 4729 1795 4785 prte-

140 4812 307 4877 cepta
336 4804 739 4859 concordiaain
765 4802 1417 4875 suistemplisunquam
1444 4803 1521 4857 illi
1542 4802 1794 4873 legenda

138 4892 548 4950 censuerunt?
571 4892 1067 4963 Quandoquidem
1103 4893 1298 4947 miseri
1332 4908 1595 4963 quaerere
1624 4908 1791 4962 coge—

138 4984 376 5050 bantur,
406 4998 676 5054 quonam
716 4980 897 5035 modo
930 4982 1053 5035 sine
1080 4980 1409 5035 oﬂensione
1432 4981 1789 5053 cujusquam

138 5088 344 5127 eorum
359 5071 665 5126 discordes
693 5071 843 5124 inter
874 5085 934 5123 se
966 5070 1110 5124 deos
1140 5086 1281 5125 suos
1301 5070 1493 5125 colere
1510 5075 1786 5140 possent:

138 5176 288 5233 quos
313 5161 363 5215 si
400 5159 614 5215 imitari
647 5158 1052 5214 discordando
1085 5159 1315 5223 vellent,
1349 5164 1525 5230 rupto
1543 5176 1791 5216 concor-

138 5250 250 5305 diae
266 5249 505 5305 vinculo
521 5249 727 5304 civitas
744 5248 1068 5318 laberetur;
1091 5248 1251 5319 quod
1274 5253 1480 5320 postea
1496 5249 1786 5320 paulatim

138 5338 490 5395 decoloratis
543 5340 958 5411 corruptisque
1022 5337 1290 5392 moribus
1330 5338 1424 5407 agi
1479 5339 1653 5409 coepit
1685 5355 1789 5410 per

139 5427 294 5484 bella
325 5428 543 5484 civilia.

209 5534 295 5588 11.
327 5536 566 5599 Quanta
595 5549 732 5589 vero
764 5540 1059 5605 praecepta
1086 5532 1417 5589 concordiae
1432 5550 1547 5589 non
1578 5534 1787 5590 huma-

140 5624 228 5677 nis
256 5622 766 5695 disputationibus
804 5624 1119 5695 exquisita,
1155 5623 1257 5677 sed
1293 5622 1497 5677 divina
1529 5625 1784 5680 auctori-

1445 118 1958 178 EPISTOLARUM
1998 120 2288 179 CLASSIS
2328 122 2426 179 III.

3514 130 3623 189 530'

1961 252 2080 306 tate
2111 251 2447 323 conscripta
2472 252 2531 307 in
2565 253 2773 309 Christi
2805 252 3067 310 ecclesiis
3105 254 3452 324 lectitentur,
3480 259 3618 331 quis

1961 338 2050 393 vel
2082 341 2158 394 ab
2191 340 2583 411 illareligione
2624 342 2873 409 alienus,
2904 345 2981 400 ita
3010 345 3226 401 surdus
3245 351 3331 403 est
3359 352 3417 402 ut
3450 349 3616 417 igno-

1962 433 2048 484 ret
2085 428 2112 483 ‘t
2151 429 2237 483 Ad
2268 431 2381 485 hoc
2407 431 2566 487 enim
2605 437 2662 487 et
2688 432 2787 487 illa
2841 433 3152 504 pertinent,
3200 451 3331 508 quae
3386 438 3615 495 malum

1960 518 2261 589 exagitare
2275 536 2455 589 quam
2472 520 3333 594 discere,alteram‘perculienti
3349 526 3617 597 praeben-

1958 607 2250 663 damesse
2284 608 2611 671 maxillam,
2644 610 2858 666 volenti
2893 611 3123 667 auferre
3152 614 3416 669 tunicam
3457 615 3608 671 dan-

1957 698 2103 751 dum
2136 698 2314 753 etiam
2343 698 2611 768 pallium,
2645 716 2781 754 cum
2814 701 3611 774 angarianteduplicandum

1957 784 2143 842 viam.
2179 789 2295 842 Hoc
2324 787 2550 859 quippe
2572 788 2636 843 ﬁt
2668 793 2728 843 ut
2761 789 3026 861 vincatur
3048 789 3210 845 bono
3243 792 3455 858 malus,
3488 793 3611 849 imo

1954 875 2012 929 in
2030 875 2272 931 homine
2291 875 2447 932 malo
2464 876 2733 932 vincatur
2747 877 2904 932 bono
2921 878 3169 945 malum,
3188 884 3242 935 et
3272 880 3453 935 homo
3472 880 3611 938 libe-

1952 968 2111 1019 retur
2143 980 2178 1020 a
2207 965 2385 1031 malo,
2420 981 2541 1021 non
2597 966 2886 1022 exteriore
2912 972 2967 1022 et
3008 967 3224 1036 alieno,
3258 968 3360 1023 sed
3400 969 3609 1026 intimo

1952 1070 2021 1109 ac
2049 1070 2177 1119 suo,
2209 1071 2330 1126 quo
2363 1054 2599 1123 gravius
2632 1059 2687 1109 et
2707 1055 3105 1126 perniciosius
3129 1073 3307 1129 quam
3341 1056 3609 1128 cujusvis

1948 1142 2133 1198 hostis
2160 1145 2526 1199 extrinsecus
2578 1144 2951 1201 immanitate
2985 1150 3268 1201 vastatur.
3320 1148 3429 1212 Qui
3467 1163 3609 1217 ergo

1950 1232 2129 1287 vincit
2175 1232 2332 1288 bono
2366 1233 2609 1303 malum,
2662 1235 2946 1304 patienter
2996 1236 3210 1291 amittit
3258 1237 3608 1308 temporalia

1947 1322 2289 1389 commoda,
2324 1327 2383 1377 ut
2405 1323 2617 1377 doceat
2647 1339 2832 1394 quam
2870 1339 2977 1394 pro
3030 1323 3145 1378 ﬁde
3177 1326 3607 1396 atquejustitia

1945 1411 2384 1466 contemnenda
2412 1411 2799 1483 sint,quceille
2826 1411 3003 1467 nimis
3017 1413 3280 1469 amando
3296 1414 3357 1469 ﬁt
3376 1414 3600 1481 malus;

1942 1515 2010 1554 ac
2025 1501 2447 1571 sicinjuriosus
2468 1501 2544 1556 ab
2567 1517 2637 1556 eo
2662 1502 2791 1572 ipso
2815 1504 2908 1555 cui
2928 1502 3061 1556 fecit
3082 1502 3384 1573 injuriam,
3409 1503 3605 1559 discat

1940 1589 2143 1660 qualia
2190 1589 2307 1644 sint
2348 1595 2589 1661 pr0pter
2627 1606 2762 1661 quae
2801 1589 2936 1645 fecit
2982 1590 3287 1660 injuriam,
3321 1596 3501 1663 atque
3541 1593 3600 1647 in

1938 1679 2484 1751 concordiam,qua
2507 1679 2651 1734 nihil
2684 1682 2770 1734 est
2803 1679 3001 1734 utilius
3033 1678 3274 1744 civitati,
3311 1680 3600 1750 paenitens

1937 1768 2296 1839 acquiratur,
2324 1768 2509 1823 victus
2542 1783 2664 1823 non
2697 1768 2990 1823 saevientis
3023 1767 3267 1835 viribus,
3296 1769 3399 1823 sed
3423 1769 3600 1824 bene-

1934 1855 2193 1912 volentia
2220 1856 2695 1927 patientis.'l‘unc
2721 1858 2879 1911 enim
2906 1862 3058 1912 recte
3091 1856 3167 1921 fit,
3203 1872 3338 1912 cum
3373 1857 3600 1914 videtur

1933 1945 1983 1999 ei
2008 1944 2385 2016 profuturum
2411 1962 2542 2001 esse
2557 1950 2796 2016 propter
2818 1962 2996 2017 quem
3013 1946 3096 2011 ﬁt,
3115 1946 3191 2001 ad
3223 1947 3596 2017 operandam

1930 2035 1989 2089 in
2040 2051 2111 2089 eo
2155 2035 2585 2089 correctionem
2630 2040 2810 2105 atque
2850 2035 3251 2090 concordiam.
3285 2037 3401 2090 Hoc
3442 2041 3593 2091 certe

1927 2124 2130 2179 animo
2152 2123 2489 2178 faciendum
2506 2129 2613 2187 est,
2631 2122 2867 2178 etiamsi
2884 2123 3034 2179 alius
3048 2124 3238 2179 exitus
3254 2139 3589 2197 consequa-

1927 2215 2038 2279 tur,
2074 2228 2180 2267 nec
2210 2212 2423 2283 corrigi
2460 2212 2595 2267 velit
2627 2219 2806 2284 atque
2854 2213 3075 2283 pacari,
3135 2217 3378 2283 propter
3407 2229 3588 2285 quem

1924 2301 2343 2371 corrigendum
2394 2308 2572 2373 atque
2626 2302 2992 2373 pacandum,
3038 2301 3194 2357 velut
3249 2302 3585 2358 curandum

1920 2394 1975 2444 et
2005 2390 2369 2453 sanandum,
2403 2390 2671 2447 adhibita
2703 2395 2788 2446 est
2812 2390 2921 2446 ista
2967 2390 3283 2446 medicina.

1948 2528 1951 2531 .
1999 2478 2086 2535 1'2.
2130 2479 2405 2551 Alioquin
2440 2480 2485 2534 si
2516 2478 2695 2535 verba
2743 2479 3198 2549 attenderimus,
3256 2494 3585 2552 eorumque

1921 2567 2270 2639 proprietati
2305 2568 2687 2623 serviendum
2722 2568 3158 2641 putaverimus,
3192 2572 3413 2624 nonest
3437 2584 3586 2640 prai-

1924 2656 2121 2711 benda
2149 2656 2389 2712 maxilla
2415 2656 2678 2723 dextera,
2714 2658 2761 2712 si
2793 2657 3032 2712 sinistra
3064 2657 3239 2713 fuerit
3272 2672 3577 2728 percussa.

1925 2745 2242 2810 Quoniam,
2275 2746 2343 2800 Si
2366 2752 2498 2817 quis
2526 2750 2596 2809 te,
2624 2745 2835 2817 inquit,
2868 2748 3227 2813 percusserit
3268 2746 3329 2801 in
3368 2746 3584 2802 maxil-

1924 2836 2042 2890 lam
2061 2835 2389 2899 dexteram,
2405 2836 2602 2901 pra-be
2615 2836 2711 2890 illi
2727 2841 2779 2891 et
2799 2835 3100 2891 sinistram
3120 2836 3362 2905 (Matth.
3386 2852 3440 2903 v,
3460 2836 3576 2905 39):

1922 2923 2117 2992 magis
2131 2928 2331 2979 autem
2360 2924 2600 2979 sinistra
2615 2924 2963 2995 percutitur,
2988 2923 3152 2995 quod
3171 2924 3247 2979 ad
3271 2923 3574 2980 dexteram

1921 3012 2179 3067 ferientis
2204 3012 2431 3067 facilior
2460 3012 2611 3067 ictus
2639 3017 2744 3066 est.
2768 3012 2881 3066 Sed
2914 3011 2995 3067 sic
3044 3012 3285 3081 intelligi
3315 3012 3483 3076 solet,
3507 3028 3577 3068 ac

1918 3101 1966 3156 si
1986 3101 2207 3157 dictum
2243 3105 2396 3157 esset
2440 3121 2451 3160 :
2481 3100 2539 3156 Si
2568 3101 2701 3172 quis
2726 3101 2787 3155 in
2818 3107 2871 3156 te
2896 3100 3145 3156 meliora
3183 3100 3354 3156 fuerit
3376 3117 3575 3172 perse-

1919 3196 2111 3255 cutus,
2139 3199 2195 3247 et
2240 3190 2518 3246 inferiora
2549 3189 2601 3245 ei
2662 3189 2883 3261 praebe,
2933 3205 3004 3244 ne
3051 3189 3325 3245 vindictae
3377 3190 3575 3261 potius

1919 3296 2101 3352 quam
2117 3282 2411 3351 patientia;
2435 3280 2679 3336 studens
2696 3285 3047 3336 contemnas
3075 3284 3292 3335 aeterna
3306 3295 3413 3352 pro
3429 3282 3574 3335 tem-

1918 3370 2247 3442 poralibus,
2279 3386 2415 3425 cum
2449 3368 2646 3441 potius
2664 3369 3017 3442 temporalia
3041 3385 3148 3442 pro
3176 3369 3408 3424 aeternis
3438 3384 3577 3423 con-

1916 3462 2234 3516 temnenda
2281 3460 2416 3527 sint,
2449 3465 2740 3531 tanquam
2768 3459 3008 3515 sinistra
3033 3474 3141 3531 pro
3174 3458 3415 3513 dextris.
3444 3458 3576 3514 Haec

1915 3548 3239 3621 semperfuitsanctorummartyrumintentio
3272 3567 3285 3606 :
3317 3546 3577 3604 vindicta

1914 3638 2072 3693 enim
2094 3638 2303 3693 ultima
2323 3639 2481 3707 juste
2505 3640 2787 3709 poscitur,
2808 3636 3054 3709 quando
3082 3636 3279 3692 nullus
3307 3637 3434 3707 jam
3458 3653 3576 3692 res-

1915 3727 2387 3782 tatcorrectionis
2418 3727 2606 3793 locus,
2656 3732 2924 3781 extremo
2951 3725 3175 3782 scilicet
3214 3740 3575 3797 summoque

1907 3816 2151 3886 judicio.
2194 3818 2362 3871 Nunc
2404 3832 2542 3871 vero
2576 3816 2912 3872 cavendum
2961 3821 3066 3884 est,
3106 3830 3178 3869 ne
3227 3814 3574 3871 vindicandi

1911 3904 2234 3976 cupiditate
2265 3905 2592 3969 amittatur,
2625 3908 2686 3959 ut
2717 3903 2861 3958 nihil
2884 3903 3045 3958 aliud
3069 3903 3288 3971 dicam,
3311 3902 3441 3974 ipsa
3472 3918 3574 3973 pa-

1912 3994 2130 4059 tientia,
2163 4010 2299 4066 qum
2339 3994 2525 4066 pluris
2553 3998 2638 4049 est
2669 3993 2952 4049 habenda
2972 4008 3157 4065 quam
3200 4007 3380 4047 omne
3407 3991 3573 4063 quod

1910 4088 2102 4155 potest
2123 4085 2305 4139 etiam
2327 4084 2511 4139 invito
2545 4083 2819 4138 inimicus
2851 4082 3100 4138 auferre.
3128 4084 3398 4153 Namque
3422 4080 3573 4136 alius

1909 4173 2269 4243 evangelista
2288 4174 2344 4228 in
2369 4172 2573 4228 eadem
2595 4173 2882 4228 sententia
2911 4171 3138 4227 nullam
3160 4169 3293 4226 fecit
3311 4170 3571 4227 dexteras

1908 4264 2293 4329 mentionem,
2326 4263 2429 4318 sed
2448 4266 2676 4318 tantum
2708 4261 3009 4318 maxillam
3037 4264 3094 4316 et
3114 4260 3360 4316 alteram
3382 4260 3573 4315 nomi-

1908 4352 2070 4407 navit
2098 4352 2265 4421 (Luc.
2299 4367 2374 4419 vr,
2403 4352 2510 4421 '29),
2549 4350 2938 4421 utaliquanto
2996 4349 3332 4404 distinctius
3364 4348 3571 4403 intelli-

1906 4448 2140 4510 geretur
2168 4442 2227 4494 in
2256 4440 2390 4504 alio,
2418 4441 2544 4511 ipse
2572 4443 2771 4494 autem
2786 4437 3126 4508 simpliciter
3160 4436 3439 4491 eamdem
3466 4452 3568 4506 pa-

1907 4530 2170 4585 tientiam
2217 4529 2669 4583 commendaret
2718 4528 2758 4579 ¹.
2817 4529 3062 4580 Paratus
3112 4525 3315 4595 itaque
3387 4524 3565 4581 debet

1903 4634 2029 4674 esse
2060 4618 2243 4672 homo
2269 4617 2470 4686 justus
2487 4613 3020 4685 etpius,patienter
3034 4629 3241 4668 eorum
3273 4611 3562 4669 malitiam

1902 4707 2210 4769 sustinere,
2238 4721 2391 4776 quos
2420 4703 2543 4759 ﬁeri
2558 4703 2749 4758 bonos
2772 4701 3005 4774 quaerit,
3040 4706 3102 4757 ut
3144 4717 3432 4757 numerus
3458 4718 3563 4774 po-

1901 4796 2013 4850 tius
2048 4799 2277 4849 crescat
2293 4794 2613 4857 bonorum,
2641 4807 2759 4847 non
2789 4795 2852 4846 ut
2910 4790 3038 4863 pari
3079 4790 3306 4847 malitia
3338 4806 3398 4847 se
3420 4807 3561 4864 quo-

1898 4900 2015 4955 que
2046 4899 2298 4939 numero
2331 4882 2514 4937 addat
2563 4880 2877 4936 malorum.

1975 4973 2058 5031 t3.
2095 4973 2356 5042 Denique
2383 4971 2498 5026 ista
2530 4974 2826 5043 praecepta
2860 4970 3049 5040 magis
3072 4970 3147 5025 ad
3175 4968 3558 5040 praeparatio-

1899 5079 2033 5119 nem
2067 5060 2263 5117 cordis
2294 5078 2427 5131 quae
2451 5061 2607 5115 intus
2626 5065 2730 5124 est,
2750 5061 3059 5129 pertinere,
3086 5074 3270 5129 quam
3295 5056 3371 5111 ad
3398 5070 3552 5127 opus

1896 5153 2057 5223 quod
2092 5151 2151 5205 in
2178 5156 2383 5221 aperto
2434 5148 2495 5204 tit
2532 5166 2544 5214 ;
2578 5153 2639 5203 ut
2670 5152 2937 5203 teneatur
2976 5148 3032 5200 in
3094 5149 3317 5200 secreto
3367 5143 3552 5199 animi

1958 5262 1970 5291 ¹
2002 5257 2133 5310 Edd.
2172 5272 2182 5305 :
2216 5256 2594 5318 Intelligeretur
2629 5256 2685 5304 in
2714 5256 2875 5303 altera
2904 5255 3068 5318 ipsum
3092 5252 3324 5318 alterum
3353 5249 3553 5313 simpli-

1895 5322 2019 5370 citer
2066 5320 2290 5369 eamdem
2332 5313 2637 5380 patientiam
2665 5313 3036 5367 commendare.
3075 5316 3138 5363 At
3185 5313 3307 5361 Mss.
3364 5326 3553 5380 omnes

1896 5383 2129 5432 habent:
2160 5376 2537 5443 Intelliyeretur
2556 5382 2609 5429 in
2640 5381 3115 5443 alio,ipseautem...
3138 5376 3551 5443 commendaret;

1894 5447 1945 5494 id
1973 5450 2069 5500 est,
2105 5449 2158 5493 ut
2202 5446 2255 5492 in
2289 5439 2538 5492 Matthteo
2568 5439 2870 5491 distinctius
2906 5439 3309 5502 intelligeretur,
3348 5444 3549 5502 tempo-

1892 5508 2022 5557 ralia
2057 5522 2149 5570 pro
2184 5507 2393 5556 aeternis
2424 5510 2678 5570 tanquam
2712 5505 2925 5553 sinistra
2951 5517 3056 5570 pro
3074 5503 3275 5570 dextris
3305 5506 3547 5570 contem-

1892 5564 2071 5619 nenda
2102 5583 2236 5624 esse,
2268 5574 2431 5632 atque
2456 5564 2757 5618 cavendum
2815 5580 2882 5616 ne
2914 5564 3218 5615 vindicandi
3253 5564 3544 5629 cupiditate

1894 5632 2152 5696 patientia
2162 5632 2455 5681 amittatur.
