4074 6158
488 116 589 173 531

486 240 775 314 patientia
804 257 941 297 cum
971 240 1406 307 benevolentia,
1461 241 1523 296 in
1564 241 1888 298 manifesto
1938 246 2138 297 autem

489 331 549 386 id
580 331 859 402 ﬁatquod
888 331 971 385 eis
988 330 1216 385 videtur
1232 330 1514 400 prodesse
1538 332 1972 403 posse,quibus
1988 331 2141 386 bene

1773 115 1834 172 S.
1875 113 2258 173 AUGUSTINI
2301 111 2625 169 EPISCOPI

3775 121 3874 178 532

2248 243 2452 294 contra
2493 239 2608 294 hoc
2650 239 2876 294 malum
2937 239 3248 312 publicum
3307 240 3543 308 clamat,
3581 242 3650 299 ab
3693 243 3875 316 impiis

2249 328 2487 400 populis
2521 329 2994 399 blasphematur,
3029 336 3086 386 et
3111 330 3192 386 dii
3227 330 3369 386 tales
3412 331 3800 403 requiruntur,
3825 336 3876 390 in

490 420 639 475 velle
672 420 985 482 debemus,
1017 418 1155 472 hinc
1182 418 1412 490 liquido
1443 421 1792 485 ostenditur,
1828 420 1990 492 quod
2019 421 2144 491 ipse
2250 433 2512 488 quorum
2550 418 2841 473 honorem
2886 435 2956 474 ea
2979 421 3110 491 ipsa
3160 420 3463 484 theatrica,
3491 437 3796 492 corporum
3833 429 3881 479 et

494 510 777 564 Dominus
794 507 964 560 Jesus
988 507 1330 578 exemplum
1351 508 1652 578 singulare
1674 510 2144 580 patientiae,cnm

491 601 895 669 percuteretur
921 596 978 650 in
1007 597 1221 653 faciem
1250 599 1559 669 respondit
1594 620 1606 654 :
1634 599 1700 654 Si
1722 599 1872 654 male
1886 599 2149 662 dixi,ex-

484 685 705 754 probra
729 685 800 740 de
812 687 966 740 malo
999 686 1080 755 ;si
1097 691 1292 743 autem
1315 689 1475 755 bene,
1492 689 1636 759 quid
1649 704 1739 745 me
1759 689 1932 745 caedis
1951 689 2145 758 (Joan.

488 790 643 838 xvni,
677 775 766 845 23)
795 773 1234 848 iNequaquam
1266 776 1443 845 igitur
1473 783 1838 850 praeceptum
1873 794 2067 841 suum,
2104 777 2150 831 si

490 863 1058 928 verbaintueamur,
1110 865 1394 936 implevit.
1447 869 1646 938 Neque
1703 867 1860 922 enim
1892 865 2153 939 praebuit

490 952 844 1024 percutienti
877 953 1126 1008 alteram
1158 958 1410 1025 partem,
1444 956 1545 1010 sed
1572 955 1771 1026 potius
1825 955 2147 1026 prohibuit,

491 1057 566 1098 ne
597 1042 700 1114 qui
732 1041 950 1097 fecerat
980 1042 1281 1112 injuriam,
1303 1049 1543 1114 augeret
1573 1050 1665 1110 ;et
1693 1050 1893 1100 tamen
1907 1050 2153 1116 paratus

494 1136 734 1187 venerat
765 1146 886 1186 non
913 1132 1101 1187 solum
1121 1133 1181 1187 in
1211 1133 1426 1189 faciem
1450 1134 1697 1205 percuti,
1723 1150 1930 1189 verum
1971 1135 2151 1189 etiam

492 1220 1251 1292 prohisquoqueaquibus
1284 1222 1409 1277 haec
1466 1223 1802 1292 patiebatur
1833 1224 2151 1279 cruciﬁxus

495 1309 702 1372 occidi,
747 1325 856 1380 pro
897 1310 1116 1380 quibus
1143 1311 1224 1365 ait
1281 1312 1338 1366 in
1381 1327 1555 1367 cruce
1579 1313 1848 1383 pendens
1893 1329 1905 1368 :
1953 1315 2150 1379 Pater,

492 1400 723 1468 ignosce
747 1399 891 1462 illis,
915 1399 1057 1469 quia
1083 1400 1510 1472 nesciuntquid
1531 1402 1769 1471 faciunt
1801 1404 1967 1474 (Luc.
1985 1419 2151 1467 xxui,

495 1488 603 1558 34).
640 1491 752 1542 Nec
807 1488 1025 1542 Paulus
1065 1489 1376 1560 apostolus
1408 1497 1777 1562 praeceptum
1833 1492 2064 1547 Domini
2097 1497 2154 1547 et

498 1577 766 1645 magistri
797 1577 890 1631 sui
929 1578 1152 1632 videtur
1183 1579 1482 1649 implesse,
1524 1580 1622 1635 ubi
1657 1582 1833 1636 etiam
1868 1581 1993 1653 ipse
2026 1597 2154 1652 per-

495 1681 708 1721 cussus
740 1666 798 1720 in
824 1665 1056 1730 faciem,
1087 1667 1232 1722 dixit
1264 1669 1515 1740 principi
1557 1670 1938 1726 sacerdotum
1976 1688 1988 1726 :
2019 1673 2156 1728 Per-

494 1755 672 1811 cutiet
700 1761 755 1810 te
782 1757 953 1823 Deus,
982 1756 1178 1824 paries
1205 1757 1499 1815 deatbate.
1561 1759 1727 1815 Sedes
1748 1761 2036 1829 judicans
2065 1776 2155 1817 me

494 1845 819 1900 secundum
836 1846 1063 1914 Legem,
1079 1851 1132 1902 et
1153 1854 1364 1903 contra
1383 1851 1583 1919 Legem
1595 1849 1762 1918 iubes
1786 1865 1875 1906 me
1891 1851 2152 1918 percuti;

495 1935 561 1987 Et
580 1949 717 1988 cum
746 1935 1318 1991 acircumstantibus
1333 1936 1642 2007 diceretur,
1663 1938 2152 2009 Injuriam/‘acis,

495 2023 1503 2093 principijsacerdotum,irridenter‘
1521 2041 1622 2082 eos
1637 2028 1960 2083 admonere
1974 2030 2157 2086 voluit

498 2112 644 2182 quid
675 2111 989 2180 dixerit,ut
1017 2113 1118 2184 qui
1147 2119 1444 2184 saperent,
1463 2115 1853 2184 intelligerent
1872 2117 1996 2187 jam
2021 2118 2156 2173 des-

501 2201 822 2256 truendum
856 2207 875 2237 ²
903 2217 1030 2257 esse
1061 2203 1325 2258 adventu
1355 2204 1565 2260 Christi
1598 2207 1885 2276 parietem
1919 2207 2155 2264 dealba-

503 2291 779 2357 tum,hoc
807 2291 1296 2362 est,hypocrisim
1313 2294 1627 2349 sacerdotii
1656 2295 1999 2351 Iudaeorum
2027 2315 2039 2352 :
2074 2298 2157 2352 ait

505 2379 748 2452 quippe,
778 2380 1034 2444 Nescivi,
1065 2382 1307 2449 fratres,
1341 2384 1477 2454 quia
1505 2384 1783 2453 princeps
1809 2392 1892 2440 est
1922 2407 1943 2456 ,-
1973 2389 2156 2454 scrip-

509 2474 630 2524 tum
647 2469 1515 2540 estenim,Principipoputitui
1533 2489 1649 2528 non
1664 2474 1976 2530 maledices
2003 2475 2156 2545 (Act.

504 2573 663 2622 xxui,
682 2558 793 2629 3-5)
819 2574 831 2623 ;
857 2574 994 2613 cum
1019 2559 1227 2629 procul
1249 2560 1455 2629 dubio,
1485 2562 1588 2632 qui
1616 2562 1675 2615 in
1700 2563 1910 2617 eodem
1934 2567 2164 2634 populo

503 2650 786 2711 creverat,
816 2647 1087 2716 atqueibi
1116 2650 1264 2716 Lege
1292 2648 1478 2704 fuerat
1505 2650 1973 2715 eruditus,illam
2000 2653 2160 2722 prin-

502 2734 698 2805 cipem
746 2735 1125 2791 sacerdotum
1179 2737 1406 2792 nescire
1437 2754 1557 2794 non
1615 2745 1828 2810 posset,
1898 2755 2006 2796 nec
2057 2757 2161 2796 eos

503 2823 725 2895 quibus
748 2825 831 2881 ita
861 2828 1036 2880 notus
1070 2832 1214 2895 erat,
1245 2825 1362 2882 ullo
1390 2827 1572 2882 modo
1604 2826 1822 2884 falleret
1844 2829 2009 2901 quod
2032 2845 2163 2884 nes-

504 2912 667 2969 ciret.

584 3005 667 3058 14.
699 3001 850 3058 Sunt
870 3018 1006 3072 ergo
1037 3003 1150 3060 ista
1179 3011 1479 3078 praecepta
1509 3007 1807 3077 patientiae
1838 3023 2077 3080 semper
2102 3009 2163 3065 in

505 3093 704 3148 cordis
735 3094 1175 3164 praeparatione
1228 3095 1561 3160 retinenda,
1618 3096 1867 3168 ipsaque
1906 3097 2165 3154 benevo-

504 3181 711 3246 lentia,
732 3197 806 3236 ne
835 3182 1121 3238 reddatur
1149 3183 1372 3238 malum
1391 3200 1497 3256 pro
1526 3185 1708 3249 malo,
1741 3187 2044 3256 semperin
2065 3203 2162 3242 vo-

505 3270 732 3326 luntate
774 3271 1132 3342 complenda
1154 3277 1259 3326 est.
1301 3273 1548 3343 Agenda
1574 3278 1710 3329 sunt
1734 3279 1931 3329 autem
1952 3275 2160 3343 multa,

508 3358 688 3414 etiam
711 3359 1062 3415 cuminvitis
1085 3360 1348 3432 benigna
1379 3362 1647 3433 quadam
1679 3364 1999 3433 asperitate
2014 3364 2164 3435 plec-

509 3447 723 3511 tendis,
755 3463 1014 3518 quorum
1047 3449 1244 3519 potius
1299 3451 1528 3505 utilitati
1590 3451 2029 3507 consulendum
2079 3458 2166 3508 est

509 3551 696 3607 quam
727 3537 1229 3608 voluntati;quod
1261 3539 1315 3593 in
1333 3539 1599 3610 principe
1621 3539 1870 3595 civitatis
1903 3540 2163 3597 luculen-

509 3624 754 3681 tissimm
781 3624 1016 3680 illorum
1047 3627 1253 3682 litterae
1292 3627 1708 3684 laudaverunt.
1739 3631 1959 3685 Namin
1985 3632 2166 3686 corri-

512 3715 732 3787 piendo
770 3715 892 3771 filio
923 3717 1254 3788 quamlibet
1284 3735 1518 3790 aspere,
1557 3735 1870 3791 nunquam
1903 3721 2166 3792 profecto

513 3820 682 3860 amor
725 3809 1012 3876 paternus
1045 3808 1350 3863 amittitur.
1399 3809 1482 3864 Fit
1508 3813 1709 3864 tamen
1741 3809 1906 3881 quod
1932 3811 2077 3866 nolit
2110 3815 2168 3866 et

513 3892 728 3958 doleat,
757 3895 859 3966 qui
893 3896 1072 3951 etiam
1096 3897 1316 3952 invitus
1350 3897 1803 3954 videturdolore
1835 3900 2163 3955 sanandus.

515 3989 593 4038 Ac
625 3999 729 4054 per
757 3983 870 4039 hoc
885 3985 933 4039 si
949 3987 1312 4042 terrenaista
1325 3987 1660 4057 respublica
1674 3994 1970 4061 praecepta
1983 3990 2170 4045 chris-

515 4071 677 4126 tiana
707 4073 1022 4138 custodiat,
1057 4074 1257 4144 etipsa
1289 4075 1443 4131 bella
1458 4076 2014 4133 sinebenevolentia
2047 4095 2168 4134 non

517 4163 814 4230 gerentur,
850 4165 914 4216 ut
942 4161 1018 4216 ad
1049 4163 1284 4233 pietatis
1294 4165 1313 4233 j
1326 4164 1654 4236 ustitiaeque
1687 4172 1964 4236 pacatam
1990 4168 2170 4224 socie-

517 4253 700 4304 tatem
731 4249 900 4305 victis
932 4250 1162 4306 facilius
1220 4253 1582 4309 consulatur.
1614 4257 1762 4310 Nam
1793 4255 1888 4310 cui
1935 4256 2172 4313 licentia

517 4335 846 4409 iniquitatis
876 4340 1142 4410 eripitur,
1167 4340 1379 4398 utiliter
1409 4342 1664 4398 vincitur
1688 4361 1706 4410 ;
1723 4345 2011 4416 quoniam
2027 4345 2172 4402 nihil

519 4431 610 4481 est
641 4426 933 4483 infelicius
989 4429 1262 4486 felicitate
1319 4433 1716 4503 peccantium,
1751 4450 1887 4506 quae
1921 4435 2172 4505 poenalis

519 4517 776 4572 nutritur
805 4517 1152 4588 impunitas,
1183 4526 1238 4575 et
1270 4521 1426 4578 mala
1479 4521 1757 4579 voluntas
1800 4523 1958 4580 velut
1987 4523 2173 4580 hostis

519 4605 760 4662 interior
789 4606 1122 4664 roboratur.
1155 4609 1269 4665 Sed
1297 4627 1575 4682 perversa
1602 4617 1657 4668 et
1686 4628 1897 4669 aversa
1935 4613 1956 4647 ³
1990 4616 2174 4670 corda

521 4694 886 4763 mortalium,
907 4695 1105 4752 felices
1140 4714 1232 4753 res
1255 4699 1556 4756 humanas
1583 4706 1813 4772 putant,
1837 4718 1972 4757 cum
1999 4706 2174 4758 tecto-

518 4797 655 4837 rum
690 4783 973 4853 splendor
1008 4787 1349 4852 attenditur,
1380 4792 1436 4843 et
1464 4789 1629 4845 labes
1681 4806 1798 4846 non
1851 4792 2175 4847 attenditur

521 4871 864 4927 animorum
897 4891 909 4939 ;
944 4889 1078 4928 cum
1119 4875 1478 4932 theatrorum
1542 4879 1730 4934 moles
1764 4887 2170 4946 exstruuntur,

519 4964 574 5018 et
613 4960 977 5017 effodiuntur
999 4963 1389 5022 fundamenta
1412 4968 1699 5023 virtutum
1738 4985 1912 5039 ;cum
1956 4969 2174 5039 glorio-

520 5067 586 5107 sa
608 5050 1017 5108 esteﬂusionis
1043 5053 1296 5121 insania,
1332 5061 1386 5111 et
1412 5073 1594 5127 opera
1626 5057 2049 5114 misericordiae
2076 5059 2175 5114 de-

519 5140 813 5207 ridentur;
844 5157 982 5198 cum
1009 5159 1078 5198 ex
1092 5143 1334 5215 hisquse
1349 5145 1626 5201 divitibus
1640 5147 1973 5211 abundant,
2002 5147 2174 5202 luxu-

519 5229 749 5286 riantur
769 5230 1107 5297 histriones,
1129 5238 1184 5289 et
1214 5234 1549 5290 necessaria
1584 5235 1676 5290 vix
1697 5235 1922 5291 habent
1953 5251 2175 5308 paupe-

520 5331 615 5372 res
655 5336 821 5384 ;cum
854 5325 1024 5391 Deus,
1057 5323 1160 5395 qui
1191 5323 1474 5379 doctrinm
1493 5341 1613 5380 suae
1641 5325 1895 5397 publicis
1926 5325 2175 5381 vocibus

527 5427 601 5533 ad‘
638 5427 752 5475 Am.
789 5428 916 5479 Bad.
969 5431 1050 5481 Er.
1085 5435 1137 5482 et
1168 5433 1262 5482 Ms.
1296 5449 1375 5491 a.,
1409 5435 1745 5491 sacerdotum,
1780 5435 2064 5485 incidenter
2094 5450 2175 5484 eos

598 5501 815 5533 monere.

648 5502 815 5539 onere.

586 5552 605 5615 ξ
639 5549 784 5615 ΙέρῩη
811 5555 922 5614 jam
957 5557 1260 5608 destructum
1286 5574 1401 5609 esse.
1424 5562 1486 5609 At
1509 5561 2011 5615 alii,destruendum.

588 5613 606 5642 ³
642 5611 858 5672 Edd.,et
882 5619 1093 5668 adversa
1123 5623 1290 5672 corda.
1323 5623 1417 5672 Ms.
1447 5623 1546 5680 sb.,
1581 5611 1776 5674 aversa.
1817 5624 2171 5675 Praetulimus.

2253 505 2593 562 animorum
2621 508 2917 563 dedecora
2947 509 3486 564 celebrentur.Haec
3519 511 3566 563 si
3601 512 3744 564 Deus
3771 512 3880 582 pol-

2253 595 2370 650 lere
2385 597 2704 667 permittat,
2717 603 2854 652 tunc
2870 597 3213 666 indignatur
3231 598 3470 668 gravius
3492 598 3638 664 ;hzec
3653 599 3698 653 si
3711 600 3881 670 impu-

2256 685 2378 740 nita
2400 686 2676 750 dimittat,
2713 692 2851 742 tunc
2887 687 3058 759 punit
3079 686 3367 742 infestius.
3386 689 3532 742 Cum
3551 703 3687 742 vero
3702 690 3885 744 evertit

2256 775 2596 834 Subsidium
2630 776 2932 841 vitiorum,
2993 781 3048 832 et
3079 777 3357 847 copiosas
3388 775 3662 833 libidines
3693 775 3882 846 inopes

2257 868 2471 930 reddit,
2515 866 2979 921 misericorditer
3032 865 3403 920 adversatur.
3468 864 3886 920 Misericorditer

2259 958 2440 1021 enim,
2467 956 2511 1009 si
2530 955 2654 1009 ﬁeri
2677 959 2900 1025 posset,
2917 955 3094 1010 etiam
3125 953 3279 1010 bella
3293 958 3631 1023 gererentur
3651 969 3685 1008 a
3710 953 3885 1016 bonis,

2260 1053 2324 1102 ut
2376 1043 2697 1100 licentiosis
2730 1044 3154 1114 cupiditatibus
3185 1043 3428 1098 domitis
3470 1042 3593 1098 haec
3617 1042 3748 1097 vitia
3772 1058 3886 1113 per-

2260 1133 2729 1203 derentur,queej
2742 1137 2872 1188 usto
2885 1132 3139 1204 imperio
3155 1132 3242 1188 vel
3258 1132 3574 1203 exstirpari
3589 1131 3670 1186 vel
3684 1131 3882 1202 premi‘

2261 1225 2621 1280 debuerunt.

2337 1315 2576 1368 15.Nam
2594 1311 2639 1365 si
2656 1310 3309 1382 christianadisciplina
3323 1310 3532 1365 omnia
3549 1309 3890 1380 bellacnlpa-

2262 1409 2369 1468 ret,
2398 1402 2511 1457 hoc
2542 1401 2738 1472 potius
2771 1399 3055 1454 militibus
3079 1399 3395 1455 consilium
3430 1398 3636 1454 salutis
3668 1399 3893 1470 petenti-

2261 1493 2374 1547 bus
2390 1492 2445 1544 in
2464 1488 2778 1558 Evangelio
2794 1488 3178 1552 diceretur,ut
3198 1487 3893 1558 abjicerentarma,seque

2262 1580 2511 1636 omnino
2579 1577 2804 1632 militiae
2849 1577 3286 1632 subtraherent.
3334 1577 3567 1631 Dictum
3607 1585 3693 1631 est
3721 1582 3894 1631 autem

2263 1668 2344 1723 eis
2377 1684 2389 1722 :
2423 1667 2728 1724 Neminem
2749 1665 3184 1730 concusseritis,
3214 1664 3899 1733 nulticat-umniamfece-

2263 1758 2393 1812 ritis
2423 1778 2444 1826 ;
2472 1755 2738 1824 sufﬁciat
2773 1756 2934 1810 vobis
2969 1754 3330 1823 stipendium
3350 1761 3608 1810 vestrum
3640 1754 3796 1824 (Luc.
3827 1768 3896 1817 ιιι,

2267 1846 2373 1916 lli).
2408 1845 2638 1910 Quibus
2662 1845 2972 1915 proprium
3006 1843 3373 1914 stipendium
3409 1841 3677 1897 sufﬁcere
3705 1841 3899 1896 debere

2262 1936 2559 2008 praecepit,
2587 1935 2835 1990 militare
2854 1935 3053 2004 utique
3070 1949 3188 1988 nou
3206 1932 3518 2003 prohibuit.
3548 1932 3783 1987 Proinde
3804 1931 3892 2002 qui

2263 2024 2605 2081 doctrinam
2622 2023 2828 2079 Christi
2843 2023 3159 2078 adversam
3176 2023 3384 2078 dicunt
3411 2038 3537 2077 esse
3570 2020 3899 2093 reipublicae,

2263 2115 2405 2169 dent
2429 2113 2748 2168 exercitum
2784 2111 2964 2167 talem
2993 2111 3202 2182 quales
3243 2110 3523 2166 doctrina
3565 2109 3760 2165 Christi
3789 2123 3900 2163 esse

2261 2203 2662 2273 militesjussit
2684 2201 2845 2264 ;dent
2863 2204 3011 2256 tales
3026 2199 3450 2272 provinciales,
3497 2199 3640 2254 tales
3657 2198 3897 2261 maritos,

2263 2292 2411 2349 tales
2439 2291 2571 2362 conj
2585 2306 2748 2359 nges,
2768 2289 2911 2345 tales
2927 2295 3222 2360 parentes,
3241 2289 3394 2345 tales
3409 2288 3727 2354 ﬁlios,tales
3739 2287 3901 2342 domi-

2262 2397 2387 2447 nos,
2423 2381 2570 2436 tales
2610 2396 2832 2443 servos,
2865 2379 3015 2435 tales
3078 2394 3268 2446 reges,
3302 2378 3456 2433 tales
3485 2377 3732 2449 jndices,
3778 2375 3899 2431 tales

2271 2470 2529 2543 denique
2561 2469 2898 2525 debitorum
2930 2468 3119 2539 ipsius
3156 2468 3282 2522 ﬁsci
3311 2467 3646 2522 redditores
3675 2471 3727 2521 et
3749 2480 3896 2520 exac—

2272 2564 2449 2623 tores,
2480 2559 2688 2630 quales
2718 2574 2850 2612 esse
2880 2557 3163 2628 praecepit
3193 2556 3473 2613 doctrina
3504 2555 3829 2618 christiana,
3852 2557 3898 2609 et

2271 2648 2533 2703 audeant
2558 2664 2688 2702 eam
2722 2646 2916 2702 dicere
2929 2647 3245 2701 adversam
3261 2661 3399 2700 esse
3412 2644 3744 2716 reipublicae
3763 2662 3779 2714 ;
3797 2644 3896 2698 imo

2272 2753 2410 2793 vero
2444 2753 2562 2792 non
2617 2736 2889 2791 dubitent
2915 2751 3051 2791 eam
3087 2735 3351 2791 conﬁteri
3393 2750 3697 2805 magnam,
3737 2733 3779 2788 si
3808 2732 3898 2788 ob-

2273 2831 2644 2897 temperetur,
2678 2824 2933 2880 salutem
2967 2840 3097 2879 esse
3135 2823 3506 2896 reipublicae.

2344 2917 2564 2971 CAPUT
2597 2915 2768 2968 ll[.—-
2802 2918 2884 2969 l6.
2931 2914 3146 2985 thuid
3176 2917 3378 2969 autem
3416 2914 3492 2969 ad
3518 2911 3655 2968 illud
3684 2925 3894 2984 respon-

2271 3005 2448 3060 deam
2463 3005 2627 3076 quod
2653 3003 3000 3075 dicunt,per
3031 3005 3334 3075 quosdam
3361 3003 3742 3074 imperatores
3759 3000 3893 3057 chri-

2273 3093 2498 3150 stianos
2559 3093 2746 3148 multa
2778 3093 2936 3148 mala
2970 3093 3218 3164 imperio
3266 3092 3557 3148 accidisse
3611 3088 3895 3147 Romano?

2275 3186 2405 3238 Haec
2437 3182 2732 3254 generalis
2765 3183 3116 3254 conquestio
3144 3181 3520 3237 calumniosa
3549 3181 3746 3252 est(a).
3775 3182 3894 3235 Nam

2274 3271 2601 3342 siapertius
2628 3275 2782 3326 certe
2812 3270 2886 3326 de
2909 3271 3220 3343 praeteritis
3243 3270 3703 3341 imperatoribus
3725 3267 3894 3338 aliqua

2274 3364 2835 3424 commemorarent,
2861 3375 3099 3430 possem
3122 3359 3339 3415 similia
3369 3359 3458 3414 vel
3487 3360 3724 3416 fortasse
3745 3356 3893 3412 etiam

2275 3449 2552 3519 graviora
2577 3449 2651 3504 de
2683 3449 3142 3521 imperatoribus
3201 3463 3322 3504 non
3356 3448 3686 3504 christianis
3731 3453 3781 3502 et
3803 3457 3893 3512 ego

2274 3554 2768 3603 commemorare,
2803 3542 2863 3592 ut
2896 3537 3287 3607 intelligerent
3319 3579 3332 3602 ,
3353 3538 3446 3594 vel
3470 3537 3767 3594 hominum
3789 3535 3893 3590 haec

2275 3643 2402 3685 esse
2418 3628 2577 3691 vitia,
2596 3643 2714 3682 non
2734 3627 3018 3682 doctrinm
3042 3644 3054 3693 ;
3090 3627 3177 3682 vel
3210 3643 3330 3682 non
3353 3621 3894 3698 imperatorum,sed

2277 3717 2528 3772 aliorum
2552 3717 2676 3771 sine
2708 3716 2921 3787 quibus
2960 3717 3348 3787 imperatores
3394 3732 3572 3786 agere
3611 3714 3747 3771 nihil
3782 3728 3895 3785 pos-

2278 3811 2434 3862 sunt.
2467 3809 2544 3861 Ex
2567 3822 2689 3877 quo
2711 3807 2869 3861 enim
2900 3810 3167 3876 tempore
3194 3807 3536 3876 pessumire
3567 3805 3896 3876 casperith

2279 3911 2461 3952 mana
2511 3895 2870 3967 respublica,
2907 3896 3052 3950 satis
3113 3895 3297 3967 liquet
3329 3911 3343 3960 ;
3374 3895 3579 3950 littera:
3606 3894 3896 3965 loquuntur

2277 3986 2551 4057 ipsorum
2576 3985 2658 4055 (b)
2690 4001 2700 4038 :
2731 3984 2906 4054 longe
2930 3989 3256 4056 antequam
3310 3984 3521 4040 Christi
3553 3998 3759 4039 nomen
3795 3981 3897 4036 elu-

2277 4077 2463 4132 xisset
2491 4077 2548 4130 in
2580 4077 2770 4140 terris,
2803 4076 3032 4131 dictum
3067 4081 3156 4130 est
3197 4091 3208 4129 :
3239 4074 3285 4130 0
3315 4076 3521 4132 urbem
3570 4074 3826 4136 venalem,
3854 4076 3896 4125 et

2279 4171 2513 4223 mature
2531 4165 2880 4234 perituram,
2903 4165 2954 4221 ei
2984 4171 3302 4232 emptorem
3331 4165 3658 4222 invenerit!
3683 4162 3899 4232 (Saltus-

2283 4255 2417 4322 tius,
2450 4255 2600 4310 Bett.
2625 4253 2935 4324 Jugurth.)
2976 4253 3039 4308 In
3072 4252 3224 4308 libro
3263 4253 3445 4309 etiam
3483 4253 3617 4308 belli
3647 4249 3898 4312 Catiline,

2281 4349 2416 4400 ante
2457 4345 2783 4399 adventum
2819 4344 3017 4414 utique
3051 4343 3283 4411 Christi,
3315 4343 3480 4399 idem
3527 4339 3899 4398 nobilissimus

2284 4434 2600 4489 historicus
2632 4449 2838 4488 eorum
2876 4448 2996 4487 non
3020 4436 3172 4488 tacet
3202 4433 3452 4505 quando
3473 4429 3900 4504 primuminsue—

2283 4523 2431 4578 verit
2451 4522 2744 4577 exercitus
2759 4522 2962 4594 populi
2980 4523 3230 4577 Romani
3247 4538 3470 4588 amare,
3488 4527 3707 4593 potare,
3732 4518 3900 4587 signa,

2284 4611 2522 4668 tabulas
2556 4612 2764 4682 pictas,
2798 4627 2946 4666 vasa
2977 4612 3186 4666 caelata
3213 4611 3439 4676 mirari,
3475 4626 3546 4666 ea
3575 4607 3830 4682 privatim
3854 4606 3900 4656 et

2285 4701 2514 4773 publice
2528 4717 2754 4772 rapere,
2773 4700 3023 4756 delubra
3047 4700 3325 4771 spoliare,
3351 4715 3523 4756 sacra
3560 4697 3900 4772 profanaque

2284 4790 2489 4846 omnia
2546 4790 2831 4860 polluere.
2912 4789 3165 4855 Quando
3211 4804 3352 4859 ergo
3406 4805 3514 4844 nec
3564 4782 3896 4842 hominibus,

2286 4895 2394 4934 nec
2434 4880 2579 4951 ipsis
2624 4879 2800 4934 etiam
2833 4895 2985 4950 quos
3011 4880 3162 4934 Deos
3193 4878 3504 4948 putabant,
3539 4889 3763 4932 morum
3789 4883 3899 4924 cor-

2284 4975 2621 5040 ruptorum,
2677 4973 2732 5023 et
2784 4969 3152 5038 perditorum
3213 4967 3465 5022 avaritia
3514 4963 3900 5037 rapacitasque

2287 5056 2593 5130 parcebat,
2627 5061 2766 5112 tunc
2799 5059 2977 5128 coepit
3019 5057 3206 5128 perire
3241 5054 3544 5112 laudabile
3574 5051 3710 5110 illud
3740 5048 3898 5104 decus

2286 5147 2568 5218 salusque
2581 5146 2943 5218 reipublicae.
2965 5147 3124 5212 Quos
3142 5146 3352 5200 deinde
3368 5145 3503 5199 vitia
3526 5141 3774 5215 pessima
3788 5149 3900 5189 suc-

2286 5253 2492 5291 cessus
2510 5235 2907 5299 habuerint,et
2923 5243 3147 5307 quanto
3165 5236 3566 5291 humanarum
3581 5245 3756 5286 rerum
3771 5223 3898 5280 malo

2286 5326 2676 5397 illainiquitas
2698 5331 3050 5397 prosperata
3069 5325 3328 5390 sit,nunc
3347 5323 3589 5392 longum
3612 5316 3896 5374 estdicere.

2348 5434 2361 5464 ¹
2395 5432 2544 5487 Edd.,
2582 5432 2658 5479 vel
2685 5431 2905 5492 deprimi
2930 5431 3230 5479 debuerunt.
3279 5429 3394 5479 Mss.
3444 5431 3683 5492 quatuor,
3715 5419 3892 5484 peri-mi.

2287 5494 2388 5544 Alii
2419 5494 2688 5549 undecim,
2723 5494 2903 5549 premi.

2349 5559 2423 5618 (α)
2457 5559 2526 5605 De
2549 5558 2692 5606 civit.
2719 5556 2825 5615 Dei,
2861 5556 2894 5603 l.
2919 5558 2964 5610 4,
2989 5569 3038 5608 c.
3078 5557 3122 5603 2.

2352 5622 2420 5682 (δ)
2451 5619 2525 5669 1d.
2565 5620 2596 5668 1.
2619 5621 2666 5675 2,
2699 5633 2744 5668 c.
2784 5620 2858 5667 is.
