4074 6164
103 160 205 218 533

97 276 355 332 Audiant
369 276 697 349 Satyricum
716 275 1243 343 suum,garriendo
1270 291 1409 333 vera
1422 276 1717 333 dicentem
1734 294 1746 331 :

215 366 459 415 Servabat
486 369 650 414 castas
677 365 877 415 humilis
908 364 1104 414 fortuna
1137 365 1312 414 latinas

210 429 491 486 Quondam,
513 444 599 477 nec
616 429 749 476 vitiis
764 429 973 486 contingi
1008 443 1156 489 parva
1178 428 1375 477 sinebat

208 492 360 553 Tecta
390 491 544 543 labor,
585 491 846 553 somnique
877 490 1073 543 breves.
1094 498 1139 538 et
1168 492 1353 553 vellere
1366 491 1561 539 Thusco

213 552 424 618 Vesane
450 554 690 618 duraeque
726 552 920 618 manus,
956 554 1293 618 acproximus
1319 552 1435 618 Urbi

205 616 449 671 Annibal,
482 620 532 664 et
565 615 750 664 stantes
786 615 980 664 Collina
1016 615 1067 664 in
1105 624 1236 664 turre
1264 616 1449 664 mariti.

204 677 347 749 :‘iunc
379 679 765 749 patimurlongrc
788 678 921 749 pacis
950 679 1079 749 mala
1114 695 1125 749 ;_
1162 680 1335 749 suavior
1359 679 1511 749 armis

203 740 433 814 Euxuria
458 740 707 814 incubuit,
725 742 1009 814 victumque
1028 741 1493 814 ulcisciturorbem.

203 803 414 868 ljiullum
447 804 632 868 crimen
664 804 821 857 abest,
848 802 1129 868 facinusque
1161 802 1397 859 libidinis,
1430 818 1488 852 ex
1521 817 1617 867 quo

204 866 485 929 Paupertas
518 867 735 915 Romana
757 868 903 930 perit.

1180 928 1492 990 (Juvenalis,
1515 928 1634 980 Sat.
1662 930 1744 983 6.)

86 1007 224 1074 Quid
250 1023 399 1079 ergo
460 1013 769 1080 exspectas
826 1013 889 1063 ut
938 1023 1049 1077 ego
1096 1024 1475 1079 exaggerem,
1518 1013 1743 1080 quanta

85 1097 235 1153 mala
262 1096 684 1168 importaverit
707 1113 987 1152 successu
1008 1113 1295 1169 prospero
1330 1098 1616 1169 iniquitas
1639 1112 1742 1150 su-

80 1188 312 1242 blevata
344 1205 358 1255 ;
392 1186 891 1259 quandoquidem
919 1188 1123 1257 etipsi,
1148 1187 1575 1259 quialiquanto
1600 1204 1744 1258 pru-

82 1275 731 1341 dentiusattenderunt,
764 1275 899 1347 plus
930 1275 1257 1331 dolendum
1293 1276 1565 1331 viderunt
1594 1293 1742 1349 pau-

84 1369 390 1435 pertatem,
436 1380 624 1436 quam
652 1364 1024 1437 opulentiam
1074 1365 1319 1436 periisse
1354 1370 1685 1421 Romanam
1713 1367 1740 1421 ‘I

83 1453 135 1508 In
150 1453 244 1508 illa
264 1454 434 1509 enim
451 1470 688 1509 morum
706 1455 1013 1523 integritas
1039 1454 1391 1509 servabatur
1415 1474 1427 1522 ;
1464 1471 1568 1526 per
1586 1457 1739 1511 hanc

84 1548 270 1597 autem
304 1558 430 1597 non
478 1559 681 1598 muros
714 1543 902 1608 urbis,
948 1547 1053 1598 sed
1100 1550 1327 1599 mentes
1368 1544 1562 1614 ipsius
1594 1546 1737 1599 civi-

84 1631 202 1685 tatis
242 1631 382 1686 dira
413 1631 685 1703 nequitia
707 1634 873 1687 omni
913 1632 1079 1687 hoste
1116 1634 1532 1703 pejorirrupit.

143 1722 226 1775 l7.
261 1722 503 1776 Gratias
546 1721 800 1775 Domino
856 1723 971 1775 Deo
1002 1727 1224 1787 nostro,
1256 1724 1355 1792 qui
1388 1727 1596 1778 contra
1626 1724 1737 1778 ista

80 1808 223 1864 mala
244 1810 417 1865 misit
444 1809 620 1865 nobis
651 1809 1018 1879 adjutorium
1061 1810 1383 1879 singulare.
1418 1813 1544 1876 Quo
1575 1813 1733 1867 enim

83 1914 184 1952 non
203 1898 463 1964 tolleret,
497 1914 679 1970 quem
711 1914 830 1953 non
857 1898 1194 1963 involverat,
1230 1900 1288 1954 in
1313 1900 1475 1971 quod
1496 1900 1735 1971 profun-

80 1986 207 2041 dum
238 2004 366 2042 non
384 1987 1113 2054 demergeretﬂuviusiste
1126 1988 1434 2043 horrenda;
1458 1991 1734 2062 nequitias

82 2077 297 2145 generis
340 2077 624 2142 humani,
658 2076 769 2131 nisi
801 2093 943 2131 crux
979 2077 1194 2132 Christi
1250 2078 1310 2132 in
1372 2085 1535 2135 tanta
1575 2081 1733 2134 velut

79 2166 217 2220 mole
245 2167 628 2222 auctoritatis
642 2166 1001 2220 eminentius
1028 2166 1378 2237 (iuniusque
1415 2168 1730 2233 figeretur;

79 2258 229 2324 cujus
243 2257 638 2327 apprehenso
654 2255 887 2320 robore,
905 2254 1152 2309 stabiles
1172 2271 1461 2315 essemus.
1481 2272 1552 2310 ne
1579 2256 1732 2311 male

82 2344 483 2405 suadentium,
512 2344 603 2399 vel
634 2346 691 2398 in
736 2343 894 2399 mala
926 2343 1375 2413 impellentium,
1412 2349 1531 2399 tam
1564 2350 1732 2400 vasto

80 2433 271 2487 mundi
296 2434 484 2503 hujus
518 2434 749 2501 gurgite
804 2432 1031 2503 abrepti
1056 2433 1437 2488 sorberemur
1474 2432 1501 2487 ΞΡ
1528 2435 1591 2488 In
1624 2434 1733 2489 ista

78 2524 219 2577 enim
251 2522 519 2578 colluvie
551 2538 786 2577 morum
812 2524 1214 2593 pessimorum
1247 2527 1302 2578 et
1344 2523 1557 2577 veteris
1606 2540 1738 2595 per-

78 2612 578 2683 dittedisciplinaa,
610 2613 869 2667 maxime
884 2612 1082 2666 venire
1103 2628 1171 2667 ac
1196 2613 1512 2668 subvenire
1532 2614 1739 2669 debuit

79 2703 319 2756 caelestis
335 2703 686 2768 auctoritas,
703 2718 833 2773 quas
857 2702 1259 2757 voluntariam
1301 2708 1735 2774 paupertatem,

78 2808 194 2862 quae
208 2791 677 2859 continentiam,
714 2791 1535 2861 benevolentiam,justitiam,
1557 2798 1734 2864 atque

77 2880 479 2945 concordiam,
519 2896 845 2952 veramque
877 2880 1155 2951 pietatem
1190 2882 1595 2951 persuaderet,
1622 2899 1734 2937 cae-

78 2976 341 3043 terasque
374 2970 506 3024 vita:
538 2969 869 3024 luminosas
901 2966 1253 3041 validasque
1286 2971 1529 3027 virtutes
1564 2990 1576 3037 ;
1616 2988 1735 3027 non

80 3062 293 3114 tantum
342 3064 586 3130 propter
625 3059 796 3114 istam
848 3058 1033 3113 vitam
1074 3058 1498 3115 honestissime
1532 3075 1736 3128 geren-

78 3147 224 3213 dam,
275 3163 396 3203 nec
444 3152 676 3203 tantum
722 3152 963 3218 propter
1012 3148 1261 3203 civitatis
1311 3154 1554 3205 terrenae
1598 3165 1735 3204 con-

77 3237 493 3292 cordissimam
552 3238 895 3293 societatem
941 3256 953 3306 ;
1006 3255 1217 3295 verum
1264 3238 1444 3294 etiam
1494 3244 1736 3309 propter

78 3326 533 3397 adipiscendam
564 3326 985 3396 sempiternam
1015 3328 1289 3392 salutem,
1326 3332 1382 3381 et
1423 3328 1732 3398 sempiter-

78 3416 127 3468 ni
153 3415 477 3486 cujusdam
505 3414 709 3485 populi
741 3416 1041 3472 caslestem
1077 3417 1466 3486 divinumque
1497 3432 1734 3487 rempu-

81 3504 306 3571 blicam,
326 3505 423 3560 cui
446 3521 557 3561 nos
580 3506 738 3561 cives
754 3508 1222 3571 adsciscitfides,
1255 3523 1406 3579 spes,
1424 3508 1682 3563 charitas
1717 3524 1729 3562 :

82 3603 129 3647 ut
156 3594 456 3666 quamdiu
517 3594 653 3649 inde
697 3598 1168 3667 peregrinamur,
1214 3596 1475 3652 feramus
1533 3613 1636 3651 eos
1686 3596 1732 3651 si

80 3686 362 3754 corrigere
395 3699 518 3738 non
548 3683 838 3748 valemus,
873 3688 976 3757 qui
1002 3686 1152 3741 vitiis
1184 3686 1491 3755 impunitis
1524 3686 1734 3741 volunt

80 3778 215 3828 stare
239 3771 711 3841 rempublicam,
744 3790 927 3845 quam
960 3774 1733 3844 primiRomaniconstitue-

80 3869 199 3916 runt
227 3868 653 3933 auxeruntque
700 3863 1037 3932 virtutibus,
1100 3865 1205 3917 etsi
1264 3879 1384 3917 non
1441 3863 1730 3918 habentes

81 3966 267 4006 veram
284 3951 572 4022 pietatem
595 3967 737 4019 erga
780 3952 965 4006 Deum
997 3969 1223 4018 verum,
1246 3968 1381 4023 quin
1397 3952 1527 4006 illos
1550 3953 1727 4006 etiam

76 4038 124 4093 in
152 4045 442 4095 aeternam
471 4039 771 4095 civitatem
804 4046 1009 4112 posset
1036 4042 1259 4096 salubri
1293 4041 1577 4107 religione
1603 4056 1729 4112 per-

76 4128 281 4185 ducere
316 4130 751 4196 ;custodientes
774 4137 974 4186 tamen
1012 4131 1349 4202 quamdam
1378 4131 1467 4184 sui
1496 4130 1728 4199 generis

80 4218 449 4286 probitatem,
485 4235 620 4290 quae
644 4224 845 4289 posset
870 4225 1112 4275 terrente
1131 4219 1350 4274 civitati
1370 4220 1728 4275 constituen-

76 4306 175 4372 das,
192 4308 489 4380 augendae
505 4308 1045 4380 consei'vandzeque
1061 4308 1353 4364 sufﬁcere.
1389 4312 1538 4363 Deus
1567 4310 1725 4365 enim

75 4396 149 4450 sic
176 4396 439 4453 ostendit
463 4397 521 4451 in
564 4396 1021 4467 opulentissimo
1048 4403 1102 4452 et
1135 4397 1419 4468 prteclaro
1477 4398 1726 4469 imperio

74 4484 501 4551 Romanorum,
543 4491 839 4556 quantum
870 4486 1351 4541 valerentciviles
1378 4488 1561 4541 etiam
1603 4490 1726 4542 sine

76 4589 203 4629 vera
231 4574 521 4643 religione
544 4573 809 4639 virtutes,
839 4580 900 4630 ut
926 4574 1350 4643 intelligeretur
1378 4575 1491 4629 hac
1520 4575 1726 4632 addita

72 4662 188 4717 ﬁeri
221 4663 504 4718 homines
536 4662 693 4718 cives
725 4664 968 4719 alterius
999 4664 1269 4727 civitatis,
1300 4665 1471 4733 cujus
1499 4680 1598 4719 rex
1633 4681 1725 4719 ve-

76 4752 229 4819 ritas,
262 4752 439 4823 cujus
468 4751 561 4806 lex
611 4753 892 4821 charitas,
925 4753 1098 4823 cujus
1158 4753 1372 4808 modus
1406 4754 1722 4808 aeternitas.

139 4842 362 4897 CAPUT
382 4842 467 4895 IV.
487 4842 652 4897 -—18.
671 4842 809 4906 Quis
834 4847 1035 4897 autem
1070 4842 1157 4896 vel
1179 4842 1295 4896 risu
1329 4842 1581 4910 dignum
1606 4858 1725 4897 non

81 4935 255 4998 putet,
289 4930 459 5003 quod
490 4930 870 5002 Apollonium
908 4936 963 4986 et
996 4930 1331 5002 Apuleium,
1362 4936 1727 5001 czeterosque

77 5020 447 5088 magicarum
480 5020 694 5075 artium
738 5019 1132 5090 peritissimos
1179 5019 1445 5074 conferre
1476 5020 1722 5085 Christo,

76 5108 156 5162 vel
181 5110 361 5164 etiam
403 5108 679 5181 praeferre
706 5110 1051 5165 conantur?
1074 5110 1433 5179 Quanquam
1460 5108 1727 5165 tolerabi-

75 5195 182 5251 lius
214 5198 529 5253 ferendum
574 5197 665 5263 sit,
699 5200 947 5271 quando
978 5200 1125 5252 istos
1164 5199 1211 5252 ei
1250 5199 1444 5268 potius
1485 5214 1727 5269 compa-

74 5292 200 5341 rant
230 5303 413 5357 quam
449 5287 592 5342 deos
633 5303 772 5342 suos
816 5304 827 5342 :
874 5287 1059 5342 multo
1102 5286 1259 5341 enim
1296 5286 1521 5355 melior,
1566 5288 1725 5359 quod

75 5374 378 5431 fatendum
403 5383 509 5440 est,
540 5375 886 5447 Apollonius
910 5376 1037 5443 fuit,
1065 5392 1248 5448 quam
1280 5382 1359 5431 tot
1386 5382 1723 5447 stuprorum

76 5472 279 5519 auctor
299 5470 354 5520 et
380 5470 770 5538 perpetrator,
794 5482 974 5537 quem
998 5466 1205 5520 Jovem
1234 5467 1566 5522 nominant.
1590 5470 1721 5532 lsta,

77 5551 367 5623 inquiunt,
414 5553 691 5609 fabulosa
722 5560 878 5608 sunt.
914 5554 1121 5609 Adhuc
1164 5570 1305 5623 ergo
1342 5554 1585 5610 laudent
1615 5557 1724 5612 rei-

76 5642 325 5712 publicae
358 5643 753 5709 luxuriosam,
795 5644 1190 5713 licentiosam,
1222 5644 1517 5716 planeque
1551 5646 1723 5701 sacri-

1358 157 1868 215 EPISTOLARUM
1909 157 2197 214 CLASSIS
2237 158 2329 215 III.

3416 156 3523 216 534

1858 275 2054 345 legam
2088 275 2446 340 felicitatem,
2467 290 2602 347 quae
2625 274 2737 332 ista
2758 274 3009 331 deorum
3039 274 3261 347 probra
3290 275 3517 331 conﬁn-

1857 365 1957 429 xit,
2005 381 2141 436 quaa
2172 381 2292 419 non
2330 365 2527 421 solum
2571 366 2630 419 in
2676 364 2895 420 fabulis
2945 365 3249 421 audienda
3289 365 3512 436 pOSuit,

1857 470 2066 509 verum
2099 454 2278 509 etiam
2309 454 2367 509 in
2401 455 2640 509 theatris
2673 454 3000 526 spectanda
3033 454 3343 525 proposuit
3372 470 3385 520 ;
3412 454 3515 509 ubi

1858 542 2109 597 crimina
2136 543 2306 613 plura
2347 548 2543 599 essent
2588 560 2773 615 quam
2809 544 3078 606 numina,
3117 559 3251 615 quae
3282 543 3397 614 ipsi
3431 542 3514 598 dii

1856 631 1970 686 sibi
1997 632 2262 686 exhiberi
2294 632 2601 687 habebant
2633 632 2900 697 libenter,
2933 632 3037 705 qui
3064 633 3121 687 in
3154 648 3295 687 suos
3329 631 3515 686 culto-

1854 736 1948 776 res
1986 721 2285 777 vindicare
2325 720 2679 788 debuerunt,
2709 722 2871 793 quod
2900 737 2969 777 ea
3009 722 3217 777 saltem
3249 720 3514 776 viderent

1853 812 2163 883 patienter.
2196 810 2310 866 Sed
2342 826 2460 866 non
2490 811 2626 881 ipsi,
2658 812 2956 883 inquiunt,
2982 815 3138 877 sunt,
3168 810 3270 883 qui
3304 810 3510 865 talium

1854 899 2192 957 fabularum
2236 900 2551 956 mendacio
2589 900 2982 957 celebrantur.
3036 900 3140 965 Qui
3186 915 3325 970 ergo
3375 900 3511 955 sunt

1852 989 1965 1054 isti,
2002 989 2106 1060 qui
2140 988 2347 1044 talium
2376 990 2812 1061 turpitudinum
2846 989 3243 1045 celebratione
3270 987 3513 1058 placan-

1854 1079 1992 1135 tur?
2024 1078 2247 1133 Horum
2277 1077 2627 1134 daemonum
2652 1078 3101 1149 perversitatem
3135 1081 3312 1149 atque
3344 1075 3511 1131 falla-

1853 1168 2026 1231 ciam,
2069 1183 2174 1239 per
2202 1183 2354 1239 quos
2386 1172 2443 1221 et
2478 1168 2725 1234 magicae
2762 1172 2916 1223 artes
2949 1168 3250 1223 humanas
3282 1169 3511 1221 mentes

1851 1257 2173 1328 decipiunt,
2206 1258 2350 1328 quia
2382 1257 2643 1327 prodidit
2672 1256 3002 1313 christiana
3042 1256 3331 1320 doctrina,
3368 1255 3512 1325 quia

1852 1347 2078 1401 mundo
2109 1347 2389 1401 universo
2410 1346 2705 1417 patefecit,
2728 1347 2871 1419 quia
2892 1346 3148 1415 Angelos
3174 1349 3413 1400 sanctos
3438 1342 3511 1398 ab

1850 1452 2059 1490 eorum
2090 1435 2458 1502 malignitate
2486 1436 2774 1501 distinxit,
2795 1436 2939 1508 quia
2964 1434 3263 1490 cavendos
3290 1434 3508 1504 potius,

1850 1530 1904 1579 et
1935 1524 2455 1596 quemadmodum
2488 1530 2836 1580 caverentur
2861 1523 3195 1586 admonuit,
3231 1521 3509 1593 reipubli-

1850 1629 1927 1668 cze
1956 1614 2168 1667 dicitur
2208 1614 2487 1668 inimica!
2521 1615 2695 1684 quasi
2726 1630 2845 1668 non
2873 1613 2921 1667 si
2953 1613 3201 1668 omnino
3234 1627 3337 1681 per
3367 1611 3509 1665 istos

1847 1708 2001 1757 esset
2018 1702 2364 1773 temporalis
2382 1703 2711 1758 obtinenda
2732 1702 2998 1767 felicitas,
3015 1700 3295 1773 quaelibet
3310 1699 3509 1770 potius

1847 1791 2039 1847 fuerat
2088 1792 2396 1847 infelicitas
2436 1792 2728 1863 eligenda.
2775 1792 2888 1847 Sed
2928 1806 3121 1862 neque
3169 1789 3310 1844 hinc
3352 1789 3507 1843 Deus

1850 1880 2033 1935 voluit
2055 1880 2455 1952 dubitari,qui
2483 1881 2740 1951 primum
2768 1880 3061 1951 populum
3086 1893 3273 1933 unum
3297 1892 3502 1931 verum

1847 1970 2033 2023 Deum
2079 1967 2389 2028 colentem.
2421 1969 2565 2023 deos
2602 1975 2802 2023 autem
2840 1968 3191 2023 falsissimos
3239 1970 3505 2021 contem-

1846 2063 2105 2121 nentem,
2123 2058 2419 2129 quamdiu
2446 2058 2705 2129 oportuit
2724 2058 2896 2112 Vetus
2918 2060 3381 2123 Testamentum,
3399 2054 3499 2109 ubi

1844 2148 2249 2202 velamentum
2270 2148 2626 2202 Testamenti
2652 2147 2793 2203 Novi
2821 2144 3315 2211 est,obumbrari,
3333 2148 3499 2199 tanta

1843 2252 2041 2290 rerum
2083 2242 2446 2290 terrenarum
2492 2235 2764 2290 felicitate
2804 2234 3160 2299 honestavit,
3206 2238 3268 2288 ut
3303 2231 3499 2304 quivis

1845 2324 2133 2394 intelligat
2167 2339 2273 2379 nec
2304 2324 2497 2394 ipsam
2539 2340 2667 2379 esse
2702 2324 2760 2379 in
2794 2323 3144 2379 daemonum
3184 2325 3496 2393 potestate,

1844 2414 1947 2468 sed
1998 2413 2057 2467 in
2102 2413 2256 2468 illius
2322 2414 2518 2479 unius,
2578 2412 2673 2467 cui
2722 2412 2932 2482 Angeli
2977 2412 3262 2476 serviunt,
3312 2426 3496 2482 quem

1845 2502 2151 2558 dtemones
2182 2502 2668 2557 contremiscunt.

1924 2596 2002 2647 19.
2038 2592 2322 2663 Apuleius
2353 2592 2535 2657 enim,
2570 2595 2631 2646 ut
2660 2592 2734 2646 de
2758 2590 2854 2646 illo
2886 2590 3261 2663 potissimum
3288 2588 3497 2661 loqua-

1844 2697 2000 2745 mur,
2032 2682 2133 2753 qui
2168 2682 2340 2737 nobis
2371 2680 2521 2736 Afris
2552 2680 2685 2735 Afer
2718 2684 2805 2736 est
2845 2679 3057 2743 notior,
3092 2695 3214 2735 non
3250 2679 3384 2734 dico
3426 2676 3499 2734 ad

1844 2786 2113 2840 regnum,
2149 2770 2252 2824 sed
2299 2785 2371 2825 ne
2414 2770 2491 2824 ad
2538 2769 2802 2841 aliquam
2849 2768 3091 2839 quidem
3119 2767 3500 2838 judiciariam

1845 2859 2185 2929 reipublicae
2218 2863 2569 2928 potestatem
2606 2874 2743 2913 cum
2779 2858 3064 2912 omnibus
3103 2856 3228 2911 suis
3256 2854 3503 2924 magicis

1843 2947 2070 3002 artibus
2099 2949 2286 3018 potuit
2323 2948 2653 3019 pervenire,
2685 2948 2943 3019 honesto
2974 2946 3180 3017 patriae
3213 2962 3335 3000 sum
3372 2945 3502 3000 loco

1844 3043 2037 3101 natus,
2068 3041 2122 3091 et
2152 3036 2470 3091 liberaliter
2496 3036 2805 3100 educatus,
2842 3050 3183 3105 magnaque
3214 3033 3500 3105 praeditus

1842 3125 2205 3197 eloquentia.
2236 3130 2320 3180 An
2350 3124 2497 3181 forte
2531 3125 2663 3191 ista,
2689 3130 2750 3179 ut
2772 3122 3502 3195 philosophus,voluntate

1842 3216 2221 3286 contempsit,
2239 3215 2343 3286 qui
2363 3215 2641 3270 sacerdos
2660 3213 3007 3285 provinciae,
3022 3228 3131 3284 pro
3150 3226 3373 3281 magno
3396 3210 3505 3266 fuit

1844 3308 1907 3359 ut
1945 3320 2195 3359 munera
2225 3305 2445 3372 ederet,
2483 3308 2919 3374 venatoresque
2950 3304 2969 3339 ¹
3009 3301 3263 3366 vestiret,
3303 3304 3359 3355 et
3391 3315 3501 3373 pro

1842 3399 2039 3449 statua
2067 3394 2179 3448 sibi
2208 3394 2369 3464 apud
2395 3397 2650 3451 Coenses
2671 3396 2691 3429 ²
2720 3392 2998 3457 locanda,
3024 3407 3096 3447 ex
3118 3406 3239 3462 qua
3265 3389 3500 3445 civitate

1839 3483 2102 3538 habebat
2142 3500 2410 3547 uxorem,
2445 3484 2729 3539 adversus
2771 3479 3305 3537 contradictionem
3348 3494 3503 3551 quo-

1839 3573 2119 3628 rumdam
2140 3573 2357 3628 civium
2385 3572 2676 3643 litigaret?
2699 3572 2861 3643 quod
2887 3576 3155 3642 posteros
3182 3568 3498 3635 nelateret,

1838 3662 2113 3732 ejusdam
2146 3662 2260 3715 litis
2306 3662 2635 3716 orationem
2676 3661 2958 3729 scriptam
3006 3659 3308 3713 memorias
3340 3674 3501 3713 com-

1841 3751 2163 3805 mendavit.
2196 3751 2365 3814 Quod
2406 3766 2546 3819 ergo
2592 3749 2669 3803 ad
2710 3749 2886 3803 istam
2920 3753 3216 3803 terrenam
3248 3746 3501 3817 pertinet

1838 3839 2171 3893 felicitatem
2184 3878 2197 3901 ,
2216 3837 2321 3893 fuit
2345 3854 2558 3910 magus
2579 3838 2675 3891 ille
2688 3836 2854 3908 quod
2871 3838 3110 3906 potuit’.
3130 3834 3294 3889 Unde
3313 3850 3500 3904 appa-

1838 3933 1923 3982 ret
1950 3943 2089 3982 eum
2121 3927 2268 3981 nihil
2299 3927 2556 3997 amplius
2589 3926 2787 3991 fuisse,
2820 3941 2939 3980 non
2971 3924 3114 3995 quia
3153 3923 3359 3989 noluit,
3394 3921 3501 3977 sed

1838 4017 1980 4086 quia
2007 4032 2125 4071 non
2156 4016 2365 4088 potuit.
2384 4018 2745 4087 Quanquam
2769 4018 2824 4069 et
2850 4014 3140 4069 adversus
3170 4012 3499 4085 quosdam,

1838 4108 1939 4178 qui
1966 4106 2017 4161 ei
2048 4107 2419 4175 magicarum
2458 4106 2676 4160 artium
2705 4104 2929 4159 crimen
2958 4102 3357 4166 intenderant,
3384 4100 3503 4157 elo-

1838 4195 2227 4266 quentissime
2264 4211 2323 4250 se
2374 4194 2659 4250 defendit.
2708 4192 2871 4248 Unde
2918 4192 3100 4248 miror
3155 4190 3500 4246 laudatores

1836 4284 1990 4353 ejus,
2021 4284 2124 4355 qui
2151 4300 2288 4338 eum
2316 4284 2518 4339 nescio
2545 4300 2680 4356 quae
2708 4281 2919 4337 fecisse
2952 4280 3245 4337 miracula
3270 4279 3383 4334 illis
3408 4294 3500 4335 ar.

1838 4373 1995 4427 tibus
2013 4374 2360 4444 praedicant,
2376 4378 2582 4428 contra
2593 4373 2642 4443 ej
2656 4388 2722 4426 us
2739 4370 3149 4427 defensionem
3172 4373 3344 4423 testes
3366 4383 3499 4423 esse

1837 4463 2061 4517 conari.
2099 4465 2211 4518 Sed
2245 4462 2500 4517 viderint
2532 4468 2731 4516 utrum
2762 4474 2969 4514 verum
3002 4458 3113 4529 ipsi
3144 4456 3497 4527 perhibeant

1837 4552 2262 4617 testimonium,
2297 4556 2353 4606 et
2391 4551 2484 4604 ille
2527 4549 2741 4604 falsam
2785 4546 3213 4602 defensionem.
3249 4544 3399 4600 Illud
3446 4544 3496 4598 si

1836 4639 2096 4710 sapiunt,
2132 4640 2459 4702 attendant,
2493 4637 2598 4709 qui
2647 4635 2910 4705 magicas
2954 4639 3109 4690 artes
3140 4650 3259 4689 non
3292 4633 3497 4705 utique

1838 4728 1947 4783 nisi
1981 4743 2089 4798 pro
2122 4727 2391 4782 felicitate
2419 4732 2650 4782 terrena
2670 4725 2759 4780 vel
2790 4723 3120 4780 damnabili
3147 4722 3493 4778 curiositate

1837 4818 2215 4888 conquirunt,
2235 4816 2324 4870 vel
2344 4815 2421 4871 ab
2443 4815 2526 4870 eis
2553 4816 2917 4879 innocentes,
2940 4812 3268 4884 periculosa
3289 4816 3494 4868 tamen

1838 4922 1935 4961 eas
1967 4906 2361 4961 admiratione
2393 4904 2756 4968 collaudant,
2790 4906 2848 4957 et
2875 4903 3114 4958 videant
3142 4902 3325 4957 David
3358 4917 3495 4956 nos-

1898 5030 2073 5100 ‘_l3ad.
2111 5032 2163 5077 et
2194 5029 2308 5100 E_r,,
2338 5028 3009 5100 venerator-eaque.pcstiret.
3030 5025 3131 5075 Sed
3158 5025 3331 5097 verius
3363 5022 3489 5100 Lov.

1840 5096 1891 5141 et
1916 5093 2061 5145 Mss.,
2088 5098 2478 5154 venatoresque;
2500 5092 2617 5139 illos
2645 5090 2890 5154 videlicet
2910 5090 3012 5154 qui
3035 5102 3149 5154 sese
3172 5090 3226 5154 in
3256 5090 3323 5154 iis
3350 5099 3495 5133 exer-

1836 5156 2029 5225 cebant
2068 5148 2412 5225 _i_uu‘neri_bu's_,
2461 5148 2581 5225 Quae
2634 5153 2887 5225 Apuleius
2927 5148 3232 5225 exhibebat.
3264 5148 3496 5225 Munera

1836 5220 2034 5282 quippe
2051 5218 2367 5282 dicebantur
2386 5210 2497 5282 ludi
2522 5231 2625 5282 non
2651 5210 2809 5264 modo
2829 5214 3204 5282 gladiatorum,
3224 5210 3312 5282 sed
3334 5210 3493 5259 etiam

1838 5275 2173 5337 venatorum,
2188 5281 2240 5328 id
2259 5281 2411 5328 estin
2432 5279 2626 5327 bestias
2646 5277 3020 5340 pugnantium.
3041 5292 3063 5320 α
3098 5275 3419 5322 Venationes
3447 5289 3494 5328 ιο,

1836 5344 2011 5406 inquit
2034 5344 2342 5391 Lactantius
2377 5342 2466 5390 lib.
2500 5344 2548 5406 6ἶ
2575 5342 2677 5387 div.
2713 5341 2841 5387 lnst.
2870 5352 2920 5389 c.
2958 5340 3035 5393 20,
3066 5354 3089 5383 α
3126 5350 3243 5399 quas
3270 5349 3494 5385 munera

1839 5404 2113 5461 vocantur,
2146 5407 2374 5453 Saturno
2411 5404 2679 5451 attributae
2713 5405 2853 5449 sunt.
2890 5416 2914 5443 »

1897 5472 1914 5500 ²
1949 5468 2073 5517 Mss.
2102 5460 2384 5523 undecim,
2430 5468 2654 5515 Oeenses.
2687 5465 2785 5512 Alii
2820 5464 3075 5526 quinque,
3120 5460 3342 5509 Oeenses.
3376 5460 3490 5510 Duo

1836 5531 1941 5586 alii,
1978 5532 2203 5578 Ceenses.
2682 5565 2686 5569 .

1896 5596 1913 5624 ³
1946 5594 2025 5641 Ita
2056 5593 2177 5641 Bad.
2215 5594 2293 5641 Er.
2322 5595 2375 5640 et
2403 5590 2527 5639 Mss.
2561 5588 2815 5653 plerique.
2857 5590 2921 5636 At
2950 5588 3076 5637 Lov.
3111 5586 3287 5644 habet,
3322 5586 3488 5651 quoad

1830 5656 2018 5717 potuit.
