4074 6158
564 116 671 176 535

568 247 725 302 trum
767 242 893 298 sine
931 241 1064 297 ullis
1102 239 1319 297 talibus
1359 238 1607 305 artibus,
1635 254 1707 296 ex
1746 242 1982 310 pastore
2014 237 2215 293 ovium

567 333 911 404 pervenisse
932 330 1009 386 ad
1033 330 1259 398 regiam
1287 327 1670 398 dignitatem;
1696 327 1867 398 cujus
1892 331 1948 381 et
1978 332 2224 397 peccata

570 427 627 477 et
656 420 868 476 merita
896 417 1087 473 ﬁdelis
1118 418 1423 489 Scriptura
1453 433 1574 472 non
1609 416 1812 481 tacuit,
1846 420 1908 471 ut
1938 416 2225 470 sciremus

573 514 628 565 et
655 507 874 580 quibus
900 506 1095 561 modis
1126 522 1246 562 non
1278 506 1677 562 offenderetur
1705 506 1877 569 Deus,
1910 509 1966 560 et
2002 504 2224 576 quibus

572 596 768 653 modis
799 597 1138 667 placaretur
1167 595 1454 651 offensus.

641 689 730 741 20.
751 686 1051 751 Quantum
1074 690 1272 741 autem
1300 686 1508 740 attinet
1532 684 1608 739 ad
1633 682 1942 752 miracula,
1967 697 2100 754 quae
2123 682 2229 737 hu-

574 774 771 830 manis
812 773 1089 829 sensibus
1142 773 1440 844 stupenda
1487 776 1919 840 monstrantur,
1971 772 2228 826 multum

574 867 773 921 errant
798 864 901 934 qui
934 863 1236 934 Prophetis
1258 862 1496 928 sanctis,
1526 860 1949 917 miraculorum
1985 875 2230 929 magno-

574 969 709 1010 rum
754 951 1061 1008 nobilitate
1104 950 1548 1023 praestantibus,
1583 966 1796 1019 magos
1836 954 2226 1021 comparant;

574 1046 803 1116 quanto
826 1041 1020 1113 magis
1046 1041 1093 1095 si
1121 1056 1222 1096 eos
1245 1044 1597 1111 comparent
1626 1039 2069 1110 Cbristo,quem
2096 1039 2230 1094 Pro-

579 1131 773 1202 phetas
809 1129 913 1197 illi,
950 1129 1170 1201 quibus
1200 1130 1359 1199 magi
1390 1128 1639 1201 quilibet
1670 1128 1833 1184 nullo
1870 1128 2051 1183 modo
2093 1132 2233 1183 sunt

577 1219 991 1290 comparandi,
1034 1218 1582 1290 prmnuntiaverunt
1628 1234 1757 1273 esse
1798 1222 2134 1281 venturum,
2178 1221 2234 1272 et

579 1309 913 1365 secundum
962 1324 1225 1373 carnem,
1260 1323 1441 1379 quam
1485 1309 1739 1379 sumpsit
1778 1322 1849 1361 ex
1886 1308 2145 1378 Virgine,
2179 1310 2234 1361 et

579 1398 915 1455 secundum
944 1397 1337 1462 divinitatem,
1360 1412 1483 1467 qua
1514 1412 1826 1468 nunquam
1855 1403 2168 1467 separatur
2199 1411 2235 1452 a

580 1488 750 1543 Patre
776 1487 785 1539 ἔ
817 1486 1003 1541 Video
1035 1501 1129 1540 me
1159 1485 1363 1539 fecisse
1395 1484 1864 1556 prolixissimam
1896 1484 2229 1555 epistolam,

578 1590 689 1630 nec
715 1581 916 1630 tamen
939 1576 1008 1627 de
1033 1574 1266 1630 Christo
1283 1574 1502 1627 dixisse
1528 1574 1732 1629 omnia
1748 1589 1883 1644 quae
1910 1572 2001 1628 vel
2024 1573 2110 1628 eis
2129 1574 2233 1644 qui

580 1664 840 1721 tardiore
871 1662 1111 1735 ingenio
1145 1662 1350 1717 divina
1376 1678 1494 1718 non
1523 1662 1717 1717 valent
1746 1662 2009 1735 assequi,
2035 1662 2121 1718 vel
2152 1663 2235 1717 eis

581 1770 735 1828 quos
769 1754 960 1818 ',licet
987 1759 1158 1808 acute
1180 1758 1552 1821 moveantur,
1571 1755 2008 1808 contentiosum
2033 1760 2234 1809 tamen

582 1844 846 1900 studium
873 1848 927 1897 et
953 1842 1395 1914 prmoccupatio
1422 1841 1685 1897 diuturni
1716 1842 1934 1898 erroris
1967 1842 2044 1898 ab
2071 1842 2236 1898 intel-

581 1932 822 2003 ligendo
852 1931 1122 2003 impedit,
1159 1930 1427 1985 sufﬁcere
1469 1936 1794 2003 utcumque
1835 1932 2085 2003 possint.
2119 1933 2234 1987 Ve-

581 2027 921 2078 rumtamen
944 2035 1243 2090 cognosce
1265 2020 1400 2086 quid
1420 2035 1522 2074 eos
1548 2025 1753 2076 contra
1780 2026 2039 2084 moveat,
2057 2026 2235 2093 atque

581 2110 859 2173 rescribe,
878 2115 941 2164 ut
966 2108 1058 2164 vel
1074 2108 1337 2180 epistolis
1362 2109 1451 2164 vel
1467 2108 1653 2173 libris,
1670 2109 1717 2164 si
1744 2110 2041 2180 adjuverit
2064 2113 2235 2176 Deus,

583 2199 661 2256 ad
690 2200 897 2255 omnia
917 2198 1272 2270 respondere
1299 2214 1595 2253 curemus.
1616 2199 1704 2254 Sis
1725 2199 1784 2253 in
1803 2200 2055 2255 Domino
2078 2199 2235 2265 felix,

582 2288 771 2358 gratia
794 2293 850 2341 et
879 2285 1289 2342 misericordia
1319 2286 1466 2356 ejus,
1500 2287 1750 2343 Domine
1780 2288 1994 2343 eximie
2024 2294 2080 2344 et
2110 2304 2236 2344 me-

581 2377 694 2432 rito
723 2375 993 2444 insignis,
1026 2375 1377 2430 charissime
1413 2391 1484 2429 ac
1522 2375 2071 2433 desiderantissime
2111 2376 2237 2435 ﬁlii.

998 2464 1331 2518 EPISTULA
1372 2464 1627 2518 cxxxrx
1667 2464 1682 2479 '
1722 2464 1823 2535 (α).

585 2554 752 2609 Gesta
769 2566 899 2622 quae
925 2552 1207 2607 adversus
1226 2552 1571 2607 Donatistas
1589 2552 1861 2620 confecta
1883 2560 2025 2609 sunt
2043 2554 2239 2623 publi-

657 2631 886 2706 centur,
912 2630 1092 2694 utque
1111 2623 1198 2679 rei
1224 2624 1593 2694 castigentur
1618 2624 1815 2679 mitius
1835 2632 1888 2681 et
1911 2625 2064 2682 citra
2089 2642 2240 2681 mor-

657 2702 729 2751 tis
751 2710 1011 2764 pwnam.

586 2784 837 2840 Domino
869 2783 1078 2839 merito
1108 2783 1352 2853 insigni,
1380 2782 1757 2856 multumque
1782 2784 2139 2841 charissimo
2170 2801 2240 2841 ac

653 2872 1204 2929 desiderantissimo
1236 2872 1359 2929 ﬁlio
1388 2875 1764 2941 MARCELLINO,
1795 2878 2164 2941 AUGUSTINUS,
2180 2875 2239 2931 in

658 2963 899 3017 Domino
940 2961 1213 3017 salutem.

660 3056 707 3107 t.
741 3052 911 3109 Gesta
936 3066 1070 3123 qua:
1097 3052 1371 3124 promisit
1397 3052 1738 3108 Praestantia
1770 3057 1890 3119 tua,
1924 3054 2238 3111 vehemen-

584 3146 671 3196 ter
694 3146 996 3213 exspecto,
1026 3148 1080 3195 et
1112 3140 1172 3195 in
1200 3140 1447 3197 ecclesia
1476 3141 1835 3213 Hipponensi
1860 3143 2238 3217 jamjamque

582 3230 761 3302 cupio
782 3230 1141 3295 recitari,ac,
1166 3230 1211 3284 si
1243 3229 1372 3285 ﬁeri
1395 3230 1671 3300 potuerit,
1693 3230 1871 3287 etiam
1901 3248 2005 3303 per
2025 3249 2237 3289 omnes

582 3318 862 3375 ecclesias
891 3319 950 3373 in
982 3318 1225 3374 dimcesi
1257 3320 1645 3385 constitutas;
1680 3326 1741 3375 ut
1772 3321 2018 3377 audiant
2049 3322 2239 3379 homi-

581 3424 708 3475 nes,
724 3408 1016 3479 pleneque
1030 3408 1741 3477 agnoscantcoufessores
1757 3410 2101 3482 iniquitatis,
2118 3428 2238 3468 non

585 3497 683 3553 Dei
707 3497 915 3551 timore
943 3502 1327 3569 extorquente
1350 3498 1781 3569 paenitentiam,
1803 3500 1903 3555 sed
1924 3499 2239 3570 judiciaria

582 3585 890 3654 diligentia
909 3584 1459 3642 crudelissimorum
1478 3592 1785 3658 pectorum
1811 3589 2111 3661 aperiente
2134 3590 2238 3646 du-

583 3674 815 3741 ritiam;
849 3675 972 3729 sive
1002 3674 1240 3730 illorum
1271 3677 1374 3747 qui
1405 3676 1479 3731 de
1508 3676 1834 3733 homicidio
1867 3683 1922 3733 et
1951 3679 2025 3734 de
2058 3695 2239 3736 excas-

582 3769 716 3821 cato
734 3780 805 3819 ac
822 3762 1131 3820 debilitato
1148 3766 1473 3837 presbyteri
1496 3779 1745 3839 corpore
1771 3767 2027 3823 confessi
2046 3774 2065 3804 ²
2083 3788 2095 3836 ;
2114 3770 2239 3826 sive

582 3853 819 3909 illorum
845 3853 948 3926 qui
975 3868 1036 3907 se
1059 3852 1160 3909 illa
1182 3853 1329 3909 scire
1356 3854 1640 3926 potuisse,
1659 3858 1934 3927 quamvis
1958 3856 2069 3912 sibi
2086 3858 2239 3914 dice-

582 3946 713 3999 rent
741 3941 1076 4013 displicere,
1103 3957 1322 4010 negare
1359 3958 1479 3998 non
1520 3945 1646 3999 ausi
1689 3949 1844 4009 sunt,
1879 3944 2239 4016 refugientes

584 4030 941 4085 catholicam
972 4046 1207 4099 pacem,
1232 4030 1390 4085 velut
1414 4046 1488 4085 ne
1515 4031 1868 4087 criminibus
1898 4033 2241 4104 polluantur

584 4117 884 4181 alienis,et
904 4119 962 4171 in
990 4117 1086 4173 illo
1113 4118 1446 4174 schismatis
1477 4119 1789 4190 sacrilegio
1810 4122 1961 4177 inter
1992 4123 2240 4180 scelera-

584 4209 779 4261 torum
812 4211 936 4261 tam
968 4206 1327 4262 immanium
1362 4212 1590 4263 tantam
1630 4209 2072 4266 multitudinem
2106 4229 2241 4283 per-

584 4294 1035 4360 durantes;sive
1062 4296 1239 4350 etiam
1266 4296 1500 4352 illorum
1529 4300 1632 4368 qui
1661 4314 1722 4352 se
1745 4298 1883 4353 inde
1906 4316 2025 4355 non
2053 4316 2240 4357 reces-

587 4400 786 4449 suros,
808 4385 987 4440 etiam
1019 4384 1429 4441 demonstrata
1452 4386 1563 4441 sibi
1594 4387 1887 4444 catholica
1916 4389 2163 4445 veritate
2185 4395 2239 4448 et

589 4476 1035 4529 Donatistarum
1069 4475 1474 4545 perversitate,
1507 4476 1804 4531 dixerunt.
1840 4480 1963 4533 Non
1997 4483 2082 4533 est
2110 4478 2238 4535 leve

581 4562 746 4633 quod
768 4565 920 4618 Deus
943 4564 1038 4632 agi
1054 4562 1236 4619 voluit
1258 4579 1363 4635 per
1380 4579 1627 4635 Operam
1650 4570 1832 4620 tuam.
1848 4567 2077 4622 Utinam
2094 4567 2237 4623 tales

581 4666 788 4708 eorum
822 4667 1039 4707 causas
1061 4652 1266 4707 crebas
1296 4653 1378 4707 sic
1404 4654 1636 4719 audias,
1657 4660 1712 4709 et
1739 4654 2004 4711 facinora
2029 4672 2236 4713 eorum

582 4743 761 4809 atque
788 4740 1003 4794 insana
1028 4741 1349 4809 pertinacia
1373 4741 1456 4797 sic
1488 4757 1645 4813 stepe
1677 4743 2237 4814 prodatur,eadem-

581 4842 699 4900 que
728 4826 1030 4897 publicata
1052 4827 1228 4883 Gesta
1259 4830 1315 4884 in
1343 4830 1615 4886 omnium
1645 4832 1910 4887 notitiam
1940 4834 2238 4904 perferan-

582 4915 893 4981 turlouod
922 4922 1121 4971 autem
1148 4918 1379 4989 scripsit
1407 4918 1723 4975 Eximielas
1749 4922 2158 4987 tua,dubitare
2181 4929 2235 4978 te

581 5009 777 5060 utrum
812 5005 870 5060 in
898 5004 1265 5077 Theoprepia
1287 5007 1307 5041 ‘
1330 5006 1550 5063 debeas
1586 5008 1797 5063 eadem
1832 5008 2009 5065 Gesta
2024 5010 2236 5081 jubere

644 5131 658 5201 ξ
689 5128 886 5201 ρωηοδ
914 5126 1065 5183 Edd.,
1091 5128 1195 5191 qui,
1225 5128 1429 5201 absque
1455 5129 1622 5201 dubio
1648 5136 1915 5201 corrupte.
1948 5134 2013 5181 M.

640 5193 658 5223 ³
691 5192 815 5255 Mss.
840 5204 1004 5255 prope
1036 5205 1222 5240 omnes
1249 5192 1506 5240 omittunt
1538 5194 1774 5254 confessi.

641 5255 659 5285 ³
694 5254 855 5309 Εόᾶᾼ
894 5254 1235 5316 Theopropia.
1279 5256 1345 5304 At
1388 5255 1510 5304 Mss.
1554 5256 1785 5305 melioris
1835 5261 1973 5306 notae
2019 5258 2232 5316 habent,

590 5315 923 5377 Theopropia.
961 5315 1043 5366 Sic
1082 5318 1241 5366 etiam
1279 5318 1711 5381 Carthaginensis
1758 5319 1969 5369 collatio
1996 5323 2041 5377 3,
2075 5336 2126 5371 n.
2164 5315 2232 5380 δέ

645 5393 673 5425 ⁸
706 5394 849 5445 Hanc
876 5397 1205 5467 contulimus
1236 5412 1356 5467 cum
1380 5411 1429 5447 a.
1464 5398 1550 5461 bg.
1584 5398 1659 5467 bl.
1694 5398 1781 5447 bn.
1815 5414 1859 5449 c.
1888 5413 1962 5449 cc.
1996 5402 2075 5452 cb.
2099 5402 2149 5450 ff.
2180 5419 2230 5467 g.

619 5469 689 5565 ga
819 5472 940 5569 nt:
975 5474 1017 5509 s.
1047 5461 1131 5510 sb.
1157 5460 1369 5510 duobus
1396 5474 1474 5511 vc.
1504 5460 1736 5526 quatuor
1766 5477 1814 5511 v.
1844 5477 2075 5529 cumque
2104 5460 2225 5516 Ani.

696 5554 706 5564 .
807 5553 817 5564 .
923 5536 969 5569 ν.

696 5554 706 5564 .
737 5536 817 5567 δι’.
849 5536 969 5569 μον.

647 5580 888 5654 (al/ilius
916 5584 1003 5630 158
1036 5598 1045 5631 :
1081 5598 1199 5646 qum
1229 5590 1408 5654 autem
1444 5588 1531 5635 139
1558 5590 1688 5641 erat,
1715 5601 1857 5636 nunc
1888 5590 1994 5638 259.
2028 5590 2234 5654 Scripta

582 5654 670 5691 an.
692 5642 784 5691 412
815 5643 955 5695 circa
978 5642 1149 5695 mens.
1182 5648 1400 5698 maium.

1862 110 1921 167 S.
1966 109 2343 168 AUGUSTINI
2380 108 2706 167 EPISCOPI
3868 116 3957 175 436

2330 237 2584 309 proponi
2604 254 2617 303 ;
2634 237 2757 302 ﬁat,
2776 236 2822 292 si
2843 240 3031 309 potest
3049 236 3187 293 illuc
3212 235 3495 310 frequens
3517 238 3810 297 conﬂuere
3830 245 3962 301 mul-

2334 326 2522 382 titudo
2553 340 2564 379 :
2594 326 2859 399 alioquin
2892 325 3044 381 alius
3077 327 3241 381 locus
3268 326 3558 382 celebrior
3584 329 3963 399 providentius

2334 420 2421 471 est
2450 432 2463 482 ;
2496 432 2615 470 non
2650 420 2852 470 tamen
2887 414 3005 471 ullo
3039 416 3221 471 modo
3254 416 3846 489 praetermittendum.

2404 508 2455 558 2.
2488 504 2673 560 Poena
2704 520 2846 559 sane
2871 504 3425 577 illorum,quamvis
3453 504 3529 559 de
3565 506 3736 561 tantis
3764 508 3966 566 sceleri-

2334 593 2450 649 bus
2501 593 2937 660 confessorum,
2983 609 3130 665 rogo
3172 598 3224 649 te
3266 600 3327 649 ut
3372 599 3589 666 praeter
3633 596 3967 669 supplicium

2336 682 2542 737 mortis
2558 682 2650 746 sit,
2667 686 2725 737 et
2737 687 2977 753 propter
2998 682 3428 739 conscientiam
3442 689 3733 754 nostram,
3750 691 3805 741 et
3818 703 3970 759 prop«

2338 776 2423 826 ter
2452 770 2805 827 catholicam
2836 771 3369 827 mansuetudinem
3405 774 3960 834 commendandam.

2337 862 2466 932 lpse
2488 860 2648 916 enim
2676 859 2902 916 fructus
2920 860 2998 916 ad
3026 876 3133 916 nos
3162 862 3837 932 pervenitconfessionis
3867 866 3971 921 illo-

2338 949 2651 1021 rum,quia
2678 949 2897 1005 invenit
2923 949 3181 1005 Ecclesia
3202 950 3502 1006 catholica
3530 951 3631 1006 ubi
3654 967 3821 1008 suam
3849 969 3971 1025 erga

2339 1038 2751 1093 atrocissimos
2790 1037 3071 1094 inimicos
3104 1044 3297 1096 servet
3326 1046 3511 1112 atque
3542 1040 3814 1098 exhibeat
3847 1044 3972 1099 leni-

2340 1131 2542 1183 tatem.
2592 1127 2657 1181 In
2700 1133 2863 1183 tanta
2909 1128 3135 1200 quippe
3183 1128 3553 1195 crudelitate,
3604 1146 3971 1204 quaecumque

2340 1220 2555 1286 praeter
2572 1216 2926 1285 sanguinem
2947 1217 3213 1272 vindicta
3231 1218 3611 1288 processerit,
3626 1235 3840 1291 magna
3854 1222 3972 1277 leni-

2342 1312 2429 1361 tas
2456 1306 2788 1375 apparebit.
2816 1306 2985 1370 Quod
3012 1306 3123 1361 etsi
3150 1306 3333 1362 modo
3360 1307 3734 1379 quibusdam
3760 1314 3968 1381 nostris,

2343 1393 2441 1450 illa
2472 1393 2778 1449 atrocitate
2803 1395 3142 1461 commotis,
3162 1395 3399 1452 videtur
3416 1396 3969 1471 indignum,etquasi

2341 1482 2757 1539 dissolutionis
2796 1490 2852 1539 et
2882 1485 3256 1555 negligentiae
3292 1485 3530 1553 simile;
3573 1490 3868 1545 transactis
3908 1496 3973 1545 ta-

2345 1587 2481 1626 men
2525 1572 2784 1627 mutibus
2819 1572 3186 1640 animorum,
3220 1576 3325 1645 qui
3368 1576 3795 1631 recentioribus
3833 1577 3970 1634 factis

2345 1660 2537 1716 solent
2563 1660 2957 1717 turbulentius
2980 1663 3237 1728 excitari,
3262 1665 3503 1733 egregie
3522 1664 3809 1721 luculenta
3833 1666 3971 1722 boni-

2346 1756 2434 1805 tas
2464 1751 2797 1821 apparebit,
2821 1761 2878 1806 et
2897 1752 2975 1807 ob
3002 1752 3115 1807 hoc
3150 1754 3344 1822 magis
3375 1754 3586 1810 eadem
3612 1753 3782 1813 Gesta
3806 1755 3968 1827 legere

2344 1846 2523 1911 atque
2549 1840 2858 1895 ostendere
2880 1840 3216 1906 delectabit,
3237 1842 3481 1898 domine
3508 1845 3716 1900 merito
3736 1846 3964 1916 insignis,

2346 1928 2720 2000 multumque
2746 1929 3101 1986 charissime
3131 1946 3201 1986 ac
3222 1931 3772 1989 desiderantissime
3797 1935 3882 1990 ﬁli.
3899 1935 3963 1990 lbi

2345 2023 2433 2073 est
2460 2024 2703 2072 sanctus
2729 2018 2907 2074 frater
2935 2023 2991 2074 et
3020 2019 3414 2092 coepiscopus
3449 2038 3618 2077 meus
3654 2023 3961 2089 Bonifacius,

2345 2112 2401 2163 et
2430 2123 2537 2178 per
2559 2107 2883 2163 diaconum
2912 2109 3294 2177 Peregrinum
3317 2110 3424 2182 qui
3449 2127 3587 2166 cum
3612 2111 3709 2167 illo
3730 2114 3961 2184 perrexit,

2346 2196 2871 2252 commonitorium
2902 2197 3088 2253 direxi
3114 2215 3127 2264 ;
3161 2198 3325 2270 quod
3365 2201 3381 2236 ¹
3418 2200 3503 2255 sic
3532 2201 3684 2256 habe
3716 2207 3959 2273 tanquam

2347 2287 2727 2354 praesentiam
2752 2302 2969 2341 meam.
2997 2289 3064 2341 Et
3088 2288 3251 2359 quod
3277 2288 3454 2344 vobis
3481 2290 3539 2344 in
3558 2306 3857 2346 commune
3878 2306 3962 2362 pro

2350 2372 2620 2429 Ecclesiae
2652 2373 2897 2430 utilitate
2926 2374 3232 2447 placuerit,
3261 2377 3379 2432 hoc
3401 2377 3724 2448 adjuvante
3751 2380 3961 2434 Domino

2346 2460 2471 2531 ﬁat,
2496 2463 2598 2534 qui
2630 2468 2841 2534 potens
2872 2469 2959 2519 est
2988 2464 3453 2522 misericorditer
3482 2468 3756 2539 opitulari
3784 2467 3837 2522 in
3862 2474 3957 2522 tan-

2348 2550 2419 2605 tis
2448 2551 2640 2607 malis.
2665 2553 2834 2608 Modo
2867 2554 3193 2609 Macrobius
3219 2554 3547 2626 episcopus
3576 2572 3794 2622 eorum,
3814 2556 3960 2627 stipa-

2347 2646 2440 2695 tus
2470 2642 2677 2697 cuneis
2706 2642 3078 2714 perditorum
3119 2645 3434 2718 utriusque
3470 2663 3665 2710 sexus,
3689 2647 3793 2702 hac
3818 2654 3959 2717 atque

2348 2729 2482 2785 illac
2512 2731 2803 2795 circumit,
2832 2733 3185 2804 aperuitque
3219 2733 3331 2789 sibi
3366 2735 3826 2808 basilicas,quas
3849 2750 3958 2807 pos-

2347 2834 2654 2875 sessorum
2684 2821 3277 2895 quantuluscumque
3315 2824 3496 2880 timor
3520 2825 3816 2881 clauserat.
3841 2826 3958 2878 Prae-

2346 2913 2509 2965 sente
2523 2916 2722 2965 autem
2737 2916 3123 2981 procuratore
3136 2912 3241 2967 viri
3257 2912 3580 2969 clarissimi
3595 2915 3792 2971 Celeris
3811 2914 3958 2983 Spon-

2346 2997 2480 3061 deo,
2503 3014 2684 3070 quem
2717 3005 2830 3055 tuaa
2853 2998 3153 3056 dilectioni
3184 3003 3611 3060 commendavi
3631 3003 3951 3073 multumque

2346 3089 2728 3154 commendo,
2746 3094 3069 3161 utcumque
3087 3106 3294 3146 eorum
3314 3091 3703 3162 frangebatur
3713 3091 3947 3147 audacia:

2346 3192 2507 3232 nunc
2536 3192 2670 3233 vero
2698 3182 3093 3251 posteaquam
3120 3172 3545 3251 Carthaginem
3573 3181 3847 3253 profectus
3870 3183 3951 3245 est,

2346 3267 2524 3322 etiam
2566 3268 2624 3321 in
2662 3266 2866 3321 fundis
2903 3267 3091 3339 ipsius
3129 3268 3414 3326 basilicas
3451 3272 3701 3342 aperuit,
3741 3268 3952 3342 populos

2347 3361 2688 3425 congregat.
2723 3356 2866 3411 Cum
2897 3356 3032 3428 ipso
3062 3358 3240 3413 etiam
3272 3365 3361 3413 est
3386 3359 3482 3416 ille
3518 3364 3767 3417 Donatus
3793 3359 3952 3414 diaco-

2350 3459 2460 3499 nus
2490 3444 2911 3515 rebaptizatus,
2936 3462 3071 3501 cum
3092 3445 3261 3502 fuerit
3284 3448 3539 3505 colonus
3560 3445 3918 3517 ecclesiaa,qui
3936 3450 3951 3480 ι

2354 3538 2617 3588 versatus
2645 3541 2733 3588 est
2763 3534 2823 3589 in
2854 3534 2953 3590 illa
2983 3535 3145 3590 caede
3179 3538 3543 3607 praecipuus.
3578 3539 3682 3603 Qui
3703 3536 3832 3593 tales
3857 3548 3949 3589 non

2347 3636 2483 3676 cum
2512 3637 2582 3677 eo
2608 3627 2766 3687 sunt,
2799 3624 3065 3694 quando,
3093 3631 3149 3680 et
3179 3624 3273 3680 ille
3304 3642 3446 3681 cum
3475 3629 3605 3699 ipso
3630 3627 3753 3682 est?
3774 3626 3823 3681 Si
3846 3624 3951 3677 Pro-

2347 3710 2559 3765 consul
2598 3710 2687 3765 vel
2733 3710 2913 3767 simul
2952 3714 3136 3768 ambo
3179 3714 3235 3769 in
3278 3714 3414 3771 illos
3457 3716 3601 3772 estis
3647 3712 3947 3770 sententiam

2348 3799 2656 3869 prolaturi,
2696 3806 2752 3855 et
2791 3801 2937 3857 forte
2976 3802 3068 3857 ille
3103 3804 3359 3873 persistit
3390 3804 3540 3860 velle
3576 3803 3767 3874 gladio
3801 3799 3953 3856 vindi-

2348 3904 2868 3961 care,quanquam
2892 3892 2965 3945 sit
2994 3892 3378 3960 Christianus,
3404 3899 3461 3949 et
3483 3899 3764 3967 quantum
3784 3890 3949 3948 adver-

2350 3982 2468 4033 tere
2500 3979 2820 4048 potuimus,
2848 3996 2966 4035 non
2998 3982 3075 4037 sit
3102 3981 3179 4037 ad
3206 3981 3333 4038 btec
3363 3983 3755 4039 cruciamenta
3783 3976 3951 4052 procli-

2349 4066 2471 4132 vis;
2513 4071 2714 4122 tamen
2755 4070 2802 4123 si
2847 4084 3088 4125 necesse
3130 4070 3321 4138 fuerit,
3360 4074 3542 4128 etiam
3584 4070 3759 4129 Gestis
3788 4068 3949 4140 iubete

2349 4155 2590 4226 allegari
2620 4161 2639 4192 ³
2671 4158 2953 4228 epistolas
2991 4176 3174 4225 meas,
3207 4177 3362 4232 quas
3391 4163 3466 4218 de
3498 4163 3609 4219 hac
3638 4176 3696 4216 re
3725 4155 3947 4227 singulas

2348 4244 2517 4300 vobis
2539 4246 2859 4302 mittendas
2884 4249 3107 4320 putavi.
3132 4249 3304 4306 Soleo
3322 4251 3480 4307 enim
3502 4250 3702 4307 audire
3721 4248 3774 4303 in
3796 4250 3949 4319 potes-

2349 4340 2463 4389 tate
2494 4351 2624 4388 esse
2651 4335 2868 4405 judicis
2895 4336 3121 4392 mollire
3152 4342 3528 4405 sententiam,
3556 4346 3611 4395 et
3640 4338 3820 4393 mitius
3847 4333 3945 4387 vin-

2347 4423 2540 4478 dicare
2562 4440 2747 4495 quam
2757 4425 3005 4494 jubeant
3026 4426 3200 4499 leges.
3220 4426 3275 4484 Si
3296 4436 3495 4485 autem
3515 4420 3944 4484 neclitterismeis

2348 4511 2424 4567 ad
2455 4512 2569 4567 hoc
2595 4515 2980 4581 consenserit,
3005 4516 3117 4571 hoc
3138 4516 3348 4572 saltem
3378 4522 3688 4588 prmstet’ut
3716 4516 3766 4569 in
3791 4517 3946 4568 custo-

2347 4601 2511 4656 diam
2543 4601 2923 4674 recipiantur,
2945 4610 3122 4676 atque
3153 4604 3268 4660 hoc
3294 4606 3370 4661 de
3400 4606 3707 4661 clementia
3732 4604 3943 4670 Impera-

2350 4695 2541 4745 torum
2576 4693 2595 4724 ⁴
2620 4692 2938 4763 impetrare
2964 4694 3329 4761 curabimus,
3359 4711 3431 4751 ne
3460 4694 3757 4767 passiones
3786 4700 3943 4746 servo-

2345 4796 2477 4835 rum
2532 4780 2651 4845 Dei,
2692 4797 2826 4854 qum
2857 4782 3077 4839 debent
3116 4799 3247 4839 esse
3299 4785 3355 4839 in
3402 4784 3657 4840 Ecclesia
3693 4778 3939 4851 gloriam,

2346 4868 2727 4925 inimicorum
2761 4872 3052 4939 sanguine
3081 4872 3566 4929 dehonestentur.
3590 4872 3712 4929 Scio
3736 4867 3868 4923 enim
3892 4861 3938 4915 in

2346 4975 2530 5014 causa
2552 4958 2902 5015 clericorum
2917 4962 3367 5018 Auaunensium
3384 4966 3425 5031 ⁵,
3439 4963 3537 5034 qui
3560 4959 3726 5017 occisi
3743 4948 3940 5012 δῦθι]ῐὶ-

2346 5105 2554 5159 quaex
2588 5091 2871 5159 collatione
2915 5094 3082 5159 liquet
3118 5096 3259 5144 istud
3292 5110 3484 5145 nomen
3520 5085 3935 5159 fuisse‘cujuﬂam

2344 5152 2870 5228 apud-Carthaginem
2886 5152 3122 5228 ecclesiae
3131 5162 3256 5228 tunc
3269 5159 3577 5228 pertinentis
3588 5156 3650 5206 ad
3665 5152 3933 5228 Dongliflff:

2409 5220 2419 5246 ¹
2458 5217 2585 5270 Mss.
2619 5207 2801 5267 caFent
2832 5233 2959 5268 voce
2991 5221 3145 5283 quod.
3181 5221 3254 5270 Ex
3272 5207 3347 5271 liis
3375 5207 3482 5271 tres
3514 5219 3710 5269 ferunt:
3735 5207 3932 5263 Sic/labe
4010 5266 4011 5277 γ

2345 5280 2493 5345 illurn
2524 5285 2817 5345 tanquam.‘
2935 5344 2939 5345 ν
2997 5280 3011 5283 ⁷
3634 5342 3645 5345 Α
3794 5334 3827 5345 ..
3872 5332 3881 5345 ,
4010 5322 4011 5345 l

2404 5346 2423 5375 ι
2459 5343 2513 5390 In
2544 5332 2703 5398 Edd.,
2742 5342 3109 5409 rebaptizatus,
3140 5346 3228 5409 qui
3257 5361 3365 5393 cum
3394 5346 3548 5409 fuerit
3574 5342 3761 5409 colonus
3786 5332 3927 5409 Eccle-

2344 5405 2435 5452 sia:
2458 5394 2794 5472 versatus'ut.
2816 5394 2880 5472 Αἱ
2900 5408 2952 5455 in
2971 5394 3268 5472 Mss.'paulo
3281 5394 3413 5458 alius
3435 5412 3513 5457 est
3534 5405 3787 5455 verborum
3807 5394 3922 5445 ordo.

2344 5481 2503 5531 quem
2537 5468 2620 5517 hic
2648 5469 3001 5523 restituimus.

2403 5532 2421 5561 ³
2455 5530 2583 5579 Mss.
2628 5545 2718 5579 sex
2758 5547 2767 5578 :
2800 5531 3033 5593 alligari.

2402 5596 2419 5623 ⁴
2458 5593 2608 5656 liud,
2634 5594 2991 5656 Imperatoris.
3018 5597 3084 5644 At
3114 5596 3257 5651 Mss.,
3288 5596 3669 5656 Imperatorugt.

2408 5656 2425 5683 δ
2458 5638 2910 5707 valuisses;
2932 5638 3506 5710 ﬂagitatae;
3516 5638 3914 5706 vetGerquMb‘

4002 5434 4009 5611 l
