4074 6164
211 186 305 245 537
1450 182 1953 242 EPISTOLABUM
1997 184 2287 243 CLASSIS
2325 182 2401 243 III
2418 231 2432 247 .

203 312 377 375 libus,
418 327 580 367 nunc
628 316 919 384 martyres
971 310 1362 377 honorantur,
1418 311 1846 381 Imperatorem

204 408 479 470 rogatum
504 400 671 458 facile
693 403 1055 458 concessisse
1074 417 1147 456 ne
1170 401 1248 455 illi
1269 401 1371 473 qui
1391 416 1492 455 eos
1512 400 1853 456 occiderant

204 497 256 547 et
285 492 443 562 capti
470 491 597 560 jam
629 491 1003 557 tenebantur,
1038 506 1219 563 poena
1252 489 1429 545 simili
1463 489 1841 560 punirentur.

270 584 320 636 3.
366 580 575 635 Libros
613 580 687 635 de
738 581 1036 653 Baptismo
1079 578 1491 651 parvulorum,
1542 595 1679 633 cum
1725 579 1853 649 jam

201 670 469 725 codicem
500 669 701 740 ipsum
728 670 1082 725 Prtestanliaa
1113 675 1227 725 tua:
1258 670 1578 732 misissem,
1606 684 1712 723 cur
1741 667 1851 723 abs

203 764 253 815 te
282 775 495 814 rursus
530 759 883 830 acceperim,
917 758 1134 815 oblitus
1180 776 1312 814 sum
1342 778 1353 817 :
1390 758 1501 815 nisi
1532 756 1676 813 forte
1715 774 1853 813 cum

200 849 577 919 inspicerem,
607 848 931 904 mendosos
954 865 1057 904 eos
1086 848 1297 919 reperi,
1323 852 1378 904 et
1400 847 1720 903 emendare
1752 862 1856 902 vo-

200 938 299 1009 lui,
334 937 501 1010 quod
536 937 884 993 mirabiliter
912 938 1254 1009 impeditus,
1287 936 1485 993 adhuc
1513 952 1704 1008 usque
1737 951 1852 992 non

203 1027 331 1083 feci.
368 1026 691 1096 Epistolam
738 1043 978 1099 quoque
1024 1027 1099 1082 ad
1143 1032 1194 1082 te
1243 1026 1624 1081 scribendam
1675 1031 1729 1081 et
1762 1026 1855 1080 his

202 1116 675 1186 adjungendam,
708 1132 892 1189 quam
942 1132 1079 1172 cum
1114 1116 1195 1171 ibi
1240 1131 1430 1171 essem
1474 1116 1602 1185 jam
1632 1115 1855 1170 dictare

201 1220 525 1277 coeperam,
553 1205 731 1276 paulo
759 1205 962 1261 addito
985 1206 1067 1261 sic
1093 1221 1220 1260 esse
1251 1204 1653 1275 imperfectam
1680 1202 1850 1259 scias.

204 1296 257 1351 Si
288 1300 493 1349 autem
520 1294 810 1350 rationem
844 1294 1119 1350 omnium
1150 1294 1381 1349 dierum
1415 1299 1468 1349 et
1499 1293 1858 1349 lucubratio-

200 1400 345 1439 num
371 1383 506 1440 aliis
542 1384 1002 1440 necessitatibus
1035 1385 1446 1455 impensarum
1478 1384 1578 1439 tibi
1614 1398 1853 1455 possem

200 1473 472 1537 reddere,
498 1472 755 1543 graviter
775 1474 1154 1529 contristatus
1183 1473 1483 1529 mirareris
1510 1478 1738 1545 quanta
1763 1486 1857 1527 me

200 1562 569 1626 distendant,
602 1579 737 1634 quas
767 1561 987 1617 differri
1015 1564 1264 1619 omnino
1296 1578 1415 1618 non
1448 1567 1713 1633 possunt,
1748 1577 1858 1617 nec

200 1667 378 1721 agere
401 1652 503 1709 illa
532 1652 877 1723 permittant
907 1653 963 1707 in
996 1668 1132 1724 quas
1160 1668 1274 1718 me,
1300 1653 1557 1722 petendo
1578 1656 1634 1707 et
1652 1651 1859 1707 admo-

200 1741 424 1806 nendo,
466 1758 639 1812 urges
678 1741 990 1803 volentem,
1032 1747 1087 1796 et
1129 1741 1501 1797 ineffabiliter
1541 1742 1707 1813 (quia
1739 1756 1858 1795 non

201 1831 479 1902 possum)
507 1830 828 1886 dolentem.
855 1832 998 1886 Cum
1017 1831 1175 1886 enim
1204 1831 1281 1887 ab
1304 1846 1509 1887 eorum
1542 1830 1859 1887 hominum

202 1920 657 1976 necessitatibus
696 1920 1137 1992 aliquantulum
1174 1936 1343 1983 vaco,
1373 1922 1473 1993 qui
1510 1936 1603 1976 me
1640 1920 1722 1975 sic
1759 1936 1864 1975 an-

202 2011 462 2080 gariant,
528 2016 591 2065 ut
644 2025 744 2066 eos
807 2009 969 2065 nullo
1016 2011 1198 2067 modo
1236 2011 1411 2067 liceat
1466 2012 1702 2078 evitare,
1752 2030 1861 2070 nec

204 2104 589 2155 contemnere
634 2105 943 2169 oporteat;
976 2115 1095 2155 non
1148 2101 1367 2155 desunt
1399 2117 1534 2173 quae
1574 2101 1862 2159 dictanda

205 2203 523 2260 praepono,
568 2188 648 2243 sic
688 2188 746 2242 in
785 2188 1053 2243 articulis
1080 2194 1415 2259 temporum
1440 2191 1775 2254 constituta,
1800 2196 1861 2247 ut

202 2276 553 2333 dilationem
594 2293 714 2333 non
766 2276 977 2334 ferant.
1031 2278 1189 2335 Sicut
1228 2279 1373 2334 mihi
1422 2278 1531 2334 fuit
1570 2280 1860 2336 breviatio

203 2367 526 2422 Gestorum
571 2366 904 2423 collationis
960 2373 1177 2424 nostras
1234 2369 1376 2424 satis
1416 2385 1683 2439 Operosa,
1721 2386 1857 2425 cum

200 2456 469 2512 viderem
508 2458 809 2512 neminem
840 2474 901 2512 se
932 2456 1077 2513 velle
1101 2463 1265 2514 tanto
1303 2459 1502 2527 aggeri
1531 2458 1859 2515 litterarum

198 2546 456 2617 legendo
506 2546 875 2601 committere
922 2562 933 2600 :
979 2548 1129 2603 sicut
1172 2548 1314 2603 mihi
1352 2547 1459 2603 fuit
1501 2549 1676 2604 etiam
1709 2550 1861 2620 epis-

198 2636 319 2691 tola
350 2635 429 2690 ad
461 2635 625 2705 ipsos
658 2635 843 2691 laicos
869 2636 1223 2703 donatistas,
1253 2637 1326 2691 de
1348 2638 1460 2692 hac
1500 2638 1710 2693 eadem
1739 2642 1861 2694 col-

198 2724 422 2780 latione
440 2728 668 2791 nostra,
687 2741 871 2796 quam
896 2724 1074 2781 modo
1088 2726 1316 2797 aliquot
1338 2726 1859 2783 lucubrationibus

199 2813 519 2869 terminavi
568 2832 579 2867 :
630 2814 781 2868 sicut
815 2814 1080 2885 epistolae
1112 2830 1247 2885 quae
1293 2831 1412 2870 non
1452 2815 1701 2881 breves;
1741 2832 1861 2873 una

201 2903 278 2959 ad
326 2902 710 2957 Dilectionem
743 2907 929 2966 tuam,
988 2902 1173 2971 altera
1222 2904 1295 2959 ad
1333 2904 1524 2959 virum
1571 2905 1858 2960 illustrem

202 2991 620 3056 Volusianum,
653 3007 805 3063 quas
834 3007 939 3047 vos
981 2993 1427 3064 accepissejam
1456 2994 1631 3050 credo
1661 3010 1672 3048 :
1708 2995 1859 3051 sicut

203 3096 364 3136 nunc
399 3081 454 3135 in
493 3080 770 3136 manibus
799 3081 990 3137 habeo
1008 3081 1224 3137 librum
1244 3083 1320 3138 ad
1352 3086 1713 3139 Honoratum
1734 3100 1861 3139 nos-

204 3176 360 3225 trum
407 3170 481 3224 de
520 3169 950 3241 quaestionibus
990 3170 1359 3241 quibusdam
1385 3171 1672 3243 quinque,
1707 3188 1861 3243 quas

210 3258 355 3313 mihi
380 3258 715 3328 proposuit,
746 3264 801 3313 et
830 3274 935 3330 per
972 3259 1195 3315 litteras
1242 3260 1569 3325 intimavit;
1600 3261 1694 3315 cui
1739 3276 1860 3317 non

209 3348 495 3403 continuo
520 3349 881 3418 respondere
902 3349 1064 3404 vides
1091 3364 1277 3421 quam
1301 3350 1545 3404 minime
1572 3353 1859 3421 oporteat.

210 3436 479 3493 Charitas
527 3435 687 3492 enim
737 3452 872 3508 quas
918 3444 1205 3509 tanquam
1259 3438 1455 3493 nutrix
1499 3438 1654 3494 fovet
1705 3438 1861 3495 filios

211 3541 372 3590 suos,
404 3540 522 3581 non
542 3525 750 3581 ordine
774 3527 1039 3591 amandi,
1075 3527 1179 3583 sed
1204 3526 1411 3583 ordine
1443 3527 1858 3595 subveniendi,

208 3614 568 3669 infirmiores
613 3614 955 3671 fortioribus
1003 3616 1330 3687 anteponit,
1362 3632 1517 3687 quos
1554 3617 1697 3672 tales
1739 3618 1861 3675 vult

208 3717 357 3767 esse,
394 3704 609 3774 quales
634 3704 762 3775 jam
790 3704 867 3759 illi
891 3711 1048 3769 sunt,
1071 3720 1225 3776 quos
1252 3722 1371 3761 non
1394 3707 1856 3773 contemnendo,

206 3792 310 3847 sed
340 3792 419 3846 de
449 3792 540 3848 his
570 3793 929 3848 condendo
957 3794 1188 3849 interim
1216 3796 1490 3865 praeterit.
1520 3796 1684 3851 Tales
1716 3811 1859 3865 ergo

206 3881 347 3936 mihi
392 3881 777 3937 necessitates
833 3881 1099 3938 dictandi
1148 3883 1393 3954 aliquid,
1444 3884 1610 3954 quod
1643 3899 1737 3938 me
1781 3884 1859 3940 ab

205 3972 283 4029 eis
308 3971 739 4027 dictationibus
761 3972 1285 4044 impediatquibus
1303 3974 1495 4041 magis
1521 3973 1856 4040 inardesco,

204 4062 421 4116 deesse
468 4075 590 4115 non
644 4065 925 4130 possunt,
975 4077 1110 4116 cum
1166 4062 1477 4132 paululum
1538 4062 1709 4133 spatii
1761 4063 1858 4118 vix

205 4150 383 4205 datur
435 4149 589 4205 inter
654 4165 901 4205 acervos
950 4153 1429 4221 occupationum,
1480 4152 1701 4222 quibus
1750 4168 1859 4208 nos

206 4239 416 4295 aliena:
456 4239 550 4295 vel
580 4239 934 4309 cupiditates
972 4240 1061 4294 vel
1102 4241 1482 4296 necessitates
1513 4241 1857 4311 angariatos

206 4329 451 4384 trahunt
483 4345 496 4383 :
530 4335 583 4383 et
615 4328 760 4400 quid
792 4329 1008 4384 faciam
1041 4344 1289 4398 prorsus
1320 4330 1541 4385 nescio.

274 4422 328 4473 4.
374 4418 605 4474 Audisti
638 4417 796 4473 unde
841 4434 1079 4474 mecum
1124 4420 1435 4474 Dominum
1473 4418 1854 4491 depreceris:

205 4506 308 4561 sed
364 4506 543 4563 etiam
574 4508 734 4578 quod
787 4512 907 4563 tam
940 4508 1229 4563 instanter
1275 4514 1331 4563 et
1373 4514 1490 4564 tam
1531 4510 1741 4565 crebro
1765 4524 1859 4564 me

205 4596 521 4660 admones,
546 4595 685 4651 nolo
708 4612 931 4661 cesses,
950 4612 1071 4652 non
1090 4596 1234 4652 nihil
1256 4612 1462 4667 agens.
1490 4596 1858 4654 Commendo

205 4685 385 4740 etiam
417 4700 530 4753 ego
565 4685 932 4741 Excellentite
965 4691 1078 4741 tuae
1127 4686 1448 4742 Ecclesiam
1480 4688 1537 4742 in
1583 4688 1859 4743 Numidia

202 4775 609 4836 constitutam,
628 4778 871 4845 propter
892 4774 1062 4843 cujus
1081 4776 1460 4831 necessitates
1479 4793 1539 4831 sa
1553 4782 1721 4832 nctus
1743 4776 1857 4833 fra-

202 4868 287 4916 ter
335 4868 392 4917 et
432 4862 830 4933 coepiscopus
869 4878 1036 4918 meus
1062 4864 1389 4936 Delphinus
1421 4881 1455 4920 a
1490 4864 1772 4921 fratribus
1804 4870 1860 4922 et

205 4951 577 5022 coepiscopis
614 4952 780 5014 meis,
814 4951 894 5007 ibi
927 4952 1437 5008 collaborantibus
1476 4959 1531 5009 et
1568 4955 1860 5025 comperi-

206 5039 574 5104 clitantibus,
600 5040 821 5095 missus
854 5046 959 5096 est.
982 5044 1095 5096 Nec
1123 5041 1197 5096 de
1215 5042 1327 5097 hac
1357 5058 1418 5097 re
1442 5043 1615 5114 plura
1639 5044 1857 5112 scribo,

207 5145 341 5183 cum
388 5129 585 5198 ipsum
634 5135 988 5199 prtesentem
1040 5130 1119 5183 sis
1163 5129 1496 5186 auditurus.
1532 5136 1753 5189 Caetera
1798 5134 1857 5189 in

208 5215 691 5273 Commonitoriis
717 5217 985 5274 invenies
1004 5235 1139 5291 qua:
1157 5220 1232 5274 ad
1260 5221 1675 5292 presbyterum
1700 5224 1856 5289 misi,

208 5305 325 5360 sive
377 5306 581 5374 modo,
636 5306 759 5361 sive
803 5322 909 5378 per
954 5306 1277 5363 diaconum
1336 5309 1741 5378 Peregrinum,
1784 5328 1859 5368 ne

208 5412 465 5464 nensium.
505 5412 602 5459 Alii
637 5412 793 5469 Cdd.,
828 5413 1237 5461 Annanensium.
1277 5413 1484 5463 Scilicet
1512 5414 1577 5463 de
1608 5414 1693 5464 SS.
1727 5430 1862 5466 mar-

208 5475 420 5546 tyribus
455 5474 705 5546 Sisinnio,
735 5475 985 5546 Martyrio
1016 5480 1070 5525 et
1090 5475 1389 5546 Alexandro
1415 5477 1685 5546 loquitur;
1712 5480 1801 5546 qui
1833 5493 1865 5530 a

210 5536 501 5598 gentilibus
524 5538 735 5586 rusticis
766 5536 917 5587 vallis
948 5539 1206 5601 Anaunire
1235 5552 1339 5587 non
1369 5536 1551 5601 procul
1584 5554 1614 5590 a
1646 5536 1861 5591 Triden-

208 5600 319 5649 tina
353 5600 569 5649 civitate
603 5601 776 5650 necati
812 5604 939 5649 sunt
967 5602 1019 5649 in
1064 5600 1167 5649 fine
1204 5600 1403 5649 mensis
1443 5604 1566 5651 maii
1602 5616 1692 5651 an.
1736 5606 1857 5661 397;

210 5662 317 5773 give
496 5663 703 5712 obitum
735 5665 903 5713 sancti
925 5663 1207 5722 Ambrosii,
1232 5667 1290 5713 ut
1316 5663 1497 5717 scribit
1529 5664 1782 5716 Paulinus
1806 5668 1861 5715 in

237 5739 324 5776 ius
356 5740 407 5775 v1
475 5766 489 5776 .

210 5736 324 5789 81118
356 5736 489 5780 Vita.

3507 190 3613 246 538

1963 311 2107 367 mihi
2140 312 2395 368 eatoties
2414 312 2622 368 iterare
2648 327 2886 368 necesse
2913 311 3003 368 sit.
3032 311 3282 385 Semper
3301 313 3360 370 in
3385 314 3611 371 Christo

1963 418 2063 458 cor
2106 406 2277 457 tuum
2324 402 2536 471 vigeat,
2590 402 2832 457 domine
2885 404 3094 458 merito
3138 403 3415 469 insignis,
3464 404 3614 460 mul-

1965 498 2208 561 tumque
2235 491 2583 546 charissime
2610 508 2678 547 ac
2708 491 3244 549 desiderantissime
3269 493 3370 548 li.
3406 494 3612 550 Filium

1962 586 2232 634 nostrum
2273 580 2572 635 Ruftinum
2620 581 2935 636 Cirtensem
2969 581 3409 653 1principalem
3453 599 3614 638 com-

1962 668 2183 725 mendo
2217 670 2545 724 Eximietati
2581 674 2718 723 tum.

2340 758 2430 813 DE
2482 759 2838 823 SEQUENTE
2881 758 3231 817 EPISTOLA.

2306 847 2434 917 (LIB.
2480 863 2519 902 11
2558 863 2850 911 RETRACT.,
2891 866 3009 904 car.
3052 849 3275 921 xxxvx.)

2032 936 2120 991 Eo
2165 936 2289 1004 ipso
2325 942 2598 1004 tempore,
2662 952 2776 1007 quo
2822 944 3034 993 contra
3073 937 3416 994 Donatistas
3450 939 3613 995 vehe-

1961 1032 2190 1081 menter
2225 1025 2670 1090 exercebamur,
2714 1032 2766 1081 et
2806 1034 3018 1082 contra
3059 1026 3414 1097 Pelagianos
3447 1043 3615 1083 exer-

1963 1115 2084 1171 ceri
2099 1116 2231 1183 jam
2257 1130 2619 1182 coeperamus
2648 1116 2749 1185 (a),
2784 1116 3008 1171 amicus
3030 1116 3271 1186 quidam
3295 1116 3613 1173 mihimisit

1962 1204 2221 1274 quinque
2242 1219 2278 1259 a
2316 1203 2675 1274 Carthagine
2694 1205 3059 1275 quaestiones,
3090 1210 3143 1260 et
3168 1207 3401 1274 rogavit
3424 1212 3488 1260 ut
3516 1220 3613 1261 eas

1961 1292 2059 1347 illi
2078 1292 2381 1347 scribendo
2408 1308 2795 1362 exponerem;
2819 1309 2948 1365 qux
2968 1300 3105 1349 sunt
3129 1311 3145 1348 :
3174 1294 3327 1361 Quid
3346 1294 3450 1350 sibi
3476 1294 3616 1349 velit

1965 1396 2081 1438 vox
2121 1381 2232 1437 illa
2262 1382 2506 1445 Domini,
2611 1385 2764 1438 Deus
2798 1399 2977 1448 meus,
3010 1386 3161 1439 Deus
3185 1399 3364 1447 meus,
3402 1383 3615 1454 utquid

1964 1487 2054 1526 me
2078 1472 2445 1543 dereliquisti
2526 1472 2768 1542 (Matth.
2786 1489 2957 1537 xxvn,
2981 1472 3113 1539 li6)?
3134 1479 3185 1528 et
3207 1473 3351 1543 quid
3369 1472 3617 1543 sitquod

1963 1561 2046 1615 ait
2065 1561 2401 1628 Apostolus.
2480 1562 2549 1618 Ut
2576 1562 2637 1615 in
2663 1562 2955 1617 charilate
2983 1562 3243 1617 radicati
3267 1568 3319 1617 et
3344 1561 3611 1631 fundati,

1964 1650 2339 1718 praevaleatis
2387 1651 2881 1718 comprehendere
2917 1668 3049 1706 cum
3081 1651 3349 1706 omnibus
3398 1650 3619 1706 sanctis

1964 1755 2094 1809 quae
2139 1741 2212 1793 sit
2246 1740 2516 1803 latitudo,
2551 1746 2603 1798 et
2639 1740 2958 1810 longitudo,
2993 1750 3046 1796 et
3095 1740 3372 1805 altitudo,
3404 1746 3457 1795 et
3482 1754 3620 1808 pro-

1961 1830 2218 1901 fundum
2258 1829 2436 1901 (Eph.
2480 1848 2558 1893 ,
2596 1829 2797 1899 l'1,l8)
2846 1846 2857 1885 :
2962 1837 3015 1887 et
3052 1845 3181 1901 qua:
3209 1831 3328 1884 sint
3359 1831 3622 1901 quinque

1966 1921 2217 1992 virgines
2254 1920 2473 1983 stultae,
2508 1934 2702 1989 quxve
2736 1918 3051 1987 sapienties
3084 1919 3315 1983 (Matth.
3349 1935 3479 1981 xxv,
3508 1918 3563 1989 2)
3600 1936 3614 1977 :

1967 2019 2019 2067 et
2071 2027 2196 2081 quae
2235 2009 2351 2064 sint
2391 2008 2633 2064 tenebrae
2689 2008 3009 2063 exteriores
3055 2008 3168 2077 (Id.
3226 2024 3364 2070 xxn,
3408 2009 3610 2071 t3):et

1966 2099 2254 2171 quomodo
2275 2097 2724 2166 intelligendum
2752 2096 2845 2161 sit,
2939 2095 3190 2152 Verbum
3217 2111 3357 2151 caro
3378 2097 3613 2165 factum

1965 2194 2049 2245 est
2152 2187 2345 2249 (Joan.
2376 2202 2412 2251 ,
2438 2186 2545 2256 14).
2579 2187 2698 2256 Ego
2728 2193 2922 2241 autem
2946 2186 3185 2240 intuens
3211 2184 3614 2252 supradictam

1967 2277 2255 2341 haeresim,
2280 2292 2493 2331 novam
2524 2274 2825 2331 inimicam
2846 2276 3052 2345 gratias
3073 2274 3194 2340 Dei,
3211 2280 3437 2330 sextam
3468 2274 3619 2330 mihi

1963 2367 2251 2435 proposui
2281 2366 2657 2435 quxstionem
2700 2363 2771 2419 de
2807 2364 3004 2433 gratia
3039 2364 3395 2419 Testamenti
3438 2363 3613 2418 Novi.

1966 2458 2052 2511 De
2075 2470 2194 2526 qua
2241 2454 2564 2524 disputans,
2595 2453 2943 2520 interposita
2993 2454 3357 2520 expositione
3394 2453 3616 2521 psalmi

1966 2544 2226 2602 vicesimi
2272 2543 2472 2613 primi,
2506 2545 2568 2598 in
2598 2544 2771 2613 cujus
2804 2542 2999 2611 capite
3024 2543 3309 2608 scriptum
3350 2546 3430 2598 est
3459 2541 3617 2613 quod

1966 2635 2252 2691 Dominus
2298 2633 2649 2689 exclamavit
2674 2632 2736 2687 in
2769 2646 2962 2695 cruce,
2995 2631 3154 2702 quod
3173 2631 3279 2687 ille
3304 2632 3532 2687 amicus
3551 2631 3614 2687 in

1963 2724 2175 2795 primis
2221 2723 2372 2778 mihi
2422 2721 2724 2792 proposuit
2771 2719 3217 2789 exponendum,-
3266 2720 3466 2777 omnia
3501 2719 3615 2777 illa

1964 2814 2224 2886 quinque
2243 2812 2507 2871 dissolvi,
2538 2825 2655 2865 non
2689 2809 2795 2865 hoc
2819 2809 3027 2865 ordine
3055 2825 3168 2880 quo
3211 2817 3382 2865 erant
3411 2824 3617 2879 propo-

1963 2904 2101 2967 sita,
2133 2900 2235 2957 sed
2252 2902 2403 2956 sicut
2433 2899 2581 2954 mihi
2614 2899 2923 2954 disserenti
2948 2899 3021 2954 de
3048 2897 3245 2967 gratia
3292 2897 3447 2954 Novi
3490 2900 3619 2954 Tes-

1965 2990 2227 3056 tamenti,
2264 2996 2550 3060 tanquam
2576 2988 2695 3043 suis
2724 2988 2865 3043 locis
2896 2993 3616 3055 congruenteroccurrere

1964 3085 2303 3151 potuerunt.
2338 3078 2455 3132 Hic
2496 3076 2641 3132 liber
2692 3077 2777 3131 sic
2820 3076 3071 3143 incipit:
3173 3075 3440 3146 Quinque
3463 3076 3616 3132 mihi

1965 3167 2323 3239 proposuisti
2354 3165 2693 3221 tractandas
2772 3166 3140 3236 quxstiones.

2126 3323 2212 3376 DE
2253 3320 2509 3375 GRATIA
2552 3317 2721 3375 NOVI
2760 3318 3187 3374 TESTAMENTI
3227 3318 3449 3384 LIBER,

2446 3415 2950 3535 EPISTOLZEEXL
2981 3478 3085 3550 ().

1968 3571 2338 3642 Augustinus
2359 3569 2685 3632 Honorato,
2710 3568 3069 3634 respondens
3086 3567 3166 3622 ad
3180 3568 3342 3623 illius
3363 3567 3621 3642 quinque

2038 3638 2403 3715 quaestiones
2444 3658 2463 3695 :
2525 3644 2789 3715 praeter
2809 3654 2983 3715 qu_as_,
3028 3646 3284 3715 sextam
3324 3638 3431 3715 sibi
3494 3638 3620 3706 ipse

2038 3710 2333 3784 proponit,
2369 3711 2436 3765 de
2473 3710 2672 3780 gratia
2936 3710 3303 3784 Testamenti,
3331 3711 3618 3784 adversus

2040 3781 2397 3854 Pelagianos
2429 3781 2842 3848 tractandam;
2874 3787 2927 3836 et
2944 3782 3252 3854 psalmum
3283 3782 3617 3837 vicesimum

2039 3851 2295 3927 primum
2321 3854 2401 3909 ad
2425 3868 2551 3908 eam
2580 3868 2697 3906 rem
2721 3855 2904 3906 totum
2932 3851 3380 3921 interpretatur.

2044 3944 2381 4015 t.Quinque
2400 3940 2547 3997 mihi
2567 3940 2928 4013 proposuisti
2951 3940 3403 4012 pertractandas
3420 3954 3620 4012 quass-

1970 4037 2157 4092 tiones
2202 4039 2379 4104 atque
2420 4029 2761 4096 solvendas,
2796 4029 3175 4086 dilectissime
3202 4030 3281 4085 mi
3310 4029 3487 4086 frater
3512 4031 3621 4085 Ho-

1969 4126 2174 4179 norate
2226 4121 2323 4192 (c),
2363 4120 2499 4176 hinc
2552 4118 2689 4175 inde
2730 4123 2954 4191 raptas,
2999 4119 3150 4176 sicut
3188 4124 3243 4175 te
3287 4119 3379 4176 vel
3424 4121 3623 4190 legen-

2078 4229 2201 4279 Bad.
2243 4232 2357 4276 Am.
2407 4227 2488 4276 Er.
2529 4230 2577 4276 et
2608 4230 2716 4277 tres
2762 4228 2881 4276 Mss.
2934 4228 3149 4284 habent,
3185 4228 3489 4277 Circensem.
3520 4227 3620 4277 Alii

1968 4306 2158 4344 omnes
2192 4291 2329 4344 libri,
2365 4289 2645 4339 Cirtensem
2668 4290 3035 4352 Principalemi
3075 4291 3126 4339 id
3156 4294 3235 4339 est
3260 4292 3492 4339 civitatis
3516 4291 3621 4339 Cir-

1967 4357 2135 4405 tensis
2180 4354 2491 4417 primarium
2524 4354 2918 4417 magistratum,
2952 4354 3028 4401 uti
3064 4354 3219 4403 nobis
3238 4353 3458 4416 quidem
3478 4353 3620 4401 vide-

1970 4422 2075 4468 tur.

2030 4482 2101 4551 (a)
2151 4479 2419 4551 Adversus
2445 4477 3034 4551 .lelagianosacxerceri
3073 4479 3346 4551 cmperunt
3392 4476 3623 4551 Africani

1969 4537 2203 4615 episcopi
2258 4554 2400 4590 anno
2436 4541 2544 4611 ill,
2582 4543 2676 4611 aut
2708 4540 2835 4593 412;
2878 4552 2984 4609 quo
3015 4538 3131 4609 jam.
3159 4537 3398 4610 tempore
3424 4537 3622 4610 Pelagii

1968 4604 2290 4672 dismpulum
2322 4602 2623 4672 lecstium
2651 4614 2703 4672 in
2730 4600 3145 4672 Carthaginensi
3170 4601 3395 4672 concilio
3420 4600 3624 4672 Judica-

1969 4672 2083 4716 tum
2109 4663 2278 4715 fuisse
2315 4665 2549 4727 produnt
2587 4664 2765 4727 Patres
2828 4663 3031 4727 synodi
3078 4663 3297 4727 alterius
3354 4663 3625 4722 Carthagi-

1970 4730 2152 4779 nensis
2183 4725 2441 4781 anni'll,
2480 4726 2534 4774 in
2564 4725 2791 4788 epistola
2820 4739 2939 4788 quae
2987 4725 3069 4773 hic
3106 4725 3249 4775 edita
3281 4730 3360 4775 est
3391 4728 3500 4781 475,
3533 4726 3624 4775 ubi

1969 4792 2034 4842 ad
2060 4791 2430 4840 Innocentium
2462 4788 2700 4837 scribunt
2724 4801 2734 4833 :
2822 4788 2973 4837 Unde
3002 4788 3202 4837 factum
3233 4792 3330 4845 est,
3355 4793 3413 4838 ut
3447 4803 3629 4838 recen-

2030 4854 2257 4903 sendum
2297 4856 2624 4915 putaremus.
2658 4850 2787 4915 quid
2826 4850 3156 4915 antegiferme
3196 4852 3625 4915 quinquennium

2028 4930 2193 4980 super
2206 4913 2431 4980 Coalestii
2447 4915 2662 4962 nomine
2678 4913 2763 4962 hic
2780 4913 3233 4980 ap_ud_Ecclesiaui
3250 4914 3314 4980 Ca
3324 4913 3627 4980 rthaginen-

2028 4974 2142 5027 sein
2175 4978 2626 5038 fueritagitatum,
2716 4974 2974 5026 etcHuic
3009 4981 3187 5025 autem
3212 4976 3366 5038 priori
3399 4974 3623 5023 concilio

1970 5056 2078 5091 non
2132 5040 2372 5089 interfuit
2398 5040 2748 5100 Augustinus,
2781 5053 2845 5088 ex
2865 5040 2954 5089 lib.
2992 5041 3021 5087 2
3051 5039 3279 5089 Retract.
3304 5052 3348 5087 c.
3380 5039 3458 5091 33,
3492 5040 3542 5085 ct
3560 5050 3626 5085 ex

1970 5105 2064 5175 lib.
2084 5104 2178 5175 _d_e
2208 5103 2377 5175 Gestis
2408 5102 2626 5175 Pelagii.

2084 5165 2305 5214 Videtur
2333 5160 2663 5226 Augustinus
2692 5164 2864 5226 prima
2901 5162 3138 5226 epistolae
3169 5164 3271 5226 HQ
3293 5160 3453 5226 verba
3483 5163 3627 5226 retu-

1970 5230 2097 5278 lisse
2146 5229 2325 5277 minus
2369 5223 2610 5276 deliter.
2664 5223 2818 5282 Nam,
2847 5223 2967 5275 licet
3014 5238 3201 5273 omnes
3238 5224 3369 5273 Edd.
3427 5223 3624 5273 inloco

1972 5292 2429 5341 Retractationum
2474 5290 2557 5339 hic
2600 5290 2763 5338 citato
2812 5288 3061 5342 habeant,
3100 5286 3415 5342 tractandas,
3462 5285 3624 5335 iidem

1970 5355 2121 5404 initio
2146 5356 2300 5416 epist.
2333 5352 2614 5416 Sequentis
2643 5349 3341 5416 feruntpertractandas,_M.

2034 5419 2050 5435 '
2083 5418 2141 5465 In
2178 5409 2345 5479 hujus
2365 5409 2715 5479 castigatione
2762 5409 2848 5461 usi
2882 5425 3073 5479 sumus
3102 5411 3188 5475 bg.
3224 5412 3293 5479 b_l.
3342 5411 3429 5479 bn.
3454 5424 3529 5460 cc.
3570 5409 3621 5479 tl.

2012 5517 2023 5527 .
2050 5494 2119 5527 m.
2158 5473 2435 5528 sb.'tribus
2466 5473 2545 5526 ch.
2580 5476 2750 5525 tribus
2777 5490 2817 5523 r.
2866 5473 3077 5523 duobus
3119 5473 3198 5523 vc.
3230 5473 3444 5524 duobus
3480 5488 3529 5521 v.
3574 5477 3627 5523 et

2018 5557 2087 5589 m.
2134 5542 2260 5591 Bad.
2296 5542 2377 5590 Er.
2413 5540 2535 5588 Lov.

2034 5605 2104 5663 (h)
2136 5604 2277 5652 Alias
2310 5604 2397 5650 120
2434 5618 2443 5649 :
2481 5616 2597 5664 quia
2625 5602 2804 5647 autem
2840 5599 2925 5647 HO
2954 5602 3084 5655 erat,
3110 5613 3252 5649 nunc
3283 5600 3390 5648 260.
3420 5598 3626 5662 Scripta

1972 5668 2151 5716 statim
2176 5669 2295 5727 post
2323 5665 2672 5727 superiorem.

2035 5731 2096 5792 ()
2143 5724 2447 5779 Honoratus
2494 5725 2766 5790 Baptismo
2810 5725 3053 5776 initiatus
3076 5724 3335 5776 nondum
3380 5726 3511 5781 erat,
3563 5725 3629 5774 ut-
