4074 6164
468 113 574 172 539

465 245 584 299 tem
616 259 875 311 movere,
914 246 1006 303 vel
1036 247 1317 319 cogitanti
1361 246 1460 303 tibi
1509 246 1569 302 in
1616 252 1875 303 mentem
1919 246 2122 302 venire

466 335 808 403 potuerunt,
833 340 888 390 et
913 337 974 390 in
1006 342 1397 408 conspectum
1431 354 1634 393 meum
1658 337 1823 392 fusas
1853 336 2121 409 quodam

472 422 670 477 modo.
708 425 968 489 Quarum
1026 425 1386 482 solutionem
1434 427 1482 481 si
1540 426 1717 481 velim
1771 425 2121 481 disserendo

468 511 765 576 ordinare,
808 528 929 567 non
985 520 1047 569 ut
1097 516 1371 586 carptim,
1408 516 1559 572 sicut
1604 517 1916 587 proposita
1959 518 2119 581 sunt,

466 599 541 653 de
568 599 817 668 singulis
847 601 1159 675 disseram,
1194 605 1301 660 sed
1330 622 1449 660 uno
1470 605 1737 677 quodam
1768 608 1970 660 tenore
2004 619 2122 659 ser-

468 688 665 742 monis
705 704 805 745 eas
855 690 1004 748 inter
1038 710 1099 749 se
1144 700 1499 751 connectam
1553 700 1733 767 atque
1777 698 2116 757 contexam,

468 774 701 832 difﬁcile
748 794 900 849 opus
949 782 1217 850 videtur;
1266 789 1323 839 et
1356 791 1556 840 tamen
1591 790 1736 855 puto
1767 783 1993 840 facilius
2019 798 2121 839 eas

469 865 641 933 solvi,
683 867 727 921 si
771 868 886 925 hoc
917 869 1130 928 fecero.
1165 874 1423 929 Invicem
1467 874 1689 945 quippe
1720 872 2115 943 adjuvabunt,

470 954 517 1009 si
544 955 729 1013 altera
758 959 1041 1028 pendebit
1066 978 1138 1018 ex
1169 963 1373 1027 altera,
1401 963 1593 1018 donec
1624 978 1833 1018 omnes
1879 962 2119 1022 veniant

468 1042 530 1097 in
562 1046 772 1101 seriem
803 1048 1246 1120 disputationis,
1277 1068 1395 1107 non
1437 1052 1777 1120 singillatim
1830 1052 2121 1124 separatis

470 1132 632 1200 locis,
666 1136 836 1207 quasi
866 1154 1242 1212 unaquaque
1273 1142 1329 1196 in
1377 1157 1487 1197 sua
1534 1143 1768 1212 privata
1799 1142 2122 1196 intentione

468 1222 709 1292 habitet,
742 1226 845 1281 sed
874 1243 1059 1284 unum
1094 1230 1320 1302 aliquid
1352 1232 1667 1299 intuentes,
1704 1236 1967 1286 etunum
2008 1230 2122 1286 col-

465 1311 806 1369 laborantes
833 1318 1038 1373 sociali
1071 1320 1320 1385 ratione,
1363 1325 1416 1376 et
1446 1320 1756 1376 individua
1787 1322 2044 1376 veritate.

542 1402 695 1458 CAP.
750 1406 1035 1463 PRIMUM.
1098 1441 1163 1449 —
1212 1413 1265 1463 2.
1323 1410 1568 1465 Voluisti
1620 1426 1762 1475 ergo
1804 1416 1860 1465 et
1900 1410 2120 1481 scripto

470 1496 891 1550 commonuisti
939 1499 1152 1567 exponi
1210 1503 1388 1570 atque
1421 1500 1633 1567 aperiri
1672 1500 1797 1564 tibi,
1831 1500 1977 1571 quid
2010 1499 2121 1554 sibi

470 1581 611 1636 velit
649 1598 763 1637 vox
814 1584 912 1640 illa
952 1588 1205 1653 Domini,
1259 1591 1408 1644 Deus
1435 1604 1619 1653 meus,
1656 1591 1803 1644 Deus
1842 1604 2022 1653 meus,
2056 1596 2120 1645 ut

472 1670 617 1741 quid
642 1688 730 1727 me
775 1672 1146 1746 dereliquisti
1166 1678 1193 1732 ?
1219 1681 1276 1731 et
1321 1677 1465 1748 quid
1500 1678 1573 1731 sit
1603 1677 1766 1749 quod
1804 1678 2120 1748 Apostolus

474 1759 572 1823 ait,
619 1761 689 1816 Ut
724 1760 786 1815 in
844 1762 1142 1820 charitate
1186 1767 1447 1822 radicati
1495 1771 1546 1822 et
1588 1766 1848 1835 fundati,
1897 1782 2118 1834 praeva-

475 1848 643 1905 leatis
684 1852 1169 1921 comprehendere
1229 1872 1357 1911 cum
1407 1856 1677 1911 omnibus
1722 1857 1944 1911 sanctis
1998 1872 2122 1926 qua

472 1939 575 1992 sit.
613 1940 887 2006 latitudo,
948 1944 1275 2013 longitudo,
1327 1946 1586 2001 altitudo
1652 1952 1707 2001 et
1761 1946 2119 2013 profundum

472 2027 712 2099 (Ep/tes.
770 2047 849 2095 Ill,
899 2032 988 2102 17)
1040 2050 1053 2087 :
1102 2039 1153 2088 et
1216 2050 1349 2105 qua
1390 2035 1507 2089 sint
1559 2035 1816 2103 virgines
1858 2036 2119 2107 quinque

474 2118 686 2183 stulta,
721 2135 933 2190 quave
966 2123 1257 2193 sapientes
1299 2124 1538 2192 (Matth.
1570 2141 1702 2187 xxv,
1735 2126 1788 2195 ‘2)
1824 2141 1836 2179 :
1889 2130 1944 2179 et
1986 2140 2121 2196 qua

474 2206 592 2261 sint
630 2208 885 2265 tenebra
919 2212 1234 2267 exteriores
1266 2213 1503 2284 (Matth.
1539 2230 1670 2277 χχιι,
1712 2218 1793 2275 13)
1830 2231 1841 2267 ;
1887 2218 1943 2268 et
1975 2230 2121 2285 quo-

470 2295 655 2351 modo
684 2297 1134 2367 intelligendum
1180 2302 1273 2366 sit,
1318 2303 1568 2359 Verbum
1601 2318 1741 2359 caro
1766 2304 1998 2373 factum
2040 2307 2121 2358 est

470 2382 662 2453 (Joan.
723 2401 760 2448 ι,
815 2386 926 2456 14).
980 2388 1077 2442 Ha
1119 2394 1255 2444 sunt
1302 2395 1457 2444 certe
1506 2390 1767 2461 quinque
1812 2396 1932 2445 tam
1993 2392 2120 2446 bre-

469 2473 621 2527 viter
645 2489 680 2528 a
711 2490 805 2529 me
836 2482 1342 2541 commemorata,
1368 2494 1551 2547 quam
1581 2478 1688 2532 abs
1721 2484 1771 2533 te
1799 2480 2121 2550 proposita

472 2562 830 2632 questiones.
886 2564 1139 2619 Proinde
1202 2567 1247 2621 si
1300 2567 1513 2639 placet,
1561 2567 1857 2622 addamus
1905 2573 1961 2623 et
2001 2584 2122 2622 sex-

473 2653 616 2712 tam,
650 2654 705 2705 et
733 2650 873 2705 illud
909 2654 1284 2723 potissimum
1310 2656 1705 2726 requiramus,
1735 2673 1870 2728 qua
1894 2658 1967 2712 sit
1992 2674 2124 2729 gra-

475 2738 555 2793 tia
582 2738 729 2794 Novi
760 2743 1136 2797 Testamenti.
1168 2745 1330 2799 Hanc
1365 2760 1575 2800 omnes
1615 2746 1724 2800 illa
1758 2747 2119 2813 intueantur,

474 2832 530 2884 et
572 2828 634 2883 in
666 2829 841 2896 hanc,
877 2835 939 2886 ut
988 2838 1322 2904 opportune
1360 2850 1616 2906 quaque
1656 2836 1931 2906 potuerit,
1964 2852 2119 2907 opus

474 2933 647 2972 suum
681 2918 945 2976 conferat
983 2922 1192 2987 nobis;
1219 2938 1340 2979 non
1372 2939 1443 2978 eo
1477 2924 1698 2979 scilicet
1726 2924 1955 2988 ordine,
1999 2940 2119 2997 quo

473 3021 573 3062 eas
620 3011 684 3063 ut
722 3012 782 3063 tu
840 3012 1217 3082 proposuisti,
1276 3016 1333 3067 et
1390 3028 1500 3081 ego
1544 3013 1785 3079 recolui,
1833 3014 1937 3070 sed
1980 3030 2123 3070 una-

473 3112 725 3169 quaque
768 3114 905 3154 cum
938 3099 1114 3155 fuerit
1144 3102 1503 3169 necessaria,
1544 3102 1705 3158 velut
1746 3108 1959 3159 vocata
2002 3120 2119 3159 res-

467 3186 747 3256 pondeat,
783 3191 836 3241 et
884 3188 1148 3243 ofﬁcium
1194 3190 1282 3244 sui
1323 3190 1519 3261 operis
1564 3190 1825 3263 impleat.
1860 3194 2010 3263 Ergo
2040 3193 2119 3249 ita

464 3280 746 3331 nascatur
770 3276 1105 3332 exordium.

538 3365 763 3421 CAPUT
791 3365 856 3419 lI.
888 3396 957 3407 —
998 3370 1048 3422 3.
1088 3369 1182 3422 Est
1215 3369 1493 3438 quadam
1524 3368 1650 3424 vita
1692 3369 1954 3425 hominis
1995 3387 2119 3426 car-

463 3452 703 3509 nalibus
727 3453 1003 3509 sensibus
1036 3454 1359 3526 implicata,
1386 3457 1620 3527 gaudiis
1647 3459 1988 3514 carnalibus
2020 3460 2120 3515 de-

465 3540 605 3606 dita,
640 3542 942 3598 carnalem
974 3541 1235 3612 fugitans
1267 3544 1684 3613 offensionem,
1726 3548 2119 3618 voluptatem-

465 3644 582 3701 que
600 3635 972 3689 consectans.
995 3632 1179 3704 Hujus
1198 3634 1323 3689 vita
1341 3634 1592 3691 felicitas
1620 3636 1964 3705 temporalis
1990 3643 2077 3692 est
2102 3653 2115 3693 :

464 3719 543 3776 ab
573 3719 685 3775 hac
730 3720 849 3776 vita
875 3720 1135 3793 incipere
1180 3724 1547 3779 necessitatis
1582 3729 1689 3792 est,
1722 3726 1780 3780 in
1812 3742 1883 3781 ea
1913 3728 2119 3797 persis-

465 3813 585 3866 tere
610 3810 955 3866 voluntatis.
1000 3814 1061 3867 ln
1093 3812 1206 3867 hac
1233 3815 1457 3885 quippe
1488 3830 1558 3869 ex
1588 3820 1752 3870 utero
1787 3817 1991 3871 matris
2032 3816 2115 3873 in-

463 3898 596 3954 fans
629 3898 913 3967 funditur,
953 3901 1133 3971 hujus
1177 3901 1537 3958 offensiones
1585 3909 1878 3975 quantum
1931 3909 2120 3976 potest

462 3988 698 4058 refugit,
748 3988 927 4058 hujus
989 3990 1214 4061 appetit
1257 3991 1622 4062 voluptates;
1669 3993 1815 4048 nihil
1860 3994 2119 4064 amplius

462 4076 639 4131 valet.
680 4076 793 4131 Sed
834 4083 1226 4150 posteaquam
1264 4082 1491 4135 venerit
1532 4081 1591 4136 in
1634 4087 1864 4137 atatem
1908 4098 2028 4154 qua
2058 4083 2118 4138 in

464 4177 535 4218 eo
574 4162 819 4218 rationis
851 4181 1000 4219 usus
1033 4166 1287 4234 evigilet,
1341 4169 1553 4239 poterit
1593 4169 1800 4239 adjuta
1839 4170 2119 4225 divinitus

462 4249 767 4307 voluntate
805 4252 1021 4324 eligere
1062 4254 1310 4311 alteram
1354 4257 1559 4328 vitam,
1603 4258 1773 4327 cujus
1814 4258 1871 4312 in
1922 4263 2118 4315 mente

460 4340 750 4411 gaudium
778 4346 883 4412 est,
919 4344 1090 4415 cujus
1120 4345 1350 4401 interna
1389 4351 1566 4418 atque
1600 4352 1820 4403 aterna
1846 4346 2115 4403 felicitas.

465 4434 622 4487 inest
672 4431 895 4504 quippe
934 4432 1165 4489 homini
1226 4434 1431 4491 anima
1478 4436 1810 4503 rationalis,
1864 4436 1970 4491 sed
2026 4436 2119 4493 in-

464 4524 644 4577 terest
672 4521 939 4593 ejusdem
965 4524 1209 4580 rationis
1237 4541 1347 4580 usu
1372 4527 1387 4561 ¹
1408 4542 1675 4597 quonam
1703 4527 1901 4597 potius
1918 4526 2119 4582 volun-

466 4613 645 4665 tatem
690 4616 1033 4677 convertat;
1076 4619 1272 4669 utrum
1306 4613 1382 4670 ad
1413 4614 1573 4671 bona
1611 4617 1917 4671 exterioris
1951 4622 2004 4672 et
2034 4616 2120 4671 in-

464 4698 715 4766 ferioris,
754 4716 832 4756 an
879 4702 954 4757 ad
992 4702 1155 4758 bona
1192 4703 1487 4759 interioris
1538 4706 1980 4778 superiorisque
2019 4723 2121 4763 na-

466 4791 641 4853 tura;
670 4788 730 4843 id
756 4794 861 4855 est,
896 4795 1094 4847 utrum
1129 4800 1187 4847 ut
1207 4792 1435 4849 fruatur
1461 4809 1709 4865 corpore
1740 4799 1796 4850 et
1830 4800 2115 4868 tempore,

465 4894 542 4935 an
563 4876 1179 4936 utfruaturdivinitate
1203 4886 1381 4950 atque
1405 4883 1746 4939 aeternitate.
1770 4884 1831 4938 In
1850 4885 2116 4956 quadam

465 4969 690 5041 quippe
732 4968 1044 5025 medietate
1076 4971 1268 5040 posita
1299 4975 1407 5036 est,
1441 4972 1595 5028 infra
1624 4988 1684 5029 se
1728 4973 1957 5029 habens
1989 4990 2117 5031 cor-

465 5058 734 5129 poralem
772 5063 1128 5127 creaturam,
1170 5074 1353 5130 supra
1406 5076 1467 5115 se
1513 5065 1714 5117 autem
1760 5063 1847 5117 sui
1889 5069 1945 5119 et
1997 5079 2121 5119 cor-

465 5146 627 5216 poris
659 5148 1016 5204 Creatorem.

534 5237 588 5289 4.
617 5235 811 5293 Potest
832 5238 1008 5309 igitur
1039 5237 1244 5295 anima
1266 5239 1575 5295 rationalis
1596 5240 1774 5296 etiam
1809 5241 2119 5313 temporali

464 5340 725 5414 liquetex
753 5345 874 5394 libri
904 5347 1143 5414 hujusc.
1178 5349 1252 5404 19,
1288 5363 1338 5397 n.
1376 5350 1457 5414 48.
1486 5349 1674 5400 Postea
1695 5364 1827 5414 vero
1876 5350 1941 5400 ad
1979 5365 2119 5414 pres-

467 5403 657 5466 byterii
703 5422 899 5457 munus
937 5403 1153 5460 evectus
1197 5414 1275 5461 est
1311 5426 1321 5460 :
1360 5413 1464 5462 nisi
1507 5414 1639 5462 forte
1684 5412 1884 5463 fallitur
1918 5403 2121 5465 Cassio-

466 5465 649 5541 dorus.
682 5471 780 5541 qui
816 5470 870 5541 in
900 5472 1088 5541 lib._(_l_e
1122 5474 1432 5541 Div.7Lect.,
1466 5490 1529 5541 (ξ.Δ
1560 5477 1634 5531 16,
1682 5475 1754 5524 ait
1802 5490 1936 5540 opus
1976 5477 2117 5527 istud

465 5530 724 5639 scriptum
756 5530 920 5603 fuisse
946 5534 1010 5582 ad
1029 5536 1361 5587 Honoratum
1393 5530 1782 5602 presbyterum.
1839 5530 1852 5540 ’

531 5594 545 5621 ί
629 5606 697 5641 ss.
718 5592 956 5654 plerique
984 5596 1259 5654 :Ejusdem
1282 5601 1503 5652 rationis
1530 5616 1675 5652 usum
1702 5616 1922 5654 quonam
1945 5604 2119 5654 potius

532 5607 545 5621 ι
577 5607 697 5641 mss.
718 5607 956 5654 plerique
984 5607 1259 5657 :b'Jusdem
1282 5607 1503 5652 rationis
1530 5616 1675 5652 usum
1702 5616 1922 5671 quonam
1942 5607 2092 5667 potiu

470 5653 735 5723 voluntate
755 5660 1035 5707 convertat.

1672 185 1677 190 _
1733 120 1790 177 S.
1833 117 2217 177 AUGUSTINI
2259 118 2579 177 EPISCOPI
3728 124 3821 191 540

2231 250 2286 301 et
2329 244 2625 317 corporali
2670 244 2941 301 felicitate
2984 243 3140 301 bene
3188 244 3289 309 uti,
3324 244 3369 299 si
3410 260 3526 302 non
3559 261 3618 302 se
3646 247 3850 305 dederit

2229 341 2533 391 creatura.
2570 338 2843 391 Creatore
2874 335 3167 407 neglecto,
3198 335 3298 390 sed
3317 351 3449 390 eam
3479 337 3667 406 potius
3689 337 3851 393 felicio

2229 428 2409 481 tatem
2456 425 2655 480 fecerit
2703 425 2923 479 servire
2962 425 3239 489 Creatori,
3280 424 3384 497 qui
3423 430 3477 479 et
3514 426 3700 495 ipsam
3743 444 3853 483 sua

2229 512 2511 570 bonitatis
2547 512 3067 569 abundantissime
3106 512 3378 579 largitate
3428 513 3685 569 donavit.
3713 515 3854 570 Sicut

2229 603 2387 658 enim
2410 602 2572 658 bona
2602 607 2740 658 sunt
2765 603 2969 658 omnia
2992 619 3127 673 qua
3162 602 3381 657 creavit
3422 603 3593 669 Deus,
3638 603 3712 659 ab
3740 605 3859 675 ipsa

2230 692 2501 749 rationali
2532 700 2801 748 creatura
2840 708 3029 764 usque
3069 693 3145 747 ad
3186 691 3462 746 infimum
3509 707 3757 763 corpus:
3789 694 3859 747 ita

2228 782 2379 838 bene
2398 783 2515 853 agit
2535 782 2595 837 in
2618 782 2708 837 his
2732 782 2936 837 anima
2958 781 3284 847 rationalis,
3301 782 3348 836 si
3378 780 3645 837 ordinem
3668 786 3857 847 servet,

2228 877 2286 928 et
2329 871 2769 941 distinguendo,
2812 871 3109 940 eligendo,
3148 870 3471 942 pendendo
3513 870 3725 925 subdat
3763 871 3861 925 mi-

2229 977 2377 1017 nora
2401 962 2747 1033 majoribus,
2777 962 3112 1033 corporalia
3139 960 3576 1032 spiritualibus,
3606 960 3861 1016 inferiora

2231 1051 2659 1122 superioribus,
2688 1050 3041 1121 temporalia
3070 1049 3451 1121 sempiternis
3481 1067 3494 1113 ;
3520 1065 3592 1104 ne
3622 1050 3861 1120 superio-

2228 1157 2361 1196 rum
2386 1141 2657 1209 neglectu
2689 1144 2743 1195 et
2766 1139 3029 1210 appetitu
3048 1138 3391 1195 inferiorum
3417 1138 3720 1209 (quoniam
3741 1136 3862 1192 hinc

2228 1230 2293 1285 ﬁt
2318 1230 2447 1301 ipsa
2479 1230 2753 1299 deterior)
2784 1233 2841 1284 et
2875 1245 2936 1283 se
2983 1234 3037 1284 et
3085 1245 3305 1299 corpus
3340 1244 3520 1282 suum
3558 1226 3743 1282 mittat
3770 1228 3785 1262 ¹
3812 1227 3863 1281 in

2229 1319 2422 1390 pejus,
2466 1319 2569 1373 sed
2606 1318 2802 1388 potius
2836 1318 3116 1374 ordinata
3159 1317 3445 1373 charitate
3490 1332 3552 1371 se
3581 1320 3636 1369 et
3667 1330 3864 1384 corpus

2230 1424 2405 1462 suum
2441 1411 2748 1462 convertat
2787 1408 2846 1462 in
2882 1407 3110 1461 melius.
3154 1408 3297 1461 Cum
3326 1406 3487 1461 enim
3529 1404 3643 1459 sint
3670 1419 3860 1459 omnes

2230 1496 2578 1551 substantia
2610 1496 2957 1551 naturaliter
2986 1496 3184 1561 bona,
3219 1495 3363 1550 ordo
3398 1495 3457 1549 in
3492 1494 3577 1548 eis
3608 1493 3863 1548 laudatus

2228 1586 2575 1650 honoratur,
2606 1586 2961 1657 perversitas
2980 1585 3222 1656 culpata
3252 1585 3599 1639 damnatur.
3617 1584 3724 1637 Nec
3752 1579 3863 1635 efﬁ-

2230 1675 2307 1730 cit
2335 1675 2540 1729 anima
2588 1690 2862 1744 perverse
2908 1678 3078 1728 utens
3108 1673 3418 1736 creaturis,
3466 1676 3532 1725 ut
3569 1669 3863 1725 ordinatio-

2230 1779 2368 1818 nem
2400 1762 2646 1833 effugiat
2671 1763 2991 1829 Creatoris;
3020 1762 3310 1833 quoniam
3324 1761 3370 1815 si
3404 1760 3504 1814 illa
3530 1758 3681 1814 male
3705 1758 3862 1811 utitur

2229 1853 2424 1915 bonis,
2455 1853 2547 1908 ille
2582 1853 2725 1907 bene
2758 1852 2943 1907 utitur
2969 1853 3148 1907 etiam
3173 1850 3348 1906 malis
3383 1868 3395 1906 2
3430 1866 3500 1905 ac
3522 1865 3625 1919 per
3645 1848 3751 1902 hoc
3780 1845 3863 1899 illa

2230 1958 2507 2014 perverse
2541 1943 2712 1997 bonis
2735 1943 2956 1997 utendo
2984 1942 3047 1997 tit
3070 1940 3249 2005 mala,
3285 1940 3380 1995 ille
3412 1939 3680 1994 ordinate
3704 1934 3861 1990 etiam

2234 2032 2403 2086 malis
2433 2032 2652 2087 utendo
2686 2036 2992 2103 permanet
3012 2031 3227 2085 bonus.
3263 2029 3369 2095 Qui
3400 2028 3563 2083 enim
3591 2027 3859 2096 injustese

2230 2122 2466 2175 ordinat
2496 2122 2553 2175 in
2584 2122 2865 2192 peccatis,
2895 2121 3053 2191 juste
3085 2120 3397 2175 ordinatur
3430 2118 3488 2172 in
3518 2117 3722 2187 panis.

2302 2215 2352 2265 5.
2388 2211 2602 2265 Volens
2624 2211 2823 2281 itaque
2856 2213 3007 2265 Deus
3040 2209 3352 2264 ostendere
3378 2208 3559 2262 etiam
3593 2211 3859 2259 terrenam

2233 2299 2743 2371 temporalemque
2771 2299 3103 2354 felicitatem
3138 2314 3314 2352 suum
3342 2298 3575 2351 donum
3602 2308 3747 2360 esse,
3769 2306 3861 2345 nec

2230 2388 2471 2444 aliunde
2498 2389 2613 2443 nisi
2646 2389 2722 2443 ab
2746 2390 2875 2458 ipso
2902 2393 3122 2459 sperari
3148 2392 3447 2458 oportere,
3468 2382 3752 2456 prioribus
3774 2396 3860 2434 sa-

2230 2478 2343 2532 culi
2404 2478 2773 2547 temporibus
2816 2477 3292 2549 dispensandum
3341 2472 3639 2545 judicavit
3692 2472 3859 2525 Testa-

2229 2572 2495 2622 mentum
2530 2569 2722 2633 Vetus,
2745 2567 2909 2637 quod
2936 2566 3252 2638 pertineret
3278 2565 3351 2621 ad
3386 2563 3690 2619 hominem
3723 2564 3857 2614 vete~

2228 2670 2372 2719 rem,
2416 2673 2449 2711 a
2480 2671 2601 2727 quo
2637 2655 2751 2710 ista
2782 2656 2897 2709 vita
2929 2671 3165 2710 necesse
3196 2659 3283 2709 est
3312 2652 3578 2723 incipiat.
3616 2648 3721 2705 Sed
3759 2646 3853 2701 illa

2226 2744 2537 2801 felicitates
2579 2750 2841 2815 patrum,
2878 2745 2974 2800 Dei
3006 2743 3295 2801 beneﬂcio
3335 2757 3635 2797 concessa
3665 2735 3852 2810 pradi-

2226 2840 2449 2899 cantur,
2479 2834 2758 2905 quamvis
2791 2834 2868 2889 ad
2910 2834 3086 2888 istam
3110 2833 3293 2887 vitam
3328 2830 3723 2886 transitoriam
3750 2841 3855 2897 per-

2224 2923 2495 2979 tinentes.
2530 2923 2631 2977 llla
2660 2923 2882 2995 quippe
2915 2928 3145 2978 terrena
3185 2936 3443 2977 munera
3474 2922 3531 2975 in
3570 2916 3852 2973 manifesto

2226 3012 2725 3083 promittebantur
2755 3017 2811 3067 et
2853 3012 3294 3078 tribuebantur;
3320 3011 3376 3065 in
3407 3009 3640 3065 occulto
3677 3011 3851 3061 autem

2223 3102 2336 3157 illis
2365 3102 2647 3157 omnibus
2678 3101 2850 3157 rebus
2878 3102 3111 3157 Novum
3148 3103 3596 3156 Testamentum
3627 3097 3852 3164 ﬁgurate

2228 3190 2763 3262 praenuntiabatur,
2816 3194 2873 3245 et
2924 3189 3271 3261 capiebatur
3312 3185 3693 3256 intelligentia
3726 3197 3849 3255 pau-

2224 3296 2453 3345 corum,
2482 3295 2629 3350 quos
2669 3279 2879 3335 eadem
2912 3279 3103 3350 gratia
3134 3278 3489 3349 prophetico
3520 3289 3752 3331 munere
3780 3268 3853 3323 di-

2225 3384 2377 3439 gnos
2428 3368 2664 3425 fecerat.
2726 3368 3158 3440 Dispensabant
3205 3382 3349 3436 ergo
3393 3366 3476 3421 illi
3528 3363 3708 3420 sancti
3760 3372 3850 3430 pro

2224 3458 2613 3527 congruentia
2655 3456 2938 3527 temporis
2976 3459 3420 3512 Testamentum
3472 3456 3661 3517 Vetus,
3701 3446 3853 3522 perti-

2224 3547 2447 3603 nebant
2500 3562 2639 3601 vero
2707 3546 2783 3601 ad
2831 3548 3273 3601 Testamentum
3333 3548 3588 3601 Novum.
3631 3544 3762 3597 Nam
3805 3540 3851 3591 et

2224 3636 2470 3708 quando
2510 3634 2892 3707 temporalem
2921 3634 3256 3689 felicitatem
3286 3634 3569 3702 agebant,
3598 3638 3848 3724 aternam

2224 3742 2429 3781 veram
2460 3731 2517 3779 et
2542 3723 2973 3795 praferendam
3016 3723 3456 3792 intelligebant;
3492 3727 3547 3779 et
3574 3723 3735 3776 istam
3763 3723 3850 3770 mi-

2228 3814 2561 3870 nistrabant
2587 3815 2645 3868 in
2680 3814 2983 3885 mysterio,
3013 3818 3075 3867 ut
3106 3812 3263 3869 illam
3294 3814 3783 3884 consequerentur
3800 3806 3848 3859 in

2227 3904 2493 3974 praemio.
2517 3903 2648 3958 Etsi
2673 3902 2920 3973 quando
2948 3903 3322 3973 patiebantur
3358 3902 3633 3962 adversa,
3666 3897 3735 3952 ad
3755 3894 3850 3948 hoc

2228 3993 2630 4064 patiebantur,
2663 3996 2725 4047 ut
2750 3991 3201 4047 evidentissimo
3228 3990 3434 4046 divino
3476 3986 3762 4061 adjutorio
3798 3982 3849 4035 li-

2226 4082 2433 4146 berati,
2464 4078 2863 4152 gloriﬁcarent
2894 4080 3101 4146 Deum,
3130 4080 3404 4135 omnium
3432 4080 3721 4135 bonorum
3755 4072 3849 4127 lar-

2225 4172 2495 4241 gitorem,
2527 4185 2646 4225 non
2689 4169 2885 4224 solum
2917 4169 3415 4239 sempiternorum
3454 4184 3589 4239 qua
3626 4165 3714 4237 pie
3745 4176 3849 4232 spe-

2222 4260 2459 4325 rabant,
2494 4275 2700 4313 verum
2724 4260 2903 4315 etiam
2929 4257 3344 4330 temporalium
3372 4273 3508 4330 qua
3537 4250 3846 4329 prophetiae

2226 4349 2666 4423 gubernabant.

2298 4440 2521 4494 CAPUT
2544 4438 2631 4491 lll.
2657 4468 2724 4477 —
2751 4441 2802 4492 6.
2837 4438 2982 4492 Cum
3010 4444 3202 4493 autem
3226 4437 3377 4492 venit
3398 4433 3705 4504 plenitudo
3722 4436 3842 4485 tem-

2222 4528 2403 4600 poris.
2442 4531 2503 4583 ut
2532 4527 2718 4595 gratia
2762 4543 2897 4598 qua
2929 4525 3341 4581 occultabatur
3369 4526 3429 4580 in
3463 4522 3644 4580 Veteri
3671 4521 3845 4612 Teste-1.-

2225 4622 2447 4683 mento,
2486 4617 2619 4689 jam
2658 4616 3019 4671 revelaretur
3063 4614 3122 4670 in
3169 4614 3353 4678 Novo,
3403 4615 3561 4669 misit
3600 4614 3738 4667 Deus
3764 4604 3843 4660 Fi-

2228 4707 2371 4763 lium
2400 4721 2590 4770 suum,
2615 4705 2849 4774 factum
2876 4719 2947 4760 ea:
2974 4703 3393 4774 muliere(Gal.
3420 4720 3495 4769 IV,
3522 4706 3605 4774 4);
3632 4713 3742 4772 quo
3758 4707 3844 4749 no-

2227 4795 2404 4859 mine,
2442 4794 2799 4865 proprietate
2823 4792 3119 4848 hebraica
3159 4793 3403 4862 lingua,
3433 4794 3626 4847 omnis
3648 4783 3841 4844 femina

2227 4891 2626 4954 nuncupatur,
2682 4883 2806 4937 sive
2850 4883 2976 4937 viro
3035 4884 3275 4949 intacta,
3330 4882 3455 4937 sive
3496 4883 3621 4954 jam
3666 4875 3839 4932 mixta.

2227 4974 2413 5040 Quem
2462 4976 2661 5029 autem
2706 4971 2902 5027 Filium
2956 4972 3195 5039 miserit,
3232 4972 3474 5043 ﬁerique
3514 4987 3584 5026 ex
3627 4962 3838 5021 muliere

2226 5062 2492 5129 voluerit,
2516 5065 2776 5133 quantus
2798 5059 2890 5115 ille
2922 5062 3070 5114 Deus
3097 5062 3166 5115 sit
3183 5060 3283 5131 qui
3305 5059 3459 5115 hanc
3481 5055 3839 5114 humilitatem

2224 5167 2334 5223 pro
2377 5150 2565 5206 salute
2607 5148 2873 5204 ﬁdelium
2914 5150 3212 5219 suscipere
3252 5148 3535 5218 dignatus
3574 5141 3755 5234 fuerit,
3786 5136 3838 5234 Ill

2226 5256 2543 5311 agnoscas,
2570 5254 2727 5294 nunc
2757 5239 2992 5293 attende
3024 5238 3408 5311 Evangelium
3440 5255 3451 5293 :
3480 5239 3550 5293 In
3578 5230 3836 5306 principio

2225 5333 2353 5386 erat
2389 5329 2650 5394 Verbum,
2688 5333 2740 5384 et
2781 5328 3028 5383 Verbum
3061 5336 3188 5383 erat
3220 5327 3379 5397 apud
3414 5328 3617 5391 Deum,
3638 5327 3685 5379 et
3710 5320 3833 5373 Deus

2225 5427 2350 5478 erat
2393 5420 2636 5476 Verbum
2668 5436 2683 5473 :
2724 5419 2831 5474 hoc
2861 5426 2983 5475 erat
3014 5419 3073 5473 in
3122 5418 3420 5488 principio
3450 5417 3610 5489 apud
3660 5416 3830 5467 Deum-

2229 5510 2440 5566 Omnia
2485 5524 2593 5578 per
2633 5508 2824 5578 ipsum
2865 5509 3025 5577 facta
3060 5512 3215 5566 sunt.
3251 5516 3303 5565 et
3343 5509 3466 5566 sine
3497 5510 3612 5577 ipso
3637 5504 3830 5570 factum

2290 5666 2305 5700 ¹
2334 5665 2479 5716 Unus
2514 5677 2543 5714 e
2572 5663 2740 5713 Vatic.
2772 5662 2915 5720 Mss,
2943 5668 3101 5713 mutet
3126 5663 3183 5712 in
3212 5664 3375 5727 pejus.
