4074 6164
115 146 222 207 541

111 278 188 330 est
220 272 398 329 nihil.
430 271 597 339 Quod
614 272 842 342 factum
877 279 959 329 est
989 271 1053 328 in
1077 270 1205 342 ipso
1240 274 1364 330 vita
1387 276 1515 329 erat
1550 279 1604 329 et
1640 272 1763 328 vita

109 368 240 419 erat
274 363 384 418 lux
416 361 730 428 hominum,
754 367 807 418 et
833 363 941 418 tua:
960 362 1023 417 in
1052 362 1303 419 tenebris
1331 364 1509 429 lucet,
1539 370 1589 419 et
1615 371 1769 419 tene-

110 453 227 507 brse
265 467 395 508 eam
432 468 549 507 non
594 452 1167 519 comprehenderunt
1202 453 1393 525 (Joan.
1416 469 1452 517 1,
1485 453 1623 522 1-5).
1669 452 1768 507 Hic

110 556 253 611 ergo
308 541 485 606 Deus,
534 540 788 596 Verbum
823 541 920 596 Dei
950 558 1058 614 per
1098 543 1263 615 quod
1296 543 1449 598 facta
1479 549 1617 597 sunt
1646 558 1771 597 om-

109 631 230 695 nia,
269 630 445 686 Filius
465 630 566 685 Dei
600 635 709 695 est,
735 630 1307 687 incommutabiliter
1339 648 1609 695 manens,
1646 630 1769 687 ubi-

110 736 227 792 que
256 734 548 791 praesens.
590 718 754 774 nullo
785 719 1027 775 clausus
1048 720 1197 787 loco,
1222 737 1331 777 nec
1357 720 1644 793 purtilitet‘
1669 735 1773 791 per

111 814 331 865 cuncta
350 807 628 872 diffusus,
654 813 943 881 tanquam
970 810 1263 866 minorem
1292 816 1521 883 partem
1554 810 1775 865 habeat

111 898 170 953 in
210 897 434 952 minori
469 897 623 959 loco.
655 902 713 954 et
740 898 799 953 in
834 900 1045 969 majori
1069 900 1383 971 majorem,
1405 899 1513 955 sed
1553 899 1775 972 ubique

113 992 295 1051 totus,
324 992 507 1059 atque
528 987 608 1043 ita
634 1002 755 1043 non
778 987 1001 1043 absens
1027 990 1205 1045 etiam
1234 988 1530 1045 mentibus
1560 989 1778 1060 impio-

112 1092 271 1143 rum,
306 1078 590 1149 quamvis
614 1093 753 1133 eum
776 1093 896 1134 non
920 1079 1182 1149 videant,
1211 1080 1364 1135 sicut
1394 1095 1502 1135 nec
1532 1080 1647 1135 ista
1675 1079 1778 1134 lux

113 1166 350 1222 videtur
390 1167 578 1222 oculis
615 1172 973 1239 praisentata
996 1184 1314 1224 ctecorum.
1350 1172 1524 1225 Lucet
1555 1184 1697 1238 ergo
1725 1172 1780 1224 et

115 1256 173 1311 in
205 1255 477 1311 tenebris
503 1255 741 1322 talibus,
773 1257 983 1328 quales
1004 1258 1327 1330 Apostolus
1354 1259 1652 1328 signiﬁcat
1678 1257 1779 1313 ubi

115 1345 272 1409 dicit,
309 1346 536 1401 Fuistis
570 1346 895 1417 aliquando
936 1348 1210 1413 tenebras,
1241 1364 1403 1404 nunc
1440 1354 1637 1405 autem
1676 1348 1783 1404 tua:

116 1437 173 1489 in
200 1435 654 1504 Dumino(Eph.
680 1452 734 1501 v,
767 1436 819 1508 8)
854 1452 867 1491 :
910 1436 1007 1492 sed
1033 1453 1167 1493 eam
1198 1437 1344 1494 tales
1374 1438 1632 1494 tenebras
1658 1453 1781 1493 non

118 1523 729 1596 comprehenderunt.

186 1616 239 1668 7.
268 1614 765 1685 Suscepititaque
777 1615 1084 1671 hominem
1101 1632 1283 1688 quem
1295 1616 1783 1674 viderehomines

120 1707 424 1775 poterant,
443 1707 507 1758 ut
529 1704 725 1760 sanati
752 1720 856 1777 per
885 1705 1091 1771 ﬁdem,
1107 1713 1313 1778 postea
1338 1706 1783 1780 viderentquod

121 1800 260 1848 tunc
278 1791 486 1848 videre
506 1808 628 1848 non
660 1798 952 1864 poterant.
979 1795 1090 1851 Sed
1115 1811 1187 1851 ne
1218 1797 1402 1852 homo
1433 1796 1694 1852 Christus
1713 1812 1784 1852 eo

120 1884 250 1955 ipso
310 1898 438 1954 quo
477 1882 779 1939 visibiliter
815 1885 1161 1955 apperebat,
1205 1900 1326 1941 non
1356 1885 1695 1941 crederetur
1730 1890 1786 1943 et

122 1973 299 2037 Deus,
352 1974 707 2045 tantumque
736 1972 817 2028 illi
850 1974 1201 2029 tribueretur
1229 1980 1525 2047 quantum
1554 1975 1784 2031 homini

120 2060 652 2118 excellentissimus
689 2063 892 2131 gratiae
928 2070 1107 2135 atque
1146 2064 1475 2136 sapientiai,
1500 2064 1635 2120 ideo
1658 2065 1786 2134 fuit

125 2151 300 2207 homo
355 2151 565 2205 missus
599 2167 633 2205 a
664 2152 800 2220 Deo,
827 2152 925 2207 cui
949 2168 1162 2209 nomen
1195 2159 1324 2209 erat
1360 2153 1640 2209 Joannes.
1675 2152 1787 2209 Hic

126 2238 278 2296 venit
310 2240 380 2294 in
409 2240 819 2308 testimonium,
838 2248 900 2296 ut
927 2242 1325 2299 testimonium
1355 2242 1687 2313 perhiberet
1716 2242 1789 2299 de

128 2329 380 2392 lumine,
428 2334 494 2384 ut
541 2344 738 2385 omnes
777 2330 1083 2388 crederent
1116 2346 1226 2400 per
1261 2331 1456 2387 illum.
1491 2332 1624 2388 Non
1658 2337 1787 2388 erat

126 2418 228 2473 ille
254 2419 488 2483 lumen,
506 2418 609 2475 sed
632 2425 693 2473 ut
720 2421 1103 2477 testimonium
1124 2421 1452 2489 perhiberet
1473 2421 1545 2478 de
1566 2421 1790 2477 lumine

130 2507 333 2577 (Joan.
370 2523 407 2572 1,
438 2510 577 2573 6-8).
609 2510 830 2564 Tantus
859 2510 1015 2565 enim
1042 2510 1225 2566 homo
1242 2509 1449 2565 debuit
1478 2511 1785 2582 perhibere

127 2596 545 2652 testimonium
576 2596 650 2652 de
679 2596 778 2652 illo
810 2599 911 2669 qui
943 2614 1062 2653 non
1086 2604 1314 2655 tantum
1343 2599 1548 2666 homo,
1582 2616 1787 2655 verum

128 2687 317 2741 etiam
353 2688 507 2742 Deus
532 2690 676 2755 erat,
704 2690 767 2743 ut
791 2687 866 2742 de
896 2687 994 2744 illo
1024 2688 1319 2744 diceretur
1348 2689 1513 2761 quod
1543 2690 1602 2745 in
1632 2690 1789 2746 natis

128 2775 455 2831 mulierum
486 2791 667 2831 nemo
690 2778 1240 2849 exsurgeretmajor
1268 2779 1497 2835 Joanne
1534 2778 1789 2850 Baptista

124 2866 371 2937 (Matt/1.
405 2881 486 2928 x1,
529 2866 658 2936 tl):
692 2866 777 2921 sic
803 2867 965 2922 enim
988 2866 1082 2923 ille
1114 2868 1208 2923 cui
1238 2868 1447 2939 majori
1480 2870 1497 2905 ¹
1532 2870 1790 2925 Joannes

128 2954 542 3011 testimonium
554 2955 925 3027 perhibebat,
952 2956 1373 3027 intelligeretur
1385 2957 1497 3014 hoc
1519 2973 1646 3014 esse
1670 2973 1793 3013 ma-

124 3045 241 3117 jor,
273 3059 406 3116 quo
446 3059 567 3099 non
607 3048 838 3100 tantum
876 3044 1083 3111 homo,
1123 3046 1226 3101 sed
1264 3048 1439 3103 etiam
1466 3048 1620 3103 Deus
1643 3050 1789 3103 erat.

136 3136 362 3189 Lumen
382 3148 527 3204 ergo
552 3140 607 3189 et
625 3135 904 3201 Joannes,
938 3136 1039 3190 sed
1066 3136 1181 3192 tale
1214 3135 1416 3192 lumen
1445 3136 1609 3209 quali
1641 3136 1795 3191 testi-

132 3223 413 3279 monium
450 3222 720 3294 perhibet
758 3224 885 3295 ipse
929 3223 1237 3291 Dominus,
1274 3225 1500 3289 dicens,
1524 3225 1637 3280 Ille
1665 3229 1794 3281 erat

135 3313 389 3368 lucerna
429 3312 642 3367 ardens
677 3320 731 3369 et
772 3312 971 3369 lucens
1014 3314 1209 3384 (Joan.
1250 3332 1305 3378 v,
1359 3313 1482 3384 35);
1530 3313 1696 3386 quod
1740 3318 1795 3369 et

134 3400 581 3472 discipulissuis
611 3400 776 3469 dixit,
820 3402 929 3457 Vos
958 3404 1093 3459 estis
1121 3403 1319 3459 lumen
1340 3403 1590 3460 mundi:
1616 3406 1797 3474 atque

140 3494 201 3545 ut
219 3488 568 3546 ostenderet
595 3490 767 3559 quale
789 3490 1016 3555 lumen,
1037 3496 1274 3547 secutus
1291 3491 1585 3564 adjunxit,
1614 3492 1796 3549 Nemo

137 3579 415 3636 accendit
463 3579 783 3647 lucernam,
818 3586 873 3637 et
918 3581 1082 3647 ponit
1138 3596 1265 3638 eam
1310 3582 1415 3639 sub
1448 3582 1660 3646 modio,
1695 3582 1798 3638 sed

137 3684 313 3738 super
331 3669 787 3732 candelabrum.
814 3675 877 3725 ut
910 3671 1103 3728 luceat
1130 3671 1513 3743 omnibusqui
1532 3674 1593 3727 in
1625 3672 1796 3727 domo

136 3764 272 3815 sunt
303 3774 328 3815 .'
357 3759 444 3814 sic
483 3759 677 3815 luceat
714 3760 909 3815 lumen
942 3766 1201 3816 vestrum
1229 3775 1428 3817 coram
1462 3761 1797 3817 hominibus

144 3846 388 3915 (Matth.
436 3863 494 3913 ν,
555 3849 777 3920 14-16).
812 3851 945 3906 Istas
992 3848 1411 3905 similitudines
1454 3849 1610 3905 datte
1638 3853 1797 3917 sunt,

141 3943 205 3993 ut
250 3941 554 4011 quantum
598 3954 925 4011 possumus
976 3938 1391 4009 intelligamus,
1441 3938 1533 3994 vel
1589 3938 1637 3994 si
1684 3939 1799 3994 hoc

142 4027 437 4083 mondum
481 4042 827 4099 possumus,
864 4029 993 4085 sine
1038 4028 1158 4085 ulla
1196 4029 1570 4085 dubitatione
1599 4029 1802 4084 creda-

144 4132 280 4172 mus
319 4116 593 4173 animam
638 4117 987 4174 rationalem
1035 4134 1153 4175 non
1180 4134 1305 4174 esse
1345 4124 1621 4174 naturam
1670 4117 1800 4187 Dei;

143 4205 240 4262 illa
288 4206 519 4280 quippe
564 4206 1072 4263 incommutabilis
1106 4212 1242 4263 est:
1286 4207 1391 4264 sed
1433 4212 1630 4263 tamen
1670 4223 1802 4263 eam

145 4311 326 4366 posse
380 4295 802 4367 participando
852 4296 1206 4365 illuminari;
1265 4297 1521 4353 lucernae
1582 4297 1806 4368 quippe

148 4384 406 4441 accendi
438 4385 726 4453 indigent,
755 4390 810 4441 et
838 4385 1135 4455 eXstingui
1168 4391 1441 4457 possunt.
1472 4385 1611 4441 ldeo
1641 4385 1807 4457 quod

156 4474 370 4530 dicitur
398 4474 473 4530 de
502 4476 755 4544 Joanne,
782 4475 915 4531 Non
956 4482 1083 4532 erat
1132 4477 1240 4533 ille
1284 4478 1503 4544 lumen,
1537 4475 1615 4531 ad
1662 4474 1807 4531 illud

154 4563 396 4637 respicit
419 4563 621 4620 lumen
649 4564 806 4636 quod
826 4579 944 4620 non
971 4565 1387 4636 participando
1418 4564 1807 4632 illuminatur,

150 4652 255 4707 sed
302 4652 435 4723 ejus
464 4653 918 4726 participatione
970 4652 1382 4711 illuminantur
1419 4669 1551 4726 quae
1592 4652 1670 4709 ab
1712 4652 1812 4708 illo

153 4740 589 4798 illuminantur.

220 4832 273 4886 8.
310 4831 575 4904 Denique
606 4831 892 4904 sequitur,
920 4832 1073 4888 Erat
1100 4832 1298 4889 lumen
1326 4846 1529 4889 verum
1550 4831 1744 4903 (Joan.
1770 4846 1811 4900 1,

153 4922 206 4993 9)
232 4927 314 4977 :et
330 4926 625 4993 tanquam
644 4937 1043 4995 quaereremus
1059 4922 1371 4993 quomodo
1393 4922 1818 4976 discerneretur

152 5009 355 5068 lumen
389 5026 596 5067 verum
628 5026 663 5067 a
700 5010 926 5067 lumine
958 5010 1314 5077 illuminato,
1346 5009 1408 5065 id
1437 5014 1523 5066 est
1553 5010 1817 5066 Christus

155 5115 191 5155 a
210 5101 458 5167 Joanne,
489 5101 660 5165 Erat,
694 5100 906 5173 inquit,
935 5101 1135 5157 lumen
1158 5115 1378 5164 verum,
1412 5099 1569 5171 quod
1594 5098 1821 5155 illumi-

157 5194 265 5245 nat
294 5205 523 5246 omnem
554 5189 845 5247 hominem
873 5190 1198 5247 venientem
1227 5188 1291 5245 in
1316 5190 1475 5246 hunc
1506 5189 1815 5245 mundum.

155 5277 219 5333 Si
269 5294 514 5335 omnem
568 5279 895 5343 hominem,
936 5295 1080 5349 ergo
1110 5283 1167 5335 et
1193 5281 1505 5335 Joannem.
1539 5281 1726 5349 Atque
1759 5280 1820 5333 ut

160 5368 352 5437 magis
364 5368 635 5424 ostendat
650 5367 1399 5441 hujusdivinitatemlonge
1413 5368 1822 5440 praestantiore

160 5456 469 5523 distantia,
517 5459 586 5514 In
614 5459 723 5516 hoc
761 5458 1003 5524 mundo,
1035 5458 1250 5530 inquit,
1295 5464 1447 5522 erat,
1477 5463 1533 5514 et
1562 5456 1822 5513 mundus

161 5562 268 5619 per
306 5563 435 5604 eum
463 5548 669 5617 factus
694 5552 798 5615 est,
835 5554 887 5605 et
926 5548 1177 5603 mundus
1215 5563 1345 5603 cum
1374 5562 1493 5603 non
1526 5545 1819 5617 cognovit.

233 5665 246 5696 ι
275 5662 357 5713 Sic
381 5663 508 5713 Mss.
534 5664 600 5713 At
621 5662 750 5714 Edd.
777 5663 1052 5720 omittunt,
1087 5662 1295 5727 majori.

1377 141 1875 202 EPISTOLARUM
1920 141 2211 203 CLASSIS
2251 144 2348 203 IlI.

3440 145 3547 203 54!

1876 275 2002 328 Non
2051 273 2334 340 mundus,
2389 274 2493 346 qui
2524 288 2630 345 per
2678 289 2816 330 eum
2864 272 3058 329 factus
3088 276 3199 339 est,
3251 286 3387 328 eum
3418 287 3542 329 non

1876 364 2185 432 cognovit:
2211 379 2404 436 neque
2424 365 2583 420 enim
2608 365 2789 420 habet
2811 365 2929 419 vim
2953 363 3357 433 cognoscendi
3381 379 3541 427 eum,

1876 454 1989 508 nisi
2047 454 2360 509 rationalis
2419 460 2719 519 creatura;
2757 454 3034 526 quamvis
3065 454 3244 509 etiam
3277 452 3542 509 mundus

1880 543 1987 600 iste
2019 543 2264 599 visibilis
2296 560 2403 616 per
2443 560 2579 599 eum
2610 544 2802 599 factus
2833 544 2923 609 sit,
2972 544 3085 598 hoc
3123 548 3214 599 est
3244 543 3463 598 ccelum
3491 546 3549 598 et

1881 638 2067 689 terra:
2094 633 2198 687 sed
2223 634 2516 688 mundum
2536 649 2653 689 non
2674 640 3131 701 cognoscentem
3152 631 3545 703 increpando,

1882 723 2235 792 signiﬁcavit
2263 722 2532 778 inﬁdeles
2560 723 2913 778 constitutos
2949 723 3007 777 in
3046 722 3294 777 mundo.

1952 812 2006 867 9.
2036 812 2255 867 Deinde
2281 812 2574 883 adjungit,
2636 814 2706 867 In
2739 827 2849 868 sua
2879 812 3130 881 propria
3164 812 3340 879 venit,
3373 816 3429 866 et
3458 809 3550 865 sui

1885 916 2016 957 eum
2037 918 2155 958 non
2186 908 2533 970 receperunt
2566 920 2586 957 :
2618 901 2740 956 sive
2771 900 2914 973 quia
2944 907 2999 956 et
3024 900 3129 972 ipsi
3162 898 3452 964 inﬁdeles,
3488 899 3549 953 in

1886 996 2180 1063 quantum
2210 990 2485 1046 homines
2516 996 2670 1061 sunt,
2700 991 2829 1061 ejus
2860 994 2997 1045 sunt
3020 1005 3129 1061 per
3154 1005 3334 1061 quem
3368 988 3550 1044 creati

1888 1086 2059 1136 sunt:
2095 1081 2219 1135 sive
2243 1096 2386 1135 suos
2418 1081 2655 1151 proprie
2684 1080 2925 1135 Judaaos
2960 1078 3210 1149 intelligi
3242 1078 3445 1143 voluit,
3480 1093 3549 1132 ex

1888 1170 2109 1243 quibus
2141 1175 2416 1225 naturam
2449 1171 2643 1225 carnis
2674 1170 3029 1241 assumpsit;
3060 1184 3170 1224 nec
3203 1172 3401 1223 tamen
3422 1182 3557 1223 om-

1890 1274 1997 1315 nes
2056 1275 2193 1314 eum
2244 1275 2365 1315 non
2414 1264 2781 1331 receperunt.
2813 1259 3090 1330 Sequitur
3112 1258 3269 1313 enim
3303 1262 3357 1313 et
3388 1255 3553 1320 dicit,

1894 1349 2185 1421 Quotquot
2244 1355 2439 1405 autem
2494 1356 2838 1418 receperunt
2874 1365 3023 1417 eum,
3058 1347 3218 1403 dedit
3257 1347 3336 1402 eis
3360 1352 3555 1416 potes-

1894 1443 2067 1495 tatem
2112 1439 2267 1507 ﬁlios
2317 1440 2419 1495 Dei
2445 1439 2595 1509 ﬁeri,
2642 1439 3016 1495 credentibus
3046 1438 3110 1493 in
3138 1438 3370 1493 nomine
3401 1438 3550 1505 ejus,

1894 1530 1998 1601 qui
2026 1545 2144 1584 non
2169 1544 2244 1585 ea:
2270 1528 2680 1599 sanguinibus,
2705 1544 2891 1599 neque
2916 1544 2989 1585 ex
3010 1529 3306 1583 voluntate
3327 1525 3552 1590 carnis,

1894 1634 2081 1689 neque
2136 1634 2211 1675 ea:
2253 1620 2557 1675 voluntate
2604 1618 2739 1681 viri,
2789 1618 2890 1673 sed
2942 1632 3015 1674 ex
3072 1619 3186 1672 Deo
3240 1616 3372 1671 nati
3421 1619 3556 1669 sunt

1896 1710 2092 1779 (Joan.
2117 1724 2156 1775 1,
2178 1711 2257 1763 9-l
2272 1709 2345 1779 3).
2366 1710 2495 1763 Haac
2517 1712 2603 1762 est
2626 1708 2814 1776 gratia
2832 1708 2973 1762 Novi
2995 1703 3373 1768 Testamenti,
3393 1703 3555 1775 quod

1894 1799 1953 1855 in
1981 1800 2187 1854 Vetere
2218 1798 2405 1863 latuit,
2434 1813 2543 1853 nec
2586 1802 2785 1853 tamen
2817 1796 3021 1867 ﬁguris
3052 1792 3560 1851 obumbrantibus

1895 1888 2232 1961 prophetari
2286 1887 2783 1958 pronuntiarique
2839 1884 3113 1949 cessavit,
3160 1890 3223 1938 ut
3272 1881 3563 1953 intelligat

1898 1978 2101 2033 anima
2127 1978 2314 2031 Deum
2342 1993 2541 2041 suum,
2574 1981 2629 2032 et
2669 1975 2859 2045 gratia
2901 1975 3029 2045 ejus
3068 1977 3418 2029 renascatur
3444 1970 3550 2025 illi.

1896 2068 2031 2123 Haec
2074 2066 2293 2138 quippe
2330 2066 2605 2121 nativitas
2645 2064 2962 2136 spiritualis
3001 2067 3106 2127 est,
3149 2063 3284 2117 ideo
3325 2075 3446 2116 non
3488 2075 3561 2115 ex

1899 2156 2315 2227 sanguinibus,
2335 2170 2455 2210 non
2479 2170 2550 2210 ex
2573 2157 2873 2209 voluntate
2898 2153 3024 2219 viri,
3050 2166 3243 2224 neque
3263 2165 3335 2206 ex
3354 2148 3563 2205 volun-

1898 2252 2016 2304 tate
2056 2245 2271 2310 carnis,
2315 2243 2421 2301 sed
2462 2259 2533 2299 ex
2577 2244 2714 2298 Deo.

1971 2336 2194 2392 CAPUT
2249 2335 2338 2390 IV.
2397 2365 2465 2374 —
2501 2336 2583 2389 to.
2620 2334 2751 2388 Htec
2809 2330 2984 2387 etiam
3014 2328 3258 2400 adoptio
3290 2331 3559 2383 vocatur.

1901 2429 2152 2482 Eramus
2208 2425 2367 2481 enim
2395 2423 2621 2495 aliquid
2653 2426 2977 2494 antequam
3010 2434 3278 2475 essemus
3310 2416 3412 2473 ﬁlii
3440 2416 3562 2483 Dei,

1897 2522 1955 2573 et
2011 2515 2356 2586 accepimus
2411 2512 2792 2578 beneﬁcium,
2828 2515 2891 2565 ut
2919 2509 3202 2564 ﬁeremus
3235 2506 3400 2579 quod
3439 2521 3563 2561 non

1899 2623 2140 2664 eramus
2164 2618 2187 2674 ;'
2232 2604 2383 2660 sicut
2431 2604 2532 2676 qui
2583 2602 2922 2673 adoptatur,
2959 2604 3284 2670 antequam
3312 2597 3566 2667 adopta-

1898 2701 2060 2753 retur
2087 2694 2357 2750 nondum
2388 2696 2514 2749 erat
2533 2692 2690 2747 ﬁlius
2717 2691 2845 2762 ejus
2870 2706 2906 2745 a
2926 2705 3049 2761 quo
3074 2688 3416 2760 adoptatur,
3437 2685 3564 2756 jam

1903 2791 2103 2842 tamen
2128 2788 2252 2839 erat
2281 2783 2383 2855 qui
2414 2782 2813 2853 adOptaretur.
2848 2782 2912 2835 Et
2937 2778 3015 2835 ab
3044 2779 3157 2834 hac
3184 2775 3569 2847 generatione

1904 2876 2107 2945 gratias
2137 2872 2491 2929 discernitur
2517 2871 2614 2929 ille
2648 2869 2844 2934 Filius,
2872 2869 2976 2941 qui
3015 2883 3154 2922 cum
3197 2870 3349 2922 esset
3389 2865 3569 2920 Filius

1906 2964 2025 3029 Dei,
2050 2963 2209 3018 venit
2229 2966 2291 3017 ut
2316 2962 2481 3016 ﬁeret
2502 2959 2657 3014 ﬁlius
2687 2957 2969 3020 hominis,
2997 2958 3366 3026 donaretque
3392 2952 3569 3008 nobis

1904 3054 2008 3126 qui
2037 3067 2277 3108 eramus
2316 3050 2419 3105 ﬁlii
2456 3048 2794 3113 hominum,
2835 3044 2988 3101 ﬁlios
3027 3044 3123 3099 Dei
3164 3042 3312 3097 ﬁeri.
3356 3041 3567 3097 Factus

1905 3147 1995 3198 est
2023 3142 2249 3213 quippe
2284 3139 2381 3195 ille
2420 3137 2585 3210 quod
2624 3152 2746 3193 non
2778 3138 2925 3200 erat,
2962 3134 3067 3190 sed
3109 3138 3305 3188 tamen
3340 3129 3569 3201 aliquid

1906 3231 2069 3288 aliud
2099 3234 2262 3299 erat;
2291 3234 2347 3285 et
2376 3228 2489 3284 hoc
2528 3226 2729 3299 ipsum
2761 3224 2987 3297 aliquid
3022 3222 3278 3278 Verbum
3298 3220 3396 3275 Dei
3420 3224 3569 3285 erat,

1906 3338 2012 3394 per
2045 3320 2209 3393 quod
2237 3319 2391 3375 facta
2426 3322 2562 3373 sunt
2589 3315 2817 3380 omnia,
2856 3319 2913 3370 et
2941 3313 3147 3369 lumen
3178 3325 3379 3366 verum
3408 3308 3574 3381 quod

1908 3410 2204 3467 illuminat
2257 3423 2500 3463 omnem
2550 3405 2861 3462 hominem
2913 3402 3246 3459 venientem
3296 3400 3355 3455 in
3413 3398 3574 3454 hunc

1910 3499 2224 3565 mundum,
2281 3503 2335 3555 et
2380 3498 2534 3552 Deus
2574 3495 2738 3568 apud
2789 3497 2994 3551 Deum.
3045 3496 3161 3549 Nos
3193 3504 3435 3563 quoque
3470 3502 3577 3560 per

1909 3592 2039 3663 ejus
2073 3589 2322 3659 gratiam
2357 3587 2496 3643 facti
2527 3602 2736 3642 sumus
2767 3584 2931 3657 quod
2960 3598 3080 3639 non
3111 3597 3375 3644 eramus,
3403 3579 3464 3635 id
3490 3581 3579 3634 est

1909 3681 2015 3737 ﬁlii
2042 3680 2179 3735 Dei:
2224 3679 2325 3734 sed
2362 3682 2560 3733 tamen
2593 3674 2817 3747 aliquid
2844 3687 3107 3739 eramus,
3142 3676 3197 3726 et
3225 3671 3340 3726 hoc
3378 3670 3575 3741 ipsum

1911 3768 2136 3841 aliquid
2165 3767 2352 3823 multo
2384 3764 2647 3830 inferius,
2677 3764 2791 3819 hoc
2831 3766 2917 3817 est
2946 3760 3043 3815 ﬁlii
3064 3759 3400 3815 hominum.
3439 3758 3581 3812 Des-

1911 3858 2105 3915 cendit
2149 3872 2291 3926 ergo
2322 3854 2417 3911 ille
2459 3860 2523 3910 ut
2559 3869 2668 3909 nos
2708 3851 3192 3913 ascenderemus,
3236 3853 3293 3903 et
3322 3860 3575 3902 manens

1912 3951 1973 4006 in
2001 3952 2218 4004 natura
2248 3961 2361 4001 sua
2396 3944 2588 4000 factus
2619 3946 2706 3998 est
2743 3940 3041 4013 particeps
3073 3942 3303 3992 natura:
3336 3938 3575 4001 nostras,

1912 4042 1978 4095 ut
2008 4054 2117 4093 nos
2146 4041 2455 4092 manentes
2488 4033 2548 4089 in
2580 4036 2794 4088 natura
2824 4034 3024 4086 nostra
3047 4026 3417 4083 eﬂiceremur
3445 4039 3580 4095 par-

1915 4128 2122 4200 ticipes
2151 4130 2381 4181 naturas
2408 4123 2616 4196 ipsius.
2662 4124 2790 4177 Non
2831 4124 3031 4176 tamen
3068 4118 3190 4173 sic:
3236 4131 3379 4171 nam
3412 4112 3581 4170 illum

1917 4222 2145 4275 natura;
2176 4222 2391 4272 nostrae
2435 4211 2809 4286 participatio
2848 4225 2969 4265 non
3005 4208 3139 4264 fecit
3178 4204 3534 4262 deteriorem
3564 4219 3579 4269 ;

1918 4324 2030 4364 nos
2063 4310 2261 4363 autem
2286 4304 2428 4360 facit
2452 4307 2681 4358 natura;
2712 4300 2868 4356 illius
2887 4297 3261 4371 participatio
3286 4294 3580 4350 meliores.

1995 4398 2077 4452 tl.
2126 4395 2287 4451 Misit
2332 4394 2533 4465 itaque
2586 4393 2741 4448 Deus
2780 4389 2991 4444 Filium
3032 4403 3203 4443 suum
3240 4386 3474 4454 factum
3511 4396 3587 4438 ex

1920 4486 2186 4551 muliere,
2228 4485 2457 4553 factum
2490 4481 2597 4537 sub
2639 4482 2786 4550 Lege
2814 4478 2973 4549 (Gal.
3008 4492 3086 4542 ιν,
3120 4475 3195 4546 4).
3230 4476 3378 4529 Nam
3413 4470 3582 4541 Legis

1923 4578 2303 4631 sacramenta
2336 4571 2619 4643 percepit,
2640 4575 2705 4623 ut
2737 4583 2825 4624 eos
2852 4566 2951 4638 qui
2973 4564 3076 4620 sub
3107 4566 3230 4634 lege
3259 4567 3453 4627 erant,
3490 4574 3583 4616 re-

1922 4665 2188 4727 dimeret,
2218 4661 2278 4717 id
2309 4666 2395 4716 est
2420 4674 2574 4731 quos
2607 4660 2717 4713 Lex
2745 4672 2879 4712 reos
2908 4653 3146 4710 tenebat
3168 4650 3475 4707 occidente
3499 4649 3589 4705 lit-

1924 4759 2067 4818 tera,
2122 4752 2269 4808 dum
2323 4752 2689 4823 praeceptum
2722 4761 2842 4802 non
2869 4743 3232 4816 impleretur,
3264 4744 3587 4812 antequam

1926 4842 2244 4901 viviﬁcaret
2272 4838 2515 4912 spiritus
2542 4858 2553 4902 ;
2595 4836 2739 4909 quia
2761 4834 3016 4889 charitas
3042 4832 3137 4888 Dei
3164 4846 3300 4904 quas
3328 4844 3593 4903 praecep-

1927 4936 2053 4988 tum
2117 4928 2343 4999 implet,
2413 4924 2766 4981 diffunditur
2806 4923 2864 4977 in
2903 4919 3188 4977 cordibus
3229 4918 3446 4974 nostris
3484 4930 3591 4985 per

1932 5021 2211 5093 Spiritum
2243 5021 2518 5074 sanctum
2546 5014 2650 5088 qui
2682 5014 2858 5069 datus
2889 5015 2975 5067 est
3004 5009 3387 5079 nobis(Rom.
3410 5021 3465 5070 v,
3498 5005 3581 5075 5).

1930 5109 2179 5167 Proinde
2218 5124 2355 5164 cum
2396 5106 2655 5169 dixisset,
2702 5106 2771 5161 Ut
2803 5118 2895 5160 eos
2939 5101 3044 5173 qui
3096 5098 3198 5153 sub
3228 5098 3380 5165 Lege
3418 5099 3592 5151 erant

1930 5200 2262 5263 redimeret,
2292 5196 2575 5253 continuo
2603 5192 2927 5263 subiunxit,
2948 5189 3019 5248 Ut
3044 5186 3417 5255 adoptionem
3439 5182 3592 5252 ﬁlio-

1932 5306 2066 5346 rum
2096 5287 2488 5356 reciperemus
2518 5282 2693 5353 (Ibid.
2728 5281 2783 5351 5)
2810 5297 2824 5346 ;
2862 5284 2925 5335 ut
2962 5276 3229 5332 videlicet
3256 5273 3439 5344 hujus
3465 5288 3595 5343 gra-

1932 5381 2077 5436 tiam
2128 5375 2403 5433 beneﬁcii
2453 5373 2812 5429 discerneret
2842 5368 2919 5423 ab
2944 5365 3043 5421 illa
3069 5363 3193 5419 Filii
3219 5368 3454 5429 natura,
3488 5360 3595 5434 qui

1933 5468 2152 5526 missus
2191 5469 2279 5521 est
2304 5464 2504 5529 Filius,
2533 5476 2655 5517 non
2686 5474 2791 5530 per
2822 5454 3208 5528 adoptionem
3238 5452 3455 5516 factus,
3492 5451 3595 5507 sed

1933 5570 2170 5623 semper
2200 5553 2431 5623 genitus
2464 5550 2661 5611 Filius,
2712 5551 2775 5602 ut
2814 5543 3168 5617 participata
3205 5546 3423 5598 natura
3450 5538 3598 5596 ﬁlio-

1934 5662 2067 5707 rum
2089 5642 2428 5707 hominum,
2460 5639 2539 5697 ad
2571 5634 3051 5712 participandam
3079 5632 3257 5693 etiam
3286 5646 3462 5690 suam
3493 5644 3598 5693 na-
