4074 6158
488 108 593 167 543

488 238 683 292 turam
706 233 1019 305 adoptaret
1043 231 1195 286 ﬁlios
1213 226 1550 285 hominum.
1572 228 1947 299 Quapropter
1964 228 2144 284 etiam

486 341 622 381 cum
656 324 912 387 dixisset,
956 320 1129 377 Dedit
1160 320 1235 374 eis
1273 322 1620 386 potestatem
1659 319 1814 385 ﬁlios
1862 320 1967 373 Dei
1991 318 2145 386 ﬁeri,

488 414 856 484 modumque
887 409 1282 480 adjunxisset,
1314 424 1388 463 ne
1427 406 1683 463 carnalis
1727 407 2150 476 intelligeretur

487 502 782 566 nativitas,
816 499 978 571 quod
1041 497 1265 553 scilicet
1306 497 1389 552 eis
1416 497 1474 551 id
1504 496 1856 566 praestiterit,
1890 497 1994 567 qui
2028 510 2149 552 ere-

486 592 631 649 dunt
678 590 742 645 in
803 588 1039 644 nomine
1076 590 1223 658 ejus,
1258 592 1312 642 et
1340 602 1444 657 per
1469 586 1722 655 gratiam
1755 590 2150 641 renascuntur

487 678 876 751 spiritualem,
892 694 1011 733 non
1033 693 1106 733 ex
1119 676 1522 747 sanguinibus,
1540 690 1727 745 neque
1747 690 1822 730 ea:
1844 676 2149 733 voluntate

484 768 615 833 viri,
655 783 843 839 neque
893 782 968 824 ex
996 768 1292 822 voluntate
1322 765 1544 831 carnis,
1575 766 1669 820 sed
1708 780 1783 820 ea:
1822 764 1974 833 Deo;
2009 780 2148 820 mox

486 857 936 913 commendavit
988 856 1165 928 quasi
1218 856 1395 925 huius
1448 853 1909 910 vicissitudinis‘
1946 868 2149 909 sacra-

488 952 781 1004 mentum.
842 946 1155 1018 Tanquam
1211 944 1369 999 enim
1432 943 1623 998 mirati
1654 946 1885 997 tantum
1918 942 2144 998 bonum

484 1052 607 1092 non
642 1036 997 1091 auderemus
1027 1040 1254 1105 optare,
1283 1035 1477 1089 statim
1508 1034 1637 1103 subj
1653 1032 1832 1096 unxit,
1880 1034 1953 1087 Et
2006 1034 2147 1087 Ver-

486 1128 624 1183 bum
648 1142 788 1182 caro
812 1128 1041 1195 factum
1070 1131 1171 1190 est,
1196 1131 1249 1179 et
1277 1124 1565 1180 habitavit
1594 1123 1654 1178 in
1686 1122 1852 1178 nobis
1884 1123 2079 1194 (Joan.
2104 1139 2143 1187 1,

490 1217 573 1283 14)
636 1215 820 1287 (quod
855 1231 1039 1269 unum
1072 1218 1158 1269 est
1190 1230 1259 1268 ex
1290 1214 1558 1285 quinque
1586 1212 1714 1277 illis,
1750 1228 1885 1284 quae
1921 1212 2021 1267 tibi
2053 1228 2141 1267 ex-

486 1306 626 1377 poni
650 1304 909 1376 voluisti)
935 1321 947 1367 ;
974 1309 1261 1373 tanquam
1289 1302 1538 1357 diceret:
1567 1301 1608 1357 Ο
1634 1301 1935 1357 homines!
1974 1301 2146 1356 nolite

483 1396 799 1466 desperare
830 1409 933 1447 vos
962 1393 1085 1448 ﬁeri
1115 1408 1290 1464 posse
1324 1392 1476 1446 filios
1506 1391 1625 1450 Dei.
1655 1392 1801 1463 quia
1829 1396 1883 1445 et
1915 1391 2041 1463 ipse
2064 1392 2144 1447 Fi-

482 1484 594 1541 lius
623 1484 741 1546 Dei,
797 1484 908 1538 hoc
935 1487 1040 1547 est,
1075 1482 1337 1536 Verbum
1377 1481 1491 1541 Dei.
1529 1496 1668 1535 caro
1702 1480 1923 1535 factum
1954 1485 2059 1545 est,
2093 1485 2149 1535 et

484 1572 843 1629 habitavitin
859 1572 1054 1626 nobis.
1072 1571 1314 1627 Reddite
1328 1571 1518 1624 vicem
1537 1586 1549 1633 ;
1567 1569 1867 1624 et‘ﬁcimini
1884 1568 2139 1639 spiritus,

486 1668 541 1718 et
569 1661 831 1717 habitate
857 1661 915 1715 in
939 1660 1037 1715 illo
1059 1660 1159 1732 qui
1183 1675 1324 1715 caro
1352 1659 1542 1713 factus
1564 1664 1669 1720 est,
1694 1663 1750 1713 et
1772 1658 2065 1713 habitavit
2086 1658 2145 1713 in

485 1751 671 1807 vobis.
728 1753 928 1821 Neque
959 1750 1114 1804 enim
1146 1749 1272 1819 jam
1310 1747 1758 1819 desperandum
1794 1753 1885 1802 est
1915 1747 2148 1818 partici-

484 1841 727 1911 patione
750 1840 918 1894 Verbi
943 1839 1064 1893 ﬁeri
1090 1854 1265 1910 posse
1289 1837 1562 1892 homines
1584 1837 1735 1891 ﬁlios
1758 1836 1879 1899 Dei,
1904 1837 2146 1908 quando

486 1930 661 1986 Filius
727 1930 824 1985 Dei
878 1927 1327 2000 participatione
1379 1926 1575 1981 carnis
1625 1924 1813 1982 factus
1872 1931 1958 1980 est
1988 1925 2147 1980 ﬁlius

489 2019 776 2074 hominis.

563 2113 646 2165 l2.
716 2108 830 2161 Nos
861 2107 1060 2178 itaque
1099 2104 1417 2161 mutabiles
1448 2103 1507 2158 in
1538 2103 1745 2159 melius
1775 2103 2146 2169 commutati,

485 2196 806 2269 participes
838 2196 1129 2251 efﬁcimur
1156 2195 1324 2249 Verbi
1352 2210 1363 2249 :
1401 2192 1661 2248 Verbum
1698 2197 1894 2247 autem
1928 2192 2152 2247 incom-

488 2281 774 2338 mutabile
805 2280 945 2337 nihil
985 2282 1043 2335 in
1070 2281 1329 2336 deterius
1359 2284 1817 2342 commutatum,
1852 2279 2152 2349 particeps

486 2373 682 2428 carnis
698 2371 974 2427 effectum
992 2376 1079 2425 est
1099 2370 1369 2425 rationali
1390 2370 1591 2423 anima
1608 2367 1924 2422 mediante.
1954 2370 2151 2438 Neque

483 2462 644 2517 enim
684 2460 868 2515 homo
928 2459 1212 2521 Christus,
1280 2463 1341 2512 ut
1396 2457 1827 2527 Apollinaristae
1889 2455 2151 2510 haeretici

485 2554 860 2621 putaverunt,
891 2553 993 2603 aut
1024 2563 1140 2602 non
1180 2546 1389 2601 habuit
1420 2546 1706 2605 animam.
1754 2550 1857 2599 aut
1896 2561 2014 2599 non
2049 2546 2152 2600 ha-

483 2638 611 2693 buit
633 2637 981 2692 rationalem
1008 2653 1023 2700 ;
1054 2636 1157 2690 sed
1178 2651 1343 2691 more
1370 2651 1480 2689 suo
1503 2635 1825 2705 Scriptura,
1855 2638 1919 2688 ut
1942 2633 2151 2689 Christi

480 2726 876 2782 humilitatem
933 2726 1125 2793 magis
1173 2724 1532 2787 ostenderet,
1576 2738 1648 2777 ne
1691 2722 1886 2776 carnis
1929 2738 2148 2777 nomen

482 2816 655 2889 quasi
673 2816 988 2885 indignum
1009 2814 1231 2886 aliquid
1252 2814 1539 2879 refugisse
1560 2812 1879 2874 videretur,
1906 2828 2146 2868 carnem

481 2922 591 2978 pro
619 2905 864 2961 homine
885 2904 1124 2977 posuit:
1155 2919 1349 2975 neque
1371 2902 1528 2957 enim
1557 2903 1701 2974 quia
1724 2902 2009 2973 scriptum
2037 2905 2144 2967 est,

492 2995 715 3052 Videbit
746 2995 931 3052 omnis
970 3009 1110 3049 caro
1135 2994 1401 3049 salutare
1423 2994 1529 3047 Dei
1554 2991 1715 3061 (Isai.
1760 3007 1852 3057 ιιι,
1887 2994 1994 3055 10),
2023 2990 2147 3045 ani-

482 3101 595 3140 mae
626 3084 705 3139 ibi
735 3100 854 3139 non
888 3087 1023 3138 sunt
1054 3081 1473 3150 intelligendas.
1512 3080 1657 3135 Nihil
1702 3080 1953 3149 proinde
1981 3079 2144 3134 aliud

480 3174 705 3229 dictum
739 3178 847 3240 est,
888 3172 1132 3227 Verbum
1161 3187 1296 3227 caro
1324 3172 1543 3241 factum
1572 3176 1675 3230 est,
1706 3185 1887 3241 quam
1911 3169 1957 3222 si
1987 3168 2142 3223 dice-

480 3267 661 3326 retur,
690 3262 868 3317 Filius
903 3260 1001 3315 Dei
1033 3260 1190 3314 ﬁlius
1219 3260 1480 3315 hominis
1520 3257 1707 3313 factus
1735 3263 1842 3312 est.
1874 3257 1979 3322 Qui
2009 3273 2141 3313 cum

477 3352 541 3407 in
596 3353 793 3420 forma
827 3352 937 3406 Dei
973 3355 1140 3411 esset,
1174 3349 1323 3403 sicut
1356 3347 1499 3402 dicit
1532 3346 1866 3417 Apostolus,
1900 3362 2019 3401 non
2047 3362 2142 3402 ra-

480 3442 685 3510 pinam
717 3439 1044 3494 arbitratus
1075 3440 1155 3493 est
1177 3452 1289 3493 esse
1311 3437 1557 3508 aequalis
1590 3439 1738 3504 Deo,-
1762 3450 1958 3506 neque
1980 3436 2141 3489 enim

481 3528 887 3599 usurpationis
918 3532 1061 3591 erat,
1097 3532 1159 3580 ut
1188 3526 1403 3595 rapina
1428 3525 1742 3591 diceretur,
1777 3524 1879 3579 sed
1912 3532 2140 3580 naturai

481 3618 690 3681 inerat,
747 3622 809 3671 ut
838 3620 990 3671 esset
1020 3615 1266 3688 aequalis
1297 3632 1308 3670 :
1333 3616 1698 3682 semetipsum
1726 3618 1921 3669 tamen
1936 3616 2141 3670 exina-

481 3707 655 3778 nivit,
691 3721 810 3761 non
844 3705 1097 3761 formam
1126 3704 1220 3760 Dei
1248 3704 1547 3769 amittens,
1574 3704 1679 3758 sed
1702 3701 1957 3758 formam
1987 3703 2137 3758 servi

482 3797 822 3867 suscipiens
840 3814 857 3867 ;
894 3794 1227 3851 humiliavit
1246 3793 1851 3862 semetipsum,factus
1865 3793 2133 3849 obediens

479 3901 658 3959 usque
687 3885 768 3941 ad
796 3891 1057 3949 mortem,
1109 3890 1355 3940 mortem
1381 3889 1576 3939 autem
1619 3882 1811 3938 erucis
1841 3882 2130 3951 (Philipp.

481 3995 537 4042 ιι,
567 3976 711 4046 6-8).
742 3974 913 4030 Vides
942 3972 1464 4047 quemadmodum
1497 3972 1777 4027 eumdem
1798 3971 2130 4034 hominem,

481 4080 658 4136 quem
688 4063 876 4117 Deum
907 4065 949 4126 ³,
983 4061 1386 4122 commendat,
1425 4064 1486 4113 ut
1518 4074 1777 4129 persona
1801 4075 1921 4113 una
1953 4058 2024 4113 sit
2066 4063 2084 4093 ³
2120 4074 2133 4123 ;

480 4168 576 4216 ne,
611 4167 728 4205 non
762 4151 1030 4215 Trinitas,
1066 4150 1168 4205 sed
1210 4147 1566 4203 suaternitas
1606 4147 1941 4202 inducatur.
1978 4148 2137 4205 Sicut

483 4242 641 4296 enim
672 4255 791 4295 non
817 4244 1066 4307 augetur
1096 4253 1381 4293 numerus
1410 4252 1825 4308 personarum,
1862 4253 1996 4291 cum
2033 4252 2136 4291 ac-

481 4327 637 4385 cedit
666 4343 806 4383 caro
838 4325 1075 4390 animae,
1108 4330 1169 4381 ut
1212 4325 1285 4380 sit
1315 4340 1471 4380 unus
1502 4324 1684 4380 homo
1721 4340 1735 4389 ;
1768 4324 1849 4378 sic
1884 4340 1999 4379 non
2034 4341 2137 4379 au-

481 4423 652 4487 getur
682 4432 967 4473 numerus
1014 4430 1432 4486 personarum.
1489 4430 1628 4469 eum
1677 4413 1903 4469 accedit
1951 4413 2136 4469 homo

482 4506 860 4572 Verbo,utsit
881 4521 1037 4560 unus
1055 4504 1337 4560 Christus.
1376 4503 1611 4573 Legitur
1637 4503 1857 4574 itaque,
1886 4503 2134 4559 Verbum

482 4604 623 4652 caro
657 4597 889 4663 factum
925 4602 1027 4659 est,
1062 4600 1124 4650 ut
1178 4593 1579 4661 intelligamus
1630 4592 1809 4663 hujus
1859 4609 2134 4663 personm

481 4684 975 4754 singularitatem,
997 4699 1117 4738 non
1151 4686 1213 4738 ut
1243 4683 1618 4753 suspicemur
1645 4682 1704 4736 in
1732 4698 1976 4737 carnem
2008 4700 2136 4739 mu-

484 4777 666 4829 tatam
699 4773 1093 4829 divinitatem.

553 4862 775 4919 CAPUT
808 4864 869 4916 V.
908 4892 969 4901 -—
1008 4862 1089 4918 t3.
1126 4865 1327 4933 itaque
1378 4861 1645 4917 Christus
1687 4862 1885 4927 homo,
1929 4867 1992 4917 ut
2031 4878 2137 4934 per

478 4968 620 5033 eum
636 4950 996 5007 revelaretur
1010 4949 1156 5005 Novi
1175 4949 1365 5017 gratia
1383 4951 1761 5012 Testamenti.
1776 4967 1907 5022 quae
1922 4966 2040 5006 non
2057 4950 2135 5007 ad

483 5040 1008 5114 temporalem,sed
1031 5039 1100 5095 ad
1116 5043 1399 5094 aeternam
1416 5039 1594 5094 vitam
1613 5040 2012 5110 perlinet,non
2030 5040 2138 5096 uti-

485 5147 603 5205 que
622 5136 858 5187 terrena
872 5129 1141 5185 felicitate
1154 5127 1675 5185 commendandus
1690 5128 1816 5185 fuit.
1838 5128 1979 5184 Inde
2002 5129 2135 5186 sub-

544 5313 557 5343 ί
592 5312 667 5360 Ita
694 5309 821 5358 Edd.
872 5311 937 5358 At
968 5308 1121 5359 Corb.
1160 5309 1252 5358 Ms.
1294 5307 1488 5371 aliique
1519 5307 1697 5370 probae
1741 5312 1879 5358 notae
1920 5307 2135 5369 habent,

482 5373 879 5421 necessitudinis.

547 5437 561 5467 ¹
594 5436 693 5487 Ms.
730 5435 887 5487 Corb.
926 5435 1142 5497 optimm
1178 5436 1317 5483 notae
1350 5432 1511 5482 habet
1544 5447 1556 5480 :
1600 5432 1849 5481 Eumdem
1884 5433 2137 5485 hominem

490 5495 742 5551 Deumque
773 5495 1108 5551 commendat,
1137 5500 1209 5549 ut,
1234 5499 1331 5545 etc.

550 5560 568 5591 ²
592 5558 648 5605 1n
662 5557 797 5610 Edd.
818 5564 939 5620 post
965 5574 1069 5607 una
1084 5559 1167 5611 sit,
1196 5558 1307 5607 haec
1330 5557 1609 5607 adduntur
1638 5570 1656 5606 :
1676 5557 1853 5606 Etiam
1868 5558 2137 5619 [iliumho-

490 5620 647 5668 minis
676 5625 983 5683 protestetur
1009 5636 1023 5678 ;
1059 5635 1177 5684 qua:
1204 5621 1366 5671 verba
1396 5620 1593 5669 absunt
1624 5632 1657 5671 a
1689 5620 1819 5675 Mss.

1755 100 1813 157 S.
1855 99 2237 159 AUGUSTINI
2278 100 2598 158 EPISCOPI

3763 111 3857 172 544

2252 228 2449 299 jectio,
2466 228 2603 284 inde
2622 229 2839 301 passio,
2856 228 2993 286 inde
3006 230 3263 301 ﬂagella,
3293 237 3483 305 sputa,
3497 238 3853 310 contumelias,

2258 334 2422 385 crux,
2465 318 2731 384 vulnera,
2778 325 2833 374 et
2865 325 3154 393 tanquam
3198 329 3470 393 superato
3510 324 3859 399 subjectoque

2256 423 2418 461 mors
2450 406 2602 478 ipsa,
2652 414 2714 464 ut
2744 409 2948 465 ﬁdeles
2989 410 3118 479 ejus
3146 410 3438 466 discerent
3462 412 3629 483 quale
3657 416 3861 484 pietatis

2259 496 2570 567 praemium
2601 497 2801 553 abillo
2823 499 2994 568 cujus
3032 498 3133 553 ﬁlii
3166 499 3301 554 facti
3334 508 3544 567 essent,
3578 507 3759 573 petere
3785 511 3862 559 at-

2256 601 2373 655 que
2413 602 2651 657 sperare
2678 587 2963 643 deberent
2992 605 3005 654 ;
3038 604 3111 643 ne
3144 589 3219 643 ad
3256 589 3366 643 hoc
3396 606 3501 660 pro
3528 607 3736 660 magno
3764 608 3865 647 ser-

2258 675 2478 729 viretur
2519 674 2658 742 Deo,
2689 681 2749 731 ut
2781 683 3069 732 terrenam
3106 678 3432 732 felicitatem
3465 678 3698 749 adipisci
3725 697 3864 749 quaa-

2258 769 2452 820 rerent
2474 766 2572 835 qui
2590 765 2872 821 servirent
2890 767 3021 838 ipsi,
3043 768 3389 838 abjicientes
3418 768 3862 824 etconculcantes

2258 853 2436 909 ﬁdem
2480 870 2674 919 suam,
2707 857 3062 912 aestimando
3088 873 3224 911 cum
3268 856 3536 912 mercede
3567 857 3863 914 vilissima:

2258 943 2417 997 unde
2432 943 2975 1000 beneﬁcentissima
2988 947 3357 1017 providentia
3369 947 3724 1016 omnipotens
3737 947 3868 1003 Deus

2258 1038 2555 1088 terrenam
2575 1032 2909 1089 felicitatem
2926 1036 3285 1090 concessitet
3306 1035 3524 1106 impiis,
3557 1050 3625 1089 ne
3650 1051 3749 1107 pro
3766 1051 3868 1092 ma-

2259 1137 2376 1190 gno
2398 1126 2762 1194 quaereretur
2788 1140 2821 1177 a
2837 1123 3076 1179 bonis.“
3089 1126 3180 1179 inc
3199 1124 3293 1178 ille
3308 1124 3575 1195 psalmus
3589 1129 3866 1194 septuage-

2260 1212 2448 1266 simus
2484 1217 2538 1267 et
2563 1213 2792 1268 inducit
2816 1214 3122 1269 hominem
3163 1214 3570 1284 pmnitentem,
3604 1213 3869 1268 secundus

2256 1300 2419 1372 quod
2432 1300 2759 1372 aliquando
2774 1302 2950 1357 corde
2970 1318 3086 1357 non
3103 1308 3281 1369 recto,
3305 1306 3417 1357 Deo
3432 1318 3537 1374 pro
3556 1302 3663 1356 hac
3679 1318 3867 1357 merce-

2257 1390 2330 1445 de
2345 1390 2625 1455 servierit,
2649 1407 2769 1463 qua
2791 1408 2928 1447 cum
2953 1390 3172 1462 pollere
3186 1398 3362 1463 atque
3377 1391 3654 1447 excellere
3677 1392 3868 1462 impios

2257 1479 2777 1543 videret,turbatus
2794 1487 3047 1553 cmperat
3067 1482 3327 1553 cogitare
3347 1482 3509 1553 quod
3531 1484 3672 1535 Deus
3690 1481 3871 1535 huma-

2260 1584 2336 1623 na
2368 1584 2487 1623 non
2511 1574 2692 1624 curet.
2718 1572 2775 1624 Et
2796 1586 2933 1624 cum
2962 1571 3037 1626 ab
3060 1571 3169 1625 ista
3195 1570 3549 1639 cogitatione
3575 1585 3701 1622 eum
3728 1584 3871 1623 sanc-

2259 1660 2454 1711 torum
2477 1657 2553 1711 ad
2586 1660 2763 1712 Deum
2787 1659 3203 1728 pertinentium
3230 1661 3537 1713 revocaret
3562 1657 3867 1721 auctoritas,

2259 1745 2520 1817 suscepit
2544 1750 2722 1817 atque
2740 1747 3331 1815 intenditagnoscere
3350 1751 3469 1801 tam
3487 1745 3701 1815 grande
3714 1761 3870 1799 secre-

2260 1840 2405 1900 tum,
2435 1836 2594 1907 quod
2629 1836 2679 1890 ei
2707 1836 3000 1892 laboranti
3034 1852 3150 1891 non
3186 1835 3550 1908 patefactum
3584 1839 3687 1900 est,
3707 1834 3871 1888 donec

2258 1924 2499 1978 intraret
2524 1926 2933 1980 sanctuarium
2966 1926 3085 1990 Dei,
3116 1931 3171 1980 et
3204 1925 3551 1995 intelligeret
3576 1924 3632 1977 in
3657 1922 3869 1977 novissi-

2260 2029 2360 2068 ma
2390 2016 2405 2048 ¹
2438 2032 2452 2082 ;
2486 2013 2600 2068 hoc
2630 2021 2737 2081 est,
2763 2014 2955 2069 donec
2977 2019 3220 2086 accepto
3250 2013 3472 2085 Spiritu
3492 2018 3691 2067 sancto
3716 2011 3874 2066 disce-

2261 2107 2345 2157 ret
2370 2102 2708 2158 desiderare
2741 2105 2989 2173 potiora,
3040 2109 3093 2158 et
3141 2103 3507 2174 prospiceret
3556 2116 3685 2173 quae
3723 2114 3873 2170 pinna

2263 2192 2457 2246 futura
2473 2194 2545 2245 sit
2576 2193 2793 2261 impiis,
2817 2194 2992 2248 etiam
3019 2194 3119 2264 qui
3143 2193 3314 2247 fenea
3348 2190 3611 2262 quadam
3635 2190 3873 2245 felicitate

2264 2280 2666 2351 temporaliter
2691 2280 3051 2337 ﬂoruissent.
3080 2285 3243 2337 Hunc
3268 2280 3576 2352 psalmum
3600 2285 3874 2348 septuage-

2264 2371 2481 2425 simum
2514 2370 2864 2435 secundum,
2892 2376 3061 2425 nocte
3088 2386 3208 2441 qua
3229 2369 3616 2425 illucescebat
3639 2364 3875 2422 solemni-

2264 2465 2351 2514 tas
2385 2460 2709 2514 beatissimi
2751 2460 3027 2532 Cypriani
3070 2476 3174 2531 per
3215 2458 3613 2514 ministerium
3642 2461 3873 2511 nostrum

2260 2552 2619 2617 expositum,
2649 2549 2778 2617 lege
2808 2556 2864 2603 et
2894 2550 3212 2619 diligenter
3243 2550 3514 2603 adverte.

2332 2638 2416 2691 14.
2449 2638 2695 2692 Proinde
2728 2640 2909 2693 homo
2930 2639 3195 2693 Christus
3224 2638 3514 2709 idemque
3544 2637 3690 2689 Deus
3720 2632 3876 2689 Chris-

2257 2732 2376 2792 tus,
2409 2728 2579 2794 cujus
2611 2728 3165 2783 misericordissima
3203 2728 3607 2789 humanitate,
3644 2724 3876 2795 atquein

2257 2817 2428 2886 cujus
2455 2816 2647 2871 forma
2680 2817 2868 2871 servili
2892 2816 3121 2871 discere
3147 2816 3515 2871 deberemus
3546 2814 3686 2884 quid
3706 2814 3758 2867 in
3785 2812 3876 2867 hac

2256 2906 2376 2961 vita
2388 2907 2915 2969 contemnendum,
2932 2905 3141 2977 etquid
3162 2905 3220 2959 in
3235 2905 3358 2960 alia
3373 2903 3868 2975 sperandumesset

2254 2995 2313 3052 in
2344 2996 2473 3067 ipsa
2504 2996 2806 3066 passione,
2841 2996 2897 3050 in
2931 3011 3054 3067 qua
3102 2994 3215 3050 sibi
3255 2995 3391 3066 ejus
3442 2993 3655 3048 inimici
3694 2991 3865 3059 magni

2254 3085 2623 3157 victoresque
2646 3084 3020 3149 videbantur,
3043 3084 3307 3153 suscepit
3324 3099 3527 3138 vocem
3546 3079 3869 3136 inﬁrmitatis

2255 3178 2489 3235 nostrae.
2519 3189 2641 3245 qua
2663 3173 2839 3228 simul
2855 3172 3317 3241 crucifigebatur
3341 3175 3361 3207 ²
3385 3176 3553 3226 vetus
3571 3170 3744 3225 homo
3762 3182 3872 3222 nos-

2253 3269 2354 3326 ter,
2388 3268 2450 3317 ut
2480 3269 2871 3318 evacuaretur
2901 3278 3119 3333 corpus
3152 3262 3383 3333 peccati
3413 3261 3594 3326 (Rom.
3638 3275 3710 3324 v1,
3734 3257 3800 3323 6),
3826 3259 3871 3309 et

2249 3353 2392 3408 dixit
2439 3370 2449 3407 :
2499 3354 2648 3409 Deus
2678 3368 2858 3414 meus.
2893 3355 3044 3407 Deus
3067 3368 3246 3419 meus,
3284 3360 3349 3406 ut
3392 3351 3537 3423 quid
3566 3365 3653 3405 me
3694 3345 3867 3403 dereli-

2248 3444 2424 3514 quisti
2450 3444 2641 3512 (Psal.
2666 3459 2782 3505 nn,
2812 3443 2867 3512 '2)
2897 3442 2925 3497 ‘I
2951 3441 3137 3495 Ethoc
3164 3457 3357 3496 unum
3386 3441 3459 3495 de
3487 3440 3739 3513 quinque
3758 3450 3867 3507 pro-

2249 3532 2457 3603 positis
2490 3533 2624 3585 tuis.
2662 3530 3265 3601 Sicincipitpsalmus
3287 3530 3623 3591 vicesimus,
3649 3528 3863 3598 primus,

2246 3622 2346 3692 qui
2374 3622 2731 3691 depassione
2759 3621 2961 3690 ipsius,
2998 3624 3054 3673 et
3085 3618 3450 3674 revelatione
3478 3618 3676 3690 gratiae
3702 3627 3857 3686 quam

2247 3709 2526 3764 ﬁdelibus
2572 3707 2860 3764 faciendis
2905 3708 3362 3779 liberandisque
3406 3707 3609 3771 attulit,
3665 3704 3717 3759 in
3747 3716 3861 3774 pro-

2248 3798 2449 3869 phetia
2490 3803 2653 3854 tanto
2685 3804 2820 3853 ante
2843 3803 3118 3853 cantatus
3144 3803 3252 3851 est.

2315 3887 2538 3944 CAPUT
2578 3890 2661 3942 Vl.
2694 3888 2864 3943 -15.
2888 3886 3135 3941 Proinde
3158 3886 3445 3941 eumdem
3460 3883 3862 3956 psalmum,cu—

2241 3978 2338 4047 jus
2366 3976 2741 4049 prophetiam
2778 3977 3061 4032 Dominus
3090 3974 3165 4031 ad
3198 3991 3259 4029 se
3292 3976 3588 4046 pertinere
3624 3973 3867 4028 demons-

2244 4074 2423 4129 trans,
2456 4067 2585 4137 ejus
2608 4068 2862 4137 primum
2898 4081 3136 4120 versum
3181 4064 3561 4127 exclamavit,
3593 4077 3722 4117 cum
3749 4071 3866 4130 pen-

2244 4156 2407 4211 deret
2466 4157 2523 4209 iu
2580 4156 2765 4224 ligno,
2814 4154 3364 4208 commemorando
3420 4150 3865 4223 exponendoque

2244 4261 2613 4318 percurram,
2648 4252 2710 4300 ut
2766 4260 2834 4299 ex
2878 4244 2990 4298 hoc
3035 4242 3329 4312 intelligas
3378 4236 3864 4313 quemadmodum

2244 4334 2432 4403 gratia
2461 4333 2820 4389 Testamenti
2843 4332 2987 4389 Novi
3029 4348 3137 4387 nec
3176 4348 3245 4387 eo
3279 4338 3548 4403 tempore
3572 4329 3863 4387 tacebatur,

2243 4424 2488 4494 quando
2515 4424 2573 4478 in
2625 4424 2826 4478 Vetere
2857 4422 3191 4477 velabatur.
3226 4421 3453 4476 Dicitur
3483 4422 3637 4475 enim
3667 4434 3729 4472 ex
3757 4430 3863 4487 per-

2245 4528 2390 4568 sona
2415 4512 2642 4576 Christi,
2672 4511 2834 4583 quod
2863 4510 2939 4565 ad
2966 4510 3218 4565 formam
3245 4510 3397 4564 servi
3430 4509 3657 4571 attinet,
3685 4506 3739 4561 in
3764 4516 3867 4576 qua

2243 4602 2594 4671 portabatur
2619 4608 2823 4655 nostra
2866 4599 3203 4654 inﬁrmitas.
3236 4600 3383 4655 Dixit
3429 4599 3587 4654 enim
3616 4595 3756 4652 etde
3784 4591 3866 4646 illo

2245 4691 2429 4745 Isaias
2458 4707 2468 4745 :
2499 4690 2605 4745 Ille
2630 4689 3004 4757 inﬁrmitates
3022 4695 3255 4744 nostras
3276 4693 3567 4758 portat,et
3594 4701 3698 4756 pro
3726 4679 3868 4738 nobis

2241 4780 2305 4859 in
2328 4779 2625 4836 doloribus
2651 4786 2729 4835 est
2754 4779 2896 4850 (lsai
2920 4794 3031 4843 LIII,
3066 4780 3144 4845 4).
3199 4780 3274 4832 Ex
3305 4778 3489 4849 hujus
3527 4777 3697 4845 igitur
3731 4770 3867 4826 inﬁr—

2247 4868 2466 4924 mitatis
2492 4884 2654 4936 voce,
2674 4868 2747 4922 de
2769 4884 2889 4939 qua
2916 4866 3130 4922 Paulus
3158 4868 3213 4921 in
3234 4882 3305 4921 eo
3330 4865 3495 4938 quod
3516 4864 3745 4938 petebat
3763 4872 3864 4913 non

2244 4958 2583 5025 exauditus,
2637 4963 2692 5013 et
2724 4957 2859 5013 ideo
2889 4956 3156 5028 quodam
3210 4955 3394 5010 modo
3427 4954 3750 5015 derelictus,
3779 4962 3867 5002 au-

2242 5047 2329 5103 dit
2359 5052 2553 5103 tamen
2578 5063 2615 5102 a
2646 5046 2920 5112 Domino,
2942 5044 3183 5115 Sufﬁcit
3200 5044 3308 5099 tibi
3330 5045 3526 5115 gratia
3545 5057 3669 5099 mea
3699 5057 3715 5105 ;
3743 5050 3862 5093 nam

2246 5139 2433 5192 virtus
2462 5137 2521 5192 in
2552 5138 2899 5205 inﬁrmitate
2932 5137 3246 5205 perﬁcitur
3284 5136 3350 5205 (Il
3404 5136 3539 5190 Cor.
3571 5148 3667 5196 xu,
3691 5130 3741 5198 9)
3768 5144 3779 5181 :
3805 5138 3865 5179 ex

2246 5242 2390 5281 voce
2421 5242 2562 5297 ergo
2607 5225 2789 5296 hujus
2832 5224 3193 5280 inﬁrmitatis
3225 5229 3469 5289 nostra,
3501 5237 3681 5294 quam
3719 5219 3773 5273 in
3814 5226 3864 5267 se

2248 5315 2688 5385 transtiguravit
2718 5318 2897 5385 caput
2939 5317 3231 5377 nostrum,
3265 5313 3481 5368 dicitur
3510 5313 3566 5367 in
3605 5311 3710 5365 hoc
3733 5301 3867 5378 psal-

2248 5552 2251 5555 _
2306 5501 2320 5531 ί
2343 5497 2505 5553 Edd.,
2540 5497 2595 5544 in
2610 5496 2906 5546 novissimo.
2931 5496 2996 5544 At
3023 5495 3179 5551 Mss.,
3204 5495 3261 5543 in
3286 5493 3583 5542 novissima.
3733 5549 3759 5556 __
3782 5547 3791 5556 ,

2308 5544 2505 5613 ιλιιιξ’
2528 5544 2663 5608 Bad.
2688 5544 2774 5608 et,
2798 5560 2914 5616 Er.,
2949 5560 3004 5606 in
3038 5544 3429 5621 ipsa'passione,
3474 5558 3529 5603 in
3565 5567 3659 5617 qua
3700 5547 3791 5598 sibi
3809 5544 3861 5592 ab

2249 5624 2356 5685 ejus
2386 5623 2611 5671 inimicis
2644 5622 2890 5685 ﬁgebatur
2918 5627 3056 5671 vetus
3087 5622 3233 5669 homo
3267 5622 3454 5668 noster.
