4074 6158
252 166 361 233 545

250 319 377 371 mo,
404 305 562 361 Deus
588 319 771 367 meus,
799 304 952 359 Deus
986 317 1171 365 meus,
1214 298 1439 369 respice
1458 298 1521 355 in
1564 314 1652 355 me
1682 317 1699 369 ;
1726 315 1907 370 quare

246 409 340 449 me
370 394 738 465 dereliquisti
768 394 795 446 ?
823 394 881 447 ln
915 409 981 448 eo
1010 391 1236 463 quippe
1256 389 1680 461 derelinquitur
1700 390 1907 460 depre-

246 498 423 547 cans,
440 484 493 538 in
519 498 641 553 quo
665 499 779 537 non
804 482 1136 538 exauditur.
1158 480 1387 535 Hancin
1407 495 1467 532 sc
1484 494 1683 533 vocem
1713 484 1906 533 trans-

246 572 526 641 figuravit
562 574 751 637 Jesus,
774 588 979 627 vocem
1000 570 1219 625 scilicet
1247 567 1515 639 corporis
1538 567 1653 631 sui,
1684 568 1795 622 hoc
1819 572 1905 622 est

248 660 529 716 Ecclesiae
548 677 670 716 suae
691 678 725 715 a
746 667 938 716 vetere
968 659 1211 715 nomine
1236 659 1294 713 in
1323 674 1548 713 novum
1581 657 1907 712 reforman-

244 750 341 805 daa
374 767 388 816 ;
437 766 648 805 vocam
679 751 901 806 scilicet
931 748 1290 805 infirmitatis
1327 764 1448 801 sua:
1478 748 1777 811 humanas,
1812 746 1906 802 cui

244 838 614 908 deneganda
653 839 887 895 fuerant
920 839 1081 894 bona
1139 836 1359 892 Veteris
1411 835 1790 900 Testamenti,
1847 839 1908 889 ut

247 928 417 983 bona
447 928 590 983 Novi
632 929 986 985 Testamenti
1034 931 1242 999 optare
1288 931 1468 997 atque
1502 940 1739 996 sperare
1778 924 1906 995 jam

244 1017 527 1073 disceret.

332 1109 415 1162 16.
446 1110 504 1161 ln
525 1106 635 1161 illis
649 1110 847 1162 autem
871 1106 1090 1161 Veteris
1117 1106 1475 1161 Testamenti
1502 1104 1697 1167 bonis,
1714 1104 1790 1159 ad
1810 1118 1909 1159 ve-

246 1200 436 1253 terem
459 1196 767 1251 hominem
799 1194 1251 1267 pertinentibus,
1276 1192 1573 1265 praecipue
1597 1192 1908 1263 concupis-

242 1286 400 1340 citur
418 1285 541 1339 vitae
561 1284 738 1354 hujus
769 1283 1081 1355 productio
1109 1282 1469 1354 temporalis,
1504 1287 1567 1337 ut
1597 1282 1908 1353 aliquanto

245 1374 475 1428 diutius
502 1373 945 1445 teneatur,quia
958 1389 1194 1443 semper
1218 1388 1335 1427 non
1353 1376 1562 1443 potest.
1588 1371 1725 1426 Ideo
1748 1371 1907 1425 diem

245 1463 459 1518 mortis
491 1479 700 1517 omnes
727 1463 974 1533 quidem
1000 1461 1328 1516 affuturum
1351 1462 1561 1524 sciunt,
1587 1467 1642 1515 et
1664 1477 1803 1516 eum
1828 1465 1910 1514 ta-

247 1568 389 1607 men
403 1568 502 1606 om
513 1569 614 1607 nes
626 1559 729 1607 aut
744 1568 893 1623 pene
916 1567 1127 1606 omnes
1141 1550 1375 1605 differre
1389 1556 1702 1614 conantur,
1727 1552 1907 1605 etiam

243 1642 352 1714 qui
378 1648 511 1712 post
532 1646 781 1696 mortem
806 1657 869 1694 se
898 1640 1131 1695 beatius
1162 1640 1413 1695 credunt
1440 1654 1569 1694 esse
1594 1639 1856 1694 victuros
1892 1656 1905 1694 :

243 1738 478 1786 tantam
514 1730 695 1785 habet
726 1730 841 1785 vim
873 1730 1070 1785 carnis
1102 1735 1158 1784 et
1193 1730 1412 1783 animus
1466 1728 1639 1783 dulce
1665 1744 1910 1784 consor-

247 1822 421 1876 tium.
456 1822 641 1875 Nemo
670 1820 829 1874 enim
860 1835 1127 1890 unquam
1161 1834 1403 1873 carnem
1429 1834 1603 1873 suam
1635 1818 1776 1873 odio
1807 1818 1909 1873 ba-

245 1910 378 1964 buit
403 1908 586 1978 (Eph.
623 1924 679 1977 v,
705 1909 795 1972 29)
828 1913 918 1963 :et
951 1914 1265 1979 propterea
1289 1923 1405 1962 non
1439 1907 1561 1962 vult
1590 1908 1795 1963 anima
1818 1906 1908 1963 vel

243 1999 325 2054 ad
384 2005 621 2068 tempus
676 1998 754 2052 ab
784 1997 912 2067 ejus
961 2000 1141 2052 etiam
1188 1996 1526 2051 inﬁrmitate
1584 1996 1907 2061 discedere,

243 2086 531 2158 quamvis
546 2102 679 2141 eam
702 2102 762 2141 se
795 2086 852 2140 in
885 2084 999 2140 fine
1022 2085 1145 2139 sine
1174 2085 1515 2139 infirmitate
1540 2084 1596 2139 in
1621 2091 1909 2139 aeternum

242 2182 625 2246 recepturam
666 2191 793 2230 esse
825 2175 1103 2230 conﬁdat.
1136 2174 1387 2229 Proinde
1419 2178 1618 2228 mente
1651 2174 1911 2229 serviens

240 2264 363 2335 legi
417 2265 534 2333 Dei,
571 2280 748 2319 carne
780 2270 979 2319 autem
1036 2264 1273 2318 trahens
1334 2262 1634 2317 desideria
1684 2263 1910 2333 peccati

245 2355 439 2424 (Rom.
485 2370 580 2417 vn,
612 2354 723 2424 ‘25),
762 2354 983 2424 quibus
1016 2354 1031 2387 ¹
1087 2352 1331 2407 obedire
1381 2357 1540 2407 vetat
1568 2352 1909 2423 Apostolus,

248 2444 470 2497 mentis
501 2442 740 2514 quidem
768 2444 996 2497 ratione
1026 2442 1397 2513 concupiscit
1426 2442 1607 2495 homo
1640 2441 1772 2511 pius
1794 2442 1912 2494 dis-

249 2533 431 2599 solvi,
464 2538 520 2585 et
559 2547 690 2585 esse
717 2546 854 2585 cum
884 2530 1113 2585 Christo
1140 2530 1436 2598 (Philipp.
1469 2548 1504 2595 ι,
1538 2531 1627 2599 23)
1664 2546 1676 2595 ;
1712 2529 1815 2583 sed
1850 2528 1912 2583 id

248 2636 431 2675 sensu
455 2620 652 2675 carnis
668 2625 903 2675 recusat
923 2626 978 2673 et
1003 2619 1239 2688 refugit,
1260 2620 1381 2673 etsi
1409 2619 1532 2673 fieri
1562 2619 1765 2689 possit,
1790 2634 1909 2673 non

251 2709 380 2764 vult
410 2709 753 2779 exspoliari,
801 2708 906 2763 sed
952 2708 1351 2778 supervestiri,
1412 2706 1472 2762 ut
1521 2708 1911 2762 absorbeatur

247 2798 417 2870 quod
448 2797 699 2853 mortale
725 2802 810 2852 est
842 2814 876 2852 a
905 2797 1023 2851 vita
1055 2797 1121 2866 (ll
1158 2796 1293 2850 Cor.
1329 2812 1382 2861 v,
1414 2796 1489 2865 4),
1526 2795 1583 2851 id
1613 2800 1723 2859 est,
1752 2800 1810 2850 ut
1832 2796 1909 2850 ab

244 2887 593 2942 infirmitate
620 2885 696 2940 ad
722 2884 1231 2940 immortalitatem
1258 2885 1439 2939 etiam
1466 2884 1667 2954 ipsum
1693 2899 1910 2953 corpus

249 2977 383 3031 sine
417 2981 603 3030 morte
631 2974 827 3029 media
856 2972 1263 3029 transferatur.

328 3070 415 3121 t7.
442 3064 554 3120 Sed
586 3064 711 3119 haec
742 3063 941 3128 verba,
966 3062 1187 3134 quibus
1210 3064 1516 3117 humanus
1548 3062 1673 3116 dies
1705 3067 1759 3116 et
1783 3061 1910 3117 vitze

251 3157 439 3226 hujus
471 3153 778 3225 prolixitas
799 3152 1260 3223 concupiscitur,
1296 3152 1476 3207 verba
1506 3156 1644 3205 sunt
1673 3150 1912 3205 delicto-

249 3251 485 3310 rum,et
510 3244 685 3311 longe
713 3248 850 3296 sunt
870 3243 948 3296 ab
965 3257 1035 3297 ea
1060 3241 1246 3295 salute
1270 3240 1442 3310 cujus
1470 3240 1741 3294 nondum
1764 3256 1909 3299 rem.

254 3333 363 3388 sed
383 3335 511 3401 jam
539 3348 706 3401 spem
724 3331 987 3400 gerimus
1019 3348 1030 3397 ;
1061 3330 1134 3384 de
1165 3346 1285 3400 qua
1305 3329 1595 3398 scriptum
1624 3334 1728 3391 est,
1763 3327 1913 3394 Quia

251 3438 358 3491 spe
382 3422 538 3477 salvi
554 3420 709 3489 facti
732 3434 931 3474 sumus
953 3439 972 3475 :
1000 3434 1128 3487 spes
1157 3425 1347 3473 autem
1378 3433 1505 3488 quae
1540 3418 1769 3473 videtur
1800 3432 1913 3471 non

254 3519 338 3567 est
369 3526 501 3580 spes
531 3510 717 3581 (Rom.
753 3525 871 3573 Vlll,
906 3511 1017 3577 24).
1064 3507 1321 3578 Ideoque
1354 3512 1408 3561 et
1449 3508 1505 3560 in
1538 3508 1647 3561 isto
1682 3508 1914 3577 psalmo

256 3617 397 3656 cum
423 3600 691 3663 dixisset,
718 3600 871 3653 Deus
894 3612 1075 3665 meus,
1102 3596 1252 3651 Deus
1268 3610 1447 3663 meus,
1467 3598 1687 3665 respice
1706 3596 1765 3650 in
1789 3610 1911 3664 me;

254 3704 448 3761 quare
474 3703 564 3744 me
601 3687 963 3757 dereliquisti
988 3685 1015 3740 ‘i
1046 3687 1327 3741 continuo
1360 3685 1689 3754 subjungit,
1726 3687 1915 3754 Longe

254 3795 291 3836 a
317 3780 517 3835 salute
533 3793 661 3833 mea
679 3777 859 3833 verba
884 3777 1227 3832 delictorum
1250 3787 1549 3843 meorum;
1576 3775 1633 3828 id
1654 3780 1762 3839 est,
1789 3774 1914 3829 haec

253 3869 441 3924 verba
458 3866 807 3921 dilectorum
832 3881 1103 3920 meorum
1134 3871 1291 3926 sunt,
1320 3872 1372 3917 et
1399 3864 1574 3933 longe
1596 3864 1674 3918 ab
1702 3863 1800 3917 illa
1824 3879 1915 3918 sa-

252 3957 376 4013 lute
436 3972 572 4011 mea
624 3961 780 4020 sunt,
813 3971 997 4026 quam
1033 3953 1175 4008 mihi
1208 3969 1325 4007 non
1365 3951 1601 4016 Veteris,
1635 3952 1737 4006 sed
1770 3951 1913 4006 Novi

255 4045 616 4101 Testamenti
642 4045 830 4114 gratia
860 4044 1189 4115 pollicetur.
1222 4044 1579 4113 Quanquam
1620 4042 1797 4096 etiam
1833 4041 1916 4095 sic

256 4134 545 4203 distingui
568 4139 775 4204 potest,
794 4131 945 4187 Deus
960 4146 1119 4187 meus
1142 4130 1294 4185 Deus
1309 4146 1490 4195 meus,
1508 4130 1793 4200 respicein
1808 4145 1917 4199 me;

256 4239 445 4297 quare
459 4222 928 4293 medereliquisli
954 4222 1120 4291 longe
1142 4236 1178 4276 a
1205 4222 1399 4276 salute
1416 4234 1543 4275 mea
1570 4218 1597 4273 Ὺ
1629 4225 1914 4290 tanquam

256 4312 917 4383 diceret,Relinquendo
940 4326 1050 4375 me,
1074 4311 1186 4365 hoc
1211 4316 1318 4373 est,
1336 4325 1451 4365 non
1476 4324 1568 4363 me
1596 4308 1919 4363 exaudien-

257 4404 359 4466 do,
375 4402 552 4471 longe
573 4400 761 4456 factus
783 4417 845 4454 es
862 4400 1096 4455 asalute
1126 4415 1278 4464 mea,
1300 4397 1579 4468 prmsenti
1596 4397 1918 4452 scilicetsa-

258 4491 491 4562 lutehuj
504 4490 720 4544 usvitae
749 4490 1006 4544 :utalius
1022 4489 1345 4551 sensussit,
1370 4488 1544 4543 verba
1566 4487 1914 4541 delictorum

261 4596 546 4643 meorum,
571 4580 630 4633 id
650 4583 756 4643 est,
783 4578 891 4633 ista
904 4593 1040 4648 qua:
1054 4576 1197 4641 dixi,
1224 4576 1402 4631 verba
1417 4576 1916 4631 suntdilectorum

261 4686 558 4733 meorum,
588 4668 728 4741 quia
754 4669 933 4723 verba
950 4666 1434 4727 suntcarnalium
1461 4665 1915 4721 desideriorum.

333 4762 421 4815 18.
460 4762 592 4814 Hmc
631 4773 701 4813 ex
734 4773 990 4829 persona
1026 4756 1118 4811 sui
1150 4756 1417 4827 corporis
1458 4755 1720 4811 Christus
1756 4753 1916 4819 dicit,

263 4849 424 4921 quod
453 4853 542 4903 est
569 4846 991 4903 Ecclesia.Haec
1012 4862 1083 4900 ex
1113 4860 1367 4916 persona
1389 4843 1531 4899 dicit
1559 4844 1918 4899 infirmitatis

261 4938 463 4993 carnis
490 4937 739 5009 peccati,
776 4951 961 5006 quam
995 4934 1436 5002 transfiguravit
1472 4933 1531 4988 in
1569 4948 1701 4987 eam
1734 4948 1919 5003 quam

260 5027 523 5099 sumpsit
552 5042 620 5081 ex
656 5025 915 5095 Virgine,
951 5023 1400 5078 similitudinem
1432 5022 1628 5077 carnis
1657 5020 1911 5092 peccati.

263 5120 392 5172 Haec
410 5119 679 5187 Sponsus
703 5130 773 5169 ex
800 5129 1058 5185 persona
1086 5128 1324 5184 sponsa:
1344 5110 1780 5184 loquitur,quia
1800 5111 1927 5164 uni-

262 5208 349 5262 vit
379 5222 514 5261 eam
556 5204 667 5258 sibi
704 5203 970 5274 quodam
1019 5202 1219 5256 modo.
1258 5204 1319 5255 Et
1349 5200 1512 5271 apud
1542 5200 1784 5267 Isaiam,
1821 5199 1922 5254 ubi

264 5296 428 5359 dicit,
458 5294 625 5349 Sicut
654 5308 867 5361 sponso
898 5290 1174 5361 alligavit
1218 5289 1364 5345 mihi
1396 5289 1655 5350 mitram,
1691 5293 1743 5344 et
1774 5289 1923 5343 sicut

264 5399 541 5454 sponsam
573 5382 808 5437 ornavit
832 5397 921 5437 me
950 5386 1297 5436 ornamento
1326 5379 1485 5449 (Isai.
1514 5396 1623 5445 LXI,
1650 5380 1764 5449 10):
1786 5380 1923 5433 alli-

265 5474 431 5544 gavit
462 5472 629 5540 mihi,
662 5479 717 5527 et
746 5471 982 5527 ornavit
1007 5486 1115 5534 me,
1153 5476 1441 5541 tanquam
1470 5469 1643 5523 unius
1675 5484 1780 5522 vox
1812 5472 1920 5532 est,

264 5569 322 5621 et
363 5568 567 5619 tamen
598 5578 888 5633 sponsum
916 5569 970 5615 et
995 5576 1281 5631 sponsam
1323 5558 1612 5613 Christum
1648 5557 1925 5626 intelligi-

335 5676 349 5702 ί
376 5673 508 5726 Mss.
543 5670 700 5725 Corb.
743 5671 939 5736 aliique
962 5669 1224 5727 nonnulli,
1247 5683 1398 5719 carne
1417 5672 1585 5717 autem
1618 5666 1712 5730 legi
1730 5666 1921 5729 peccati

272 5736 359 5787 cui
394 5736 598 5787 obedire
631 5739 783 5785 vetat.

1503 164 2007 230 EPISTOLABUM
2048 160 2343 229 CLASSlS
2379 162 2473 231 Ill.

3552 170 3677 233 546

2019 317 2152 357 mus
2190 305 2245 357 et
2276 300 2617 356 Ecclesiam.
2654 299 2786 366 Sed,
2821 307 2997 358 erunt
3037 300 3154 359 duo
3197 302 3260 357 in
3291 317 3473 359 carne
3508 318 3671 372 una;

2017 399 2453 447 sacramentum
2484 407 2787 460 magnum,
2818 390 2960 445 dicit
2984 392 3324 461 Apostolus,
3350 393 3413 447 in
3443 392 3672 449 Christo

2018 486 2069 535 et
2102 481 2163 535 in
2191 480 2456 536 Ecclesia
2485 481 2664 550 (Eph.
2696 497 2750 545 v,
2784 481 2871 543 31,
2896 482 2984 539 32)
3005 482 3218 550 :igitur
3244 497 3361 536 non
3379 483 3506 551 jam
3530 482 3668 546 duo,

2015 571 2117 625 sed
2148 586 2267 625 una
2300 584 2439 625 caro
2461 570 2701 639 (Matth.
2727 569 3011 639 nx,6).Si
3043 585 3184 638 ergo
3211 586 3349 625 caro
3382 586 3673 641 nna,pro-

2018 658 2169 714 fecto
2197 663 2601 729 competenter
2627 658 2807 714 etiam
2837 674 2950 713 vox
2975 675 3116 713 una.
3134 659 3283 723 Quid
3311 658 3407 713 hic
3430 659 3670 731 quieris,

2016 748 2286 803 humana
2332 747 2665 811 inﬁrmitas,
2714 763 2919 803 vocem
2966 748 3138 802 Verbi
3170 764 3273 818 per
3310 748 3475 819 quod
3518 748 3674 802 facta

2019 842 2158 893 sunt
2186 837 2437 893 omnia?
2469 837 2618 892 Audi
2651 837 2853 909 potius
2886 853 3090 892 vocem
3124 838 3317 892 carnis
3348 852 3482 907 quae
3516 838 3673 892 facta

2017 933 2106 983 est
2135 927 2286 982 inter
2306 928 2539 997 omnia;
2560 928 2847 998 quoniam
2880 925 3127 983 Verbum
3154 941 3294 982 caro
3319 927 3541 995 factum
3565 932 3670 991 est,

2018 1023 2071 1073 et
2103 1016 2389 1073 habitavit
2418 1017 2478 1071 in
2506 1016 2858 1071 nobis.Audi
2887 1016 3081 1087 potius
3105 1014 3415 1071 medicinae
3443 1030 3670 1080 vocem,

2016 1122 2139 1177 qua
2168 1107 2398 1161 sanaris
2430 1110 2491 1160 ut
2522 1106 2727 1161 videas
2762 1106 2966 1171 Deum,
2996 1121 3177 1177 quem
3212 1103 3312 1159 tibi
3345 1103 3673 1159 videndum

2018 1194 2280 1261 distulit;
2312 1194 2618 1249 hominem
2654 1199 2855 1249 autem
2892 1193 3218 1248 videndum
3261 1192 3472 1261 attulit,
3516 1192 3670 1248 occi-

2018 1284 2286 1339 dendum
2328 1283 2558 1347 obtulit,
2596 1283 2956 1338 imitandum
3006 1282 3270 1346 contulit,
3303 1282 3671 1336 credendum

2019 1374 2336 1440 transtulit,
2374 1378 2435 1427 ut
2462 1376 2571 1427 ista
2615 1372 2730 1427 fide
2764 1372 2842 1426 ad
2878 1372 3199 1425 videndum
3238 1370 3424 1425 Deum
3458 1371 3674 1425 mentis

2019 1464 2228 1517 oculus
2280 1466 2608 1517 sanaretur.
2650 1461 2801 1526 Quid
2847 1476 2988 1529 ergo
3037 1460 3439 1527 dedignamur
3469 1460 3676 1514 audire

2022 1568 2229 1607 vocem
2258 1552 2524 1622 corporis
2554 1567 2620 1606 ex
2650 1566 2749 1605 ore
2781 1549 3031 1619 capitis?
3066 1550 3321 1603 Ecclesia
3351 1549 3410 1603 in
3442 1548 3539 1603 illo
3571 1564 3675 1619 pa—

2021 1642 2295 1705 tiebatur,
2329 1640 2575 1711 quando
2623 1654 2731 1711 pro
2782 1638 3039 1693 Ecclesia
3084 1638 3424 1709 patiebatur
3470 1653 3483 1691 :
3529 1638 3680 1691 sicut

2019 1732 2196 1787 etiam
2228 1730 2287 1785 in
2318 1728 2573 1784 Ecclesia
2606 1728 2945 1799 patiebatur
2977 1728 3126 1799 ipse,
3160 1726 3407 1798 quando
3440 1742 3547 1797 pro
3578 1725 3677 1781 illo

2022 1820 2276 1875 Ecclesia
2305 1820 2657 1890 patiebatur.
2688 1819 2833 1873 Nam
2859 1817 3012 1871 sicut
3034 1816 3375 1871 audivimus
3408 1814 3677 1869 Ecclesiae

2022 1926 2230 1965 vocem
2270 1910 2329 1963 in
2363 1908 2590 1963 Christo
2622 1907 2917 1977 patientis,
2949 1907 3121 1970 Deus,
3160 1907 3312 1960 Deus
3345 1920 3524 1969 meus,
3561 1918 3678 1959 res-

2020 2000 2170 2068 pice,
2209 2003 2343 2064 etc.,
2384 1997 2466 2051 sic
2503 1995 2681 2050 etiam
2724 1995 3069 2050 audivimus
3113 1994 3323 2048 Christi
3368 2008 3579 2047 vocem
3617 1992 3676 2046 in

2022 2088 2283 2143 Ecclesia
2308 2084 2606 2158 patientis,
2635 2084 2847 2151 Saule,
2870 2084 3071 2148 Saule,
3089 2082 3232 2154 quid
3260 2096 3348 2137 me
3374 2095 3680 2151 perseque-

2022 2178 2106 2233 ris
2136 2178 2291 2248 (Act.
2328 2194 2403 2243 ix,
2436 2178 2514 2247 4).

2094 2294 2323 2350 CAPUT
2364 2294 2475 2348 Vll.
2510 2324 2574 2333 -—
2615 2292 2764 2347 Cum
2808 2290 3010 2362 itaque
3053 2303 3171 2343 non
3213 2286 3570 2341 exaudimur
3600 2284 3677 2339 ad

2022 2384 2373 2456 temporalia
2391 2384 2550 2437 bona
2573 2381 2881 2436 retinenda
2896 2378 2982 2433 vel
3005 2376 3416 2448 adipiscenda,
3430 2373 3678 2447 quando

2023 2488 2132 2544 pro
2176 2472 2267 2526 his
2310 2472 2705 2543 deprecamur
2739 2468 2947 2532 Deum,
2988 2468 3045 2521 in
3096 2481 3166 2521 eo
3197 2464 3362 2536 quod
3403 2479 3513 2519 nos
3557 2477 3680 2518 non

2024 2563 2283 2627 exaudit,
2317 2560 2673 2632 derelinquit
2700 2574 2810 2613 nos
2837 2574 2849 2611 :
2872 2556 2977 2611 sed
3006 2555 3082 2610 ad
3115 2556 3367 2624 potiora,
3391 2568 3527 2625 quae
3556 2550 3681 2606 vult

2023 2657 2085 2707 ut
2116 2650 2541 2719 intelligamus,
2561 2652 2619 2703 et
2649 2646 3060 2719 praeferamus,
3081 2651 3135 2699 et
3155 2642 3675 2713 concupiscamus,

2022 2758 2140 2795 non
2172 2756 2280 2795 nos
2313 2739 2688 2810 derelinquit.
2718 2737 2880 2792 Unde
2905 2734 3173 2805 sequitur
3200 2732 3491 2793 Psalmus,
3514 2735 3569 2785 et
3598 2730 3680 2784 di-

2022 2831 2119 2895 cit,
2156 2829 2431 2885 Clamavi
2474 2828 2553 2883 ad
2596 2833 2647 2882 te
2679 2842 2788 2895 per
2816 2824 2990 2888 diem,
3033 2838 3139 2878 nec
3180 2820 3461 2877 exaudies
3489 2819 3680 2889 (Psal.

2023 2935 2140 2983 xxx,
2177 2922 2265 2987 3);
2301 2924 2353 2973 et
2381 2924 2577 2979 nocte;
2612 2916 2785 2969 etiam
2819 2913 2915 2967 hic
2948 2910 3331 2974 subauditur,
3366 2924 3472 2964 nec
3498 2922 3679 2963 exau-

2022 3009 2162 3065 dies.
2196 3008 2307 3064 Sed
2340 3007 2473 3061 vide
2506 3004 2651 3077 quid
2684 3001 2957 3073 adjungit
3000 3022 3011 3053 :
3053 3004 3106 3055 et
3138 3014 3256 3053 non
3288 2999 3369 3053 ad
3398 2997 3682 3065 insipien-

2024 3099 2165 3154 tiam
2190 3097 2355 3152 mihi.
2394 3095 2513 3149 Hoc
2541 3108 2682 3163 ergo
2713 3092 2853 3146 dicit
2886 3107 2898 3143 :
2930 3092 3054 3145 Non
3090 3104 3183 3142 me
3224 3086 3467 3158 quidem
3500 3100 3683 3140 exau-

1986 3188 2147 3243 rdies
2179 3188 2539 3242 clamantem
2561 3199 2663 3254 per
2688 3181 2869 3245 diem,
2886 3179 2941 3233 id
2962 3185 3051 3233 est
3079 3177 3136 3231 in
3160 3177 3334 3231 rebus
3359 3173 3682 3247 prosperis,

2025 3282 2087 3331 ut
2128 3292 2229 3331 eas
2286 3290 2406 3330 non
2458 3274 2771 3337 amittam;
2829 3274 2887 3324 et
2920 3271 3113 3333 nocte,
3155 3264 3214 3319 id
3265 3270 3352 3319 est
3407 3264 3465 3317 in
3504 3262 3682 3317 rebus

2025 3367 2313 3431 adversis,
2351 3372 2411 3421 ut
2445 3379 2730 3437 prospera
2758 3378 2893 3433 quae
2935 3359 3163 3414 amissa
3194 3362 3353 3420 sunt,
3386 3355 3633 3409 redeant
3666 3370 3679 3407 :

2027 3474 2235 3512 verum
2266 3458 2381 3511 hoc
2414 3455 2557 3509 mihi
2600 3468 2719 3508 non
2768 3452 2845 3505 ad
2878 3446 3283 3519 insipientiam
3332 3444 3551 3509 facies;
3580 3441 3685 3497 sed

2026 3548 2223 3618 potius
2270 3550 2329 3600 ut
2360 3544 2588 3615 sapiam
2630 3541 2773 3613 quid
2811 3539 2938 3609 jam
2985 3552 3090 3608 per
3132 3534 3276 3589 Novi
3320 3530 3677 3587 Testamenti

2026 3638 2274 3706 gratiam
2300 3651 2334 3689 a
2366 3639 2417 3689 te
2444 3626 2969 3703 exspectare,quid
2996 3622 3516 3694 desiderare,quid
3546 3636 3679 3692 pos-

2026 3742 2155 3781 cere
2180 3721 2677 3779 debeam.Clamo
2704 3718 2926 3790 quippe
2959 3730 3069 3784 ego
3096 3718 3159 3767 ut
3186 3712 3329 3766 mihi
3354 3712 3515 3765 bona
3544 3715 3685 3764 tem-

2026 3814 2251 3887 poralia
2279 3828 2399 3867 non
2427 3810 2773 3866 auferantur
2807 3823 2818 3861 :
2853 3807 2937 3860 Tu
2963 3809 3159 3860 autem
3190 3802 3252 3855 in
3283 3806 3488 3854 sancto
3518 3798 3690 3854 habi-

2026 3912 2134 3968 tas,
2186 3904 2318 3958 laus
2370 3900 2604 3967 Israel;
2636 3896 2813 3969 (Ibid.
2864 3896 2941 3964 4).
2996 3891 3140 3948 Nolo
3182 3893 3245 3944 ut
3299 3888 3685 3958 derelinquas

2026 3990 2575 4063 concupiscentiam
2611 4002 2831 4049 meam,
2864 3998 2983 4056 qua
3016 3978 3315 4036 carnalem
3346 3976 3683 4031 felicitatem

2027 4081 2286 4155 requiro.
2322 4082 2531 4135 Verum
2560 4078 2685 4132 haec
2724 4080 2811 4129 est
2842 4073 2903 4127 in
2938 4070 3219 4126 sordibus
3262 4065 3589 4130 vetustatis,
3625 4069 3686 4120 tu

2027 4178 2163 4228 ante
2173 4188 2225 4225 m
2241 4169 2459 4243 quaeris
2474 4166 2830 4222 munditiam
2849 4161 3120 4218 novitatis
3140 4177 3153 4226 ;
3171 4172 3289 4213 non
3304 4154 3686 4211 exaudiendo

2028 4262 2202 4315 istam
2247 4257 2633 4330 cupiditatem
2679 4252 2983 4323 relinquis,
3030 4248 3174 4321 quia
3227 4247 3577 4301 charitatem
3628 4243 3687 4297 in

2028 4366 2152 4421 qua
2206 4348 2459 4411 habites,
2499 4343 2749 4415 requiris
2806 4358 2817 4395 :
2875 4338 3134 4394 charitas
3174 4341 3374 4391 autem
3421 4333 3521 4386 Dei
3569 4331 3689 4386 dif-

2029 4439 2297 4493 funditur
2314 4437 2371 4490 in
2390 4434 2671 4490 cordibus
2698 4428 2941 4492 nostris,
2961 4427 3063 4481 sed
3090 4440 3196 4496 per
3220 4422 3503 4493 Spiritum
3519 4434 3689 4474 sanc-

2028 4534 2155 4582 tum
2178 4526 2279 4598 qui
2307 4525 2482 4579 datus
2512 4526 2601 4577 est
2629 4518 2803 4574 nobis
2832 4517 3018 4587 (Rom.
3038 4530 3093 4578 v,
3115 4514 3194 4582 5).
3228 4511 3363 4565 Ideo
3384 4509 3446 4564 in
3478 4514 3685 4598 sancto

2032 4596 2262 4672 habitas
2291 4616 2423 4669 laus
2447 4611 2635 4667 Israel
2659 4626 2672 4674 ;
2695 4608 2826 4663 laus
2855 4604 3182 4660 videntium
3211 4606 3285 4667 te,
3309 4600 3451 4672 quia
3474 4613 3595 4653 non
3626 4596 3686 4651 in

2030 4722 2090 4760 se
2109 4706 2447 4764 laudantur,
2471 4699 2575 4755 sed
2600 4700 2658 4753 in
2684 4703 2759 4752 te.
2778 4694 2929 4760 Quid
2952 4692 3109 4747 enim
3128 4688 3354 4746 habent
3378 4686 3543 4759 quod
3567 4700 3687 4741 non

2030 4797 2385 4866 acceperunt
2417 4794 2457 4861 (I
2494 4790 2624 4844 Cor.
2665 4803 2742 4850 1v,
2774 4784 2874 4857 7)?
2909 4788 2971 4837 ut
3008 4780 3113 4854 qui
3149 4779 3450 4851 gloriatur,
3486 4776 3544 4831 in
3574 4775 3689 4830 Do-

2033 4886 2195 4939 mino
2229 4881 2511 4952 glorietur
2541 4878 2654 4949 (Id.
2689 4892 2727 4942 ι,
2757 4874 2874 4945 31).
2908 4898 2918 4912 ν

2104 5006 2189 5056 20.
2238 4999 2372 5053 Haec
2416 5002 2503 5053 est
2546 4994 2738 5065 gratia
2786 4991 2930 5048 Novi
2980 4984 3337 5045 Testamenti
3386 4999 3398 5037 :
3442 4994 3583 5036 nam
3628 4976 3689 5032 in

2032 5091 2221 5147 Veteri
2248 5091 2642 5150 Testamento,
2672 5080 2916 5155 quando
2943 5072 3415 5134 commendabas
3450 5066 3690 5123 nonnisi

2034 5196 2069 5236 a
2098 5188 2148 5233 te
2181 5178 2298 5250 peti
2330 5176 2677 5246 sperarique
2708 5170 2923 5223 debere
2955 5166 3137 5221 etiam
3173 5163 3362 5231 ipsam
3394 5163 3689 5211 terrenam

2034 5274 2151 5325 tem
2164 5248 2549 5339 poralemque
2564 5261 2921 5319 felicitatem,
2943 5256 3006 5308 In
3024 5262 3076 5307 te
3091 5253 3477 5339 speraverunt
3490 5248 3692 5314 patres

2036 5335 2254 5425 nostri;
2285 5357 2697 5423 speraverunl,
2731 5354 2784 5401 et
2812 5343 3021 5399 eruisti
3050 5355 3162 5395 eos.
3198 5336 3289 5391 Ad
3320 5342 3373 5391 te
3398 5335 3693 5390 clamave-

2035 5453 2200 5511 runt,
2224 5452 2276 5500 et
2312 5442 2465 5499 salvi
2491 5438 2647 5510 facti
2668 5440 2804 5491 sunt
2828 5451 2847 5499 ,-
2874 5434 2936 5486 in
2968 5435 3020 5486 te
3048 5433 3461 5497 speraverant,
3496 5430 3547 5479 et
3580 5439 3694 5477 non

2035 5543 2171 5592 sunt
2213 5534 2449 5601 confusi
2480 5529 2661 5601 (Psal.
2701 5540 2819 5587 xxx,
2858 5525 2907 5589 ὅ,
2950 5522 3025 5591 6).
3061 5518 3196 5572 lllos
3233 5516 3458 5588 quippe
3494 5518 3693 5587 patres

2035 5627 2184 5681 inter
2214 5621 2489 5679 inimicos
2521 5632 2661 5671 suos
2692 5614 2979 5676 viventes,
2999 5614 3055 5665 et
3085 5606 3305 5662 divitiis
3339 5602 3694 5676 implesti,et

2036 5715 2114 5774 ab
2131 5712 2406 5771 hostibus
2427 5706 2652 5773 eruisti,
2670 5692 3080 5778 gloriosasque
3095 5696 3371 5767 victorias
3392 5697 3694 5767 reportare
