4074 6164
528 198 631 256 547

512 324 738 392 fecisti,
776 330 833 382 et
874 324 948 382 de
976 320 1233 381 diversis
1267 338 1372 379 eos
1413 320 1708 378 mortibus
1754 320 2044 376 liberasti.
2080 322 2186 377 Pro

531 415 647 471 alio
679 415 1000 486 subjecisti,
1030 430 1103 470 ne
1128 413 1416 477 feriretur,
1447 411 1689 467 arietem
1714 410 1883 479 (Gen.
1915 426 2053 475 xxii,
2074 410 2182 481 t3).

533 504 721 559 Alium
753 506 825 559 de
866 504 1179 575 putredine
1212 519 1446 571 sanum,
1475 507 1530 556 et
1568 500 1620 556 ei
1652 500 1838 571 dupla
1867 515 2003 571 quae
2035 499 2181 554 ami-

530 599 686 650 serat
721 593 1029 649 reddidisti
1067 593 1215 664 (Job.
1257 608 1385 659 XLII,
1426 595 1527 655 l0).
1563 590 1755 645 Alium
1796 590 1945 645 inter
1981 588 2185 644 leones

528 682 852 738 esurientes
869 682 1125 738 illaesum
1144 682 1563 752 integrumque
1591 679 1838 734 servasti
1862 678 2040 749 (Dan.
2061 692 2183 745 xiv,

528 771 731 841 30-40).
749 771 1013 827 Aliorum
1029 773 1177 827 inter
1192 770 1470 827 ﬂammas
1484 768 2001 825 deambulantium
2015 772 2186 836 grata

524 875 673 917 voce
715 860 995 917 laudatus
1036 876 1097 914 es
1144 859 1255 930 (Id.
1304 874 1383 924 ιιι,
1429 861 1635 925 23—90).
1680 855 1815 911 Tale
1858 855 2083 928 aliquid
2125 856 2185 910 in

528 949 757 1006 Christo
781 949 1210 1022 exspectabant
1232 948 1359 1003 ﬁeri
1380 947 1590 1011 Judaei,
1607 945 1765 1001 unde
1789 945 2111 1017 probarent
2134 945 2184 999 si

525 1055 659 1095 vere
692 1039 866 1095 Filius
896 1040 993 1094 Dei
1025 1043 1196 1094 esset.
1230 1040 1309 1093 Ex
1340 1052 1546 1093 eorum
1578 1051 1831 1107 persona
1857 1040 1915 1089 et
1944 1034 2005 1088 in
2032 1032 2183 1089 libro

527 1128 845 1201 Sapientiae
872 1128 1086 1183 dicitur
1111 1147 1122 1187 :
1151 1127 1342 1183 Morte
1371 1126 1712 1194 turpissima
1738 1124 2184 1180 condemnemus

527 1220 701 1274 illum
726 1237 747 1275 :
773 1218 883 1275 erit
907 1220 1062 1273 enim
1091 1223 1386 1285 respectus
1411 1217 1473 1270 in
1499 1214 1863 1270 sermonibus
1890 1212 2095 1282 ipsius.
2119 1214 2187 1269 Si

525 1309 679 1365 enim
727 1322 899 1364 verus
933 1308 948 1342 ¹
988 1306 1091 1362 Dei
1130 1306 1323 1361 Fitius
1354 1312 1453 1370 est,
1487 1305 1764 1373 suscipiet
1799 1318 1929 1359 eum
1961 1308 2014 1358 et
2042 1302 2182 1357 libe-

525 1399 683 1454 rabit
716 1413 845 1454 eum
877 1397 949 1453 de
986 1396 1256 1452 manibus
1286 1394 1741 1450 contrariorum.
1775 1394 1938 1455 Hac,
1971 1391 2181 1463 inquit,

526 1488 934 1557 cogitaverunt
982 1489 1033 1541 et
1076 1488 1426 1541 erraverunt
1468 1499 1489 1538 :
1529 1484 1851 1539 excaecauit
1895 1480 2047 1537 enim
2094 1497 2187 1539 eos

525 1576 761 1632 malitia
800 1591 1000 1631 eorum
1042 1573 1207 1643 (Sap.
1238 1589 1292 1638 ιι,
1330 1572 1520 1643 1821).
1548 1570 1933 1626 Attendentes
1957 1569 2182 1642 quippe

524 1669 763 1736 tempus
792 1664 1011 1719 Veteris
1040 1662 1422 1725 Testamenti,
1455 1666 1511 1716 et
1542 1659 1700 1714 illam
1730 1663 1970 1730 patrum
2002 1659 2180 1714 etiam

530 1752 921 1825 temporalem
952 1751 1310 1817 felicitatem,
1342 1750 1400 1805 in
1423 1766 1545 1821 qua
1569 1749 1682 1803 illis
1712 1746 2052 1803 exhibenda
2082 1748 2181 1803 de-

528 1846 879 1898 monstravit
914 1844 1064 1895 Deus
1100 1840 1276 1895 etiam
1321 1839 1458 1894 talia
1505 1838 1668 1893 dona
1712 1853 1819 1892 sua
1858 1852 2004 1905 esse,
2057 1851 2179 1891 non

526 1930 941 2000 videruntjam
968 1944 1095 1984 esse
1129 1934 1364 1998 tempus
1391 1942 1511 1999 quo
1542 1925 1915 1981 revelaturin
1947 1924 2178 1980 Christo

526 2020 691 2077 bona
740 2026 960 2075 aeterna
1000 2017 1237 2090 proprie
1283 2020 1465 2072 Deum
1512 2022 1797 2088 praestare
1833 2015 2031 2086 justis,
2074 2015 2177 2087 qui

526 2110 689 2166 bona
716 2108 1069 2181 temporalia
1092 2113 1331 2179 praestat
1360 2111 1415 2161 et
1445 2106 1667 2177 impiis.

597 2200 817 2253 CAPUT
836 2198 967 2251 Vlll.
982 2228 1050 2235 —
1066 2197 1156 2251 2t.
1176 2194 1438 2266 Denique
1453 2211 1589 2249 cum
1608 2193 1875 2259 dixisset,
1892 2191 1962 2247 In
1981 2199 2033 2249 te
2052 2206 2176 2259 spe-

524 2294 807 2344 raverant
833 2294 1034 2355 patres
1061 2285 1246 2341 nostri
1270 2306 1288 2354 ,-
1314 2291 1716 2354 speraverant,
1741 2289 1792 2339 et
1826 2282 2034 2338 eruisti
2061 2296 2172 2337 eos.

523 2377 621 2432 Ad
651 2382 703 2433 te
730 2377 1159 2440 clamauerunt,
1191 2380 1243 2430 et
1276 2373 1431 2429 salvi
1455 2373 1606 2442 facti
1634 2378 1770 2427 sunt
1810 2394 1829 2442 ,-
1876 2371 1939 2425 in
1981 2376 2034 2426 te
2061 2384 2174 2440 spe-

524 2471 833 2529 raverant,
865 2472 914 2520 et
949 2479 1067 2519 non
1099 2468 1237 2517 sunt
1286 2460 1568 2530 confusi,-
1600 2460 1729 2515 vide
1782 2460 1927 2532 quid
1964 2460 2173 2529 adjun-

523 2556 673 2610 xerit
699 2573 714 2620 ;
744 2556 872 2623 Ego
910 2560 1105 2609 autem
1136 2568 1262 2606 sum
1292 2551 1501 2606 vermis
1550 2557 1601 2605 et
1633 2566 1751 2605 non
1786 2549 1976 2604 homo.
2006 2545 2173 2613 Quod

523 2644 758 2699 videtur
794 2641 1038 2713 quidem
1085 2640 1164 2695 ad
1191 2639 1739 2696 commendandam
1778 2636 2172 2692 humilitatem

525 2731 871 2803 simpliciter
892 2730 1141 2796 dictum,
1171 2734 1233 2784 ut
1263 2745 1324 2784 se
1354 2729 1412 2785 in
1444 2727 1631 2783 oculis
1664 2725 2169 2799 persequentium,

522 2820 993 2891 abjectissimum
1019 2818 1309 2891 quiddam
1361 2823 1417 2873 et
1453 2816 2039 2887 contemptissimum
2070 2814 2175 2869 de-

523 2914 928 2967 monstraret:
984 2908 1089 2965 sed
1140 2924 1261 2964 non
1312 2911 1405 2964 est
1442 2906 1884 2963 contemnenda
1922 2904 2171 2961 altitudo

522 3000 729 3055 secreti
774 2998 1267 3070 profunditasque
1307 2996 1593 3069 mysterii,
1634 2996 1960 3067 praesertim
1988 2994 2048 3049 in
2089 2994 2171 3048 eis

520 3088 739 3153 verbis,
786 3103 921 3160 quas
953 3091 1117 3143 tanto
1158 3085 1448 3141 Salvatori
1479 3085 1539 3140 in
1571 3083 1991 3156 praedicatione
2031 3099 2168 3155 pro-

518 3178 731 3251 phetiae
758 3180 1133 3248 coaptantur.
1169 3175 1366 3230 Dictus
1412 3182 1499 3229 est
1527 3174 1665 3228 hinc
1697 3189 1903 3229 sensus
1934 3173 2170 3242 elegan-

520 3268 772 3323 tissimus
798 3283 834 3322 a
858 3264 1159 3338 prioribus
1192 3264 1292 3335 (a),
1328 3263 1461 3319 ideo
1492 3279 1553 3317 se
1576 3262 1687 3318 hoc
1707 3262 1954 3317 nomine
1977 3262 2166 3317 Chris-

516 3360 644 3412 tum
681 3354 1067 3428 prasnuntiari
1108 3352 1381 3416 voluisse,
1424 3351 1567 3422 quia
1602 3351 1823 3406 vermis
1862 3351 1935 3406 de
1988 3366 2166 3407 carne

519 3446 647 3502 sine
670 3444 991 3501 concubitu
1023 3442 1303 3508 nascitur,
1337 3440 1488 3495 sicut
1516 3439 1610 3494 ille
1644 3445 1817 3494 natus
1843 3445 1933 3495 est
1956 3440 2029 3495 de
2060 3441 2167 3495 vir-

517 3536 675 3605 gine.
716 3533 828 3589 Sed
858 3533 917 3587 in
943 3532 1096 3587 libro
1128 3545 1237 3585 suo
1253 3529 1384 3596 Job,
1418 3545 1557 3584 cum
1589 3528 1662 3584 de
1690 3529 1971 3583 creaturis
1996 3528 2166 3583 caele-

515 3623 705 3678 stibus
732 3622 1075 3693 loqueretur
1095 3617 1259 3691 quod
1290 3617 1346 3673 in
1370 3618 1466 3673 Dei
1507 3623 1831 3689 conspectu
1857 3617 2031 3672 etiam
2064 3616 2161 3671 vix

514 3711 660 3783 ipsa:
692 3710 933 3765 mundte
965 3710 1101 3774 sint,
1134 3708 1367 3775 Quanto
1391 3707 1594 3778 magis,
1618 3706 1830 3777 inquit,
1851 3705 2021 3761 homo
2047 3720 2158 3773 pu-

515 3800 680 3857 tredo
709 3807 759 3855 et
786 3800 949 3869 filius
980 3798 1231 3856 hominis
1258 3798 1468 3854 vermis
1500 3796 1652 3867 (Job.
1680 3812 1814 3859 xxv,
1848 3800 1899 3860 5,
1925 3796 1978 3863 6)
2014 3795 2025 3848 l
2058 3797 2162 3849 Pu-

513 3891 806 3946 tredinem
855 3904 964 3961 pro
996 3887 1351 3944 mortalitate
1382 3886 1595 3957 posuit,
1649 3900 1784 3956 qum
1823 3884 1953 3955 jam
2005 3882 2162 3940 velut

512 3985 869 4051 conceptam
899 3978 1044 4048 gerit
1071 3975 1363 4031 moriendi
1412 3974 1850 4036 necessitatem,
1884 3974 1943 4027 in
1974 3988 2160 4044 quam

512 4068 822 4141 peccando
853 4070 1173 4122 contrusus
1192 4069 1279 4119 est
1306 4064 1490 4118 homo
1534 4079 1547 4129 ;
1579 4068 1633 4118 et
1663 4062 1851 4116 ﬁlium
1896 4061 2159 4116 hominis

510 4172 775 4213 vermem
813 4161 1022 4210 natum
1053 4154 1127 4208 de
1174 4151 1487 4223 putredine
1526 4150 1695 4223 quasi
1736 4154 1992 4221 putrem,
2048 4150 2161 4204 hoc

513 4251 605 4303 est
633 4245 707 4300 de
757 4242 1110 4299 mortalitate
1151 4239 1486 4296 mortalem.
1530 4242 1608 4294 Ac
1656 4254 1758 4310 per
1804 4237 2009 4294 hocin
2070 4238 2162 4293 his

511 4332 745 4398 Psalmi,
769 4332 953 4387 alium
986 4345 1229 4385 sensum
1261 4343 1372 4383 nos
1411 4342 1677 4399 quaerere
1703 4326 2038 4390 admonuit,
2063 4326 2161 4381 illo

509 4422 755 4495 quidem
777 4420 944 4475 salvo
958 4434 1153 4490 neque
1167 4415 1486 4488 reprobato
1515 4432 1525 4470 :
1549 4420 1609 4470 ut
1639 4430 1760 4470 non
1786 4413 1981 4469 solum
1998 4430 2164 4469 scru-

507 4517 705 4568 temur
733 4511 897 4582 quod
919 4509 1019 4573 ait,
1043 4508 1163 4578 Ego
1194 4514 1391 4563 autem
1423 4520 1550 4561 sum
1583 4504 1817 4569 vermis,
1854 4502 1953 4557 sed
1981 4502 2159 4559 etiam

506 4600 653 4657 illud
681 4599 846 4672 quod
876 4597 1124 4665 addidit,
1154 4602 1207 4652 et
1244 4611 1363 4651 non
1392 4595 1562 4651 homo
1594 4611 1607 4657 ;
1651 4591 1985 4649 secundum
2015 4591 2159 4647 illud

507 4689 671 4761 quod
702 4688 776 4743 de
818 4687 971 4742 libro
999 4686 1110 4741 Job
1150 4683 1639 4749 commemoravi,
1677 4688 1969 4753 tanquam
2000 4680 2162 4735 dice-

503 4783 611 4845 ret,
645 4778 767 4847 Ego
797 4782 999 4831 autem
1026 4790 1160 4829 sum
1190 4774 1346 4829 ﬁlius
1375 4772 1654 4837 hominis,
1690 4776 1745 4826 et
1777 4786 1899 4825 non
1926 4770 2108 4825 homo
2142 4784 2155 4824 :

503 4884 626 4924 non
652 4864 817 4939 quod
839 4865 1022 4920 homo
1038 4878 1159 4918 non
1175 4862 1555 4925 sitﬁhristus,
1585 4860 1658 4915 de
1680 4876 1798 4931 quo
1825 4859 2155 4931 dicitApos-

506 4958 680 5023 tolus,
734 4956 892 5013 Unus
924 4956 1006 5010 est
1049 4952 1344 5007 mediator
1396 4951 1503 5005 Dei
1542 4952 1593 5004 et
1648 4948 1951 5005 hominum
1985 4949 2157 5004 homo

505 5048 768 5105 Christus
792 5047 963 5102 Jesus
993 5044 1033 5115 (ι
1067 5042 1212 5097 Tim.
1246 5056 1304 5107 ιι,
1329 5040 1381 5111 5)
1418 5055 1430 5103 ;
1461 5038 1659 5093 omnis
1692 5038 1850 5092 enim
1873 5037 2024 5092 ﬁlius
2054 5037 2157 5093 ho-

503 5138 703 5203 minis,
731 5136 915 5192 homo
946 5140 1069 5201 est;
1096 5130 1200 5187 sed
1223 5130 1299 5186 ad
1332 5128 1659 5200 quemdam
1683 5127 1923 5197 respicit
1942 5142 2154 5181 sensus

504 5228 630 5295 iste,
653 5227 753 5298 qui
776 5227 857 5281 sic
879 5225 1061 5280 homo
1081 5220 1273 5285 fuerit,
1298 5225 1357 5274 ut
1380 5233 1501 5273 non
1515 5220 1674 5272 esset
1697 5214 1846 5269 ﬁlius
1866 5215 2151 5283 hominis,

500 5316 560 5369 id
578 5322 663 5369 est
688 5315 901 5371 Adam.
936 5316 1101 5369 Forte
1128 5324 1270 5381 ergo
1302 5309 1383 5363 sic
1410 5311 1495 5361 est
1529 5305 1777 5370 dictum,
1810 5306 1923 5373 Ego
1955 5310 2151 5360 autem

502 5417 629 5458 sum
668 5406 897 5467 vermis,
932 5410 985 5459 et
1012 5418 1130 5458 non
1165 5400 1354 5463 homo,
1391 5397 1450 5452 id
1490 5401 1595 5460 est,
1625 5410 1735 5464 ego
1764 5400 1961 5449 autem
2014 5410 2152 5449 sum

501 5490 660 5547 ﬁlius
690 5492 975 5558 hominis,
1010 5496 1065 5547 et
1096 5505 1218 5546 non
1248 5489 1429 5544 homo
1462 5503 1474 5542 :
1514 5490 1803 5557 tanquam
1830 5482 2144 5549 diceretur,

566 5670 582 5701 ι
601 5664 753 5723 Edd.,
785 5665 831 5713 si
861 5664 995 5711 enim
1021 5677 1134 5711 vero
1162 5663 1271 5711 Dei.
1296 5664 1419 5711 Mss.
1446 5676 1649 5719 omnes,
1681 5674 1829 5709 verus

562 5737 636 5797 ta)
667 5722 812 5791 Orig.
847 5726 998 5774 hom.
1040 5726 1099 5771 15
1123 5725 1178 5771 in
1208 5725 1352 5781 Luc.,
1383 5729 1437 5773 et
1456 5725 1609 5774 Δηώ.
1642 5725 1697 5774 in
1725 5724 1868 5775 hunc
1885 5722 2018 5786 psal.

1805 189 1867 251 S.
1907 188 2294 252 AUGUSTINI
2330 190 2652 253 EPISCOPI
3785 202 3871 265 5&8

2300 324 2421 392 Ego
2434 328 2636 379 autem
2652 339 2784 379 sum
2802 322 3089 389 Christus,
3114 321 3172 379 in
3186 336 3305 397 quo
3317 336 3525 381 omnes
3538 326 3888 403 viviﬁcantur;

2298 426 2417 467 non
2440 412 2651 483 Adam,
2673 414 2732 468 in
2746 429 2868 485 quo
2884 428 3097 469 omnes
3122 412 3453 469 moriuntur
3470 414 3510 485 (Ι
3534 414 3664 472 Cor.
3692 435 3773 485 xv,
3801 423 3891 493 22).

2367 504 2457 557 22.
2482 506 2562 556 Ac
2583 518 2688 573 per
2714 502 2846 567 hoc,
2872 501 3387 566 homines,discite
3415 518 3517 575 per
3529 506 3763 572 gratiam
3775 510 3896 567 Novi

2296 591 2652 645 Testamenti
2673 590 2801 661 jam
2834 591 3017 647 vitam
3048 591 3471 662 concupiscere
3497 594 3895 665 sempiternam.

2297 678 2449 743 Quid
2480 694 2589 750 pro
2612 695 2833 752 magno
2874 681 2955 735 ita
2992 696 3096 736 vos
3121 679 3297 735 vultis
3327 696 3364 736 a
3389 682 3634 738 Domino
3655 683 3723 739 de
3744 694 3899 745 morte

2294 765 2553 834 liberari,
2595 767 2748 824 sicut
2773 769 3005 825 liberati
3053 774 3191 825 sunt
3218 776 3419 842 patres
3460 771 3654 833 vestri,
3691 776 3900 845 quando

2296 856 2764 913 commendabat
2788 860 2941 913 Deus
2954 858 3134 914 etiam
3151 864 3401 914 terrenae
3419 858 3701 917 felicitatis
3722 868 3902 934 praeter

2297 960 2360 999 se
2388 960 2510 1001 non
2541 962 2673 1002 esse
2695 946 2880 1003 alium
2911 946 3257 1018 largitorem
3283 946 3312 1002 ?
3343 947 3443 1003 llla
3470 948 3707 1005 felicitas
3737 952 3805 1007 ad
3827 968 3903 1009 ve-

2294 1036 2479 1089 terem
2509 1034 2814 1092 hominem
2847 1038 3114 1109 pertinet,
3164 1053 3299 1109 quas
3332 1041 3593 1093 vetustas
3631 1038 3701 1095 ab
3743 1040 3901 1099 Adam

2294 1124 2505 1195 coepit:
2537 1126 2665 1194 Ego
2680 1131 2875 1183 autem
2893 1142 3020 1181 sum
3044 1127 3279 1195 vermis,
3306 1135 3361 1185 et
3379 1143 3494 1183 non
3527 1128 3691 1185 homo
3710 1146 3725 1193 ;
3745 1130 3901 1185 Chris-

2297 1217 2408 1278 tus,
2424 1228 2545 1269 uon
2560 1214 2769 1270 Adam.
2786 1218 2828 1270 A
2851 1217 3028 1271 veteri
3054 1222 3282 1271 veteres
3304 1216 3523 1279 fuistis,
3556 1233 3591 1273 a
3620 1233 3763 1273 novo
3786 1221 3901 1276 novi

2294 1307 2514 1358 estote:
2539 1303 2617 1358 ab
2635 1304 2824 1359 Adam
2840 1305 3138 1373 homines,
3170 1320 3206 1360 a
3232 1304 3463 1360 Christo
3489 1305 3589 1360 ﬁlii
3604 1306 3900 1362 hominum.

2292 1390 2420 1445 Non
2452 1393 2611 1447 enim
2657 1393 2782 1448 sine
2830 1408 3016 1449 causa
3054 1393 3522 1449 familiarissime
3556 1394 3820 1450 Dominus
3854 1397 3900 1451 in

2293 1480 2609 1550 Evangelio
2648 1498 2709 1537 se
2738 1482 2931 1538 ﬁlium
2975 1482 3238 1538 hominis
3270 1483 3512 1553 (Matth.
3562 1499 3696 1549 xvu,
3745 1488 3791 1549 9,
3829 1487 3903 1554 42)

2291 1568 2432 1624 dicit
2454 1572 2645 1640 magis
2674 1586 2859 1643 quam
2892 1572 3197 1627 hominem
3229 1588 3242 1627 :
3272 1587 3383 1627 nec
3397 1572 3527 1628 sine
3547 1574 3787 1628 causain
3808 1572 3902 1629 alio

2292 1658 2550 1728 psalmo,
2575 1660 2879 1727 Homines,
2908 1660 3120 1733 inquit,
3141 1668 3194 1716 et
3210 1662 3491 1730 jumenta
3518 1662 3707 1717 salvos
3731 1662 3899 1726 facies,

2289 1747 2581 1818 Domine;
2607 1748 2756 1804 sicut
2794 1749 3201 1818 multiplicata
3241 1757 3324 1807 est
3355 1750 3755 1807 misericordia
3800 1756 3900 1813 tua,

2294 1837 2462 1893 Deus.
2495 1838 2611 1891 Abs
2628 1841 2683 1893 te
2706 1838 2930 1911 quippe
2943 1840 3125 1895 etiam
3153 1840 3270 1896 ista
3292 1839 3460 1895 salus
3487 1840 3808 1896 hominibus
3827 1840 3899 1911 ju-

2288 1928 2623 1999 mentisque
2654 1929 3014 1983 communis.
3048 1928 3161 1985 Sed
3191 1929 3421 1985 habent
3452 1930 3630 1985 aliam
3660 1930 3897 1985 homines

2287 2017 2421 2071 novi
2436 2032 2543 2087 pro
2551 2018 2740 2088 priam
2759 2018 3076 2088 quamdam
3090 2024 3145 2073 et
3165 2034 3199 2073 a
3211 2018 3231 2088 j
3244 2035 3423 2074 nmen
3434 2024 3626 2075 torum
3638 2018 3898 2075 consortio

2287 2112 2793 2177 separatam,quas
2806 2106 2883 2162 ad
2899 2110 3126 2162 Novum
3141 2108 3387 2179 pertinet
3409 2109 3835 2165 Testamentum
3850 2111 3898 2161 ιε

2285 2195 2509 2250 habent
2537 2196 2785 2251 omnino
2810 2212 2823 2262 ;
2857 2212 3000 2251 nam
3026 2196 3217 2253 deilla
3240 2198 3465 2253 ibidem
3490 2200 3748 2270 sequitur
3769 2204 3817 2253 et
3832 2198 3904 2254 di-

2284 2283 2378 2347 cit,
2407 2284 2555 2339 Filii
2575 2288 2769 2340 autem
2800 2285 3101 2341 hominum
3128 2287 3235 2341 sub
3253 2286 3513 2357 tegmine
3541 2288 3768 2343 alarum
3798 2294 3898 2343 tua-

2282 2388 2416 2428 rum
2449 2375 2791 2441 sperabunt.
2829 2374 3285 2431 Inebriabuntur
3325 2376 3403 2432 ab
3435 2376 3697 2431 ubertate
3728 2376 3896 2431 domus

2284 2465 2418 2528 tuae,
2442 2468 2495 2518 et
2512 2468 2773 2519 torrente
2788 2464 3113 2532 voluptatis
3136 2470 3248 2519 tum
3262 2466 3503 2531 potabis
3519 2481 3629 2520 eos.
3650 2464 3893 2530 Quoniam

2282 2552 2445 2618 apud
2475 2558 2527 2607 te
2565 2559 2646 2607 est
2685 2553 2819 2621 fons
2844 2552 2998 2618 vitm,
3037 2556 3091 2608 et
3118 2552 3182 2608 in
3221 2554 3448 2610 lumine
3480 2561 3576 2609 tuo
3616 2553 3895 2609 videbimus

2287 2641 2483 2696 iumen
2516 2641 2703 2710 (Psat.
2736 2658 2911 2705 xxxv,
2937 2643 3088 2709 7-l0)
3114 2658 3127 2708 ;
3158 2643 3456 2714 posterius
3477 2642 3636 2709 dixit,
3664 2642 3896 2698 Fitiiau-

2283 2735 2393 2784 tem
2423 2730 2748 2796 hominum,
2772 2737 3058 2802 tanquam
3085 2732 3465 2801 distinguens
3486 2732 3565 2787 ab
3592 2730 3897 2787 hominibus

2280 2818 2433 2874 ﬁlioS
2451 2818 2789 2874 hominum.
2817 2823 2878 2874 In
2901 2820 2999 2875 illa
3024 2820 3246 2891 quippe
3266 2821 3545 2877 felicitate
3569 2822 3693 2892 ejus
3723 2820 3895 2875 salutis

2280 2923 2415 2979 quae
2448 2909 2788 2964 communis
2820 2914 2907 2963 est
2934 2909 3281 2964 hominibus
3308 2916 3362 2966 et
3383 2910 3695 2981 jumentis,
3726 2924 3789 2963 eo
3815 2922 3896 2962 no-

2280 2998 2440 3051 mine
2485 2997 2616 3052 illos
2656 2998 2957 3070 appellare
2988 2998 3192 3064 voluit,
3227 3014 3349 3071 quo
3380 3001 3894 3056 demonstrarentur

2278 3086 2354 3141 ad
2380 3085 2547 3141 illum
2575 3086 2833 3157 primum
2852 3087 3154 3142 hominem
3181 3088 3497 3158 pertinere,
3526 3103 3646 3161 quo
3672 3090 3893 3142 vetustas

2277 3175 2456 3246 cmpit
2476 3180 2533 3231 et
2560 3191 2745 3241 mors,
2777 3175 2975 3248 quisic
2992 3175 3098 3231 fuit
3124 3176 3328 3241 homo,
3364 3184 3432 3232 ut
3458 3194 3579 3233 non
3597 3181 3743 3232 esset
3767 3174 3894 3229 ﬁlius

2276 3264 2563 3319 hominis.
2606 3266 2732 3319 [stis
2780 3271 2980 3319 autem
3032 3266 3485 3335 posterioribus,
3537 3266 3637 3339 qui
3687 3266 3893 3336 sperant

2276 3352 2458 3408 aliam
2490 3353 2848 3419 felicitatem,
2883 3360 2940 3408 et
2958 3353 3133 3408 fontis
3162 3355 3294 3410 vitas
3326 3355 3693 3411 ineffabilem
3722 3351 3892 3422 volup

2274 3447 2476 3505 tatem,
2511 3447 2565 3497 et
2608 3442 2951 3513 sempiterni
2994 3441 3239 3497 luminis
3284 3443 3514 3506 lumen,
3564 3444 3674 3499 hoc
3703 3454 3889 3497 nomen

2274 3530 2717 3602 imposuit,quo
2740 3548 2799 3585 se
2826 3530 3177 3587 familiarius
3203 3532 3495 3604 appellari
3520 3532 3699 3589 voluit
3724 3526 3889 3586 Domi-

2274 3635 2388 3675 nus
2411 3636 2616 3675 eorum
2646 3620 2702 3674 in
2730 3635 2884 3691 quos
2912 3620 3040 3675 talis
3068 3622 3257 3691 gratia
3282 3621 3548 3678 revelata
3577 3626 3681 3686 est,
3701 3631 3889 3689 eosque

2272 3706 2426 3763 ﬁlios
2464 3707 2782 3764 hominum
2813 3709 3009 3779 potius
3044 3725 3230 3781 quam
3268 3710 3548 3766 homines
3587 3706 3887 3781 appellavit.

2343 3799 2430 3853 23.
2460 3800 2585 3853 Non
2601 3802 2798 3852 autem
2818 3798 3119 3853 existimes
3136 3798 3640 3870 quasilocutionis
3654 3795 3886 3867 regulam

2270 3884 2370 3955 ﬁgi
2402 3892 2688 3957 perpetua
2718 3887 2846 3957 lege
2862 3886 3242 3952 servandam,
3278 3893 3341 3943 ut
3370 3888 3730 3959 ubicumque
3757 3884 3886 3952 lege-

2270 3976 2350 4030 ris
2396 3974 2680 4040 homines,
2706 3981 2807 4030 aut
2852 3976 3013 4043 ﬁlios
3044 3976 3369 4041 hominum,
3404 3978 3733 4033 secundum
3757 3974 3886 4028 hanc

2268 4064 2710 4120 distinctionem
2751 4079 2989 4135 semper
3019 4065 3313 4135 intelligas
3349 4082 3360 4121 :
3392 4068 3498 4122 sed
3522 4071 3585 4122 ut
3610 4081 3669 4121 se
3696 4062 3886 4119 habueo

2268 4152 2343 4208 rit
2382 4154 2824 4207 circumstantia
2852 4152 3138 4219 lectionis,
3183 4155 3342 4210 unde
3383 4171 3618 4220 sensus,
3663 4154 3707 4208 si
3734 4152 3883 4224 patet,

2269 4241 2573 4306 hauritur;
2608 4241 2655 4295 si
2681 4240 2841 4307 latet,
2864 4241 3106 4296 eruitur.
3134 4241 3294 4298 Sicut
3324 4243 3382 4298 in
3401 4242 3518 4299 hoc
3548 4243 3675 4299 loco
3705 4234 3887 4312 psalmi

2270 4330 2471 4400 hujus,
2525 4346 2709 4402 quem
2760 4346 2880 4385 non
2917 4336 3156 4386 moveat
3192 4330 3592 4387 distinctionis
3621 4323 3886 4386 intentio?

2270 4435 2408 4475 cum
2437 4419 2533 4474 ille
2556 4419 2923 4489 quidixerat,
2940 4420 3007 4475 In
3033 4425 3086 4476 te
3105 4429 3496 4489 speraverant
3520 4426 3711 4491 patres
3724 4413 3884 4471 nostri

2270 4514 2324 4565 et
2364 4508 2571 4565 eruisti
2619 4523 2732 4563 eos.
2774 4509 2873 4563 Ad
2906 4514 2959 4564 te
3003 4510 3437 4575 clamauerunt,
3483 4517 3537 4567 et
3575 4508 3723 4565 salvi
3756 4500 3885 4574 facti

2268 4604 2407 4653 sunt
2436 4610 2459 4667 ,'
2490 4600 2550 4653 in
2584 4604 2638 4653 te
2666 4607 3079 4666 speraverant,
3121 4604 3174 4655 et
3194 4615 3312 4654 non
3335 4606 3474 4655 sunt
3505 4596 3746 4668 confusi,
3770 4590 3883 4647 sub-

2264 4687 2482 4757 jungit,
2510 4686 2639 4755 Ego
2665 4692 2860 4743 autem
2885 4701 2907 4742 .·
2937 4702 3057 4741 non
3087 4686 3247 4742 enim
3275 4687 3360 4742 ait
3390 4687 3498 4754 sic,
3524 4690 3587 4743 Et
3615 4699 3747 4757 ego;
3777 4678 3881 4745 Sed,

2266 4776 2393 4845 Ego
2427 4782 2644 4831 autem.
2676 4776 2826 4840 Quid
2855 4790 2995 4845 ergo
3037 4775 3145 4831 iste
3196 4776 3300 4847 qui
3336 4792 3398 4831 se
3427 4777 3509 4832 ita
3556 4763 3884 4843 distinguit?

2266 4864 2393 4934 Ego
2406 4868 2593 4921 autem
2606 4880 2734 4920 sum
2749 4864 2977 4935 vermis,
2995 4864 3204 4937 inquit,
3220 4872 3271 4920 et
3296 4881 3414 4921 non
3443 4864 3607 4921 homo
3626 4868 3880 4932 tanquam

2266 4953 2382 5008 illis
2422 4969 2577 5025 quos
2618 4954 2934 5017 exaudisti,
2968 4958 3024 5008 et
3050 4954 3269 5016 eruisti,
3304 4970 3438 5010 eam
3461 4947 3878 5009 commendatos

2265 5041 2598 5098 felicitatem
2630 5059 2765 5115 quae
2798 5042 2874 5097 ad
2915 5041 3092 5096 Vetus
3117 5043 3418 5114 pertinens
3445 5034 3874 5099 Testamentum,

2263 5132 2494 5188 homini
2526 5134 2701 5187 veteri
2732 5130 3045 5188 tribuenda
3072 5137 3247 5197 esset,
3273 5133 3566 5205 quiccnpit
3593 5130 3665 5186 ab
3688 5126 3871 5185 Adam.

2262 5222 2383 5292 Ego
2414 5228 2611 5278 autem
2632 5237 2756 5277 sum
2784 5221 2994 5277 vermis
3017 5242 3036 5291 ,-
3066 5221 3179 5276 hoc
3204 5228 3291 5277 est
3314 5222 3464 5276 ﬁlius
3486 5216 3751 5278 hominis,
3770 5223 3873 5268 non

2259 5311 2465 5379 homo,
2498 5311 2647 5365 sicut
2675 5311 2767 5365 ille
2798 5312 2981 5365 homo
3002 5310 3104 5382 qui
3135 5326 3257 5365 non
3288 5310 3393 5365 fuit
3427 5310 3583 5365 ﬁlius
3625 5300 3870 5361 hominis.

2331 5404 2550 5457 CAPUT
2586 5402 2670 5457 1X.
2704 5433 2773 5442 —
2794 5405 2880 5456 24.
2911 5402 3227 5473 Acperhoc
3254 5400 3486 5472 etquod
3501 5391 3870 5471 sequitur,0p-

2254 5490 2564 5561 probrium
2594 5490 2917 5552 hominum.
2950 5497 3001 5546 et
3029 5490 3277 5559 abjectio
3302 5489 3507 5558 plebis.
3552 5487 3745 5543 Omnes
3784 5474 3870 5549 qui

2258 5580 2699 5648 conspiciebant
2727 5594 2833 5645 me,
2872 5579 3311 5636 subsannabant
3341 5594 3443 5644 me,
3476 5585 3529 5634 et
3559 5572 3729 5634 locuti
3745 5569 3861 5626 sunt

2320 5724 2331 5751 ¹
2364 5721 2459 5771 Ms.
2483 5721 2654 5781 Corb.,
2691 5721 3102 5773 Sacramentum.
