4074 6164
240 178 351 242 549

223 308 423 378 labiis,
454 315 505 363 et
526 312 1050 376 moveruntcaput.
1084 306 1354 377 Speravit
1379 310 1442 365 in
1463 311 1671 378 Deum,
1703 318 1875 368 eruat

215 413 371 463 eum,
405 400 638 454 salvum
666 396 850 467 faciat
900 411 1048 462 eum,
1100 399 1374 469 quoniam
1407 402 1533 455 vult
1564 416 1713 457 eum.
1751 401 1871 457 Hoc

219 488 279 541 in
307 487 501 551 labiis,
544 502 665 542 non
694 486 751 540 in
780 486 958 541 corde
1004 485 1299 552 dixerunt,
1334 488 1675 545 insultando
1707 491 1871 561 quod

208 591 336 631 non
369 577 553 641 ﬁeret,
589 590 710 630 non
730 575 1029 630 credendo
1043 575 1206 647 quod
1236 576 1500 633 futurum
1530 584 1705 634 esset.
1739 582 1872 634 Fac-

208 669 341 719 tum
373 672 461 719 est
489 656 689 720 autem
726 670 782 719 et
811 664 945 730 hoc,
982 667 1088 719 sed
1119 667 1271 720 sicut
1309 666 1431 721 ﬁeri
1464 669 1782 738 oportebat
1808 670 1870 724 in

206 753 335 809 ﬁlio
362 753 645 819 hominis,
672 754 731 809 in
758 770 879 825 quo
901 769 1038 826 spes
1074 760 1310 810 aeternae
1337 755 1472 811 vitae
1492 758 1682 812 fuerat
1709 773 1867 812 reve-

206 841 393 898 landa
420 843 495 898 ad
511 846 738 898 Novum
754 842 1056 914 pertinens
1080 844 1547 911 Testamentum,
1565 862 1684 902 non
1719 848 1870 904 sicut

204 931 290 986 illi
318 931 751 1003 exspectabant
782 947 796 997 ;
832 936 887 986 et
914 932 1056 1003 quia
1086 931 1209 986 ﬁeri
1241 948 1358 987 non
1399 934 1703 1002 videbant,
1732 952 1869 1008 per-

207 1020 469 1077 tinentes
488 1021 565 1076 ad
587 1021 1031 1076 Testamentum
1058 1022 1228 1076 Vetus
1255 1026 1311 1076 et
1330 1023 1638 1079 hominem
1666 1026 1725 1080 in
1747 1041 1870 1097 quo

206 1125 425 1165 omnes
462 1112 818 1175 moriuntur,
870 1125 993 1164 non
1022 1110 1097 1165 ad
1140 1110 1327 1166 ﬁlium
1368 1112 1627 1170 hominis
1660 1116 1717 1170 in
1747 1131 1868 1186 quo

207 1214 426 1254 omnes
456 1199 939 1254 viviﬁcabuntur.
967 1201 1205 1254 Mortem
1225 1202 1448 1272 quippe
1473 1203 1665 1257 intulit
1686 1205 1867 1259 homo

206 1288 317 1343 sibi
372 1289 620 1360 ﬁlioque
650 1282 911 1343 hominis
957 1306 969 1342 :
1019 1290 1198 1343 vitam
1234 1305 1375 1344 vero
1417 1292 1610 1346 attulit
1638 1292 1869 1348 homini

208 1377 479 1433 moriens
510 1384 567 1434 et
612 1394 930 1446 resurgens
961 1376 1137 1431 Filius
1167 1378 1446 1444 hominis,
1474 1383 1866 1453 opprobrium

202 1467 531 1523 hominum
562 1473 617 1522 et
647 1465 898 1537 abjcctio
921 1467 1110 1538 plebis
1127 1484 1317 1539 usque
1348 1468 1423 1523 ad
1445 1478 1719 1525 mortem.
1751 1474 1868 1527 Hoc

203 1556 375 1612 enim
408 1559 422 1592 ί
455 1556 643 1612 voluit
681 1558 801 1627 pati
834 1557 892 1609 in
945 1563 1264 1627 conspectu
1297 1557 1698 1627 inimicorum,
1744 1577 1868 1633 quo

203 1662 345 1701 eum
382 1652 672 1716 tanquam
696 1645 1046 1699 derelictum
1077 1652 1374 1716 putarent,
1406 1654 1462 1702 ut
1489 1650 1678 1718 gratia
1710 1666 1869 1704 com-

203 1736 601 1790 mendaretur
613 1734 756 1790 Novi
770 1736 1153 1803 Testamenti,
1170 1752 1292 1807 qua
1305 1736 1672 1793 disceremus
1688 1738 1866 1795 aliam

202 1839 481 1893 quaerere
526 1822 882 1888 felicitatem,
925 1840 1058 1895 quae
1092 1840 1251 1880 nunc
1281 1832 1371 1880 est
1401 1826 1460 1881 in
1488 1827 1624 1898 ﬁde,
1661 1836 1869 1899 postea

204 1930 354 1968 vero
374 1914 554 1969 eritin
587 1913 803 1985 specie.
832 1914 1123 1979 Quamdiu
1142 1914 1293 1971 enim
1307 1932 1510 1971 sumus
1539 1917 1601 1971 in
1626 1934 1870 1987 corpore

203 2003 289 2057 ait
319 2004 665 2074 Apostulus,
692 2004 1137 2074 peregrinamur
1166 2019 1202 2059 a
1232 2006 1483 2061 Domino
1512 2021 1536 2061 .’
1564 2022 1671 2075 per
1695 2008 1869 2076 ﬁdem

203 2092 367 2147 enim
394 2092 786 2161 ambulamus,
820 2109 937 2147 non
960 2108 1070 2161 per
1089 2094 1334 2161 speciem
1359 2096 1424 2165 (ll
1449 2096 1579 2151 Cor.
1614 2112 1669 2162 v,
1692 2099 1744 2165 6,
1769 2100 1822 2169 7)
1850 2113 1863 2152 :

204 2189 264 2237 et
294 2182 434 2236 ideo
464 2198 623 2237 nunc
648 2184 707 2237 in
742 2199 869 2253 spe,
901 2190 1036 2237 tunc
1068 2183 1125 2237 in
1158 2199 1239 2237 re.

281 2271 371 2327 25.
393 2271 656 2343 Denique
671 2274 1161 2327 resurrectionem
1178 2289 1349 2327 suam
1363 2289 1568 2344 ,quam
1587 2290 1705 2329 non
1721 2275 1870 2330 sicut

204 2369 486 2415 nostram
519 2361 577 2414 in
612 2360 858 2429 longum
878 2359 1097 2415 differri
1125 2363 1462 2432 Oportebat,
1494 2369 1554 2417 ut
1583 2364 1640 2418 in
1669 2380 1866 2419 exem-

206 2450 311 2522 plo
330 2452 531 2504 carnis
560 2450 688 2520 ejus
720 2451 1081 2504 disceremus
1114 2451 1259 2522 quid
1300 2453 1357 2505 in
1391 2457 1599 2508 nostra
1629 2470 1869 2524 sperare

206 2540 595 2602 deberemus,
624 2538 812 2594 noluit
841 2539 1047 2593 alienis
1078 2541 1508 2607 demonstrare,
1545 2542 1644 2596 sed
1695 2545 1816 2597 suis
1850 2562 1862 2601 :

206 2628 424 2683 alienis
457 2628 613 2694 dico,
652 2644 772 2683 non
805 2636 1037 2694 natura,
1074 2630 1177 2683 sed
1221 2630 1378 2695 vitio,
1414 2632 1578 2701 quod
1632 2648 1869 2703 semper

205 2724 294 2773 est
326 2723 539 2773 contra
565 2723 863 2772 naturam.
900 2720 1154 2772 Mortuus
1178 2724 1421 2790 estergo
1451 2721 1508 2774 in
1542 2729 1867 2792 conspectu

204 2807 551 2872 hominum,
595 2809 911 2861 resurrexit
940 2815 1138 2861 autem
1172 2808 1229 2861 in
1257 2816 1579 2879 conspectu
1606 2810 1865 2865 ﬁliorum

204 2895 529 2950 hominum
563 2912 575 2961 ;
605 2897 746 2967 quia
772 2912 931 2949 mors
955 2897 1029 2950 ad
1053 2896 1359 2951 hominem
1393 2898 1746 2969 pertinebat,
1781 2914 1865 2953 re-

206 2987 499 3041 surrectio
527 2986 604 3040 ad
634 2985 823 3039 ﬁlium
853 2984 1111 3040 hominis
1146 3000 1160 3040 :
1199 2986 1351 3040 sicut
1382 2988 1539 3041 enim
1586 2988 1645 3042 in
1673 2988 1864 3043 Adam

205 3089 420 3128 omnes
445 3074 803 3138 moriuntur,
830 3074 911 3127 sic
944 3079 999 3127 et
1026 3074 1085 3127 in
1114 3074 1342 3129 Christo
1369 3090 1578 3130 omnes
1612 3077 1865 3131 viviﬁca-

206 3162 452 3217 buntur.
486 3163 746 3233 Utigitur
776 3163 1049 3233 exemplo
1083 3179 1204 3217 suae
1236 3164 1431 3218 carnis
1458 3164 1867 3220 exhortaretur

206 3252 416 3307 ﬁdeles
431 3268 574 3306 suos
601 3250 988 3322 temporalem
1010 3267 1117 3320 pro
1134 3258 1350 3307 aeterna
1365 3251 1701 3308 felicitatem
1728 3270 1865 3309 con-

208 3347 495 3407 temnere,
531 3357 721 3411 usque
763 3342 839 3397 ad
867 3346 1116 3396 mortem
1161 3341 1395 3412 pertulit
1440 3350 1865 3414 persequentes

209 3439 389 3502 atque
420 3431 755 3496 saevientes,
781 3431 1017 3503 etquasi
1043 3430 1196 3485 victo
1210 3436 1264 3485 et
1289 3447 1581 3501 oppresso
1606 3436 1863 3504 superbe

207 3518 543 3575 illudentes.
570 3520 739 3584 Quod
764 3528 962 3574 autem
995 3536 1237 3574 carnem
1261 3537 1433 3575 suam
1466 3524 1859 3589 resuscitavit,

208 3614 261 3664 et
292 3608 731 3680 discipulorum
772 3609 1194 3679 conspectibus
1232 3616 1287 3664 et
1315 3610 1686 3665 contactibus
1735 3612 1862 3666 red-

206 3698 374 3763 didit,
408 3698 615 3769 eisque
656 3698 997 3752 videntibus
1041 3698 1309 3753 ascendit
1340 3700 1398 3753 in
1432 3699 1671 3768 coelum,
1702 3701 1862 3772 ipsos

205 3789 543 3857 aediﬁcavit,
578 3794 631 3842 et
656 3788 799 3859 quid
831 3794 1187 3858 eXspectare,
1220 3789 1365 3859 quid
1394 3789 1722 3859 praedicare
1753 3790 1860 3843 de-

205 3877 436 3943 berent,
476 3877 922 3931 evidentissima
961 3880 1200 3932 veritate
1240 3877 1695 3933 demonstravit.
1728 3879 1861 3934 Illos

204 3974 406 4023 autem
443 3982 479 4020 a
508 3965 722 4037 quibus
756 3972 919 4020 tanta
946 3966 1106 4021 mala
1139 3982 1326 4036 usque
1358 3966 1435 4021 ad
1456 3974 1707 4021 mortem
1733 3983 1863 4039 per-

203 4056 439 4122 tulerat,
466 4056 639 4127 quasi
672 4054 743 4108 de
767 4054 861 4109 illo
886 4062 1165 4125 superato
1206 4060 1261 4109 et
1282 4057 1574 4110 exstincto
1605 4056 1861 4125 glorian-

200 4150 303 4209 tes,
350 4146 409 4199 in
444 4161 514 4199 ea
545 4144 825 4215 opinione
875 4144 1207 4216 dereliquit,
1256 4144 1610 4216 utquisquis
1649 4161 1858 4200 eorum

200 4236 391 4289 salute
422 4238 648 4288 aeterna
678 4233 877 4288 salvus
910 4233 1033 4287 ﬁcri
1065 4234 1250 4299 vellet,
1284 4234 1393 4289 hoc
1416 4234 1488 4288 de
1520 4233 1676 4288 illius
1696 4251 1857 4290 mor-

202 4324 284 4378 tui
332 4323 767 4378 resurrectione
808 4322 1091 4387 crederet,
1125 4323 1289 4393 quod
1335 4323 1373 4376 ii
1421 4322 1524 4393 qui
1559 4322 1854 4389 viderunt,

200 4412 389 4482 signis
408 4411 878 4467 contestantibus
898 4411 1390 4482 praedicaverunt,
1411 4418 1465 4466 et
1486 4428 1594 4482 pro
1616 4428 1687 4467 ea
1713 4428 1857 4484 prae-

200 4502 579 4569 dicaverunt,
614 4508 796 4572 etpro
834 4516 903 4555 ea
934 4500 1356 4572 praedicatione
1384 4500 1601 4557 similia
1632 4502 1858 4574 perpeti

202 4606 322 4645 non
356 4590 804 4645 dubitaverunt.

270 4670 504 4725 CAPUT
544 4672 602 4725 Χ.
633 4699 701 4710 -
732 4670 817 4723 26.
850 4668 1686 4741 QuapropteretiamJacobus
1704 4685 1857 4724 unus

198 4775 270 4815 ex
290 4757 594 4830 Apostolis
626 4759 774 4828 ejus,
800 4758 858 4813 in
891 4751 1153 4829 Epistola
1176 4774 1309 4826 sua,
1342 4774 1479 4813 cum
1521 4758 1858 4814 hortaretur

198 4846 409 4902 ﬁdeles
443 4847 543 4918 qui
559 4853 694 4918 post
717 4848 1057 4917 passionem
1072 4847 1633 4902 etresurrectionem
1650 4847 1858 4901 Christi

200 4937 401 4993 adhuc
464 4937 525 4990 in
585 4937 697 4991 ista
754 4938 870 4991 vita
916 4936 1285 5000 tenebantur,
1342 4936 1855 5007 dispensationem

199 5027 425 5083 Veteris
448 5026 805 5080 Testamenti
839 5024 1103 5097 Novique
1133 5024 1527 5094 distinguens,
1555 5024 1857 5079 Sustinen-

201 5116 366 5179 tiam,
396 5115 612 5186 inquit,
632 5113 739 5168 Job
769 5114 1040 5179 audistis,
1069 5120 1119 5170 et
1151 5116 1329 5182 ﬁnem
1362 5114 1602 5169 Domini
1632 5114 1855 5170 vidistis

198 5205 432 5275 (Jacobi
458 5220 515 5268 v,
550 5204 632 5274 tl)
662 5221 673 5258 :
698 5219 769 5257 ne
788 5204 921 5258 ideo
948 5202 1237 5274 patienter
1254 5204 1856 5275 sustinerenttempo-

199 5294 347 5348 ralia
380 5292 558 5357 mala,
595 5298 657 5347 ut
682 5292 790 5345 sibi
824 5292 937 5345 hoc
960 5291 1359 5346 restitueretur
1381 5292 1544 5364 quod
1563 5293 1855 5362 recepisse

201 5382 458 5453 legimus
481 5382 592 5436 Job
611 5386 771 5452 (xui,
817 5380 917 5439 10).
954 5383 1100 5435 Nam
1114 5387 1167 5435 et
1194 5381 1383 5436 abillo
1407 5381 1649 5436 vulnere
1675 5388 1854 5453 atque

204 5470 519 5542 putredine
564 5471 765 5525 salvus
794 5472 983 5525 factus
1013 5475 1115 5534 est,
1150 5471 1269 5525 etei
1298 5477 1509 5525 cuncta
1539 5487 1673 5542 quae
1698 5472 1855 5526 ami-

204 5567 379 5625 serat,
404 5560 669 5631 duplicia
709 5564 848 5615 sunt
877 5562 1143 5615 restituta
1172 5575 1185 5613 :
1214 5559 1317 5613 ubi
1349 5560 1524 5614 etiam
1552 5575 1857 5615 commen-

263 5670 278 5701 ι
302 5665 695 5730 Edd.,HUsque
752 5666 819 5713 ad
868 5671 1079 5716 mortem
1110 5666 1247 5716 enim
1302 5666 1408 5716 hoc.
1439 5666 1562 5716 Mss.
1595 5680 1749 5729 usque
1782 5666 1853 5717 ad

202 5735 437 5787 mortem.
478 5728 585 5779 Hoc
610 5728 767 5787 cnim,
798 5732 903 5784 etc.

1490 176 1992 245 EPISTULARUM
2030 186 2314 245 CLASSIS
2352 180 2453 244 III.

3537 199 3641 262 550

1978 312 2119 403 data
2157 317 2244 403 est
2260 315 2720 403 resurrectionis
2752 317 2923 375 ﬁdes.
2976 322 3132 380 Nam
3160 325 3263 382 filii
3294 344 3416 385 non
3446 329 3635 403 dupli,

1980 402 2087 457 sed
2129 402 2375 457 totidem
2403 404 2633 470 redditi,
2671 407 2853 463 etiam
2897 409 3029 465 illos
3057 429 3212 484 quos
3246 402 3638 477 amiseratire-

1979 496 2347 581 surrecturos
2380 493 2828 562 signiﬁcarunt;
2863 504 2925 553 ut
2954 501 3036 557 sic
3095 504 3208 574 ipsi
3262 523 3503 581 quoque
3528 511 3638 566 illis

1976 579 2277 650 prioribus
2303 581 2515 651 juncti,
2544 599 2579 639 a
2626 585 2994 645 restitutione
3051 591 3218 663 dupli
3251 611 3371 651 non
3394 579 3639 657 invene-

1976 675 2179 723 rentnr
2206 670 2402 725 alieni.
2440 672 2509 727 Ut
2542 687 2683 743 ergo
2714 690 2836 730 non
2868 678 3044 734 talem
3094 690 3637 746 remunerationem

1978 772 2379 828 speraremus,
2409 762 2655 831 quando
2688 763 2847 819 mala
2876 770 3231 839 temporalia
3272 779 3633 846 pateremur,

1975 859 2097 901 non
2123 847 2222 912 ait,
2255 848 2674 905 Sustinentiam
2722 857 2777 908 et
2820 852 3003 910 ﬁnem
3034 859 3145 914 Job
3187 863 3478 933 audistis;
3529 868 3634 923 sed

1975 934 2075 1000 ait,
2125 936 2549 994 Sustinentiam
2602 940 2709 996 Job
2759 944 3027 1014 audistis,
3082 954 3137 1003 et
3173 951 3351 1018 ﬁnem
3396 956 3637 1012 Domini

1976 1024 2561 1099 vidistis:tanquam
2593 1030 2832 1102 diceret,
2877 1035 3019 1090 Mala
3081 1042 3435 1110 temporalia
3485 1045 3637 1101 sicut

1973 1113 2085 1207 Job
2119 1115 2443 1207 sustinete;
2478 1118 2581 1173 sed
2610 1134 2718 1190 pro
2750 1120 2864 1176 hac
2881 1125 3237 1184 sustinentia
3262 1146 3381 1186 non
3413 1138 3636 1207 tempo-

1974 1202 2123 1257 ralia
2148 1203 2311 1259 bona
2359 1209 2612 1276 sperate,
2665 1224 2800 1278 quas
2855 1210 2932 1264 illi
2966 1220 3141 1271 aucta
3176 1219 3497 1287 redierunt,
3530 1202 3634 1279 sed

1973 1296 2193 1346 aeterna
2231 1293 2446 1363 potius,
2480 1310 2614 1366 quae
2648 1296 2707 1351 in
2740 1298 2996 1357 Domino
3031 1317 3486 1373 praecesserunt.
3522 1312 3632 1368 Job

1973 1395 2115 1449 ergo
2143 1381 2215 1435 de
2238 1382 2351 1436 illis
2386 1384 2654 1453 patribus
2697 1394 2839 1454 erat,
2875 1392 2977 1460 qui
3034 1395 3541 1467 exclamaverunt,
3577 1408 3635 1458 et

1973 1469 2117 1524 salvi
2150 1471 2287 1526 tacti
2314 1477 2472 1527 sunt.
2523 1476 2667 1529 Cum
2699 1477 2857 1532 enim
2882 1480 3043 1545 dicit,
3076 1483 3203 1553 Ego
3233 1494 3447 1555 autem,
3484 1492 3628 1548 satis

1972 1558 2233 1614 insinuat
2257 1576 2379 1632 qua
2396 1561 2585 1617 salute
2616 1563 2748 1618 illos
2786 1566 2982 1623 salvos
3004 1586 3136 1626 esse
3166 1574 3352 1631 factos
3376 1578 3513 1634 velit
3539 1581 3633 1635 in-

1971 1648 2189 1718 telligi;
2234 1649 2295 1704 in
2345 1666 2468 1722 qua
2540 1652 2664 1723 ipse
2726 1656 2928 1727 utique
2977 1659 3292 1719 derelictus
3326 1672 3456 1722 est:
3512 1684 3633 1725 non

1972 1739 2131 1811 quod
2180 1738 2259 1793 illi
2314 1756 2349 1795 a
2397 1741 2584 1796 salute
2615 1748 2832 1800 aeterna
2854 1745 3070 1803 fuerint
3128 1751 3351 1822 alieni;
3411 1757 3515 1812 sed
3574 1756 3633 1813 in

1972 1828 2208 1883 occulto
2239 1834 2375 1883 tunc
2410 1836 2534 1884 erat
2564 1832 2728 1902 quod
2770 1833 2829 1887 in
2873 1836 3100 1893 Christo
3152 1840 3344 1899 fuerat
3369 1847 3633 1903 revelan-

1973 1917 2139 1972 dum.
2164 1920 2228 1972 In
2280 1919 2462 1973 Veteri
2523 1921 2746 1993 quippe
2801 1924 3179 1984 Testamento
3230 1932 3504 1991 velamen
3547 1942 3634 1993 est

1973 2007 2137 2078 quod
2170 2012 2309 2061 tunc
2337 2009 2654 2075 auferetur,
2701 2027 2837 2065 cum
2880 2014 2957 2068 ad
3014 2016 3308 2075 Christum
3372 2025 3632 2096 quisque

1971 2096 2110 2150 inde
2134 2096 2431 2152 transierit
2466 2112 2477 2149 :
2511 2101 2927 2169 quocruciﬁxo
2942 2104 3209 2162 velamen
3229 2110 3408 2166 etiam
3428 2116 3630 2186 templi

1974 2186 2228 2239 scissum
2277 2190 2361 2240 est
2409 2186 2645 2253 (Matth.
2700 2205 2881 2258 xxvu,
2919 2193 3032 2262 5t),
3080 2200 3141 2250 ut
3194 2198 3632 2267 signiﬁcaretur

1973 2274 2136 2345 quod
2178 2274 2495 2346 Apostolus
2554 2275 2627 2330 de
2667 2278 2961 2335 velamine
3010 2282 3235 2339 Veteris
3274 2290 3631 2349 Testamenti

1974 2362 2137 2429 dixit,
2158 2364 2437 2434 quoniam
2468 2365 2531 2420 in
2559 2365 2799 2422 Christo
2829 2376 3156 2427 evacuatur
3172 2376 3238 2445 (II
3258 2376 3393 2433 Cor.
3412 2396 3489 2446 ιιι,
3518 2382 3626 2453 14).

2046 2490 2313 2547 27.Nam
2342 2494 2396 2544 et
2422 2489 2482 2543 in
2518 2490 2630 2544 illis
2681 2492 2954 2563 patribus
2995 2499 3276 2567 quamvis
3302 2502 3628 2571 rarissima,

1978 2583 2175 2634 tamen
2206 2579 2464 2644 fuerunt,
2497 2586 2553 2634 et
2589 2596 2781 2653 usque
2814 2582 2891 2637 ad
2923 2591 3175 2642 mortem
3224 2592 3497 2664 exempla
3525 2610 3630 2666 pa-

1976 2668 2209 2732 tientia},
2240 2685 2275 2723 a
2302 2668 2594 2737 sanguine
2616 2671 2758 2725 Abel
2794 2687 2981 2743 usque
3017 2674 3096 2729 ad
3134 2682 3489 2749 sanguinem
3529 2687 3632 2740 Za-

1975 2757 2191 2811 chariae
2239 2758 2404 2828 (Luc.
2450 2774 2531 2822 x1,
2594 2760 2726 2829 51);
2772 2777 3031 2831 quorum
3082 2768 3438 2836 sanguinem
3487 2772 3631 2829 dicit

1975 2845 2264 2900 Dominus
2293 2846 2461 2900 Jesus
2484 2851 2540 2900 et
2565 2847 2641 2902 ab
2674 2848 2753 2902 eis
2783 2850 3146 2919 exigendum
3168 2858 3271 2927 qui
3302 2860 3360 2914 in
3387 2868 3628 2932 patrum

1974 2950 2240 2998 suorum,
2271 2950 2306 2989 a
2343 2934 2565 3005 quibus
2598 2935 2679 2990 illi
2743 2940 2923 2992 occisi
2956 2947 3112 3007 sunt,
3152 2944 3461 3016 iniquitate
3500 2967 3630 3022 per-

1974 3023 2244 3077 sisterent
2272 3039 2285 3077 :
2319 3028 2374 3076 et
2418 3024 2475 3077 in
2509 3026 2669 3079 Novo
2701 3028 3079 3084 Testamento
3108 3046 3215 3087 nec
3266 3035 3469 3102 defuit,
3517 3056 3628 3096 nec

1973 3110 2138 3166 deest
2167 3111 2469 3166 bonorum
2496 3112 2763 3168 ﬁdelium
2793 3115 3131 3183 multitudo,
3164 3123 3267 3191 qui
3298 3124 3475 3182 etiam
3518 3128 3630 3186 ista

1973 3200 2286 3271 temporali
2316 3200 2588 3257 felicitate
2637 3204 3048 3274 praepolleant,
3093 3211 3235 3266 etin
3283 3228 3354 3269 ea
3390 3215 3629 3286 largito-

1971 3291 2049 3345 ris
2084 3289 2183 3344 Dei
2230 3290 2560 3346 bonitatem
2590 3291 3190 3370 misericordiamque
3229 3306 3627 3375 experiantur,

1972 3385 2235 3434 tenentes
2264 3385 2463 3434 tamen
2496 3382 2660 3452 quod
2692 3382 3071 3453 dispensator
3097 3390 3241 3444 Novi
3269 3394 3629 3454 Testamenti

1972 3468 2255 3523 divitibus
2304 3468 2483 3538 hujus
2533 3470 2731 3524 saeculi
2788 3474 3106 3543 Apostolus
3160 3484 3453 3554 prmcepit,
3508 3502 3627 3543 non

1970 3559 2218 3627 superbe
2245 3573 2471 3626 sapere,
2502 3575 2683 3631 neque
2714 3577 2956 3627 sperare
3005 3565 3068 3620 in
3122 3568 3347 3626 incerto
3396 3575 3628 3632 divitia-

1971 3663 2127 3711 rum,
2151 3648 2254 3703 sed
2266 3648 2329 3701 in
2352 3648 2459 3703 Deo
2483 3648 2616 3704 vivo
2644 3650 2748 3720 qui
2771 3658 3020 3719 praestat
3048 3658 3212 3712 nobis
3234 3663 3433 3719 omnia
3446 3665 3628 3721 abun-

1970 3736 2184 3792 danter
2208 3737 2287 3792 ad
2311 3737 2635 3804 fruendum
2661 3760 2681 3806 ,-
2712 3744 2776 3793 ut
2807 3741 2949 3797 bene
2976 3743 3234 3813 faciant,
3268 3750 3475 3807 divites
3506 3754 3627 3810 sint

1968 3825 2030 3879 in
2062 3826 2335 3893 operibus
2377 3825 2559 3891 bonis,
2605 3826 2793 3894 facile
2852 3829 3138 3898 tribuant,
3173 3841 3623 3908 communicent,

1969 3914 2365 3970 thesaurizent
2391 3913 2504 3968 sibi
2517 3915 2983 3984 fundamentum
3018 3922 3231 3981 bonum
3254 3926 3318 3981 in
3343 3929 3625 3997 futurum

1968 4009 2029 4057 ut
2058 4002 2518 4072 apprehendant
2549 4019 2746 4060 veram
2798 4008 2984 4065 vitam
3012 4010 3056 4081 (Ι
3099 4013 3246 4070 Tim.
3280 4033 3360 4084 v1,
3397 4020 3577 4091 t7-t9)
3607 4037 3619 4078 :

1966 4092 2165 4163 qualis
2196 4094 2255 4147 in
2289 4092 2500 4149 Christi
2532 4108 2653 4149 non
2674 4100 2906 4152 tantum
2946 4101 3174 4169 spiritu,
3207 4120 3412 4162 verum
3445 4109 3623 4167 etiam

1967 4197 2145 4237 carne
2182 4180 2565 4237 manifestata
2611 4187 2720 4249 est,
2760 4200 2898 4241 cum
2925 4193 3248 4249 resurrexit
3274 4210 3309 4251 a
3346 4199 3621 4267 mortuis,

1965 4286 2086 4326 non
2101 4271 2340 4342 qualem
2364 4270 2553 4325 Judaei
2576 4270 2635 4325 in
2664 4271 2764 4327 illo
2787 4286 3187 4347 peremerunt,
3216 4286 3463 4354 quando
3484 4303 3624 4345 cum

1966 4360 2040 4415 de
2085 4360 2368 4415 manibus
2427 4375 2635 4415 eorum
2670 4361 2824 4416 Deus
2852 4380 2973 4420 non
3033 4371 3203 4436 eruit,
3232 4388 3492 4445 eumque
3519 4377 3623 4433 de-

1964 4450 2274 4521 reliquisse
2307 4449 2461 4503 visus
2493 4450 3051 4523 estexclamantem,
3080 4460 3235 4514 Deus
3260 4478 3442 4529 meus,
3468 4468 3622 4523 Deus

1964 4554 2126 4594 meus
2158 4556 2175 4601 ;
2206 4538 2422 4609 utquid
2462 4553 2547 4594 me
2568 4538 2944 4611 dereliquisti
2969 4542 2996 4597 ?
3043 4552 3104 4601 ut
3142 4564 3212 4603 eo
3252 4554 3436 4609 modo
3462 4554 3523 4609 in
3556 4572 3619 4612 se

1966 4628 2412 4699 transﬁguraret
2445 4635 2736 4699 martyres
2759 4634 3036 4704 suos,qui
3061 4638 3166 4692 etsi
3195 4640 3350 4696 mori
3373 4643 3619 4716 nollent,

1964 4716 2130 4787 quod
2151 4716 2329 4772 etiam
2358 4718 2523 4771 Petro
2552 4715 2717 4781 dixit,
2743 4719 2917 4775 Alter
2941 4726 2993 4776 et
3025 4725 3238 4795 cinget,
3267 4734 3320 4785 et
3333 4732 3485 4801 feret
3506 4715 3620 4805 quo

1966 4812 2030 4861 tu
2056 4820 2175 4861 non
2218 4805 2707 4875 vis;signiﬁcans
2764 4824 2882 4879 qua
2938 4821 3125 4870 morte
3174 4818 3620 4891 ctariﬁcaturus

1964 4902 2091 4952 erat
2124 4897 2307 4951 Deum
2330 4896 2528 4964 (Joan.
2552 4898 2800 4969 xx1,18),
2833 4904 2891 4954 et
2914 4900 2993 4956 ob
3024 4902 3139 4959 hoc
3169 4921 3205 4962 a
3234 4910 3351 4964 Deo
3379 4927 3488 4966 suo
3519 4912 3619 4969 de-

1963 4985 2145 5041 relicti
2185 4984 2523 5041 viderentur
2575 4986 2653 5041 ad
2700 4993 2957 5059 tempus,
3017 5008 3155 5049 cum
3202 4997 3287 5052 eis
3335 5004 3617 5070 praestare

1964 5075 2143 5129 nollet
2193 5073 2357 5145 quod
2385 5073 2619 5141 vellent,
2679 5075 2846 5133 illam
2899 5095 3104 5137 vocem
3138 5086 3332 5141 cordis
3395 5089 3617 5147 emitte-

1963 5170 2113 5227 rent,
2151 5164 2439 5234 illumque
2460 5164 2815 5223 adhiberent
2838 5169 3069 5239 pietatis
3105 5172 3407 5245 affectum,
3433 5194 3614 5250 quem

1965 5254 2238 5323 passione
2260 5252 2639 5323 impendente
2667 5270 2766 5309 ore
2793 5259 3032 5327 proprio
3064 5262 3349 5320 Dominus
3379 5281 3617 5339 expres-

1964 5344 2056 5406 sit,
2097 5358 2198 5397 eos
2226 5343 2284 5396 in
2318 5358 2381 5395 se
2403 5342 2729 5398 identidem
2757 5346 3210 5420 transﬁgurans,
3261 5356 3471 5413 Verum
3497 5374 3615 5414 non

1963 5432 2121 5502 quod
2134 5446 2229 5502 ego
2253 5431 2506 5500 volo,sed
2520 5432 2685 5501 quod
2694 5440 2755 5487 tu
2775 5433 3064 5503 vis,Pater
3079 5439 3311 5509 (Matth.
3328 5447 3611 5519 xxv1,39).

2034 5536 2257 5593 CAPUT
2287 5536 2373 5592 XI.
2401 5566 2463 5578 --
2492 5539 2578 5592 28.
2615 5538 2677 5592 In
2709 5554 2829 5609 quo
2866 5540 3025 5597 enim
3087 5546 3385 5617 primitus,
3415 5553 3527 5609 nisi
3552 5555 3613 5610 in

1962 5627 2093 5699 ipso
2121 5625 2311 5697 capite
2344 5629 2548 5680 nostro
2582 5641 2871 5698 apparere
2900 5629 3128 5702 debuit,
3157 5646 3401 5711 propter
3430 5657 3615 5713 quam

1961 5716 2143 5773 vitam
2174 5715 2191 5750 ¹
2218 5713 2523 5771 christiani
2543 5731 2751 5772 sumus
2783 5715 2811 5773 7
2839 5720 3150 5793 Propterea
3178 5741 3300 5785 non
3329 5728 3430 5801 ait,
3460 5733 3613 5791 Deus
