4074 6164
478 142 577 208 551

483 291 673 342 meus,
699 278 853 331 Deus
869 290 1061 338 meus,
1077 270 1435 342 dereliquisti
1451 286 1545 327 me
1561 290 1574 339 ;
1592 271 1698 327 sed
1716 286 1961 329 causam
1975 286 2130 327 com-

483 366 704 422 monuit
719 363 1282 437 requirendam,cum
1298 361 1548 425 addidit,
1566 361 1780 432 utquid
1789 360 2131 432 dereliquis-

485 458 528 510 ti
549 455 746 511 me?id
769 458 876 520 est,
892 467 1096 523 quare,
1113 458 1351 521 propter
1372 451 1537 522 quid,
1554 467 1737 521 quam
1753 451 1830 505 ob
1844 466 2088 506 causam
2102 449 2128 502 ‘?

486 544 745 598 Profecto
777 542 937 595 enim
961 547 1085 595 erat
1108 540 1309 611 aliqua
1339 555 1543 603 causa,
1567 555 1754 611 eaque
1785 554 1904 593 non
1921 554 2129 610 parva,

482 636 546 686 ut
589 635 703 686 Noe
730 630 1005 685 liberaret
1035 630 1109 685 de
1141 630 1379 693 diluvio,
1417 629 1559 684 Loth
1578 629 1651 683 de
1678 629 1902 683 ccelesti
1936 642 2131 682 incen-

481 720 600 788 dio,
625 718 875 775 Isaacde
901 718 1233 773 imminenti
1257 718 1475 788 gladio,
1497 718 1710 788 Joseph
1733 716 1807 772 de
1829 716 2132 772 calumnia

482 808 745 864 mulieris
772 814 827 863 et
857 808 1129 863 custodia
1151 808 1419 883 carceris,
1451 809 1689 878 Moysen
1712 806 1789 861 ab
1821 804 2129 877 Egyptiis,

483 897 646 953 Raab
665 896 742 953 ab
762 895 994 951 excidio
1009 882 1281 959 civitatis,
1318 896 1656 950 Susannam
1684 910 1720 950 a
1749 895 2000 949 testibus
2032 891 2134 949 fal-

484 988 582 1052 sis,
621 986 920 1042 Danielem
960 1001 995 1041 a
1034 985 1326 1049 leonibus,
1370 990 1484 1040 tres
1541 986 1695 1040 viros
1750 983 1826 1039 ab
1868 983 2131 1052 ignibus,

484 1076 751 1147 aliosque
780 1081 974 1145 patres
1023 1076 1125 1145 qui
1165 1072 1668 1136 exclamaverunt,
1711 1078 1767 1128 et
1814 1071 1959 1127 salvi
1995 1070 2135 1125 facti

488 1170 664 1228 sunt;
697 1170 753 1217 et
774 1163 1067 1218 Christum
1082 1162 1155 1216 de
1182 1161 1460 1217 manibus
1490 1164 1828 1216 Judasorum
1856 1176 1975 1215 non
1995 1160 2136 1214 libe-

485 1259 660 1317 raret,
691 1267 950 1322 eumque
990 1251 1048 1304 in
1085 1256 1371 1320 potestate
1414 1250 1786 1304 saevientium
1832 1264 2020 1320 usque
2062 1247 2136 1302 ad

487 1343 692 1398 mortis
724 1340 946 1395 exitum
974 1340 1428 1411 derelinqueret.
1465 1337 1673 1410 thuid
1701 1339 1814 1393 hoc
1836 1338 1863 1394 ?
1897 1342 2136 1409 propter

486 1434 590 1504 qui
622 1432 755 1496 hoc,
788 1431 895 1484 nisi
919 1436 1158 1501 prOpter
1188 1429 1331 1485 illud
1358 1428 1523 1499 quod
1558 1428 1736 1499 paulo
1786 1433 1920 1498 post
1950 1428 2009 1481 in
2041 1442 2137 1481 eo-

488 1521 626 1575 dem
663 1520 898 1591 psalmo
929 1518 1088 1583 dicit,
1116 1534 1225 1571 non
1268 1518 1347 1572 ad
1375 1517 1777 1585 insipientium
1804 1515 1951 1570 mihi
1982 1532 1999 1579 ;
2026 1516 2137 1569 hoc

489 1615 601 1674 est,
635 1610 867 1679 corpori
893 1623 1045 1671 meo,
1074 1606 1346 1660 Ecclesia:
1388 1622 1547 1671 meze,
1614 1604 1879 1659 minimis
1939 1605 2084 1659 meis
2111 1602 2138 1658 ‘f

492 1700 709 1753 Nam‘et
739 1698 797 1751 in
832 1696 1167 1763 Evangelio,
1202 1696 1444 1762 Quando
1473 1697 1579 1749 uni
1605 1709 1678 1750 ea:
1708 1696 1967 1749 minimis
1998 1692 2137 1749 meis

487 1786 733 1857 fecistis,
770 1786 984 1856 inquit,
1016 1784 1161 1839 mihi
1179 1784 1407 1853 fecistis
1439 1784 1677 1854 (Matth.
1725 1799 1862 1853 xxv,
1899 1786 2008 1849 40).
2042 1782 2139 1837 Sic

490 1876 690 1947 itaque
735 1874 965 1929 dictum
992 1878 1101 1938 est,
1148 1880 1200 1927 et
1234 1874 1314 1928 ad
1358 1890 1475 1928 non
1514 1872 1917 1942 insipientiam
1968 1870 2136 1936 mihi,

492 1962 1310 2036 quomododictumestmihi
1334 1962 1747 2031 fecistis,etsic
1778 1962 1998 2015 dictum
2030 1967 2137 2027 est,

493 2069 680 2125 quare
722 2068 812 2107 me
858 2050 1248 2121 deretiquisti,
1284 2050 1593 2122 quomodo
1624 2050 1848 2105 dictum
1896 2054 2002 2115 est,
2030 2049 2143 2115 Qui

495 2157 591 2198 vos
636 2144 867 2210 recipit,
903 2156 992 2196 me
1030 2142 1238 2208 recipit
1268 2161 1289 2211 ,-
1316 2148 1367 2196 et
1400 2140 1503 2211 qui
1546 2155 1644 2196 vos
1673 2138 1919 2208 spernit,
1949 2145 2001 2195 et
2054 2152 2145 2194 me

496 2230 717 2301 spernit
744 2230 899 2300 (Luc.
932 2246 990 2295 x,
1027 2231 1138 2300 16).
1167 2227 1295 2284 Non
1328 2244 1469 2297 ergo
1501 2229 1579 2283 ad
1610 2228 2011 2300 insipientiam
2043 2244 2145 2283 no-

496 2320 609 2383 bis,
634 2320 737 2375 sed
767 2325 826 2374 ut
859 2320 1168 2389 sapiamus
1198 2334 1210 2372 :
1238 2334 1355 2373 non
1388 2325 1629 2389 prOpter
1660 2318 1838 2373 istam
1863 2317 2144 2383 vitam,in

496 2426 619 2483 qua
662 2424 773 2463 nos
820 2411 971 2463 Deus
1032 2407 1360 2478 aliquando
1394 2424 1581 2478 usque
1627 2408 1702 2462 ad
1735 2412 1985 2462 mortem
2021 2422 2146 2477 per-

496 2500 870 2569 sequentium
889 2495 1168 2551 manibus
1182 2494 1680 2566 derelinquit,sed
1715 2499 1954 2567 propter
1983 2495 2147 2549 illam

501 2587 927 2657 sempiternam
973 2600 1083 2639 nos
1132 2583 1350 2638 debere
1390 2599 1521 2638 esse
1570 2584 1961 2650 christianos;
2006 2584 2148 2655 quia

500 2676 613 2731 hoc
636 2676 695 2729 in
726 2674 825 2729 illo
840 2674 1213 2744 praecessisse
1242 2674 1562 2739 intuemur,
1602 2689 1674 2728 ex
1704 2674 1877 2744 cujus
1907 2673 2149 2728 nomine

502 2765 586 2820 sic
617 2777 919 2819 vocamur.

574 2853 661 2907 29.
698 2854 840 2906 Ecce
867 2852 950 2906 ita
980 2849 1203 2905 factum
1257 2856 1348 2906 est
1380 2866 1393 2906 :
1429 2856 1626 2906 tamen
1676 2856 1794 2906 tam
1829 2849 1996 2905 multi
2030 2866 2149 2905 non

501 2942 581 2999 ob
610 2940 769 2997 aliud
804 2940 1010 2996 volunt
1039 2956 1166 2994 esse
1210 2939 1538 3003 christiani,
1569 2939 1679 2994 nisi
1709 2946 1769 2995 ut
1806 2940 1988 3010 hujus
2018 2940 2150 2994 vitae

503 3030 779 3086 felicitate
817 3031 1197 3101 perfruantur
1230 3047 1243 3095 ;
1275 3028 1529 3100 ideoque
1557 3028 1655 3085 illa
1716 3029 2025 3085 deﬁciente
2054 3028 2153 3083 de-

501 3118 726 3174 ﬁciunt.
761 3118 933 3183 Quid.
967 3117 1014 3171 si
1046 3133 1165 3172 non
1192 3118 1252 3172 in
1291 3118 1421 3188 ipso
1448 3124 1651 3173 nostro
1692 3120 1885 3189 capite
1918 3124 2037 3173 tam
2070 3118 2153 3171 in-

500 3208 666 3276 signe
696 3207 1153 3262 constitueretur
1183 3206 1548 3276 exemplum,
1608 3222 1729 3278 quo
1788 3206 2153 3261 disceremus

499 3312 606 3367 pro
637 3295 977 3351 caelestibus
1006 3301 1235 3349 terrena
1263 3304 1662 3359 contemnere,
1696 3311 1815 3349 non
1842 3295 2158 3364 respicien-

503 3389 587 3440 tes
613 3400 748 3456 quai
778 3384 1073 3447 videntur,
1091 3383 1340 3454 sedquaa
1365 3399 1484 3437 non
1516 3383 1832 3438 videntur?
1849 3399 1982 3454 quae
1998 3384 2155 3438 enim

500 3472 797 3536 videntur,
833 3470 1184 3542 temporalia
1235 3477 1407 3526 erunt
1440 3488 1453 3538 ;
1495 3488 1631 3544 quae
1669 3479 1868 3528 autem
1897 3489 2018 3528 non
2077 3474 2157 3527 vi-

501 3561 717 3616 dentur
742 3566 962 3615 aeterna
989 3560 1058 3630 (Il
1100 3561 1239 3617 Cor.
1278 3576 1358 3628 1v,
1398 3564 1504 3631 18).
1538 3562 1697 3626 Quos
1727 3561 1786 3617 in
1816 3578 1879 3617 se
1913 3562 2158 3617 vocibus

506 3648 619 3704 illis
653 3649 1074 3718 transfigurare
1097 3648 1377 3717 dignatus
1422 3656 1527 3705 est.
1565 3652 1712 3706 Nam
1761 3655 2054 3723 quantum
2082 3650 2158 3707 ad

505 3738 598 3794 illa
634 3739 801 3806 hora,
832 3740 934 3807 qui
983 3744 1298 3808 propterea
1354 3744 1597 3794 venerat
1643 3742 1701 3795 in
1743 3741 1907 3795 illam
1947 3740 2160 3795 horam

506 3828 818 3900 (Joan.xu,
848 3827 937 3897 27)
966 3827 993 3883 ‘2
1026 3832 1127 3881 aut
1155 3828 1463 3899 quomodo
1486 3830 1567 3883 sic
1591 3829 1967 3900 loquebatur,
1989 3830 2161 3902 quasi

505 3916 671 3989 quod
696 3915 875 3971 nollet
901 3917 952 3970 ei
982 3915 1295 3981 accideret,
1330 3933 1466 3971 cum
1496 3922 1854 3988 potestatem
1886 3919 2165 3974 habuerit

504 4006 772 4079 ponendi
794 4006 1062 4060 animam
1095 4020 1287 4074 suam,
1322 4010 1377 4060 et
1417 4005 1630 4061 iterum
1681 4009 1955 4063 sumendi
2005 4024 2159 4069 eam,

507 4110 617 4150 nec
642 4110 775 4149 eam
809 4093 1129 4164 quisquam
1180 4092 1405 4147 tolleret
1450 4094 1528 4148 ab
1564 4095 1681 4159 illo,
1730 4097 1834 4150 sed
1865 4113 1995 4151 eam
2039 4098 2164 4167 ipse

508 4186 1188 4254 poneretetresumeret,
1209 4180 1362 4235 sicut
1390 4184 1446 4235 in
1473 4182 1788 4252 Evangelio
1805 4185 1946 4239 dicit
1974 4186 2083 4256 (Id.
2103 4202 2162 4253 x,

510 4270 603 4343 18)
632 4269 660 4325 ‘t
687 4269 798 4326 Sed
814 4272 1022 4340 procul
1050 4268 1236 4324 dubio
1258 4285 1369 4324 nos
1404 4271 1463 4325 in
1494 4271 1607 4325 illis
1629 4274 1872 4328 vocibus
1902 4290 2162 4337 eramus,

511 4365 569 4416 et
598 4364 779 4430 caput
806 4374 914 4429 pro
932 4373 1041 4412 suo
1070 4373 1318 4429 corpore
1339 4358 1717 4430 loquebatur,
1751 4378 1870 4417 non
1902 4362 2165 4433 disjunc-

512 4456 569 4507 ta
608 4447 1039 4521 signiﬁcatione
1073 4447 1373 4512 vocis,ubi
1405 4450 1697 4506 connexio
1724 4466 1843 4507 non
1876 4450 2169 4523 disjungi-

514 4547 608 4594 tur
641 4538 899 4593 unitatis.

583 4627 813 4682 CAPUT
838 4627 950 4683 XII.
975 4656 1041 4666 —
1068 4630 1154 4683 30.
1191 4626 1456 4699 Denique
1488 4629 1548 4684 in
1581 4628 1818 4686 Psalmo
1878 4632 2164 4703 sequitur,

516 4722 573 4773 et
593 4732 772 4772 orans
795 4716 1037 4771 adverte
1081 4716 1187 4788 qui
1213 4716 1412 4781 dicat;
1451 4718 1761 4786 Quoniam,
1813 4720 2025 4791 inquit,
2072 4735 2169 4777 ea:-

517 4805 763 4861 traxisti
786 4819 877 4859 me
902 4804 973 4859 de
994 4811 1216 4869 ventre,
1257 4821 1386 4873 spes
1409 4820 1534 4861 mea
1562 4807 1636 4861 ab
1664 4808 1940 4863 uberibus
1967 4810 2170 4864 matris

515 4909 675 4952 meae.
696 4893 768 4949 In
791 4900 847 4949 te
864 4894 1132 4964 jactatus
1156 4910 1286 4949 sum
1317 4909 1391 4949 ex
1417 4901 1621 4965 utero;
1647 4897 1712 4952 de
1738 4905 1936 4954 ventre
1961 4899 2170 4954 matris

514 5001 653 5042 mem
683 4985 836 5040 Deus
860 4996 1021 5038 meus
1051 4996 1108 5037 es
1153 4989 1214 5036 tu
1244 4998 1256 5037 :
1286 4983 1468 5049 (Psat.
1499 5000 1618 5050 xxx,
1642 4989 1731 5049 10,
1772 4988 1856 5057 tt)
1882 4993 2171 5059 tanquam

517 5075 757 5139 diceret,
784 5073 863 5128 De
903 5072 1019 5127 alia
1058 5086 1139 5132 re.
1173 5079 1230 5127 et
1256 5072 1334 5127 ab
1362 5072 1480 5128 alia
1506 5072 1686 5129 aliam
1726 5091 1850 5129 rem
1882 5092 1974 5130 me
2002 5078 2173 5147 traje-

517 5164 667 5231 cisti,
703 5170 761 5220 ut
788 5171 850 5219 tu
878 5164 958 5217 sis
986 5161 1133 5217 mihi
1164 5160 1395 5217 bonum
1419 5178 1525 5234 pro
1556 5163 1799 5219 terrenis
1818 5165 2173 5222 bonismor-

521 5251 753 5307 talitatis
778 5253 979 5323 hujus,
1012 5267 1197 5322 quam
1227 5251 1287 5305 in
1315 5253 1521 5307 matris
1536 5259 1731 5307 ventre
1752 5254 1989 5309 sortitus
2016 5273 2170 5323 sum,

520 5340 691 5409 cujus
719 5341 904 5396 ubera
932 5340 1083 5395 suxi.
1116 5344 1245 5396 Haec
1278 5342 1436 5396 enim
1485 5348 1745 5397 vetustas
1789 5348 1900 5407 est,
1932 5344 2005 5399 de
2054 5362 2173 5418 qua

522 5443 618 5482 me
646 5435 705 5482 tu
736 5429 1041 5484 extruxisti
1070 5448 1085 5499 ;
1123 5441 1175 5486 et
1202 5430 1304 5485 illa
1340 5430 1595 5485 carnalis
1635 5432 1956 5489 nativitatis
2014 5436 2175 5492 bona

524 5522 680 5579 sunt,
721 5532 757 5571 a
799 5517 1022 5587 quibus
1054 5524 1114 5573 tu
1162 5536 1299 5590 spes
1340 5535 1473 5576 mea
1501 5536 1565 5575 es
1600 5537 1613 5576 ε
1648 5521 1785 5577 inde
1811 5523 1969 5578 enim
2008 5524 2086 5580 ad
2123 5531 2174 5581 te

588 5657 603 5687 ί
639 5652 793 5709 Edd.,
822 5658 1037 5714 prepter
1070 5669 1220 5716 quam
1257 5658 1567 5711 Christiani.
1604 5662 1760 5721 Mss.,
1797 5664 1979 5718 vitam.

1650 220 1655 225 ,
1758 143 1821 203 s.
1863 132 2244 202 AUGUSTINI
2284 135 2603 202 EPISCOPI

2233 288 2560 331 conversus
2588 289 2741 329 sum.
2797 275 2861 328 Et
2898 287 2973 330 ea:
3002 278 3187 336 utero,
3218 270 3282 326 id
3322 274 3427 337 est,
3458 270 3556 343 qui
3590 286 3655 327 ex
3685 271 3767 327 his
3788 275 3841 329 in

2238 370 2396 419 utero
2428 364 2723 427 inchoavi,
2752 362 2813 418 in
2845 372 2898 419 te
2913 364 3184 431 jactatus
3234 377 3361 417 sum
3385 376 3407 425 ;
3456 360 3529 415 ad
3576 364 3626 414 te
3650 360 3845 416 scilicet

2236 454 2547 516 transiens,
2584 458 2769 507 totum
2805 468 2899 507 me
2940 452 3041 508 tibi
3076 453 3473 507 committens.
3506 449 3745 520 ideoque
3786 452 3848 507 de

2238 549 2441 599 ventre
2466 543 2674 598 matris
2706 557 2865 609 meae,
2898 541 2959 596 id
3014 546 3102 596 est
3129 540 3202 595 de
3234 540 3411 594 bonis
3455 539 3641 593 carnis
3686 554 3848 609 quam

2240 634 2474 704 sumpsi
2499 634 2555 687 in
2581 638 2779 686 ventre
2810 632 3016 685 matris
3039 646 3205 694 mete,
3242 632 3393 685 Deus
3423 643 3575 684 meus
3600 643 3653 683 es
3697 633 3772 690 tu,
3799 634 3853 684 ut

2240 724 2312 779 de
2337 723 2426 777 his
2449 728 2509 777 tu
2538 723 2618 775 sis
2639 721 2869 776 bonum
2911 736 3113 774 meum
3146 735 3159 773 :
3194 734 3265 775 ea
3313 718 3603 773 locutione
3655 717 3854 772 dictum

2240 816 2350 877 est,
2383 826 2453 866 ac
2483 810 2532 865 si
2571 810 2886 876 diceretur,
2921 808 3085 864 verbi
3125 808 3336 878 gratia,
3371 806 3448 861 De
3480 810 3629 861 terra
3660 804 3856 861 eaalum

2241 900 2468 965 habito,
2510 900 2623 955 hoc
2649 905 2755 961 est,
2780 898 2918 953 hinc
2949 897 3047 953 illo
3083 895 3372 967 emigravi
3406 900 3499 960 ;et
3548 894 3657 949 ista
3680 900 3859 950 nostra

2242 990 2299 1045 in
2323 990 2487 1044 illum
2525 986 2966 1056 transfiguratio
2998 992 3102 1055 est,
3129 985 3230 1058 qui
3259 1000 3367 1056 per
3411 984 3655 1053 gratiam
3691 984 3860 1038 Testa-

2244 1080 2427 1134 menti
2454 1077 2592 1133 Novi
2623 1082 2928 1131 mutamus
2961 1078 3165 1139 vitam,
3200 1077 3576 1130 transeuntes
3599 1071 3669 1126 de
3692 1078 3860 1126 vetere

2244 1167 2322 1223 ad
2364 1182 2607 1222 novam.
2660 1165 2810 1220 Nam
2860 1164 2954 1219 ille
3002 1164 3158 1219 hanc
3206 1178 3332 1217 rem
3366 1165 3732 1217 sacramento
3757 1174 3862 1213 sure

2243 1256 2543 1329 passionis
2589 1254 3161 1325 resurrectionisque
3226 1250 3593 1322 signiﬁcans,
3647 1264 3863 1304 carnem

2246 1345 2497 1401 mutavit
2517 1345 2590 1399 de
2622 1344 2979 1399 mortalitate
3001 1343 3077 1397 ad
3110 1339 3617 1397 immortalitatem
3654 1353 3666 1392 :
3706 1337 3867 1392 vitam

2245 1451 2385 1489 vero
2413 1450 2535 1489 non
2568 1436 2819 1489 mutavit
2866 1435 2940 1486 de
2978 1437 3263 1487 vetustate
3306 1430 3365 1483 in
3408 1429 3744 1491 novitatem,
3778 1425 3866 1497 qui

2245 1540 2559 1595 nunquam
2587 1522 2691 1577 fuit
2726 1522 2782 1577 in
2812 1520 3138 1593 impietate,
3174 1519 3333 1575 unde
3360 1518 3636 1573 transiret
3672 1516 3743 1571 ad
3764 1516 3871 1585 pie-

2244 1616 2447 1669 tatem.

2318 1705 2404 1756 31.
2435 1702 2794 1771 Quanquam
2834 1715 2953 1754 non
2978 1697 3294 1753 defuerunt
3325 1699 3429 1769 qui
3451 1695 3563 1751 hoc
3590 1693 3745 1766 quod
3772 1692 3872 1748 dic-

2248 1793 2372 1845 tum
2396 1795 2502 1854 est,
2542 1791 2623 1844 De
2649 1794 2852 1844 ventre
2904 1790 3113 1844 matris
3163 1802 3303 1843 mea?
3354 1786 3501 1842 Deus
3538 1798 3694 1839 meus
3722 1797 3774 1837 es
3800 1789 3872 1843 tu,

2248 1878 2381 1933 ideo
2421 1878 2496 1933 ad
2528 1879 2727 1949 ipsum
2770 1883 2950 1949 caput
2977 1882 3245 1932 nostrum
3274 1876 3569 1946 pertinere
3600 1871 3872 1933 sentirent,

2248 1968 2536 2039 quoniam
2568 1968 2732 2023 Pater
2762 1968 2821 2022 in
2868 1972 3099 2022 tantum
3133 1969 3222 2021 est
3263 1968 3418 2020 Deus
3453 1964 3602 2032 ejus,
3631 1961 3686 2015 in
3710 1974 3875 2031 quan-

2251 2062 2376 2112 tum
2406 2058 2588 2111 homo
2606 2062 2694 2111 est
2731 2056 2788 2111 in
2820 2056 3015 2110 forma
3045 2056 3217 2119 servi,
3250 2069 3373 2108 non
3400 2054 3457 2106 in
3489 2056 3773 2123 quantum
3810 2048 3875 2102 illi

2250 2146 2498 2218 aequalis
2519 2147 2577 2201 in
2610 2148 2801 2201 forma
2825 2146 2926 2200 Dei
2957 2151 3043 2200 est
3065 2146 3143 2216 (a)
3168 2161 3180 2210 ;
3215 2143 3350 2198 ideo
3376 2143 3451 2198 De
3480 2146 3676 2197 ventre
3700 2140 3877 2193 matris

2251 2252 2388 2293 meae
2416 2238 2563 2291 Deus
2590 2252 2750 2291 meus
2803 2251 2860 2292 es
2908 2242 2991 2299 tu,
3022 2250 3092 2290 ac
3146 2234 3196 2288 si
3233 2233 3475 2295 diceret,
3532 2233 3602 2285 Ex
3631 2244 3698 2284 eo
3735 2225 3875 2299 quod

2252 2325 2435 2381 homo
2462 2324 2655 2380 factus
2686 2341 2843 2390 sum,
2873 2326 3026 2378 Deus
3055 2340 3223 2378 meus
3256 2339 3319 2377 es
3360 2327 3444 2377 tu.
3481 2320 3590 2375 Sed
3617 2317 3758 2390 quid
3787 2320 3875 2377 est,

2256 2415 2341 2469 Tu
2368 2415 2685 2469 extraxisti
2706 2428 2793 2468 me
2822 2413 2893 2469 de
2932 2417 3145 2476 ventre,
3178 2411 3223 2464 si
3264 2411 3339 2464 ad
3377 2410 3578 2481 ipsum
3609 2408 3789 2461 Jesum
3817 2403 3877 2456 de

2259 2504 2489 2571 Virgine
2520 2507 2895 2573 procreatum
2920 2501 3210 2557 refertur?
3230 2498 3406 2572 quasi
3440 2498 3585 2553 alios
3612 2499 3753 2551 Deus
3779 2506 3879 2546 non

2256 2592 2543 2657 extrahat,
2578 2592 2636 2645 in
2665 2591 2836 2663 cujus
2870 2590 3242 2662 providentia
3264 2594 3354 2643 est
3379 2586 3579 2643 omnis
3609 2583 3747 2639 ordo
3767 2597 3880 2637 nas-

2258 2680 2429 2736 cendi
2460 2698 2472 2735 :
2506 2696 2580 2735 an
2612 2681 2749 2735 inde
2781 2679 3119 2750 significare
3152 2678 3337 2733 voluit
3374 2681 3614 2749 partum
3659 2668 3879 2740 Virginis

2260 2775 2495 2825 servata
2526 2769 2876 2837 virginitatis
2924 2767 3257 2837 integritate
3302 2764 3583 2829 mirabili,
3633 2777 3759 2817 cum
3797 2759 3878 2822 ait,

2266 2860 2345 2913 Tu
2376 2858 2695 2914 extruxisti
2718 2872 2808 2912 me
2847 2857 2919 2912 de
2945 2862 3147 2912 ventre
3192 2855 3410 2911 matris
3452 2867 3629 2919 meae,-
3664 2845 3880 2920 utquod

2260 2947 2375 3002 illic
2422 2947 2764 3002 mirabiliter
2786 2946 3006 3001 factum
3038 2952 3141 3013 est,
3188 2961 3325 2999 cum
3360 2945 3520 2998 Deus
3546 2941 3744 2996 fecisse
3771 2934 3885 2991 dici-

2266 3042 2375 3101 tur,
2402 3036 2625 3090 nemini
2667 3034 3010 3090 incredibile
3035 3033 3301 3089 videatur
3328 3033 3357 3085 *Ρ
3404 3030 3558 3097 Quid
3584 3043 3715 3099 ergo
3741 3029 3817 3080 est
3840 3026 3886 3077 et

2263 3124 2430 3190 illud,
2461 3124 2601 3193 Spes
2631 3138 2760 3179 mea
2786 3124 2861 3179 ab
2893 3123 3168 3179 uberibus
3189 3122 3406 3177 matris
3438 3134 3576 3175 mea
3607 3119 3634 3172 Υ
3659 3118 3885 3182 Quomo-

2264 3213 2342 3269 do
2365 3220 2418 3268 et
2451 3214 2559 3268 hoc
2588 3212 2664 3267 ad
2694 3212 2891 3283 ipsum
2924 3217 3103 3283 caput
3158 3210 3431 3265 Ecclesia
3472 3206 3670 3264 referri
3700 3206 3883 3276 potest.

2265 3304 2436 3376 quasi
2468 3318 2605 3373 spes
2645 3302 2774 3371 ejus
2802 3318 2936 3373 quas
2986 3303 3044 3356 in
3079 3304 3195 3355 Deo
3235 3306 3340 3368 est,
3380 3316 3419 3355 a
3479 3296 3679 3354 matris
3716 3290 3886 3347 uberi-

2265 3393 2377 3449 bus
2409 3394 2458 3447 ei
2498 3394 2761 3463 cmperit,
2788 3407 2907 3446 non
2963 3397 3018 3446 et
3056 3398 3192 3446 ante
3239 3392 3299 3445 in
3326 3390 3458 3461 ipso
3485 3383 3689 3444 utero?
3717 3386 3884 3452 Neque

2268 3482 2425 3537 enim
2460 3497 2597 3553 spes
2628 3480 2743 3535 alia
2784 3479 3168 3549 intelligenda
3210 3484 3317 3546 est,
3346 3479 3462 3534 nisi
3493 3493 3614 3550 qua
3654 3474 3885 3529 futurum

2269 3575 2393 3625 erat
2423 3577 2482 3625 ut
2514 3572 2667 3624 Deus
2695 3585 2833 3624 eum
2866 3569 3145 3624 exaltaret
3182 3584 3217 3623 a
3244 3569 3496 3623 mortuis
3528 3583 3540 3621 :
3579 3569 3759 3619 totum
3793 3557 3885 3612 hoc

2267 3661 2512 3731 quippe,
2538 3660 2866 3713 secundum
2900 3658 2961 3713 id
3017 3658 3178 3729 quod
3212 3658 3395 3713 homo
3427 3656 3617 3712 factus
3638 3658 3736 3714 est,
3767 3645 3891 3703 dici-

2273 3754 2381 3804 tur.
2416 3752 2502 3803 An
2528 3748 2671 3803 forte
2712 3750 2854 3819 quia
2894 3749 3079 3803 ubera
3112 3748 3469 3803 feminarum
3503 3745 3580 3800 ab
3622 3744 3746 3813 ipso
3772 3750 3889 3792 con-

2272 3843 2446 3908 ceptu
2477 3839 2535 3891 in
2566 3837 2892 3892 ubertatem
2920 3838 3255 3908 promoveri
3280 3835 3689 3907 prohibentur,
3720 3829 3793 3882 sic
3821 3826 3889 3877 in-

2276 3926 2451 3995 telligi
2496 3926 2698 3991 voluit,
2733 3928 2807 3982 ab
2866 3926 3193 3995 uberibus;
3240 3931 3528 3996 tanquam
3570 3920 3795 3980 diceret,
3824 3914 3886 3967 Ex

2274 4030 2396 4085 quo
2441 4030 2681 4069 carnem
2738 4015 2987 4086 sumpsi,
3041 4016 3134 4069 cui
3197 4013 3363 4069 carni
3402 4012 3593 4066 fuerat
3622 4000 3888 4079 speranda

2275 4102 2693 4158 immortalitas
2721 4108 2811 4158 :ut
2835 4110 3106 4157 nonante
3138 4118 3275 4174 spes
3292 4101 3341 4155 ei
3369 4105 3698 4165 esset,cum
3730 4092 3889 4148 infor-

2278 4208 2376 4247 ma
2398 4192 2498 4246 Dei
2529 4198 2702 4256 esset,
2728 4194 2786 4247 in
2809 4208 2930 4263 qua
2956 4192 3103 4247 nihil
3134 4193 3193 4247 in
3227 4191 3439 4246 melius
3465 4184 3889 4245 mutandumes-

2280 4287 2365 4337 set
2397 4281 2519 4350 ;sed
2559 4281 2629 4335 ab
2656 4281 2931 4337 uberibus
2958 4281 3186 4345 matris,
3222 4281 3281 4335 id
3313 4286 3399 4335 est
3424 4279 3502 4335 ab
3534 4278 3661 4349 ipsa
3684 4282 3891 4337 suscep-

2278 4371 2436 4426 tione
2467 4371 2664 4427 carnis
2690 4387 2826 4443 qum
2853 4370 3303 4442 concipiebatur
3332 4370 3386 4425 in
3432 4386 3557 4442 spe,
3591 4366 3751 4435 cujus
3786 4354 3890 4427 spei

2280 4476 2371 4514 res
2400 4460 2595 4515 futura
2627 4466 2770 4525 erat,
2799 4476 2936 4516 cum
2967 4462 3044 4515 ad
3084 4459 3590 4515 immortalitatem
3628 4454 3697 4508 de
3732 4449 3891 4505 morte

2281 4548 2556 4604 transiret
2579 4549 2607 4604 ‘I

2350 4638 2438 4691 32.
2470 4637 2582 4693 Sed
2607 4638 2771 4709 quod
2799 4638 3027 4693 dictum
3064 4643 3170 4702 est,
3216 4639 3284 4691 In
3331 4643 3385 4693 te
3403 4638 3670 4706 jactatus
3701 4642 3814 4686 sum
3832 4636 3893 4678 ex

2282 4733 2470 4792 utero,
2508 4727 2817 4798 quomodo
2857 4728 3122 4799 coaptari
3180 4728 3360 4797 capiti
3412 4726 3617 4797 possit,
3670 4722 3887 4791 ignoro:

2279 4819 2453 4887 quasi
2484 4817 2541 4870 in
2577 4822 2741 4871 utero
2772 4832 2907 4871 cum
2924 4823 3093 4881 esset,
3128 4832 3247 4871 non
3280 4815 3339 4870 in
3364 4817 3481 4870 Deo
3510 4812 3695 4875 fuerit,
3720 4809 3771 4861 in
3791 4812 3891 4873 quo

2280 4905 2561 4970 vivimus,
2603 4921 2936 4971 movemur,
2978 4912 3033 4961 et
3068 4922 3278 4960 sumus
3310 4905 3467 4975 (Act.
3500 4918 3637 4963 xvn,
3667 4898 3785 4966 28);
3814 4891 3893 4945 aut

2280 4994 2435 5049 illius
2461 4993 2702 5049 infantis
2750 4995 2950 5051 anima
2982 4995 3310 5057 rationalis,
3340 5010 3411 5049 ex
3466 5008 3587 5065 quo
3626 5002 3751 5045 caro
3780 4993 3891 5053 ριό·

2282 5084 2461 5138 cessit
2491 5100 2559 5139 ex
2592 5088 2779 5149 utero,
2812 5084 2998 5139 Deum
3033 5100 3272 5155 sperare
3315 5082 3581 5156 coeperit.
3637 5075 3743 5134 Nisi
3771 5071 3889 5124 forte

2283 5172 2649 5229 credendum
2683 5178 2794 5236 est,
2823 5173 2951 5244 jam
2987 5178 3127 5228 nato
3160 5174 3427 5228 animam
3458 5165 3789 5227 rationalem
3811 5169 3887 5211 ac-

2284 5264 2551 5330 cessisse,
2580 5279 2716 5335 quze
2745 5266 2896 5317 intra
2924 5262 3151 5317 viscera
3182 5261 3389 5317 matris
3420 5261 3613 5316 adhuc
3641 5253 3689 5310 ei
3705 5244 3886 5306 defuis-

2286 5357 2474 5405 setzet
2495 5352 2783 5421 quoniam
2798 5352 3008 5406 eadem
3034 5352 3409 5422 anima,qua3
3437 5346 3727 5415 carnijam
3756 5337 3884 5393 nata)

2285 5439 2489 5495 addita
2511 5446 2616 5505 est,
2654 5443 2767 5495 Deo
2787 5440 3133 5504 inhaerebat,
3154 5440 3287 5494 ideo
3314 5424 3881 5493 secundumeamdem

2283 5544 2523 5584 carnem
2563 5530 2788 5585 dictum
2818 5546 2949 5585 esse
2979 5529 3441 5584 existimandum
3472 5532 3575 5591 est,
3625 5523 3688 5578 In
3712 5515 3881 5583 teJ'M'

2344 5674 2413 5729 (a)
2435 5670 2699 5730 Ambros,
2736 5671 2826 5721 lib.
2856 5673 2879 5720 1
2899 5670 2963 5721 de
2988 5670 3133 5727 Fide,
3156 5684 3206 5725 c.
3248 5670 3300 5725 ϐ,
