4074 6158
110 180 198 237 553

108 297 379 346 tatussum
402 300 471 343 ex
502 292 666 341 utero
691 307 710 345 .-
732 288 1019 356 tanquam
1056 283 1294 337 diceret.
1331 283 1473 337 Eam
1489 283 1730 336 sortitus

102 394 213 433 sum
242 377 499 430 animam
528 389 599 428 ex
646 378 828 435 utero,
874 388 1010 443 qua
1050 371 1153 426 tibi
1220 372 1560 427 cohareret.
1618 370 1732 426 Sed

96 470 213 541 quis
242 464 454 520 audeat
485 462 544 517 in
575 462 733 517 hanc
765 478 827 517 se
855 465 1071 516 temere
1097 459 1464 531 pracipitare
1496 462 1732 511 senten-

98 560 239 617 tiam,
279 569 415 607 cum
446 551 595 607 ratio
626 551 700 604 de
732 549 997 605 adventu
1032 548 1121 603 vel
1148 555 1356 603 exortu
1384 548 1602 603 anima
1670 544 1729 600 in

96 648 239 700 tanto
266 645 491 696 natura
518 637 820 710 profundo
853 640 938 693 sic
967 637 1170 701 lateat,
1206 643 1265 690 ut
1290 637 1479 690 satius
1501 636 1575 688 sit
1596 648 1731 687 eam

96 746 309 802 semper
327 743 594 800 quarere
616 726 888 799 quandiu
914 727 970 781 in
999 726 1110 781 hac
1143 726 1262 779 vita
1289 739 1518 790 sumus,
1543 737 1729 793 quam

94 818 394 893 aliquando
424 818 725 872 invenisse
767 816 1181 886 praesumere?
1226 817 1299 869 Ex
1340 813 1436 868 illa
1470 827 1607 867 vero
1670 812 1730 864 in

92 912 332 981 seipsum
366 904 890 974 transﬁguratione
949 906 1153 959 nostra
1211 900 1729 975 quemadmodum

94 1002 309 1070 possent
342 995 468 1050 hac
493 994 705 1065 accipi,
747 992 970 1047 dictum
1013 996 1120 1046 est.
1197 992 1250 1047 Si
1320 990 1465 1061 quid
1528 994 1729 1043 autem

92 1088 184 1143 dici
203 1085 390 1159 potuit
419 1083 893 1146 convenientius,
934 1080 1025 1136 vel
1043 1081 1316 1152 potuerit,
1342 1078 1559 1134 nullius
1589 1092 1733 1149 pra-

86 1176 407 1248 juilicamus
440 1170 1011 1241 ingenio,doctrina
1040 1169 1261 1224 nullius
1292 1168 1653 1223 invidemus.

148 1264 360 1319 CAPUT
400 1260 536 1317 XIII.
561 1290 613 1300 —
656 1260 744 1315 33.
776 1260 907 1314 Jam
942 1258 1086 1313 illud
1117 1257 1282 1327 quod
1323 1256 1614 1328 sequitur,
1640 1255 1732 1311 Ne

90 1353 329 1409 discedas
354 1366 396 1406 a
426 1367 526 1415 me,
554 1351 836 1421 quoniam
855 1347 1157 1403 tribulatio
1170 1346 1445 1414 proxima
1468 1352 1572 1411 est,
1601 1345 1731 1399 vide

91 1449 141 1497 ut
165 1440 453 1495 illuminet
484 1437 1001 1510 quemadmodum
1033 1436 1257 1490 dictum
1293 1435 1385 1500 sit,
1423 1434 1618 1499 Quare
1649 1450 1732 1488 me

90 1528 447 1601 deretiquisti.
480 1526 795 1593 Quomodo
826 1526 983 1581 enim
1016 1524 1349 1595 dereliquit,
1380 1524 1471 1577 cui
1494 1522 1727 1587 dicitur,

91 1620 161 1674 Ne
186 1616 455 1672 discedas
488 1630 524 1670 a
562 1630 674 1679 me,
712 1614 819 1667 nisi
852 1612 996 1682 quia
1021 1611 1330 1681 dereliquit
1363 1611 1489 1665 vita
1519 1610 1731 1664 veteris

92 1705 461 1778 temporalem
496 1703 830 1759 felicitatem
855 1700 882 1756 ?
917 1704 1176 1769 Rogatur
1215 1705 1415 1755 autem
1480 1715 1551 1753 ne
1606 1699 1733 1753 dis-

91 1795 236 1851 cedat
272 1802 325 1850 et
357 1795 598 1849 deserat
630 1807 795 1864 spem
830 1792 963 1846 vita
992 1792 1247 1845 a'terna.
1292 1788 1405 1843 Sed
1444 1787 1591 1860 quid
1623 1792 1731 1855 est,

90 1884 339 1955 quoniam
373 1882 689 1938 tribulatio
728 1879 1005 1949 proxima
1036 1884 1116 1934 est
1143 1878 1172 1930 ‘?
1201 1879 1373 1948 quasi
1413 1877 1463 1932 ei
1533 1876 1732 1946 passio

90 1974 260 2028 adhuc
292 1973 655 2034 immineret,
688 1986 824 2024 cum
859 1970 916 2022 in
950 1968 1076 2039 ipsa
1105 1967 1302 2022 media
1325 1967 1598 2035 passione
1622 1966 1732 2019 ista

90 2063 258 2117 dicere
310 2059 700 2129 intelligatur,
754 2073 891 2129 qua
951 2056 1025 2110 de
1065 2056 1164 2110 illo
1203 2056 1261 2109 in
1329 2055 1441 2109 hoc
1503 2053 1733 2124 psalmo

94 2150 432 2221 prophetata
459 2156 617 2203 sunt.
652 2148 751 2202 Hic
780 2147 936 2201 enim
964 2145 1232 2199 dicturus
1254 2150 1341 2197 est
1369 2142 1570 2205 etiam,
1597 2157 1733 2212 qua

93 2241 139 2293 in
170 2239 484 2307 Evangelia
512 2236 886 2308 apertissime
918 2234 1137 2303 scripta
1168 2240 1328 2297 sunt,
1395 2230 1733 2286 Diviserunt

91 2329 182 2383 sibi
216 2329 568 2385 vestimenta
606 2340 751 2390 mea,
784 2331 837 2381 et
868 2338 1049 2392 super
1100 2330 1313 2379 vestem
1346 2337 1533 2377 meam
1566 2319 1735 2375 mise-

93 2421 215 2471 runt
242 2404 737 2486 sortem'(Matth.
769 2429 947 2479 xxvu,
980 2413 1069 2479 35)
1112 2428 1135 2476 ,·
1186 2411 1351 2482 quod
1396 2409 1617 2464 factum
1652 2413 1738 2463 est

89 2523 207 2561 cum
230 2506 353 2574 jam
399 2504 680 2575 penderet
710 2504 769 2557 in
801 2501 982 2572 ligno.
1018 2500 1172 2566 Quid
1211 2505 1297 2555 est
1339 2515 1503 2567 ergo,
1549 2498 1737 2552 tribu-

91 2598 214 2651 latio
238 2596 517 2663 proxima
553 2599 659 2657 est,
696 2594 753 2646 in
782 2608 905 2662 qua
935 2590 1131 2645 media
1161 2588 1521 2661 loquebatur
1551 2588 1578 2643 ?
1616 2585 1727 2640 Sed

89 2682 513 2741 nimirumillud
544 2681 669 2736 vult
691 2680 958 2747 intelligi,
979 2679 1122 2750 quia
1138 2694 1276 2732 cum
1310 2694 1448 2731 caro
1479 2677 1537 2729 in
1564 2674 1728 2730 dolo-

88 2775 228 2830 ribus
266 2778 357 2829 est
396 2778 449 2827 et
488 2773 547 2826 in
598 2769 811 2842 panis,
844 2768 1112 2839 profecto
1144 2766 1349 2821 anima
1380 2770 1520 2820 tunc
1551 2765 1731 2819 habet

90 2878 357 2929 magnum
399 2874 653 2930 agonem
676 2856 991 2930 patientia,
1017 2856 1076 2909 in
1105 2871 1227 2926 quo
1248 2870 1321 2908 ne
1350 2854 1607 2919 deﬁciat,
1646 2852 1727 2906 la-

91 2951 411 3007 borandum
435 2948 812 3005 etorandum
840 2952 946 3001 est.
982 2945 1134 3000 Nihil
1167 2948 1470 2999 estautem
1511 2942 1729 2997 anima

90 3058 183 3096 sua
203 3055 390 3096 carne
406 3036 803 3109 propinquius
831 3057 844 3091 :
872 3035 1004 3090 ideo
1028 3032 1233 3088 mundi
1267 3033 1447 3102 hujus
1481 3031 1733 3103 quilibet

92 3146 324 3199 magnus
355 3126 777 3199 perfectusque
818 3130 1210 3193 contemptor,
1242 3138 1378 3175 cum
1412 3121 1555 3175 alibi
1586 3120 1734 3191 pati-

93 3225 185 3288 tur,
218 3217 365 3274 nihil
406 3216 642 3287 patitur.
679 3213 1043 3269 Potestenim
1067 3211 1350 3268 adhibere
1379 3210 1615 3278 vigilem
1645 3224 1734 3264 ra-

93 3309 311 3371 tionem,
348 3322 492 3360 cum
527 3303 1065 3375 amittitbonaqua
1094 3302 1459 3357 extrinsecus
1488 3303 1647 3361 sunt,
1680 3302 1735 3352 et

93 3397 156 3451 ab
190 3398 401 3453 animo
433 3393 743 3465 sapientis,
785 3394 886 3463 qui
920 3408 992 3446 ex
1024 3390 1344 3463 cupiditate
1376 3405 1496 3443 non
1530 3389 1730 3452 haret,

95 3488 199 3541 sine
227 3484 424 3541 dubio
454 3483 631 3554 longe
663 3486 800 3536 sunt
836 3496 850 3539 :
884 3495 999 3535 non
1053 3495 1263 3535 curare
1297 3478 1459 3549 quod
1493 3478 1732 3548 patitur,

93 3576 216 3647 quia
242 3590 353 3629 nec
375 3573 617 3643 patitur.
646 3571 790 3624 Cum
808 3584 946 3623 vero
965 3569 1178 3623 amittit
1196 3568 1499 3638 pracipua
1529 3580 1737 3635 corpo-

96 3665 160 3716 ris
186 3666 367 3727 bona,
406 3661 462 3715 id
489 3665 575 3715 est
605 3660 870 3729 corporis
893 3658 1077 3712 vitam
1101 3672 1171 3711 ac
1194 3657 1466 3722 salutem,
1489 3656 1613 3725 jam
1634 3653 1735 3708 tri-

96 3752 302 3809 bulatio
325 3749 611 3823 proxima
640 3748 928 3803 estanimi
950 3746 1138 3811 bonis,
1174 3744 1392 3817 quibus
1425 3746 1553 3814 ipse
1582 3745 1739 3797 intus

97 3846 376 3914 tanquam
409 3837 678 3909 corporis
708 3836 991 3891 dominus
1017 3841 1100 3890 est
1126 3852 1138 3889 :
1173 3834 1314 3905 quid
1354 3834 1527 3888 faciet
1555 3831 1741 3905 quali-

98 3929 181 3985 bet
208 3932 464 3993 ratione,
501 3933 563 3982 ιιι
594 3942 713 3981 ιιοιι
746 3926 944 3980 doleat
987 3940 1125 3979 cum
1154 3940 1371 3994 corpus
1401 3922 1742 3976 vulneratur

98 4026 187 4074 aut
213 4021 425 4081 uritur,
454 4017 547 4071 cui
581 4021 745 4071 tanto
776 4013 1115 4086 implicatur
1143 4012 1462 4077 consortio,
1501 4018 1559 4065 ut
1592 4010 1742 4081 parti

99 4109 292 4177 possit,
333 4122 455 4162 non
488 4105 688 4160 dolere
716 4120 836 4159 non
872 4100 1111 4174 possit?

156 4200 237 4253 34.
262 4197 402 4251 Ideo
416 4200 471 4249 et
484 4193 758 4249 diabolus
773 4193 931 4247 hunc
948 4190 1203 4247 nocendi
1217 4190 1491 4245 ordinem
1513 4194 1741 4253 tenens,

102 4286 244 4340 illius
273 4284 480 4353 magni
541 4282 647 4337 viri
688 4298 869 4352 quem
914 4280 1326 4351 postulaverat
1367 4278 1743 4343 tentandum,

97 4376 249 4446 prius
280 4379 528 4429 externa
559 4370 719 4425 bona
746 4370 969 4440 accepit
1003 4370 1060 4423 in
1093 4373 1448 4440 potestatem
1486 4385 1497 4422 :
1525 4367 1747 4438 quibus

99 4464 306 4519 ablatis
332 4469 386 4516 et
409 4460 673 4532 perditis,
691 4474 825 4514 cum
855 4458 1015 4513 illum
1042 4459 1465 4512 inconcussum
1488 4455 1742 4520 videret;

98 4551 493 4607 dixeratenim
506 4549 736 4611 .Domin
747 4563 812 4602 us
825 4546 1298 4611 dedit,Dominus
1310 4544 1551 4600 abstulit
1566 4544 1749 4614 ;sicut

104 4642 350 4697 Domino
380 4638 627 4708 placuit,
653 4638 738 4692 ita
759 4637 990 4705 factum
1013 4642 1135 4691 est:
1165 4636 1237 4690 sit
1271 4650 1481 4689 nomen
1516 4633 1751 4688 Domini

102 4730 465 4786 benedictum
495 4727 645 4799 (Job.
676 4741 716 4791 ι,
739 4726 852 4794 2t);
880 4727 1059 4780 etiam
1091 4740 1332 4779 carnem
1363 4722 1749 4779 cruciandam

102 4819 337 4875 vulnere
355 4816 700 4889 postulavit,
718 4816 815 4871 tali
828 4831 964 4869 cum
980 4830 1050 4869 eo
1068 4813 1395 4881 conﬂigens
1410 4812 1750 4876 certamine,

106 4914 160 4962 ut
192 4908 353 4964 bona
370 4903 1108 4977 proximainvaderet,boc
1144 4909 1235 4957 est
1261 4902 1529 4971 corporis
1560 4901 1749 4964 bona;

101 4997 321 5068 quibus
344 4996 438 5051 ille
468 4993 711 5065 perditis
749 4982 791 5047 Si
825 4993 969 5048 forte
1000 4991 1437 5053 succumberet,
1470 4995 1648 5062 atque
1677 4989 1755 5044 ad

103 5087 466 5157 impietatem
482 5099 584 5139 cor
612 5081 944 5147 inclinaret,
968 5082 1147 5136 etiam
1173 5080 1334 5136 bona
1365 5080 1549 5135 animi
1580 5078 1754 5150 depe-

105 5174 533 5246 rirent,quibus
550 5171 1013 5244 perdendisjam
1031 5172 1085 5225 in
1103 5185 1350 5241 corpore
1365 5169 1759 5225 saviensvici-

105 5266 234 5318 nius
254 5262 807 5318 tantatorinstabat.
847 5258 1106 5331 Denique
1131 5258 1221 5313 ille
1247 5260 1331 5312 vir
1359 5260 1415 5312 in
1441 5263 1606 5313 tanta
1638 5264 1760 5313 ten-

106 5352 351 5418 latione,
381 5352 481 5406 ubi
528 5357 652 5405 erat
683 5349 867 5404 animi
911 5349 1082 5403 bonis
1114 5349 1388 5419 proxima
1434 5347 1754 5411 tribulatio,

100 5440 384 5513 quamvis
426 5440 611 5495 multa
644 5438 983 5511 prophetice
1018 5438 1313 5508 loquatur.
1348 5435 1523 5503 longe
1560 5442 1759 5490 tamen

100 5528 370 5601 loquitur
400 5530 567 5584 aliter
592 5543 777 5599 quam
818 5543 954 5581 cum
990 5526 1087 5580 illa
1119 5531 1357 5580 externa
1390 5524 1551 5579 bona
1580 5524 1763 5594 depe-

100 5617 627 5689 rissent(ld.i,lt),
655 5617 712 5670 in
745 5616 967 5687 quibus
992 5614 1145 5671 ﬁIiOs
1174 5630 1291 5669 non
1323 5614 1627 5676 amiserat,
1660 5612 1761 5668 sed

103 5706 503 5779 praemiserat.

399 5794 646 5852 ΡΑι-ιιοι.
677 5792 921 5850 XXXIII.

1325 167 1831 229 EPISTOLARUM
1870 169 2157 228 CLASSIS
2184 172 2279 229 III.

3389 176 3495 234 554

1909 285 1995 337 35.
2018 284 2250 339 Clamat
2276 299 2417 355 ergo
2434 285 2713 354 martyris
2735 285 2941 340 anima
2969 286 3399 356 transﬁgurata
3430 288 3493 341 in

1838 371 2444 442 Christum,cumjam
2459 374 2516 427 in
2531 388 2709 428 carne
2726 374 2991 429 tribulari
3007 376 3269 446 coeperit,
3286 377 3495 433 etdicit

1840 462 1977 525 Deo,
1993 476 2028 515 a
2047 475 2168 532 quo
2181 461 2462 517 derelicta
2484 467 2573 517 est
2589 461 2649 516 in
2670 467 2903 519 terrena
2918 463 3215 529 felicitate,
3232 464 3329 519 sed
3356 482 3493 537 qua

1837 564 1973 602 cum
2009 548 2109 605 illo
2130 554 2217 604 est
2238 550 2297 604 in
2330 566 2434 620 spe
2471 552 2599 606 vita
2634 556 2890 617 aterna,
2920 553 3011 607 Ne
3029 552 3296 609 discedas
3326 570 3363 610 a
3386 572 3491 619 me,

1836 638 2121 708 quoniam
2136 639 2447 695 tribulatio
2461 641 2733 709 proxima
2748 647 2983 697 est:non
2998 647 3088 695 est
3104 642 3159 696 in
3176 658 3319 713 agro
3337 659 3491 709 meo,

1838 740 1957 780 non
1973 726 2030 779 in
2049 743 2215 796 auro,
2234 744 2352 783 non
2372 730 2428 784 in
2444 745 2676 800 pecore,
2703 745 2822 784 non
2850 730 3086 785 intectis
3100 737 3277 802 atque
3300 733 3496 803 parie-

1838 813 2013 882 tibus,
2032 817 2234 877 non,in
2265 833 2529 873 meorum
2554 818 2910 873 orbitatibus
2927 835 2940 881 ;
2959 818 3063 873 sed
3083 819 3140 873 in
3157 834 3333 875 carne
3359 837 3494 878 mea

1837 908 1941 965 est,
1977 903 2069 958 cui
2092 905 2355 975 copulor,
2388 906 2483 961 cui
2516 914 2855 972 connector,
2884 908 3055 977 cujus
3091 923 3332 963 sensum
3372 925 3496 965 non

1837 991 2057 1047 habere
2079 1008 2199 1048 non
2228 1008 2477 1064 possum
2516 1016 2527 1059 ;
2564 996 2723 1051 unde
2756 1012 2849 1051 me
2880 996 2955 1051 de
2996 997 3268 1067 proximo
3303 1003 3492 1068 urget,

1840 1085 1902 1134 ut
1930 1096 1965 1135 a
1996 1082 2298 1151 patientia
2327 1084 2538 1139 virtute
2565 1084 2865 1140 deﬁciam.
2902 1086 2989 1142 Ne
3008 1087 3277 1143 discedas
3301 1103 3337 1143 a
3366 1103 3494 1157 me;

1836 1170 2115 1238 quoniam
2142 1186 2259 1226 non
2291 1173 2489 1242 estqui
2504 1176 2746 1242 adjuvet
2772 1189 2999 1245 :neque
3023 1176 3275 1244 amicus,
3310 1192 3499 1247 neque

1836 1258 2239 1330 propinquus,
2267 1276 2459 1332 neque
2489 1262 2759 1318 humana
2786 1262 2937 1332 laus,
2963 1279 3157 1334 neque
3184 1267 3497 1335 praterita

1835 1347 2170 1403 recordatio
2190 1349 2529 1420 voluptatis,
2548 1367 2739 1422 neque
2768 1352 3356 1425 aliquideorumquo
3385 1360 3497 1409 ter-

1836 1450 1994 1490 rena
2012 1436 2302 1493 felicitatis
2323 1438 2764 1504 ruinafulcitur,
2781 1456 2972 1512 neque
2987 1442 3122 1512 ipsa
3142 1458 3277 1513 qua
3300 1443 3358 1497 in
3378 1444 3499 1497 ani-

1840 1540 1939 1579 mo
1994 1530 2081 1580 est
2122 1542 2255 1581 meo
2306 1527 2576 1583 humana
2607 1528 2837 1594 virtus;
2869 1531 3014 1602 quia
3046 1532 3095 1585 si
3158 1536 3217 1586 tu
3253 1530 3498 1599 deseris,

1836 1629 1974 1686 qua
2000 1613 2261 1669 hominis
2283 1617 2466 1671 virtus
2493 1616 2521 1671 ‘t

1908 1702 2128 1759 CAPUT
2164 1704 2290 1758 XIV.
2332 1734 2401 1747 —
2433 1705 2585 1770 Quid
2614 1711 2699 1762 est
2742 1708 2903 1763 enim
2935 1708 3137 1773 homo,
3175 1708 3287 1764 nisi
3328 1707 3496 1780 quod

1840 1806 2072 1846 memor
2100 1808 2162 1845 es
2204 1794 2333 1863 ejus
2362 1794 2389 1849 ?

1909 1880 2540 1938 36.0ircumdederunt
2554 1900 2645 1939 me
2661 1886 2836 1940 vituli
2849 1886 3027 1942 multi
3040 1905 3059 1941 :
3078 1887 3191 1942 hoc
3206 1888 3499 1942 estmino-

1837 1968 2007 2023 resin
2041 1970 2229 2040 plebe.
2276 1972 2449 2026 Tauri
2468 1973 2717 2042 pingues
2739 1974 3090 2029 obsederunt
3114 1991 3203 2031 me
3229 1994 3248 2030 :
3281 1977 3393 2030 hoc
3410 1981 3497 2029 est

1839 2057 2079 2128 superbi
2106 2074 2175 2113 ac
2204 2058 2437 2124 divites,
2472 2061 2767 2132 principes
2795 2062 3004 2133 plebis.
3030 2063 3412 2132 Aperuerunt
3435 2064 3495 2118 in

1839 2162 1930 2201 me
1967 2161 2029 2201 os
2058 2162 2231 2203 suum
2254 2168 2273 2204 :
2294 2148 2647 2215 clamantes,
2675 2150 2990 2221 Cruciﬁge,
3021 2152 3299 2221 cruciﬁge
3330 2154 3497 2221 (Luc.

1838 2251 1999 2300 xxm,
2034 2238 2143 2307 21).
2174 2237 2355 2303 Quasi
2386 2239 2472 2294 leo
2500 2241 2740 2305 rapiens
2768 2246 2822 2295 et
2854 2243 3094 2310 rugiens
3130 2264 3147 2292 .-
3174 2245 3500 2311 rapuerunt

1842 2326 2000 2379 enim
2038 2326 2540 2395 comprehensum
2581 2326 2943 2383 adducentes
2969 2329 3045 2384 ad
3086 2330 3501 2400 prasidem,et

1845 2414 2156 2481 rugierunt
2185 2414 2440 2485 petendo
2481 2416 2610 2487 ejus
2649 2422 2921 2471 mortem.
2951 2418 3120 2473 Sicut
3165 2434 3321 2490 aqua
3359 2420 3501 2488 effu-

1845 2518 1943 2557 sus
1971 2518 2101 2558 sum
2131 2521 2151 2557 :
2185 2508 2473 2575 tanquam
2504 2509 2563 2559 ut
2596 2506 2653 2559 in
2685 2520 2805 2561 me'
2834 2504 2991 2577 lapsi
3054 2510 3336 2563 caderent
3377 2524 3504 2579 per-

1836 2596 2139 2646 secutores
2157 2593 2290 2647 mei.
2320 2593 2601 2661 Dispersa
2634 2596 2984 2651 suntomnia
3008 2611 3135 2652 ossa
3150 2612 3274 2653 mea
3302 2616 3321 2652 .-
3348 2597 3490 2669 quid

1836 2686 1973 2735 sunt
2003 2696 2159 2744 ossa,
2188 2681 2296 2735 nisi
2323 2682 2586 2752 corporis
2615 2681 3037 2739 firmamenta?
3053 2684 3277 2756 Corpus
3299 2690 3499 2741 autem

1835 2768 2068 2835 Christi,
2095 2770 2386 2828 Ecclesia:
2418 2770 2799 2827 ﬁrmamenta
2828 2780 3027 2828 autem
3067 2774 3342 2830 Ecclesia
3369 2774 3497 2846 qui,

1839 2859 1948 2914 nisi
1973 2858 2368 2930 Apostoli,qui
2384 2859 2562 2914 etiam
2577 2860 2873 2915 columna
2887 2861 3026 2916 alibi
3045 2861 3499 2933 nuncupantur?

1838 2949 1902 3002 Hi
1920 2948 2119 3018 utique
2132 2947 2387 3017 dispersi
2411 2954 2712 3012 sunt,cum
2729 2950 2803 3003 ad
2819 2950 3162 3018 passionem
3177 2952 3305 3020 ipse
3326 2953 3503 3006 duce-

1839 3041 2019 3104 retur,
2047 3035 2138 3090 vel
2164 3052 2301 3089 cum
2333 3042 2712 3107 essetpassus
2745 3044 2800 3092 et
2833 3045 3124 3093 mortuus.
3148 3040 3392 3095 Factum
3417 3047 3499 3095 est

1839 3141 1981 3194 ergo
2018 3140 2120 3180 cor
2148 3140 2335 3180 meum
2368 3131 2649 3196 tanquam
2677 3141 2806 3181 cera
2857 3127 3175 3197 liquescens
3200 3128 3263 3184 in
3312 3129 3501 3185 medio

1839 3215 2060 3271 ventris
2073 3214 2203 3269 mei.
2223 3215 2338 3268 Hoc
2361 3230 2505 3269 sane
2531 3216 3053 3286 quemadmodum
3070 3218 3244 3288 capiti
3266 3224 3492 3285 nostro,

1840 3303 2024 3375 ipsius
2039 3302 2304 3373 corporis
2328 3302 2610 3358 salvatori
2639 3310 2968 3375 coaptetur,
2988 3306 3251 3360 invenire
3284 3305 3499 3361 diﬁcile

1841 3399 1948 3449 est.
1978 3396 2174 3464 Neque
2188 3393 2347 3447 enim
2367 3392 2477 3447 nisi
2504 3409 2723 3463 magno
2740 3409 2959 3465 pavore
2986 3396 3293 3466 contingit,
3314 3400 3375 3449 ut
3398 3410 3501 3450 cor

1841 3483 1998 3537 velut
2027 3498 2162 3537 cera
2199 3480 2487 3553 liquescat
2521 3482 2858 3538 humanum
2884 3499 2896 3537 :
2922 3484 3081 3553 quod
3117 3484 3278 3538 unde
3310 3485 3366 3537 in
3399 3483 3502 3540 illo

1841 3571 1968 3625 ﬁeri
1986 3570 2314 3640 posset,qui
2334 3578 2683 3640 potestatem
2712 3570 2975 3626 habebat
3006 3572 3261 3641 ponendi
3284 3579 3339 3627 et
3364 3573 3503 3627 reci-

1844 3659 2043 3731 piendi
2078 3659 2346 3713 animam
2379 3675 2553 3713 suam
2583 3659 2611 3711 ‘l
2650 3658 2763 3713 Sed
2800 3659 3063 3729 profecto
3096 3666 3201 3715 aut
3235 3660 3508 3716 inﬁrmo-

1845 3764 1975 3803 rum
1994 3764 2239 3801 suorum
2255 3748 2313 3801 in
2332 3763 2392 3799 se
2408 3748 3124 3813 transtulitcausam;sive
3146 3749 3379 3804 illorum
3403 3750 3507 3820 qui

1848 3840 2008 3891 metu
2026 3834 2229 3890 mortis
2257 3841 2605 3904 pavescunt,
2624 3835 2915 3905 sicutipse
2936 3838 3137 3891 Petrus
3165 3853 3235 3891 ex
3262 3838 3500 3905 egregio

1847 3930 2281 3996 prasumptore
2311 3928 2431 3978 tam
2454 3923 2659 3978 creber
2675 3928 2920 3994 negator
2942 3923 3215 3991 eﬂectus;
3250 3925 3511 3981 siveillo-

1847 4030 1983 4069 rum
2013 4012 2249 4068 tristitia
2280 4011 2501 4066 salubri
2537 4012 2987 4079 contabescunt,
3022 4015 3173 4070 sicut
3199 4015 3357 4070 idem
3380 4016 3509 4085 ipse

1852 4106 2053 4158 Petrus
2075 4118 2213 4156 cum
2234 4117 2437 4156 amare
2452 4100 2634 4155 ﬂevit.
2666 4105 2811 4157 Nam
2825 4103 3129 4159 ettrislitia
3143 4104 3321 4175 quasi
3338 4105 3514 4161 solvit

1851 4207 1970 4247 cor:
1983 4191 2139 4245 unde
2154 4189 2366 4245 dicitur
2379 4190 2554 4245 etiam
2573 4204 2762 4259 grace
2777 4191 2940 4263 quod
2957 4193 3254 4264 appellata
3268 4193 3507 4251 εἱιλύπη.

1854 4286 1963 4335 Aut
2004 4286 2157 4335 certe
2182 4278 2549 4351 profundum
2579 4287 3021 4335 sacramentum
3050 4298 3159 4336 nos
3191 4282 3513 4351 intelligere

1853 4369 2128 4437 voluit,ut
2157 4368 2353 4423 cordis
2384 4368 2476 4423 sui
2508 4368 2755 4423 nomine
2787 4369 3150 4437 significaret
3180 4372 3512 4440 Scripturas

1856 4474 2021 4525 suas,
2052 4457 2153 4512 ubi
2174 4457 2303 4527 ejus
2336 4457 2538 4526 utique
2567 4456 2789 4511 latebat
2814 4457 3149 4520 consilium,
3186 4458 3349 4529 quod
3375 4462 3514 4513 tunc

1855 4550 2132 4618 apertum
2155 4550 2268 4607 est,
2287 4560 2423 4599 cum
2437 4560 2655 4615 eaqua
2670 4545 2743 4598 de
2769 4544 2867 4598 illo
2887 4545 3240 4615 prophetata
3258 4546 3512 4609 fuerunt,

1855 4652 2076 4709 passus
2102 4633 2387 4703 implevit.
2426 4631 2642 4687 Soluta
2672 4639 2965 4702 suntergo
2981 4632 3297 4704 Scriptura
3316 4634 3513 4705 ejusin

1854 4725 1929 4781 iis
1953 4739 2087 4795 qua
2105 4720 2367 4793 perfecta
2402 4726 2544 4775 sunt
2568 4722 2826 4776 adventu
2857 4722 3009 4792 ejus,
3036 4723 3361 4791 nativitate,
3380 4740 3515 4795 pas-

1859 4815 2049 4881 sione,
2068 4810 3123 4878 resurrectione,glorificatione.Quis
3139 4813 3431 4884 enimjam
3447 4830 3519 4868 ea

1860 4898 2356 4965 nonintelligitin
2393 4899 2718 4969 Prophetis,
2748 4899 2999 4969 quando
3034 4916 3221 4971 usque
3246 4901 3321 4956 ad
3356 4900 3519 4954 intel-

1860 4991 2081 5046 lectum
2113 4988 2290 5043 etiam
2343 4987 2603 5042 carnalis
2636 4987 3032 5043 multitudinis
3065 4994 3464 5058 pervenerunt
3492 4988 3519 5041 ‘t

1856 5094 2046 5155 quam
2086 5078 2338 5133 fortasse
2371 5076 2728 5145 signiﬁcavit
2756 5077 2955 5132 medio
2988 5078 3206 5132 ventris
3236 5078 3345 5143 sui,
3370 5082 3434 5131 ut
3459 5076 3518 5131 in

1863 5168 1991 5238 ejus
2005 5182 2252 5238 corpore
2273 5166 2437 5236 quod
2469 5170 2559 5218 est
2590 5165 2862 5233 Ecclesia,
2886 5167 3057 5236 quasi
3086 5165 3518 5221 ventrislocum

1864 5257 2083 5312 habeat
2100 5254 2357 5310 carnalis
2382 5260 2437 5308 et
2457 5254 2745 5309 infirmior
2764 5254 3279 5308 multitudo.Autsi
3301 5255 3519 5309 ventris

1866 5360 2088 5401 nomen
2117 5345 2309 5411 magis
2340 5342 2718 5398 interioribus
2754 5342 3055 5412 competit.
3094 5342 3169 5396 ad
3202 5358 3303 5397 eos
3326 5344 3523 5414 potius

1868 5434 1969 5506 qui
2016 5431 2397 5503 perfectiores
2450 5437 2607 5495 sunt,
2669 5431 3107 5500 Scripturarum
3162 5431 3520 5488 intellectum

1868 5520 2162 5593 pertinere
2220 5524 2614 5575 monstratum
2673 5524 2779 5584 est,
2832 5534 2969 5572 cum
3018 5535 3120 5574 cor
3151 5522 3299 5591 ejus,
3334 5522 3391 5578 id
3437 5531 3519 5579 est

1872 5609 2189 5680 Scriptura
2220 5610 2350 5679 ejus
2380 5624 2515 5679 qua
2549 5606 2856 5662 continent
2900 5607 3213 5665 consilium
3260 5611 3411 5682 ejus,
3466 5613 3523 5667 in

1876 5700 2072 5756 medio
2104 5714 2333 5768 eorum,
2370 5697 2483 5752 hoc
2507 5703 2591 5752 est
2622 5698 2680 5751 in
2725 5697 3080 5766 cogitatione
3137 5715 3366 5767 eorum,
3401 5706 3524 5756 tan-

2869 5784 3191 5857 (Dix-Huit
3202 5832 3216 5848 .
3228 5792 3249 5859 )
