4074 6164
646 149 751 204 555

647 290 829 344 quam
871 286 1006 327 cera
1051 267 1416 329 dissolvitur,
1466 267 1578 323 hoc
1623 275 1734 336 est,
1777 266 2005 323 fervore
2051 269 2297 339 spiritus

646 362 926 434 aperitur,
955 360 1313 427 disputatur,
1359 357 1701 426 exponitur.

719 441 942 496 CAPUT
966 439 1073 493 XV.
1097 467 1153 476 —
1171 438 1257 491 37.
1286 436 1549 492 Emeruit
1584 438 1740 492 vetut
1769 444 1909 493 testa
1933 439 2124 492 virtus
2150 452 2293 493 mea.

644 530 815 584 Testa
840 529 977 595 igne
1004 526 1242 581 firmata
1268 532 1359 580 est
1378 544 1389 577 :
1407 525 1489 579 sic
1516 526 1770 595 etjvirtus
1794 526 2061 596 corporis
2090 525 2297 580 Christi

641 632 762 673 non
803 616 951 670 sicut
991 614 1352 683 fenumigne
1400 613 1793 677 consumitur,
1841 614 1946 669 sed
1978 614 2296 669 sicuttesta

640 704 921 777 passione
955 704 1113 759 velut
1140 704 1276 772 igne
1309 704 1600 758 firmatur.
1624 703 1771 760 Vasa
1797 703 1946 758 enim
1976 703 2294 773 ﬁgutipro-

643 796 998 864 bat/omam,
1018 793 1296 847 sicutalio
1312 793 1442 846 loco
1459 793 1759 862 Scriptura
1782 793 1943 860 dicit,
1958 794 2013 848 et
2031 792 2293 848 homines

628 885 816 955 justos
844 882 1513 939 tentatiotributationis
1536 882 1945 952 (Eccti.xxvn,
1980 882 2055 950 6).
2090 882 2159 935 Et
2178 881 2294 937 lin-

635 989 755 1046 gua
769 989 896 1029 mea
913 972 1162 1029 adhaesit
1187 971 1461 1040 faucibus
1479 974 1636 1027 meis.
1649 970 2099 1044 Potestquidem
2121 972 2292 1026 silen-

638 1068 784 1121 tium
800 1064 927 1134 ejus
947 1062 1349 1131 significatum
1366 1060 1747 1132 videri,quod
1771 1061 1985 1117 etalius
2002 1062 2290 1132 propheta

636 1155 1033 1217 commendat,
1051 1168 1188 1206 cum
1216 1150 1370 1210 dicit.
1394 1149 1551 1205 Sicut
1578 1166 1764 1220 agnus
1791 1166 1991 1207 coram
2016 1152 2291 1207 tondente

634 1241 1422 1314 fuitsinevoce(lsai.i.ni,7).
1443 1241 1556 1297 Sed
1585 1240 1633 1294 si
1651 1241 1917 1310 linguam
1936 1240 2083 1310 ejus,
2110 1241 2286 1295 eosin

636 1335 765 1403 ejus
799 1346 1067 1401 corpore,
1094 1329 1260 1401 quod
1282 1337 1369 1384 est
1414 1329 1694 1393 Ecclesia,
1726 1328 2149 1398 intelligamus,
2185 1345 2289 1399 per

636 1437 789 1493 quos
803 1419 1255 1490 suumloquitur
1275 1418 1655 1485 Evangelium
1682 1435 1695 1483 ;
1722 1426 1858 1473 tunc
1872 1418 2287 1488 ejusfaucibus

635 1510 962 1571 adheerent,
994 1525 1130 1563 cum
1159 1525 1193 1562 a
1218 1510 1528 1578 praeceptis
1562 1508 1689 1577 ejus
1724 1523 1844 1562 non
1874 1508 2177 1562 recedunt.

705 1602 790 1652 38.
809 1599 975 1662 Quod
1002 1614 1135 1651 vero
1160 1598 1446 1667 sequitur,
1472 1596 1546 1649 Et
1572 1601 1630 1650 in
1643 1597 1943 1664 pulverem
1963 1597 2169 1651 mortis
2194 1597 2284 1652 de-

630 1686 860 1743 duxisti
887 1703 989 1751 me,
1024 1685 1332 1757 quomodo
1364 1687 1541 1755 capiti
1575 1686 1950 1756 coaptabitur
1973 1703 1989 1755 ;
2011 1686 2285 1756 quando-

629 1776 1109 1847 quidemcorpus
1142 1775 1473 1845 ejus,quod
1503 1775 1775 1829 tertiadie
1807 1777 2143 1839 resurrexit,
2167 1792 2284 1829 non

626 1870 714 1920 est
775 1868 974 1937 utique
1030 1865 1089 1918 in
1133 1864 1433 1935 pulverem
1492 1862 1902 1918 dissolutum?
1958 1880 2065 1918 nec
2118 1864 2285 1918 aliter

627 1960 1027 2025 exposuerunt
1050 1954 1311 2024 Apostoli
1339 1953 1503 2025 quod
1531 1953 1588 2007 in
1617 1954 1735 2008 alio
1766 1953 1996 2023 psalmo
2022 1954 2283 2023 pOsitum

626 2050 737 2112 est,
752 2044 950 2114 Neque
965 2043 1128 2099 dabis
1142 2049 1402 2098 sanetum
1426 2050 1586 2097 tuum
1602 2042 1797 2099 videre
1820 2042 2281 2111 corruptionem,

627 2133 739 2186 nisi
762 2132 1045 2204 quiaejus
1068 2147 1208 2186 caro
1236 2147 1354 2185 non
1381 2136 1469 2186 est
1494 2138 1799 2202 corrupta,
1821 2147 1957 2203 quas
1986 2138 2107 2186 tam
2132 2130 2279 2185 cele-

624 2221 763 2275 riter
784 2221 1101 2276 resurrexit
1133 2222 1321 2290 (Psat.
1348 2236 1441 2285 xv,
1476 2222 1543 2275 10
1576 2239 1589 2289 ;
1623 2222 1749 2275 Act.
1779 2236 1835 2285 ιι,
1868 2221 2074 2286 24-32).
2118 2219 2281 2274 Unde

621 2311 761 2365 item
788 2312 845 2365 in
881 2310 994 2365 alio
1018 2309 1252 2380 psalmo
1280 2310 1437 2373 dicit,
1472 2310 1610 2374 Quz
1635 2309 1866 2364 utilitas
1896 2309 1957 2362 in
1991 2308 2282 2377 sanguine

625 2414 767 2463 meo,
796 2400 937 2453 dum
958 2398 1239 2453 descendo
1252 2398 1314 2452 in
1330 2398 1765 2466 corruptionem
1779 2398 2121 2468 ?Numquitt
2143 2414 2279 2452 con-

620 2488 1000 2554 ﬁtebiturtibi
1011 2488 1229 2551 puteis,
1248 2493 1351 2540 aut
1366 2487 1751 2541 annuntiabit
1779 2489 2085 2543 veritatem
2110 2494 2274 2541 tuam

625 2577 811 2645 (Psat.
829 2576 1113 2645 xx1x,10)?
1130 2577 1240 2629 hoc
1254 2576 1475 2629 scilicet
1492 2576 1722 2642 dicens,
1739 2576 1902 2646 quod
1919 2577 1963 2630 si
1981 2592 2052 2630 eo
2068 2580 2269 2639 modo,

625 2681 747 2736 quo
779 2671 833 2719 et
863 2664 1075 2729 caeteri,
1108 2670 1379 2718 mortuus
1411 2664 1805 2719 dimitteretur
1846 2666 1903 2719 in
1944 2664 2269 2736 pulverem,

624 2762 679 2810 et
702 2771 840 2810 caro
872 2755 1002 2824 ejus
1024 2756 1441 2809 resurrectioni
1475 2755 1695 2809 ultima:
1724 2762 2071 2817 servaretur,
2112 2755 2271 2810 nulla

623 2851 781 2899 esset
802 2844 1097 2899 utilitasin
1120 2843 1413 2912 sanguine
1437 2843 1607 2913 ejus_;
1634 2844 1779 2915 quia
1809 2844 1950 2898 nihil
1970 2845 2273 2913 prodesset

621 2950 783 2989 mors
833 2935 981 3003 ejus,
1019 2949 1125 2988 nec
1171 2933 1627 2988 annuntiaretur
1688 2934 1901 2988 veritas
1960 2934 2081 2998 Dei,
2137 2950 2270 3005 quae

619 3023 782 3078 illum
798 3025 1073 3078 continuo
1087 3030 1552 3078 resurrecturum
1568 3038 1695 3078 esse
1724 3024 2095 3093 praedixerat.
2117 3026 2158 3088 Ο
2171 3023 2269 3077 uid

620 3112 727 3167 sibi
760 3112 877 3166 vult
907 3127 1048 3180 ergo
1099 3111 1262 3181 quod
1296 3112 1410 3165 hoc
1454 3112 1582 3165 loco
1618 3113 1719 3173 ait,
1773 3113 1844 3166 Et
1872 3113 1933 3166 in
1963 3114 2268 3180 pulverem

617 3202 822 3256 mortis
852 3201 1261 3256 deduxistime
1291 3199 1318 3249 ί)
1344 3200 1461 3255 Nisi
1492 3216 1711 3271 corpus
1740 3201 1868 3270 ejus
1900 3200 2268 3271 accipiamus

619 3291 957 3353 Ecclesiam,
995 3291 1051 3344 in
1082 3305 1203 3359 qua
1236 3288 1313 3342 illi
1340 3290 1441 3359 qui
1478 3304 1583 3358 pro
1639 3289 1768 3358 ejus
1800 3291 2043 3343 nomine
2104 3292 2264 3360 passi

619 3386 773 3444 sunt,
810 3380 897 3431 vel
929 3379 1251 3448 patiuntur,
1288 3394 1404 3431 non
1436 3379 1517 3431 ita
1542 3382 1600 3432 ut
1630 3378 1754 3448 ipse
1782 3378 1895 3431 cito
1926 3386 2264 3445 resurgunt,

617 3468 719 3521 sed
743 3470 801 3521 in
841 3468 1043 3521 mortis
1068 3465 1369 3535 pulverem
1393 3466 1791 3529 deducuntur,
1829 3475 1950 3521 tum
1977 3484 2266 3522 resurrec-

620 3558 747 3619 turi,
772 3572 907 3610 cuin
937 3556 1076 3609 illud
1108 3562 1340 3626 tempus
1375 3557 1596 3609 venerit
1620 3555 1693 3609 de
1712 3556 1909 3626 quoin
1949 3557 2265 3627 Evangelio

619 3645 779 3714 dicit,
818 3646 1006 3700 Veniet
1023 3644 1163 3699 liora
1186 3646 1425 3715 quando
1447 3660 1643 3699 omnes
1672 3646 1773 3715 qui
1790 3646 1850 3699 in
1875 3650 2266 3702 monumentis

616 3740 770 3802 sunt,
796 3736 1039 3789 audient
1068 3750 1253 3788 vocem
1286 3735 1428 3804 ejus,
1458 3738 1509 3788 et
1540 3734 1849 3803 procedent
1875 3737 2071 3803 (.loan.
2098 3753 2149 3799 v,
2175 3740 2261 3799 28,

617 3824 727 3894 ‘29).
760 3825 873 3877 Aut
904 3831 1057 3878 certe
1110 3824 1329 3893 tropice
1377 3825 1679 3894 pulverem
1735 3825 1941 3877 mortis
1973 3826 2136 3895 ipso~
2166 3828 2265 3879 Ju-

616 3914 782 3967 dtBOS
808 3912 1051 3980 intelligi
1084 3912 1284 3978 voluit,
1318 3914 1375 3966 in
1417 3929 1674 3983 quorum
1723 3929 1934 3967 manus
1973 3914 2263 3968 deductus

615 4008 704 4055 est
738 4019 750 4055 :
786 4003 1072 4070 scriptum
1090 4008 1175 4054 est
1197 4003 1376 4064 enim,
1402 4003 1533 4055 Non
1565 4004 1647 4057 sic
1668 4004 1854 4070 impii,
1889 4018 2004 4057 non
2031 4003 2143 4068 sic;
2164 4005 2265 4058 sed

616 4097 900 4159 tanquam
926 4090 1121 4157 pulvis
1146 4104 1315 4160 quem
1348 4090 1587 4159 projieit
1622 4101 1822 4145 ventus
1845 4107 1879 4146 (ι
1905 4092 2065 4160 [acie
2090 4099 2261 4147 terrae

614 4178 799 4246 (Psat.
829 4194 864 4242 ι,
900 4182 973 4241 4).

684 4257 909 4313 CAPUT
945 4260 1073 4311 XVI.
1129 4290 1196 4300 —
1226 4263 1312 4314 39.
1353 4260 1612 4330 Denique
1644 4259 1930 4331 sequitur,
1972 4261 2260 4327 Quoniam

610 4348 1133 4403 circumdederunt
1164 4363 1253 4403 me
1285 4364 1455 4404 canes
1492 4349 1705 4417 multi;
1728 4350 2046 4405 conuitium
2089 4354 2256 4407 mali-

607 4439 921 4508 gnantium
958 4438 1177 4493 obsedit
1202 4454 1292 4493 me
1322 4459 1340 4494 .·
1364 4444 1651 4510 tanquam
1688 4441 1848 4510 ipsos
1888 4440 2093 4496 dixerit
2136 4443 2259 4511 pul-

611 4543 805 4581 verem
827 4529 1025 4582 mortis
1041 4529 1098 4581 in
1117 4544 1297 4599 quem
1315 4528 1606 4583 deductus
1621 4535 1724 4593 est,
1742 4546 1893 4600 quos
1920 4530 2063 4585 dixit
2081 4547 2256 4585 canes

610 4616 1224 4671 multosetconcilium
1253 4617 1708 4685 malignantium
1729 4641 1738 4683 ;
1758 4635 1934 4672 canes
1960 4636 2061 4673 eos
2098 4621 2255 4675 vide~

606 4703 739 4759 licet
771 4706 1077 4775 appelans,
1113 4707 1213 4776 qui
1254 4706 1607 4777 plerumque
1664 4713 1871 4762 contra
1910 4708 2254 4764 innocentes

606 4792 843 4857 latrant,
887 4810 1022 4847 cum
1055 4795 1274 4864 quibus
1318 4811 1435 4849 non
1471 4796 1692 4850 habent
1730 4798 2249 4853 consuetudinem.

602 4884 732 4938 Jam
757 4899 893 4937 vero
912 4883 969 4936 in
986 4882 1201 4953 iisquae
1224 4884 1847 4957 subjungit,tanqnam
1867 4888 2250 4958 Evangelium

602 4973 897 5027 recitatur.
941 4971 1255 5027 Crucitixio
1286 4972 1510 5043 quippe
1542 4974 1669 5043 ejus
1703 4976 2053 5045 exprimitur
2083 4978 2139 5030 in
2181 4994 2251 5033 eo

599 5064 757 5133 quod
793 5062 955 5126 dicit,
1012 5061 1316 5116 Fuderunt
1358 5078 1569 5117 manus
1599 5078 1752 5118 meas
1783 5073 1833 5118 et
1858 5066 2030 5132 pedes
2076 5081 2245 5137 meos,

600 5153 1130 5208 dinumeraverunt
1164 5152 1361 5207 omnia
1390 5167 1522 5206 ossa
1552 5168 1694 5207 mea.
1747 5154 1863 5220 Ipsi
1892 5170 2027 5209 vero
2058 5159 2246 5211 consi-

597 5242 960 5298 deraverunt
991 5249 1043 5297 et
1079 5247 1519 5310 conspexerunt
1548 5256 1654 5296 me.
1695 5244 1885 5297 Fossae
1926 5250 2061 5298 sunt
2088 5246 2245 5301 enim

594 5329 779 5383 clavis
810 5346 1027 5384 manus
1056 5336 1111 5385 et
1130 5331 1310 5401 pedes
1333 5332 1482 5400 ejus,
1507 5336 1561 5384 et
1582 5346 1718 5385 cum
1744 5332 2157 5387 extenderetur
2186 5336 2243 5389 in

592 5414 779 5483 ligno,
795 5419 1252 5489 quodammodo
1270 5425 1582 5475 numerata
1598 5426 1738 5475 sunt
1760 5436 1903 5475 ossa
1918 5423 1966 5491 ej
1981 5440 2068 5477 us.
2094 5426 2245 5479 Con-

593 5502 886 5559 sideratus
924 5512 1015 5559 est
1045 5515 1242 5563 autem
1278 5521 1454 5580 atque
1486 5514 1840 5579 conspectus
1872 5511 2014 5581 quid
2047 5512 2125 5565 illi
2154 5511 2241 5566 fn-

595 5594 793 5643 turum
821 5598 997 5657 esset,
1016 5600 1073 5647 et
1099 5600 1292 5649 utrum
1323 5598 1539 5653 veniret
1568 5598 1717 5653 Elias
1734 5603 1789 5653 et
1814 5598 2241 5657 liberareteum

596 5675 836 5747 (Matth.
865 5692 1041 5739 xxvn,
1074 5680 1184 5750 49).

1945 143 2005 198 S.
2045 142 2431 199 AUGUSTINI
2472 143 2794 202 EPISCOPI

3692 45 4039 209 _ﬁ

2475 270 2698 327 40.1am
2714 271 2857 327 illud
2872 271 3029 343 quod
3046 271 3550 343 sequitur,nullius
3563 274 3897 346 expositionis
3908 282 3970 336 in-

2404 359 2583 428 diget:
2601 360 2940 417 Diviserunt
2955 362 3067 416 sibi
3082 361 3415 417 vestimenta
3430 370 3621 424 mea,et
3638 380 3794 432 super
3806 356 3969 425 veStem

2405 464 2531 504 mea
2540 466 2593 503 m
2608 450 2893 505 miserunt
2910 457 3122 505 sortem
3135 489 3147 502 .
3158 450 3343 504 Verba
3358 450 3564 505 deinde
3577 467 3699 522 quin
3713 453 3973 513 subtexun-

2404 542 2513 602 tur,
2541 540 2768 594 orantis
2784 547 2945 605 sunt,
2979 544 3100 595 tam
3116 556 3185 595 ex
3214 555 3467 611 persona
3488 540 3703 611 capitis,
3730 543 3781 597 id
3804 551 3879 600 est
3898 545 3973 601 ho.

2402 626 2580 681 minis
2612 629 2971 694 mediatoris,
3002 645 3188 701 quam
3202 644 3271 683 ex
3292 644 3542 699 persona
3571 632 3829 701 corporis,
3851 636 3975 705 quod

2402 723 2487 771 est
2505 717 2778 781 Ecclesia,
2801 734 2985 789 quam
3000 719 3333 772 dicitetiam
3351 718 3581 773 unicam
3596 735 3773 774 suam.
3805 723 3873 776 Tu
3897 740 3975 777 au-

2403 810 2535 869 tem,
2560 807 3043 879 Domine,inquit,
3061 823 3135 863 ne
3158 808 3525 877 lorigefacias
3539 808 3976 867 auxitiumtuum:

2400 896 2514 949 hoc
2542 896 2617 951 ad
2649 897 2776 966 ejus
2806 914 3046 951 carnem
3064 897 3337 968 pertinet,
3365 897 3535 967 cujus
3556 901 3867 954 resurrectio
3889 918 3975 956 non

2398 984 2457 1038 in
2488 984 2735 1054 longum
2767 991 2855 1040 est
2888 988 3071 1041 missa
3103 991 3161 1041 ut
3216 986 3493 1042 aliorum.
3533 986 3602 1041 In
3648 987 3977 1057 defensionem

2398 1087 2585 1130 meam
2603 1078 2800 1143 aspice
2813 1096 2831 1131 :
2846 1076 3073 1147 nequid
3092 1082 3344 1131 noceant
3358 1074 3700 1147 inimici,qui
3716 1077 3815 1131 sibi
3830 1079 3978 1133 viden-

2400 1168 2491 1218 tur
2521 1164 2750 1236 aliquid
2772 1166 3036 1235 potuisse
3067 1180 3309 1220 carnem
3324 1164 3671 1237 perimendo
3694 1166 3972 1223 mortalem.

2397 1254 2523 1307 Non
2551 1258 2751 1309 autem
2781 1259 3014 1317 nocent,
3036 1254 3083 1307 si
3108 1253 3464 1309 defendente
3485 1254 3669 1323 gratia
3687 1254 3906 1319 Dei,non
3920 1273 3977 1310 eis

2397 1341 2470 1396 ad
2506 1342 2732 1397 malum
2760 1344 2963 1397 anima
2996 1349 3275 1412 superata
3302 1343 3665 1400 consentiat:
3692 1344 3766 1397 sic
3795 1343 3923 1399 enim
3943 1352 3980 1400 et

2397 1431 2534 1485 alibi
2568 1433 2993 1503 prophetatum
3021 1438 3126 1496 est,
3165 1434 3352 1488 Terra
3400 1433 3626 1487 tradita
3653 1434 3801 1488 estin
3817 1450 3978 1489 manus

2394 1520 2593 1590 impii,-
2615 1521 2727 1575 hoc
2760 1528 2845 1575 est
2877 1537 3017 1576 caro
3050 1529 3301 1575 terrena.

2465 1613 2523 1664 41
2543 1652 2553 1663 .
2571 1612 2777 1666 Eruea
2786 1612 3024 1679 framea
3038 1611 3299 1666 animam
3319 1626 3531 1666 meam.
3554 1613 3781 1667 Framea
3794 1611 3973 1681 gladius

2394 1704 2521 1764 est;
2558 1716 2665 1754 nec
2699 1699 2899 1771 utique
2927 1698 3023 1754 tali
3055 1700 3211 1754 ferro
3240 1699 3507 1754 Christus
3542 1701 3762 1755 occisus
3789 1707 3876 1765 est,
3904 1702 3975 1755 sed

2394 1804 2588 1853 cruce;
2607 1804 2713 1842 nec
2726 1788 2880 1843 latus
2894 1789 3022 1857 ejus
3036 1788 3370 1856 gladio,sed
3386 1789 3594 1843 lancea
3610 1796 3973 1859 percusserunt.

2392 1878 2697 1933 Translato
2718 1894 2860 1946 ergo
2877 1878 3080 1948 verbo,
3096 1876 3391 1933 frameam
3415 1877 3679 1947 linguam
3693 1878 3975 1949 dixitperse-

2390 1967 2725 2037 quentium,
2773 1968 2923 2021 sicut
2954 1968 3012 2021 in
3046 1966 3162 2021 alio
3198 1968 3433 2037 psalmo
3464 1968 3692 2031 dicitur,
3724 1968 3790 2021 Et
3815 1968 3974 2036 lingua

2391 2069 2591 2111 eorum
2618 2056 2859 2125 gladius
2885 2062 3095 2111 acutus
3128 2056 3310 2125 (Psal.
3345 2073 3455 2120 LVI,
3492 2057 3566 2126 5).
3605 2056 3776 2120 Unde,
3805 2056 3973 2128 quiuin

2390 2144 2516 2214 ejus
2557 2160 2733 2200 carne
2765 2144 2971 2213 lingua
3014 2144 3324 2215 praevaluit
3357 2145 3775 2214 malignorum,
3803 2151 3905 2199 orat
3934 2151 3973 2198 ut

2389 2235 2606 2289 animae
2641 2234 2785 2288 nihil
2812 2242 3033 2302 noeeat,
3060 2250 3200 2289 cum
3226 2235 3388 2300 dicit,
3418 2236 3577 2291 Erue
3599 2250 3635 2290 a
3662 2236 3867 2302 framea
3883 2234 3971 2289 ani-

2388 2339 2543 2379 mam
2566 2338 2752 2379 meam
2778 2346 2794 2375 :
2825 2330 2884 2377 ut
2915 2324 3040 2378 haec
3058 2324 3116 2377 in
3139 2324 3458 2395 prophetia
3482 2326 3688 2388 oratio,
3704 2326 3746 2378 si
3761 2329 3827 2379 ad
3845 2329 3973 2393 caput

2388 2414 2655 2483 corporis
2690 2414 2929 2477 referas,
2963 2428 3081 2468 non
3103 2414 3374 2469 videatur
3406 2414 3973 2484 velutindigentispeti-

2386 2503 2487 2566 tio,
2519 2502 2622 2557 sed
2658 2504 2856 2571 potius
2896 2504 2976 2557 rei
3021 2504 3230 2557 futuras
3272 2503 3531 2573 ﬁgurata
3566 2504 3863 2575 praedictio.
3896 2505 3973 2555 Aut

2384 2599 2566 2656 certe,
2599 2594 2742 2661 quia
2786 2608 3004 2663 corpus
3033 2593 3182 2661 ejus,
3223 2593 3335 2647 hoc
3375 2600 3467 2648 est
3510 2593 3778 2657 Ecclesia,
3818 2607 3972 2661 graves

2385 2683 2821 2750 persecutiones
2837 2681 3019 2735 fuerat
3034 2697 3409 2752 perpessure,
3436 2682 3724 2738 frameam
3737 2683 3872 2746 dixit,
3889 2696 3972 2751 qua

2386 2771 2646 2823 maxime
2667 2769 2937 2825 trucidati
2967 2776 3105 2824 sunt
3139 2777 3463 2841 martyres;
3506 2773 3662 2827 unde
3690 2772 3799 2826 vult
3819 2784 3971 2826 eorum

2383 2860 2614 2913 animas
2647 2862 2789 2923 erui,
2828 2875 2899 2914 ne
2932 2860 3180 2914 timeant
3205 2875 3308 2915 eos
3337 2862 3445 2931 qui
3478 2877 3695 2932 corpus
3737 2858 3968 2915 occidunt.

2382 2948 2646 3002 animam
2664 2953 2865 3003 autem
2884 2949 3153 3003 occidere
3183 2964 3303 3004 non
3324 2957 3587 3021 possunt
3605 2950 3822 3015 (Matth.
3837 2947 3968 3013 x,28),

2381 3042 2433 3089 et
2461 3039 2834 3092 consentiant
2862 3038 2939 3093 ad
2970 3037 3189 3093 illicita.
3216 3041 3531 3095 Autetiam
3559 3039 3971 3110 inipsorumpas-
4038 3044 4039 3067 ³

2380 3125 3045 3182 sionibusinimicorum
3074 3126 3345 3197 linguam
3366 3127 3668 3183 frameam
3701 3126 3841 3189 dicit,
3860 3123 3970 3178 unde

2379 3216 2642 3268 animam
2663 3216 2977 3281 suam,hoc
2993 3223 3077 3270 est
3094 3220 3338 3272 animan
3354 3233 3430 3272 co
3445 3218 3639 3289 rporis
3656 3216 3968 3282 sui,animam

2378 3310 2723 3359 sanctorum
2745 3321 2991 3359 suorum
3023 3307 3143 3359 vult
3174 3306 3317 3359 erui.
4036 3364 4037 3367 η

2448 3385 2713 3449 42.ρυοό
2730 3394 2929 3440 autem
2947 3401 3049 3456 seq
3062 3385 3320 3449 uitur,E’t
3338 3388 3411 3443 de
3423 3403 3607 3443 manu
3621 3387 3776 3443 canis
3790 3384 3967 3439 unicam

2376 3474 2739 3536 meam,nihil
2755 3477 2952 3545 aptius
2966 3490 3150 3546 quam
3179 3477 3355 3529 unica
3372 3477 3631 3531 Ecclesia
3646 3474 3779 3530 mihi
3801 3474 3968 3526 videtur

2376 3561 2643 3632 intelligi.
2662 3567 2881 3618 Canem
2899 3580 3034 3617 vero
3052 3563 3375 3634 appellavit
3391 3566 3709 3629 mundum,
3729 3578 3833 3618 non
3846 3561 3967 3615 ratio-

2376 3666 2449 3703 ne
2489 3652 2593 3705 sed
2634 3653 3068 3706 consuetudine
3110 3660 3318 3707 contra
3361 3654 3669 3709 insolitam
3726 3654 3965 3707 veritatem

2374 3738 2713 3794 latrantem.
2733 3744 2859 3795 Haec
2875 3742 3136 3796 estenim
3164 3758 3393 3796 canum
3414 3750 3651 3807 natura,
3673 3750 3730 3796 ut
3747 3756 3863 3796 cum
3880 3735 3967 3807 qui-

2375 3828 2486 3882 bus
2501 3829 3257 3896 habentconsuetudinem,
3290 3831 3413 3885 sive
3449 3832 3710 3895 illiboni,
3736 3830 3844 3884 sive
3865 3823 3966 3880 mali

2374 3917 2507 3982 sint,
2527 3934 2643 3972 non
2660 3919 2735 3973 ad
2759 3934 2860 3973 eos
2880 3918 3122 3985 latrent;
3146 3918 3520 3974 insolitorum
3541 3927 3733 3975 autem
3755 3914 3966 3989 personis

2373 4007 2531 4070 visis,
2568 4008 2745 4062 etiam
2783 4008 3226 4072 innocentibus,
3261 4008 3581 4065 irritentur.
3619 4010 3792 4064 Manu
3818 4011 3965 4059 autem

2372 4098 2558 4157 canis,
2584 4104 2936 4167 potestatem
2966 4098 3172 4152 mundi
3219 4097 3596 4167 signiﬁcavit.
3640 4100 3805 4167 Cujus
3831 4094 3963 4147 etiam

2370 4200 2618 4252 regnum
2646 4186 2922 4241 infestum
2952 4187 3214 4241 futurum
3233 4189 3467 4256 corpori
3495 4203 3623 4251 suo,
3649 4186 3705 4241 id
3727 4192 3801 4240 est
3824 4178 3965 4237 Eccle‘

2371 4275 2630 4339 sitesuae,
2660 4274 2849 4329 leonis
2878 4276 3119 4330 nomine
3149 4277 3424 4345 tiguravit
3448 4276 3596 4331 ineo
3623 4274 3776 4346 quod
3802 4271 3964 4339 adjun-

2371 4364 2477 4417 xit:
2499 4363 2744 4419 Salvum
2772 4381 2857 4418 me
2872 4365 2975 4433 fac
3004 4367 3186 4420 deore
3206 4364 3581 4420 teonis.Unde
3601 4370 3687 4419 est
3709 4361 3961 4432 scriptum,

2366 4452 2537 4507 Nihil
2596 4454 2839 4508 interest
2887 4454 3046 4509 inter
3091 4454 3283 4509 minas
3332 4454 3489 4523 regis
3530 4462 3581 4509 et
3638 4454 3782 4508 iram
3826 4444 3963 4503 leonis

2366 4542 2571 4608 (Ρνου-
2608 4559 2727 4605 XIX,
2759 4545 2845 4612 l2)
2868 4558 2880 4596 :
2905 4558 3261 4613 quanquam
3287 4549 3343 4596 et
3370 4543 3677 4597 diabolum
3710 4534 3962 4611 apostolus

2370 4631 2737 4685 Petrusleoni
2757 4637 3065 4701 comparet
3083 4632 3357 4700 rugienti,
3374 4638 3429 4685 et
3449 4630 3735 4703 quaerenti
3757 4629 3963 4683 circum-

2363 4720 2563 4774 eundo
2617 4736 2799 4791 quem
2831 4724 3076 4775 devoret
3099 4720 3144 4789 (Ι
3179 4721 3339 4775 Petr.
3372 4736 3427 4784 v,
3463 4724 3545 4789 8).
3596 4716 3961 4791 SuperbOSque

2361 4808 2542 4877 hujus
2602 4810 2811 4863 mundi
2845 4810 3191 4864 Christianis
3225 4809 3559 4865 humilibus
3596 4810 3960 4865 adversaturos

2360 4898 2701 4962 ostendens,
2736 4904 3174 4968 consequenter
3205 4898 3346 4953 dicit
3376 4917 3388 4953 :
3421 4899 3495 4953 Et
3528 4914 3565 4954 a
3587 4896 3839 4953 cornibus
3862 4890 3960 4945 uni-

2359 4987 2630 5042 cornium
2666 4987 3058 5042 humilitatem
3113 5002 3331 5043 meam.
3372 4987 3510 5043 Ideo
3541 4987 3756 5059 quippe
3782 4983 3833 5037 in
3863 4976 3960 5033 uni-

2358 5076 2640 5129 cornibus
2674 5076 2919 5146 superbi
2941 5075 3368 5145 intelliguntur,
3404 5075 3548 5147 quia
3579 5072 3842 5145 superbia
3865 5066 3960 5122 odit

2356 5166 2747 5229 consortium,
2789 5170 2845 5218 et
2884 5170 3177 5236 quantum
3234 5164 3293 5219 in
3322 5166 3453 5235 ipso
3484 5170 3589 5229 est,
3623 5164 3779 5218 solus
3832 5154 3960 5225 cupi!

2355 5254 2615 5307 eminere
2647 5253 2843 5308 omnis
2867 5253 3179 5323 superbus.

2429 5334 2649 5389 CAPUT
2680 5334 2851 5388 XVII.
2884 5322 3193 5389 --743.Jam
3224 5348 3383 5388 nunc
3409 5331 3640 5389 attende
3674 5328 3765 5383 ubi
3794 5322 3957 5380 sitfru-

2352 5429 2479 5478 ctus
2515 5438 2526 5478 :
2561 5422 2652 5477 vel
2685 5422 2848 5495 quod
2876 5422 3189 5478 derelictus
3232 5428 3342 5485 est,
3392 5438 3465 5477 ne
3495 5418 3849 5476 exaudiretur
3871 5425 3955 5481 pro

2352 5513 2890 5576 terrenafelicitate,
2914 5527 3031 5566 non
3060 5512 3135 5567 ad
3167 5508 3706 5582 insipientiam,sed
3733 5510 3786 5559 ut
3813 5513 3954 5570 sape-

2350 5618 2550 5657 remus
2564 5603 2711 5675 quid
2726 5602 2867 5659 Novi
2882 5603 3071 5673 gratia
3084 5603 3428 5657 Testamenti
3442 5599 3764 5655 desiderare
3775 5591 3951 5647 debea-

2349 5708 2487 5747 mus
2518 5709 2530 5757 ;
2570 5693 2661 5748 vel
2691 5692 2856 5765 quod
2880 5708 2999 5748 non
3030 5695 3115 5748 est
3136 5690 3448 5747 derelictus
3470 5687 3571 5745 sed
3600 5682 3882 5743 exauditus
3901 5676 3947 5729 in
4022 5714 4023 5735 i
