4074 6164
26 74 365 147 Τ

40 200 137 257 557

40 341 106 381 eo
127 325 418 398 quodait,
434 326 521 383 Ne
538 323 807 382 discedas
827 342 862 382 a
886 342 987 391 me,
1009 324 1375 396 quidixerat,
1398 324 1594 391 Quare
1611 341 1699 381 me

38 414 615 486 dereliquisti;quod
651 416 854 487 utique
880 415 1247 471 contrarium
1280 418 1386 477 est,
1420 413 1535 467 nisi
1558 413 1701 468 illud

39 504 109 559 ad
144 504 335 569 aliud,
364 505 475 559 hoc
508 504 585 558 ad
618 503 779 559 aliud
822 504 1134 559 referatur.
1196 503 1445 558 Attende
1476 507 1531 558 et
1563 501 1703 557 audi

37 598 335 664 quantum
361 594 543 665 sapis,
561 592 731 647 hauri
758 598 1051 664 quantum
1075 592 1266 665 capis,
1285 596 1705 663 quantumque

41 684 160 752 ipse
187 686 561 737 remtantam
589 681 785 753 eloqui
806 681 992 746 valeo,
1025 682 1147 737 imo
1182 686 1475 753 quantum
1506 680 1707 735 tribuit

39 769 130 826 ille
162 768 272 842 qui
307 786 418 826 nos
443 770 844 833 exaudit,etiu
862 770 1111 837 Christo,
1133 771 1192 825 in
1217 776 1511 842 quantum
1526 768 1707 824 homo

44 859 343 914 mediator
368 860 621 914 estinter
650 874 761 913 nos
789 866 844 913 et
876 858 1086 926 Deum,
1119 863 1176 914 et
1206 874 1344 914 cum
1375 858 1622 922 Christo,
1648 858 1707 912 in

40 952 346 1019 quantum
364 950 513 1002 Deus
530 952 619 1002 est
646 947 895 1019 aequalis
915 950 1052 1012 Deo,
1076 954 1347 1017 etpotens
1375 950 1457 1001 est
1480 948 1706 1014 facere,

47 1044 103 1089 ut
116 1037 199 1090 ait
212 1036 931 1107 Apostolus,suprajquam
948 1035 1188 1105 petimus
1206 1042 1309 1090 aut
1325 1034 1709 1105 intelligimus

47 1125 293 1193 (Ephes.
315 1141 394 1194 ιιι,
416 1125 507 1197 20)
534 1141 546 1180 :
578 1125 785 1180 videin
804 1125 918 1180 hoc
942 1125 1179 1196 psalmo
1192 1124 1543 1180 Testamenti
1564 1122 1709 1178 Novi

46 1215 352 1285 gratiam;
411 1215 539 1269 vide
606 1214 763 1269 illius
814 1213 1227 1277 derelictionis,
1288 1212 1708 1278 tribulationis,

47 1304 496 1373 deprecationis
530 1303 724 1358 fructu
753 1302 900 1375 quid
924 1307 1155 1371 agatur,
1187 1301 1333 1374 quid
1359 1300 1709 1367 insinuetur,

48 1392 192 1463 quid
226 1392 705 1456 commendetur,
737 1392 883 1465 quid
916 1391 1256 1447 illustretur.
1294 1391 1525 1444 Intuere
1564 1390 1711 1460 quid

48 1480 327 1550 legamus
361 1486 522 1536 tanto
554 1486 689 1536 ante
711 1481 1151 1552 prophetatum,
1177 1479 1321 1551 quid
1351 1479 1478 1548 jam
1510 1495 1711 1534 cerna-

54 1586 185 1624 mus
199 1568 517 1639 impletum
536 1586 548 1623 :
565 1568 842 1625 Narrabo
858 1583 1066 1625 nomen
1084 1567 1715 1638 tuum,inquit,fratri-

54 1659 157 1714 bus
182 1659 327 1713 meis
357 1680 377 1727 ,-
398 1658 461 1714 in
482 1658 669 1713 medio
691 1657 969 1714 Ecclesia
988 1657 1242 1714 cantabo
1272 1662 1344 1711 te.
1376 1656 1605 1710 Fratres
1632 1654 1712 1709 illi

56 1747 304 1811 suut,de
336 1747 563 1819 quibus
594 1748 651 1802 in
683 1746 1000 1817 Evangelio
1029 1747 1113 1801 ait
1140 1764 1152 1800 :
1182 1746 1359 1809 Vade,
1388 1751 1443 1802 et
1470 1745 1716 1813 dic/ra-

56 1838 246 1892 tribus
274 1839 413 1892 meis
440 1836 633 1908 (Joan.
657 1852 757 1903 xx,
795 1837 900 1906 t7).
936 1836 1198 1891 Ecclesia
1228 1834 1327 1889 illa
1358 1840 1466 1900 est,
1528 1849 1711 1905 quam

57 1927 241 1980 modo
263 1925 413 1980 dixit
443 1924 680 1979 unicam
710 1941 913 1991 suam;
933 1924 1160 1980 hascest
1188 1924 1363 1978 unica
1388 1922 1710 1986 Catholica,

55 2030 192 2085 quae
226 2021 349 2070 toto
370 2014 516 2069 orbe
564 2013 809 2085 capiosa
845 2012 1217 2074 diffunditur,
1250 2028 1385 2084 qua;
1426 2027 1612 2083 usque
1640 2011 1716 2066 ad

58 2104 299 2158 ultimas
316 2110 523 2173 gentes
539 2101 859 2158 crescendo
888 2102 1233 2174 porrigitur:
1254 2102 1410 2155 unde
1438 2102 1493 2155 in
1531 2103 1718 2155 Evan-

58 2192 390 2262 geliodicit,
417 2192 491 2247 Et
508 2191 930 2259 praedicabitur
954 2191 1058 2246 hoc
1082 2190 1473 2259 Evangelium
1498 2189 1561 2244 in
1589 2188 1715 2243 uni-

60 2297 226 2338 verso
246 2284 399 2347 orbe,
416 2281 477 2335 in
505 2280 898 2336 testimonium
912 2280 1177 2335 omnibus
1191 2279 1450 2350 gentibus
1470 2295 1486 2343 ;
1510 2284 1563 2333 et
1577 2282 1720 2333 tunc

61 2375 249 2427 veniet
277 2370 419 2439 ﬁnis
442 2368 660 2440 (Matth.
693 2384 847 2433 xxnv,
883 2371 996 2437 14).

140 2459 411 2525 44.Οιιοά
424 2466 623 2516 autem
638 2457 1149 2524 ait,Cantabo,hoc
1161 2456 1404 2513 estillud
1418 2456 1719 2511 canticum

63 2549 406 2613 novum,de
422 2548 616 2620 quoin
646 2548 761 2603 alio
780 2546 1018 2618 psalmo
1045 2546 1261 2600 dicitur
1289 2563 1301 2600 :
1336 2546 1586 2604 Cantate
1614 2546 1722 2598 Do-

67 2639 212 2690 mino
240 2634 546 2690 canticum
569 2649 807 2697 novum,
833 2637 1069 2689 cantate
1089 2633 1332 2686 Domino
1355 2634 1539 2685 omnis
1562 2638 1726 2685 terra

74 2724 251 2795 (Psal.
282 2738 421 2787 xcv,
458 2724 532 2787 1).
570 2722 759 2776 Habes
783 2722 877 2777 hic
912 2726 1155 2791 utraque
1187 2736 1200 2785 ;
1241 2726 1296 2774 et
1322 2735 1443 2791 quo
1495 2718 1727 2774 cantico

73 2819 456 2869 cantaturum
486 2810 792 2877 sedixerit,
824 2811 885 2865 et.
908 2809 966 2864 in
988 2810 1160 2879 cujus
1191 2808 1463 2863 Ecclesia:
1496 2807 1722 2862 medio:

74 2902 215 2958 illud
240 2901 497 2971 pertinet
517 2898 595 2955 ad
626 2914 848 2955 novum
878 2898 1198 2963 canticum,
1228 2898 1349 2952 haec
1380 2896 1458 2951 ad
1485 2912 1726 2951 omnem

75 2998 314 3047 terram.
368 2988 499 3060 Ipse
529 2987 752 3060 quippe
782 2991 982 3042 cantat
1020 2988 1081 3041 in
1109 2986 1304 3051 nobis,
1337 2985 1508 3057 cujus
1536 2985 1730 3056 gratia

75 3086 410 3142 cantamus,
453 3077 601 3133 sicut
626 3076 769 3132 dicit
824 3074 1145 3147 Apostolus
1181 3091 1193 3129 :
1229 3077 1324 3131 An
1350 3074 1529 3131 vultis
1556 3088 1728 3141 expe-

82 3170 393 3225 rimentum
424 3168 551 3236 ejus
571 3166 858 3234 accipere,
886 3165 990 3235 qui
1015 3164 1077 3219 in
1109 3178 1198 3219 me
1238 3163 1504 3235 loquitur
1536 3162 1729 3217 Chris-

81 3268 167 3315 tus
220 3260 287 3329 (ll
332 3256 466 3313 Cor.
504 3272 625 3321 xm,
676 3256 731 3325 3)
761 3263 788 3310 ?
821 3254 1072 3310 Medium
1124 3268 1263 3308 vero
1321 3252 1597 3307 Ecclesia:
1655 3250 1731 3307 ad

85 3346 467 3405 eminentiam
502 3342 1143 3407 scilicetreferas,etad
1164 3343 1357 3413 ipsam
1393 3340 1736 3396 manifesta-

86 3432 702 3507 tionem,quiaomnia
726 3439 953 3505 quanto
974 3431 1193 3487 clarius
1223 3436 1362 3486 nota
1391 3433 1552 3496 sunt,
1572 3435 1739 3486 tanto

89 3528 273 3595 magis
287 3528 347 3580 in
376 3522 575 3579 medio
589 3538 720 3577 esse
739 3522 1045 3585 dicuntur;
1068 3521 1151 3575 vel
1168 3524 1321 3575 certe
1340 3519 1416 3574 ad
1432 3518 1739 3573 interiores

92 3616 373 3681 Ecclesiae,
429 3613 571 3686 quia
600 3610 875 3667 interiora
903 3615 1043 3665 sunt
1088 3609 1298 3664 media.
1352 3611 1552 3679 Neque
1581 3609 1738 3663 enim

90 3704 280 3761 omnis
320 3702 427 3774 qui
454 3700 630 3757 labiis
688 3704 988 3771 personat,
1030 3703 1229 3753 cantat
1277 3696 1580 3753 canticum
1639 3712 1741 3751 no-

95 3812 249 3857 vum,
277 3792 385 3847 sed
422 3790 525 3862 qui
569 3805 640 3843 eo
670 3788 849 3843 modo
871 3794 1070 3843 cantat
1095 3792 1157 3842 ut
1187 3785 1505 3857 Apostolus
1527 3785 1743 3840 admo-

91 3882 455 3947 net,dicens:
475 3880 795 3935 Canntates
821 3884 875 3933 et
896 3877 1215 3945 psallentes
1238 3877 1299 3931 in
1323 3874 1593 3931 cordibus
1623 3889 1743 3930 ves-

94 3974 192 4027 tris
210 3970 449 4027 Domino
480 3968 718 4041 (Ephes.
749 3983 804 4031 v,
846 3966 952 4037 19).
976 3967 1136 4021 Intus
1154 3965 1313 4020 enim
1346 3970 1433 4019 est
1456 3964 1568 4018 hoc
1590 3978 1741 4033 gau-

96 4062 275 4125 dium,
312 4059 417 4114 uhi
449 4073 565 4112 vox
603 4055 801 4111 laudis
847 4062 903 4110 et
950 4055 1183 4110 canitur
1224 4060 1280 4109 et
1309 4053 1542 4109 auditur
1575 4070 1589 4119 ;
1622 4068 1745 4124 qua

95 4165 225 4205 voce
238 4147 382 4204 laud
392 4144 834 4217 aturquigratis
854 4143 1150 4199 amandus
1164 4148 1250 4198 est
1264 4146 1388 4198 toto
1406 4141 1605 4207 corde,
1625 4146 1744 4196 tota

97 4242 311 4303 anima,
342 4242 468 4292 tota
483 4242 697 4297 mente,
727 4236 1180 4303 amatoremque
1195 4248 1372 4286 suum
1387 4230 1656 4285 accendit
1684 4230 1743 4285 in

97 4344 150 4382 se
178 4327 373 4397 gratia
405 4325 655 4395 Spiritus
687 4322 777 4376 sui
816 4322 1005 4376 sancti
1040 4337 1051 4375 :
1094 4320 1238 4392 quid
1268 4321 1429 4376 enim
1461 4318 1627 4375 aliud
1658 4323 1747 4374 est

96 4417 388 4471 canticum
421 4428 666 4476 novum,
706 4425 892 4482 quam
925 4408 1056 4464 laus
1086 4408 1240 4463 Dei?

160 4505 376 4561 CAPU'I
412 4502 590 4557 XVIII.
612 4531 681 4539 —
701 4500 791 4557 45.
819 4499 1075 4570 Denique
1104 4497 1392 4569 sequitur,
1418 4498 1603 4552 ethoc
1626 4497 1749 4551 evi-

99 4593 330 4649 dentius
367 4592 757 4646 demonstrat.
802 4590 948 4643 Cum
980 4586 1139 4642 enim
1178 4586 1443 4651 dixisset,
1466 4586 1747 4642 Narrabo

101 4699 303 4739 nomen
336 4689 502 4736 tuum
528 4678 792 4747 fratibus
816 4679 969 4740 meis,
1002 4676 1141 4747 quia
1168 4679 1353 4731 Deum
1392 4691 1571 4730 nemo
1602 4674 1748 4728 vidit

107 4787 391 4844 unquam,
442 4768 547 4824 sed
598 4767 936 4836 unigenitus
988 4764 1168 4820 Filius
1211 4765 1312 4835 qui
1358 4770 1445 4819 est
1497 4765 1555 4818 in
1612 4762 1747 4817 sinu

110 4860 303 4926 Patris,
331 4860 459 4931 ipse
481 4856 783 4913 enarravit
801 4854 991 4925 (Joan.
1022 4870 1061 4919 ι,
1098 4854 1215 4924 l8);
1242 4860 1418 4924 atque
1446 4852 1751 4923 adjunxis-

108 4956 197 5015 set,
228 4953 297 5004 in
320 4947 500 5004 medio
530 4944 809 5002 Ecclesia
838 4944 1087 4999 cantabo
1128 4948 1183 4998 te
1220 4959 1236 4996 :
1274 4946 1583 5013 quomodo
1614 4957 1750 4995 can-

113 5040 257 5103 tavit,
300 5038 359 5093 id
405 5043 512 5099 est,
546 5036 691 5107 quia
717 5035 776 5089 in
812 5033 985 5088 nobis
1017 5030 1299 5096 cantavit,
1342 5047 1481 5085 cum
1512 5029 1750 5101 profici-

116 5143 233 5182 mus
277 5128 337 5182 in
390 5126 633 5180 nomine
674 5122 840 5194 quod
892 5121 1155 5177 narravit
1190 5120 1471 5175 fratribus
1502 5119 1656 5183 suis;
1699 5123 1753 5174 et

116 5218 238 5287 quia
262 5215 506 5272 laudem
527 5214 625 5269 Dei
649 5211 904 5267 cantavit
931 5212 992 5265 in
1018 5210 1211 5274 nobis,
1241 5210 1525 5264 continuo
1567 5209 1756 5265 mani-

84 5360 85 5393 ι
120 5304 602 5369 festavit,dicens,
629 5300 742 5368 Qui
754 5298 964 5355 timetis
991 5297 1318 5363 Dominum,
1341 5297 1587 5353 laudate
1600 5313 1753 5353 eum.

121 5394 245 5456 Quis
292 5397 496 5448 autem
548 5388 840 5445 veraciter
882 5387 1109 5453 laudat,
1154 5386 1258 5441 nisi
1301 5388 1405 5458 qui
1454 5387 1757 5441 sinceriter

88 5550 89 5553 η
128 5483 315 5539 amat?
346 5478 742 5538 Tantumdem
777 5492 921 5545 ergo
950 5482 1041 5532 est
1068 5492 1136 5531 ac
1172 5475 1218 5530 si
1252 5475 1509 5531 diceret:
1547 5476 1653 5540 Qui
1688 5477 1754 5531 ti-

132 5575 287 5627 metis
322 5571 667 5633 Dominum,
692 5571 827 5622 ante
854 5582 1013 5621 eum.
1038 5567 1205 5621 Dixit
1229 5566 1387 5620 enim
1418 5565 1660 5628 homini,
1687 5566 1759 5620 si-

131 5668 212 5715 cut
250 5661 544 5732 scriptum
601 5662 712 5712 est.
742 5656 893 5711 Ecce
940 5656 1125 5724 pietas
1174 5659 1255 5710 est
1303 5654 1595 5723 sapientia
1629 5654 1761 5725 (Job

1268 198 1768 257 EPISTOLARUM
1807 200 2095 258 CLASSIS
2138 198 2233 256 III.

3374 201 3479 258 558

1811 342 2013 391 xxvm,
2055 326 2145 393 28,
2190 340 2302 382 sec.
2348 326 2521 397 LXX).
2565 327 2741 381 Porro
2774 325 2961 396 pietas
3007 326 3202 382 cultus
3232 327 3330 382 Dei
3358 334 3468 393 est,

1814 430 1921 469 nec
1947 414 2181 469 coditur
2207 414 2301 469 ille
2326 414 2438 468 nisi
2462 414 2749 469 amando.
2784 416 3032 470 Summa
3056 416 3231 483 igitur
3258 422 3311 470 et
3339 432 3477 471 vera

1815 504 2110 575 sapientia
2141 509 2227 558 est
2259 504 2316 557 in
2340 508 2640 575 praecepto
2667 503 2766 557 illo
2799 502 3014 574 primo,
3046 504 3263 574 Diliges
3280 506 3477 560 Domi-

1815 609 1957 649 num
1984 595 2167 649 Deum
2188 599 2353 649 tuum
2370 608 2445 649 ea:
2471 598 2585 647 toto
2614 592 2787 647 corde
2811 598 2932 659 tuo,
2959 600 3011 648 et
3030 608 3104 649 ea:
3136 599 3246 647 tota
3268 594 3475 649 anima

1818 689 1919 737 tua
1952 683 2191 754 (Matth.
2219 698 2357 746 xxu,
2388 683 2481 751 37)
2508 698 2520 735 :
2551 697 2620 735 ac
2654 696 2756 751 per
2787 680 2900 734 hoc
2924 682 3215 751 sapientia
3231 688 3316 737 est
3337 682 3473 738 cha-

1817 771 1962 825 ritas
1994 771 2123 825 Dei:
2160 786 2269 825 nec
2295 769 2647 824 diffunditur
2680 769 2736 823 in
2765 769 3051 824 cordibus
3084 771 3319 836 nostris,
3360 769 3473 825 nisi

1820 874 1924 930 per
1939 860 2221 930 Spiritum
2236 863 2512 914 sanctum
2526 858 2627 929 qui
2644 858 2820 913 datus
2836 862 2925 912 est
2939 858 3109 913 nobis
3125 861 3317 928 (Rom.
3331 860 3471 930 v,5).

1820 947 2057 1003 Initium
2079 952 2279 1004 autem
2302 948 2607 1020 sapientiae
2626 948 2795 1002 timor
2812 946 3239 1018 Domini(Psal.
3261 947 3471 1019 cx,tO):

1819 1043 1875 1091 et
1900 1038 2075 1093 timor
2100 1053 2218 1092 non
2243 1043 2331 1092 est
2362 1037 2423 1092 in
2461 1036 2767 1100 charitate,
2804 1035 2909 1090 sed
2943 1036 3196 1106 perfecta
3218 1038 3479 1092 charitas

1823 1125 1981 1181 foras
2022 1126 2191 1181 mittil
2219 1126 2490 1181 timorem
2516 1126 2556 1195 (I
2590 1127 2767 1181 Joan.
2800 1142 2877 1192 IV,
2904 1125 3014 1195 18).
3046 1125 3293 1180 Proinde
3334 1141 3479 1198 pras-

1826 1214 2036 1268 missus
2072 1215 2246 1269 timor
2272 1214 2327 1269 in
2356 1230 2459 1269 cor
2486 1219 2785 1277 nostrum,
2810 1213 2981 1285 pellit
3009 1214 3147 1269 inde
3169 1219 3479 1269 consuetu-

1821 1303 2024 1358 dinem
2080 1303 2381 1358 malorum
2426 1318 2695 1374 operum,
2728 1306 2798 1365 tet
2847 1306 3041 1358 servat
3092 1302 3358 1358 charitati
3399 1302 3479 1358 Io-

1823 1407 1983 1455 cum,
2018 1407 2140 1463 qua
2180 1396 2472 1463 tanquam
2502 1392 2749 1447 domina
2795 1396 3085 1457 vemente,
3113 1397 3176 1447 ut
3208 1392 3305 1449 illa
3337 1393 3479 1448 insi-

1825 1480 1947 1543 dat,
1989 1480 2271 1535 abscedit.

1892 1570 1981 1623 46.
2036 1573 2182 1637 Ergo
2222 1569 2323 1639 qui
2367 1570 2585 1624 timetis
2627 1569 2963 1633 Dominum,
3018 1570 3254 1627 laudate
3286 1585 3417 1626 eum
3467 1588 3483 1625 :

1828 1664 1889 1714 ut
1934 1661 2114 1713 Deum
2166 1673 2285 1713 non
2334 1658 2622 1713 serviliter
2670 1658 2771 1713 sed
2840 1658 3021 1714 libere
3079 1660 3300 1721 colatis,
3347 1676 3485 1715 eum

1826 1762 2031 1802 amare
2074 1746 2277 1801 discite
2318 1762 2498 1817 quem
2548 1747 2784 1812 timetis,
2839 1752 2893 1802 et
2927 1749 3194 1819 poteritis
3244 1748 3487 1804 laudare

1826 1835 1991 1904 quod
2023 1836 2261 1889 amatis.
2295 1837 2587 1891 Timentes
2616 1836 2778 1890 enim
2810 1839 2993 1891 Deum
3024 1836 3299 1893 homines
3328 1840 3486 1892 Vete-

1828 1926 1907 1979 ris
1938 1924 2315 1992 Testamenti,
2350 1929 2592 1995 propter
2632 1924 2886 1980 litteram
2911 1929 3224 1981 terrentem
3257 1931 3312 1981 et
3334 1927 3483 1981 occi-

1828 2013 2092 2077 dentem,
2122 2014 2393 2067 nondum
2440 2012 2725 2067 habentes
2763 2013 3042 2082 Spiritum
3093 2014 3483 2070 viviﬁcantem

1831 2102 1901 2172 (II
1937 2103 2071 2156 Cor.
2106 2116 2186 2168 Ill,
2227 2103 2299 2168 6),
2341 2100 2660 2156 currebant
2696 2117 2832 2156 cum
2866 2102 3173 2157 sacrificiis
3223 2104 3298 2158 ad
3338 2109 3482 2158 tem-

1833 2190 2027 2262 plum;
2052 2195 2107 2244 et
2137 2188 2413 2260 quamvis
2454 2189 2513 2243 in
2545 2191 2801 2257 figuram
2829 2189 3007 2245 futuri
3030 2192 3337 2262 sanguinis
3366 2208 3484 2263 quo

1830 2278 2126 2349 redempti
2177 2294 2406 2341 sumus,
2448 2284 2647 2333 tamen
2695 2278 3025 2335 nescientes
3056 2281 3201 2350 quid
3236 2296 3343 2352 per
3384 2297 3486 2335 eas

1832 2367 2335 2439 praeﬁguraretur,
2390 2372 2668 2421 cruentas
2736 2368 3012 2423 victimas
3068 2369 3484 2425 immolabant.

1834 2460 2000 2513 Nunc
2029 2472 2167 2511 vero
2186 2456 2243 2510 in
2268 2456 2455 2525 gratia
2476 2457 3010 2525 Novi'l‘estamenti,
3030 2460 3487 2527 quilimetisDo-

1832 2547 2082 2609 minum,
2110 2545 2353 2600 laudate
2382 2559 2531 2600 eum.
2568 2549 2697 2615 Ipse
2730 2546 2953 2617 quippe
2983 2546 3041 2600 in
3078 2546 3196 2602 alio
3230 2547 3482 2617 psalmo,

1836 2636 1934 2690 illa
1965 2635 2255 2689 mutanda
2279 2633 2693 2705 praenuntians
2731 2650 2868 2705 quae
2895 2641 3036 2689 tunc
3072 2635 3129 2689 in
3161 2636 3375 2691 umbra
3402 2635 3489 2690 fu-

1836 2724 1947 2779 turi
1985 2722 2410 2785 offerebantur,
2438 2723 2570 2778 Non
2602 2723 2914 2791 accipiam,
2953 2724 3161 2795 inquit,
3201 2725 3273 2780 de
3305 2740 3490 2780 manu

1838 2821 1943 2868 tua
1974 2814 2210 2875 vitulos,
2234 2826 2421 2882 neque
2450 2812 2809 2881 degregibus
2833 2811 2949 2867 tuis
2983 2814 3195 2868 hircos.
3222 2814 3286 2869 Et
3312 2814 3493 2885 paulo

1838 2906 1993 2972 post,
2041 2906 2105 2955 ut
2142 2900 2481 2955 ostenderet
2524 2900 2888 2955 sacrificium
2926 2900 3071 2955 Novi
3109 2904 3492 2968 Testamenti,

1838 2988 2207 3062 quandoilla
2238 2988 2471 3043 fuerant
2495 2995 2819 3052 cessatura,
2856 2990 3115 3053 Immola,
3151 2991 3363 3062 inquit,
3387 2992 3497 3046 Deo

1840 3078 2199 3146 sacriﬁcium
2238 3078 2458 3141 laudis,
2492 3084 2546 3133 et
2588 3078 2768 3133 redde
2796 3078 3092 3133 Altissimo
3118 3085 3252 3134 vota
3282 3086 3399 3135 tua.
3436 3082 3498 3134 Et

1843 3168 1901 3221 in
1928 3168 2047 3221 ﬁne
2077 3166 2348 3236 ejusdem
2377 3165 2614 3237 psalmi,
2642 3166 3035 3234 Sacriﬁcium,
3064 3168 3271 3239 inquit,
3300 3168 3499 3223 laudis

1841 3255 2193 3326 gloriﬁcabit
2238 3270 2357 3323 me;
2388 3262 2440 3310 et
2479 3255 2607 3311 illic
2644 3256 2741 3311 via
2793 3262 2895 3321 est,
2922 3272 3041 3327 qua
3080 3256 3381 3312 ostendam
3406 3257 3503 3312 illi

1842 3345 2115 3399 salutare
2143 3358 2331 3399 meum
2364 3343 2547 3413 (Psal.
2582 3359 2735 3407 xux,
2765 3347 2817 3408 9,
2852 3347 2935 3408 14,
2966 3343 3079 3415 23).
3110 3344 3374 3400 Salutare
3405 3341 3501 3399 Dei

1846 3432 2109 3489 Christus
2148 3438 2255 3497 est,
2298 3448 2475 3503 quem
2527 3432 2812 3487 infantem
2854 3434 3092 3489 Simeon
3132 3449 3308 3488 senex
3364 3450 3498 3488 cum

1847 3522 2260 3595 agnovissetin
2281 3522 2509 3592 spiritu,
2526 3537 2785 3592 eumque
2807 3523 3162 3593 sumspisset
3187 3522 3242 3577 in
3260 3538 3497 3588 manus,

1844 3611 2027 3667 Nunc
2038 3610 2307 3675 dimittis,
2324 3609 2533 3680 inquit,
2566 3609 2832 3674 Domine,
2850 3626 3082 3666 servum
3102 3618 3287 3673 tuum,
3304 3627 3507 3668 secun-

1848 3700 1990 3755 dum
2018 3699 2256 3756 verbum
2282 3705 2445 3753 tuum
2477 3699 2537 3753 in
2552 3714 2724 3769 pace;
2745 3699 3026 3769 quoniam
3051 3699 3323 3757 viderunt
3347 3702 3508 3757 oculi

1848 3790 2122 3845 salutare
2151 3793 2317 3843 tuum
2348 3788 2517 3857 (Luc.
2544 3804 2602 3853 ιι,
2632 3790 2719 3851 29,
2754 3791 2865 3855 30).

1923 3878 2148 3932 CAPUT
2185 3877 2313 3931 XIX.
2358 3907 2422 3915 —
2456 3879 2543 3930 47.
2594 3876 2707 3942 Qui
2752 3878 2965 3932 timetis
2995 3892 3137 3945 ergo
3168 3878 3506 3942 Dominum,

1855 3966 2103 4020 laudate
2131 3979 2291 4029 eum;
2317 3964 2657 4021 universum
2683 3980 2873 4020 semen
2894 3966 3103 4034 Jacob,
3134 3967 3510 4037 magniﬁcate

1853 4068 2004 4111 eunt.
2035 4056 2159 4108 Non
2196 4057 2371 4108 vacat
2397 4053 2564 4127 quod
2596 4054 2645 4109 ei
2679 4069 2799 4108 non
2833 4052 3048 4109 sufﬁcit
3072 4054 3288 4121 dicere,
3316 4070 3510 4112 semen

1851 4143 2057 4206 Jacob,
2088 4142 2201 4196 nisi
2225 4142 2469 4197 adderet
2493 4144 2863 4211 universum;
2890 4159 2960 4197 ne
2988 4143 3045 4198 in
3078 4144 3221 4200 solis
3244 4144 3325 4198 eis
3348 4144 3514 4200 intel-

1853 4232 2151 4300 ligeretur,
2177 4231 2277 4302 qui
2303 4246 2371 4285 ex
2397 4231 2674 4287 Israelitis
2702 4232 2937 4287 fuerant
2968 4233 3266 4288 credituri.
3300 4236 3513 4290 Semen

1854 4322 2015 4376 enim
2056 4320 2244 4375 Jacob
2297 4321 2489 4390 ipsum
2535 4327 2621 4375 est
2664 4337 2871 4376 semen
2913 4321 3199 4387 Abrahae;
3234 4323 3515 4378 omnibus

1855 4417 2056 4465 autem
2100 4410 2158 4463 in
2195 4409 2490 4464 Christum
2529 4410 2932 4472 credentibus,
2978 4426 3098 4465 non
3130 4411 3268 4465 solis
3307 4412 3411 4483 qui
3444 4428 3513 4467 ex

1857 4499 2032 4554 Israel
2062 4498 2263 4551 fideles
2290 4502 2479 4563 erant,
2510 4498 2829 4568 Apostolus
2860 4498 3003 4554 dicit
3032 4517 3044 4551 :
3071 4500 3220 4568 Ergo
3250 4501 3515 4557 Abrahw

1855 4602 2047 4642 semen
2079 4586 2235 4650 estis,
2272 4586 2596 4641 secundum
2612 4586 3060 4653 promissionem
3088 4588 3347 4644 hwredes
3369 4590 3515 4658 (Ga-

1860 4678 1966 4731 lat.
2001 4691 2079 4739 ιιι,
2113 4674 2224 4745 29).
2252 4674 2334 4728 Ibi
2364 4690 2626 4744 namque
2656 4677 3515 4747 commemoravitpraaﬁgura-

1859 4766 2079 4819 tionem
2114 4762 2257 4817 Novi
2281 4765 2660 4828 Testamenti,
2696 4764 2755 4818 in
2783 4780 2854 4818 eo
2891 4765 3057 4836 quod
3089 4767 3378 4837 scriptum
3410 4773 3517 4837 est,

1866 4854 1931 4907 In
1965 4853 2133 4907 Isaac
2162 4850 2463 4906 vocabitur
2489 4852 2809 4907 tibisemen
2833 4855 3019 4920 (Hom.
3042 4871 3119 4921 Ix,
3151 4856 3235 4925 7);
3263 4872 3381 4912 non
3411 4856 3518 4910 uti-

1861 4957 1976 5013 que
2010 4942 2068 4995 in
2095 4939 2324 5003 Ismael,
2352 4939 2582 4995 ancillas
2604 4941 2747 4996 ﬁlio.
2783 4942 2843 4996 In
2872 4943 3096 5013 quibus
3124 4944 3363 4999 duobus
3384 4943 3519 4997 filiis

1862 5030 2133 5091 Abrahae.
2167 5044 2362 5094 servo,
2406 5034 2461 5085 et
2501 5030 2708 5095 libero,
2753 5036 2808 5085 et
2859 5031 3098 5087 duabus
3149 5032 3517 5096 mulieribus,

1863 5119 2102 5183 ancilla,
2130 5124 2186 5173 et
2233 5118 2439 5182 libera,
2464 5119 2734 5174 scribens
2783 5121 2859 5174 ad
2896 5120 3147 5183 Galatas,
3181 5121 3301 5175 duo
3331 5123 3522 5176 Testa-

1868 5215 2067 5263 menta
2110 5208 2253 5262 dicit
2297 5208 2354 5262 in
2408 5207 2689 5276 allegoria
2743 5208 3124 5279 praeﬁgurata
3170 5210 3392 5277 (Galat.
3442 5226 3520 5273 iv,

1867 5299 2075 5361 22-24).
2109 5296 2273 5352 Unde
2300 5297 2463 5361 dicit,
2488 5299 2619 5352 Non
2648 5298 2751 5368 qui
2774 5298 2891 5365 ﬁlii
2920 5299 3142 5361 carnis,
3164 5299 3207 5352 ii
3245 5305 3382 5354 sunt
3410 5299 3527 5365 ﬁlii

1869 5387 2009 5455 Dei;
2052 5387 2155 5442 sed
2190 5386 2306 5453 ﬁlii
2340 5387 2745 5455 promissionis
2785 5387 3149 5453 deputantur
3190 5390 3253 5443 in
3286 5389 3523 5445 semine.

1870 5475 2286 5531 Promissionis
2313 5476 2462 5530 enim
2496 5476 2731 5531 verbum
2756 5476 2863 5530 hoc
2890 5476 3007 5530 est!
3038 5477 3135 5531 Ad
3165 5477 3269 5533 hoc
3297 5484 3524 5547 tempus

1872 5565 2124 5628 veniam,
2147 5566 2327 5620 eterit
2348 5564 2678 5631 Sorae/ilius
2696 5565 2884 5636 (Rom.
2907 5581 2986 5633 ix,
3006 5569 3061 5631 8,
3078 5566 3220 5623 Gen.
3239 5583 3394 5633 xvui,
3418 5568 3520 5638 t0).

1940 5654 2035 5709 48.
2064 5653 2303 5709 Multum
2332 5659 2423 5709 est
2462 5658 2516 5709 et
2555 5652 2735 5708 nimis
2767 5653 3012 5725 longum
3046 5655 3356 5728 diligenter
3386 5674 3530 5713 enu-
