4074 6164
603 197 705 256 559

601 325 792 380 cleare
837 339 937 377 cur
974 320 1073 374 ﬁlii
1114 318 1530 390 promissionis
1576 317 1937 390 pertinentes
1962 316 2039 371 ad
2068 318 2253 380 Isaac,

601 415 744 467 Novi
770 407 1121 465 Testamenti
1153 408 1354 475 gratias
1373 407 1754 477 deputentur.
1782 404 2254 461 Brevitertamen

600 500 910 565 attingam,
928 497 1083 550 unde
1104 500 1269 551 tanto
1293 495 1653 550 fructuosius
1679 494 1992 563 cogitabis,
2024 498 2253 563 quanto

599 587 790 653 magis
822 587 914 655 pie
949 584 1322 652 cogitaveris.
1367 585 1495 638 Non
1524 584 1731 638 omnia
1761 586 1912 637 Deus
1942 597 2079 653 quae
2106 596 2254 652 pras-

596 674 1068 745 dicit,promittit;
1088 673 1519 743 praedicitenim
1536 672 1715 726 etiam
1730 670 1977 742 illaqute
1993 686 2112 725 non
2128 670 2254 739 ipse

596 762 752 830 facit,
768 763 910 834 quia
922 761 1294 816 estomnium
1312 762 1597 831 praescius
1614 760 1969 814 futurorum.
1987 757 2255 813 Priedicit

596 866 737 919 ergo
751 856 806 906 et
824 857 1067 921 peccata
1088 849 1401 904 hominum
1420 866 1433 915 ;
1452 864 1589 919 quae
1603 848 1793 919 potuit
1813 847 2109 918 praescire,
2135 860 2251 901 non

596 942 808 995 facere.
828 938 1114 1011 Promittit
1134 944 1331 992 autem
1351 953 1481 1009 quae
1504 938 1911 1007 ipsefacturus
1936 944 2040 1000 est;
2058 950 2165 989 nec
2180 948 2253 989 ea

596 1028 759 1084 mala
782 1028 883 1081 sed
900 1028 1078 1081 bona.
1098 1027 1238 1090 Quis
1252 1026 1410 1079 enim
1428 1026 1719 1096 promittit
1745 1022 1941 1079 mala?
1961 1021 2249 1088 Quamvis

534 1142 539 1146 ο
595 1118 796 1187 itaque
809 1114 1193 1171 malainferat
1207 1114 1529 1179 malis,non
1544 1112 1921 1184 peccata,sed
1934 1111 2247 1182 supplicia;

596 1206 857 1260 minatur
892 1210 1091 1258 tamen
1130 1218 1201 1257 ea
1232 1205 1428 1273 potius
1466 1218 1652 1273 quam
1694 1201 1995 1271 promittit.
2035 1199 2249 1255 Omnia

593 1293 836 1362 largitur
866 1302 921 1347 et
955 1292 1214 1363 praescit;
1250 1290 1353 1344 sed
1401 1296 1644 1360 peccata
1684 1290 1970 1360 praedicit,
2015 1286 2249 1359 suppli-

593 1385 685 1437 cia
733 1382 1010 1446 minatur,
1053 1380 1338 1435 beneticia
1385 1379 1714 1449 pollicetur.
1758 1378 1879 1433 Filii
1934 1392 2074 1446 ergo
2114 1392 2247 1447 pro-

596 1472 912 1536 missionis,
942 1470 1040 1523 ﬁlii
1084 1474 1223 1523 sunt
1252 1469 1545 1523 beneﬁcii.
1584 1468 1717 1522 Haec
1747 1472 1836 1521 est
1862 1467 2075 1537 gratia,
2108 1480 2245 1537 quae

594 1564 776 1629 gratis
789 1562 985 1623 datur,
1012 1574 1130 1613 non
1148 1559 1369 1613 meritis
1395 1558 1715 1628 operantis,
1733 1556 1834 1610 sed
1866 1554 2246 1609 miseratione

592 1649 891 1705 donantis.
917 1649 1059 1703 Hinc
1081 1649 1304 1715 gratias
1319 1647 1555 1713 agimus
1585 1646 1834 1700 Domino
1868 1645 1986 1698 Deo
2017 1650 2243 1709 nostro,

590 1744 755 1810 quod
787 1743 872 1793 est
903 1752 1189 1805 magnum
1218 1741 1660 1789 sacramentum
1686 1734 1745 1787 in
1778 1734 2069 1787 sacriﬁcio
2100 1734 2245 1787 Novi

590 1827 968 1893 Testamenti,
991 1826 1156 1896 quod
1188 1824 1307 1887 ubi,
1325 1830 1381 1878 et
1402 1822 1673 1895 quando,
1690 1827 1749 1878 et
1769 1822 2079 1893 quomodo
2099 1821 2247 1876 oﬂe-

589 1924 768 1981 ratur,
795 1931 929 1970 cum
956 1913 1136 1968 fueris
1166 1912 1521 1982 baptizatus,
1560 1912 1843 1966 invenies.

661 2005 880 2060 CAPUT
910 2004 1022 2058 XX.
1050 2034 1118 2043 —
1158 2002 1247 2056 49.
1289 2002 1505 2056 Deinde
1537 2001 1805 2073 sequitur
1840 2004 1895 2056 et
1925 2000 2068 2055 dicit
2098 2018 2109 2054 :
2149 2000 2247 2053 Ti-

589 2100 742 2151 meat
770 2108 900 2149 eum
931 2104 1098 2147 omne
1123 2105 1319 2147 semen
1359 2090 1562 2145 Israel.
1582 2089 1691 2155 Qui
1717 2088 1902 2144 Jacob
1927 2091 2053 2159 ipse
2082 2096 2136 2142 et
2169 2089 2244 2141 ls-

587 2183 728 2247 rael,
761 2198 915 2236 unus
947 2180 1130 2235 homo
1157 2186 1300 2242 erat,
1334 2179 1563 2233 habens
1585 2180 1707 2233 duo
1740 2178 2006 2242 nomina,
2041 2192 2157 2231 non
2183 2178 2241 2230 in

589 2288 775 2343 parvo
797 2274 1174 2325 sacramento
1200 2285 1212 2323 :
1240 2268 1342 2322 sed
1374 2284 1493 2321 uno
1527 2267 1677 2321 libro
1706 2282 1824 2321 non
1852 2271 2105 2338 possunt
2127 2265 2243 2319 dici

587 2359 813 2423 omnia,
836 2358 1164 2429 inquojam
1187 2356 1438 2410 multum
1456 2355 1751 2425 progressi
1771 2370 2002 2415 sumus.
2019 2361 2073 2408 et
2093 2368 2244 2407 non-

587 2452 734 2503 dum
756 2449 830 2502 de
853 2447 982 2502 aliis
1011 2446 1201 2500 tribus
1232 2444 1669 2514 quaestionibus
1697 2443 1919 2514 aliquid
1947 2442 2238 2508 diximus;

586 2538 701 2592 hoc
729 2541 818 2591 est
840 2537 915 2590 de
936 2532 1694 2596 tenebrisexterioribus;et
1714 2531 2025 2586 latitudine
2049 2530 2241 2585 etlon-

587 2625 874 2695 gitudine,
907 2623 1216 2679 altitudine
1253 2627 1309 2676 et
1334 2620 1665 2692 profundo;
1700 2626 1756 2674 et
1782 2620 1855 2675 de
1895 2619 2166 2690 quinque
2187 2624 2243 2673 et

585 2714 851 2787 quinque
879 2711 1227 2781 virginibus.
1259 2709 1425 2775 Quod
1445 2725 1587 2778 ergo
1603 2709 1754 2763 dixit
1775 2724 1977 2781 supra,
2008 2710 2243 2763 univer-

583 2818 710 2858 sum
732 2818 926 2859 semen
945 2800 1143 2862 Jacob,
1164 2801 1256 2855 hic
1283 2805 1720 2870 consequenter
1745 2797 1846 2859 ait,
1862 2812 2030 2853 omne
2049 2813 2240 2853 semen

588 2892 797 2948 Israel.
848 2891 957 2947 Sed
1012 2905 1197 2962 quare
1240 2890 1539 2959 superius,
1577 2888 1960 2957 magniﬁcate
1991 2902 2142 2953 eum,
2186 2890 2243 2940 et

587 2981 899 3050 posterius,
919 2980 1121 3035 timeat
1138 2979 1307 3034 eum?
1332 2976 1726 3045 Magniﬁcatio
1757 2974 2236 3043 laudicongruit;

584 3071 658 3125 de
678 3086 803 3142 qua
819 3070 1070 3133 dixerat,
1090 3067 1198 3133 Qui
1219 3067 1428 3121 timetis
1444 3068 1779 3129 Dominum,
1808 3065 2054 3119 laudate
2076 3080 2237 3118 eum:

584 3160 743 3214 unde
770 3175 898 3228 1am
931 3159 1116 3213 multa
1143 3157 1413 3211 disserui.
1442 3156 1527 3209 lbi
1557 3155 1783 3226 quippe
1802 3170 1973 3208 amor
1999 3153 2087 3207 vel
2109 3154 2241 3207 cha-

583 3251 729 3304 ritas
778 3249 898 3317 Dei,
931 3263 1067 3317 qum
1101 3245 1357 3315 perfecta
1401 3244 1560 3298 foras
1599 3244 1775 3298 mittit
1804 3244 2098 3297 timorem.
2131 3245 2241 3296 Cur

583 3352 724 3403 ergo
764 3338 1001 3399 iterum,
1038 3334 1261 3389 Timeat
1288 3349 1415 3388 eum
1452 3347 1620 3387 omne
1654 3330 1885 3387 Israel?
1916 3332 2053 3386 Non
2084 3330 2236 3385 enim

584 3424 913 3492 accepistis,
966 3423 1157 3492 inquit
1218 3420 1559 3490 Apostolus,
1614 3419 1890 3487 spiritum
1942 3418 2239 3474 servitutis

582 3513 795 3567 iterum
844 3513 905 3565 in
950 3510 1155 3565 timore
1182 3509 1370 3580 (Rom.
1401 3507 1778 3577 vui,15).Sed
1804 3507 1963 3561 idem
2004 3512 2236 3574 aposto-

582 3601 674 3655 lus
690 3600 949 3655 oleastro
970 3600 1190 3653 inserto
1218 3598 1275 3651 in
1296 3597 1511 3651 olivam
1542 3597 1817 3650 timorem
1844 3595 2106 3666 praecipit
2126 3595 2239 3649 hoc

580 3698 668 3745 est
683 3690 961 3745 Gentibus
975 3688 1191 3743 additis
1209 3687 1391 3741 radici
1405 3685 1731 3749 Abraham,
1754 3687 1937 3748 Isaac,
1950 3686 1972 3739 ,Ι
1985 3684 2159 3741 acob.
2176 3690 2238 3741 ut

581 3784 635 3833 et
665 3780 806 3850 ipsa).
830 3778 1045 3832 tierunt
1067 3775 1265 3841 Israel,
1299 3775 1358 3828 id
1386 3779 1489 3837 est,
1526 3774 1887 3844 pertinerent
1915 3773 1991 3828 ad
2033 3788 2235 3827 semen

579 3867 835 3923 Abrahae
864 3867 1049 3937 (Rom.
1078 3879 1155 3931 x1,
1197 3865 1400 3930 17-20).

650 3958 739 4011 50.
783 3959 974 4021 Quam
1014 3953 1396 4007 inser-tionem
1437 3951 1699 4015 oleastri,
1741 3950 1867 4020 jam
1905 3949 2237 4020 amputatis

578 4050 812 4115 propter
836 4042 1197 4097 inﬁdelitatis
1234 4040 1580 4109 superbiam
1618 4038 1994 4091 naturalibus
2026 4037 2232 4102 ramis,

577 4133 757 4187 etiam
772 4132 898 4202 ipse
918 4130 1267 4184 Dominusin
1288 4127 1605 4195 Evangelio
1624 4125 2235 4196 praedixitpccasione

576 4221 729 4275 illius
757 4217 1128 4276 Centurionis
1160 4216 1260 4285 qui
1294 4216 1350 4268 in
1375 4231 1512 4270 eum
1543 4231 1611 4268 ex
1646 4213 1928 4269 Gentibus
1962 4213 2229 4269 credidit.

574 4312 736 4365 Tunc
749 4310 907 4365 enim
928 4308 1024 4370 ait,
1044 4308 1232 4361 Amen
1250 4304 1370 4359 dico
1385 4304 1565 4367 vobis,
1582 4318 1699 4357 non
1716 4302 1915 4358 inveni
1932 4304 2231 4371 tantamﬁ-

573 4402 704 4455 dem
723 4401 784 4454 in
805 4398 1032 4453 Israel:
1048 4395 1408 4465 etadjunxit,
1436 4393 1569 4448 Ide.)
1585 4392 1712 4447 dice
1732 4392 1885 4446 vobis
1900 4391 2041 4462 quia
2060 4393 2233 4447 multi

575 4491 648 4545 ab
677 4489 902 4545 oriente
943 4493 994 4542 et
1042 4485 1342 4540 occidente
1374 4482 1624 4546 venient,
1654 4488 1707 4537 et
1740 4480 2069 4536 recumbent
2101 4496 2227 4535 cum

572 4577 1059 4639 Abrahaszaac
1072 4580 1123 4630 et
1135 4572 1390 4628 Jacobin
1404 4586 1582 4641 regno
1594 4570 2017 4637 scelerum/itii
2029 4576 2227 4625 autem

572 4665 989 4737 regniibuntin
1016 4663 1285 4718 tenebras
1305 4660 1659 4723 exteriores;
1686 4660 1811 4713 illic
1835 4658 1940 4713 erit
1963 4659 2225 4725 pleratio

572 4764 623 4813 et
648 4756 869 4811 stridor
893 4755 1192 4808 dentium:
1217 4751 1295 4805 ita
1323 4748 1670 4818 signiﬁcans
1694 4749 1866 4801 inseri
1900 4746 2225 4803 oleastrum

570 4850 813 4917 propter
839 4842 1260 4903 humilitatem;
1299 4838 1527 4891 dixerat
1549 4837 1775 4908 quippe
1807 4836 1903 4890 ille
1930 4838 2221 4905 Centurio,

567 4938 702 4993 Non
720 4950 849 4990 sum
871 4932 1084 5001 dignus
1106 4934 1169 4983 ut
1185 4929 1281 4982 sub
1297 4933 1509 4981 tectum
1532 4940 1717 4981 meum
1733 4928 1915 4981 intres
1932 4947 1950 4993 ,-
1970 4927 2071 4981 sed
2096 4930 2223 4981 tan-

568 5031 691 5079 tum
732 5022 829 5078 dic
868 5019 1064 5082 verbo,
1109 5023 1163 5071 et
1224 5013 1540 5069 sanabitur
1583 5028 1734 5080 puer
1779 5026 1938 5068 meus
1982 5013 2218 5083 (Matth.

568 5130 683 5178 vui,
717 5110 895 5182 8-12);
929 5105 1397 5163 contractionem
1431 5108 1629 5157 autem
1657 5117 1962 5156 ramorum
1985 5109 2221 5158 natura-

562 5205 704 5257 lium
724 5206 963 5273 propter
976 5197 1341 5267 superbiam,
1368 5191 1587 5246 scilicet
1603 5206 1810 5245 eorum
1826 5206 1861 5260 q
1874 5189 1927 5243 ui
1946 5191 2220 5258 ignoran-

563 5296 647 5346 tes
683 5292 777 5347 Dei
800 5287 1115 5358 justitiam,
1138 5291 1381 5338 etsuam
1411 5280 1675 5334 volentes
1705 5279 2220 5348 constituere,jus-

563 5380 693 5434 titiae
716 5380 811 5433 Dei
831 5393 951 5431 non
979 5379 1119 5429 sunt
1148 5370 1394 5441 subjecti
1418 5368 1775 5439 (Rom.x,3).
1811 5366 1970 5421 Deiis
1999 5369 2217 5439 quippe

560 5483 716 5523 vana
741 5467 994 5521 elatione
1027 5459 1391 5518 tumentibus
1422 5459 1643 5511 dictum
1673 5463 1758 5509 est
1784 5456 1945 5525 quod
1966 5456 2215 5511 ibuntin

565 5556 836 5611 tenebras
888 5552 1225 5613 exteriores,
1268 5548 1371 5619 qui
1407 5546 1701 5616 jactantes
1749 5560 1809 5597 se
1853 5544 1928 5599 de
1990 5548 2215 5601 semine

562 5644 1036 5705 Abrahae,semen
1055 5638 1307 5693 Abrahae
1322 5636 1447 5691 ﬁeri
1463 5635 1870 5698 noluerunt,ut
1892 5640 2089 5690 essent
2110 5635 2213 5691 ﬁlii

1897 190 1956 248 S.
2000 187 2390 248 AUGUSTINI
2428 185 2752 244 EPISCOPI

3847 186 3932 255 560

2364 313 2781 384 promissionis
2810 334 2822 371 :
2854 313 2995 383 quia
3018 311 3196 367 ﬁdem
3222 314 3363 369 Novi
3390 312 3726 374 Testamenti
3746 337 3844 377 non
3869 340 3933 378 re-

2361 406 2667 472 ceperunt,
2686 401 2780 457 ubi
2798 400 2896 456 Dei
2907 402 2926 471 j
2939 402 3132 457 ustitia
3145 404 3609 473 commendatur,
3626 423 3780 463 suam
3792 426 3934 465 cons-

2362 491 2570 546 tituere
2604 491 2894 555 volentes;
2924 491 2983 545 id
3014 498 3118 556 est,
3154 497 3438 562 tanquam
3459 492 3530 547 de
3555 496 3668 549 suis
3692 499 3879 553 meritis
3897 508 3937 556 et

2361 580 2644 649 operibus
2676 578 3053 650 praiﬁdentes
3086 586 3438 651 spreverunt
3464 597 3588 637 esse
3612 583 3705 638 filii
3736 589 3939 655 promis-

2362 668 2567 733 sionis,
2598 667 2713 723 hoc
2744 674 2831 722 est
2860 667 2960 722 lilii
2983 668 3326 735 gratias,ﬁlii
3350 669 3765 737 misericordia,
3792 678 3938 747 utqui

2360 756 2663 825 gloriatur,
2702 758 2759 811 in
2805 756 3055 811 Domino
3097 756 3377 826 glorietur
3414 758 3459 826 (Ι
3500 761 3624 814 Cor.
3666 761 3943 831 1.31),cre-

2358 846 2509 899 dens
2540 848 2598 900 in
2631 861 2768 900 eum
2810 846 2908 916 qui
2931 845 3219 915 justiticat
3248 847 3518 917 impium,
3552 849 3657 903 hoc
3686 852 3867 922 estqui
3890 868 3941 907 ex

2359 934 2545 1004 impio
2585 933 2723 988 facit
2760 935 2963 1005 pium;
3001 941 3061 989 ut
3085 936 3401 1006 deputetur
3424 934 3572 990 ﬁdes
3611 938 3732 1005 ejus
3761 941 3943 1007 adjus-

2361 1022 2547 1077 titiam
2581 1025 2765 1089 (Rem.
2801 1038 2878 1087 iv,
2904 1023 2983 1093 5),
3011 1028 3068 1078 et
3091 1024 3411 1094 impleatur
3454 1025 3511 1078 in
3548 1040 3634 1090 eo,
3673 1041 3778 1081 non
3820 1031 3943 1099 quod

2359 1111 2703 1182 postulabat
2724 1112 2857 1182 ejus
2882 1114 3179 1175 meritum,
3204 1113 3307 1167 sed
3339 1114 3504 1185 quod
3527 1130 3561 1168 a
3587 1114 3817 1170 Domino
3843 1132 3945 1186 pro-

2360 1200 2612 1256 missum
2644 1207 2730 1255 est
2756 1201 3155 1256 benedictum.

2432 1293 2517 1343 5t.
2562 1290 2706 1343 Cum
2735 1290 2804 1344 iis
2832 1290 3205 1359 igituragens
3232 1290 3573 1360 Apostolus,
3593 1292 3689 1363 qui
3711 1291 3857 1346 olivae
3872 1309 3947 1363 per

2356 1377 2611 1447 gratiam
2664 1378 3107 1440 inserebantur,
3160 1379 3335 1445 Dicis,
3387 1379 3596 1450 inquit,
3634 1380 3804 1448 fracti
3841 1388 3939 1436 sunt

2355 1468 2530 1533 rami,
2568 1476 2632 1521 ut
2659 1483 2795 1536 ergo
2826 1470 3079 1523 inserar.
3115 1468 3311 1536 Bene;
3337 1475 3582 1538 propter
3621 1470 3943 1526 incredulita-

2356 1561 2464 1611 tem
2493 1557 2679 1624 fracti
2706 1563 2867 1612 sunt.
2906 1558 2991 1611 Tu
3016 1564 3236 1623 autem,
3259 1558 3378 1624 ﬁde
3401 1564 3528 1627 sta,-
3555 1558 3670 1613 noli
3697 1558 3857 1614 altum
3882 1576 3946 1614 sa-

2352 1660 2492 1713 pere
2520 1647 2618 1700 sed
2637 1646 2769 1701 time
2797 1646 2985 1716 (Rom.
3020 1661 3099 1711 x1,
3134 1649 3218 1709 t9.
3247 1646 3358 1717 20).
3398 1647 3494 1701 Dei
3518 1650 3603 1701 est
3638 1648 3783 1702 enim
3807 1649 3943 1702 bene-

2352 1734 2581 1799 ﬁcium,
2634 1750 2752 1789 nou
2808 1737 3081 1790 meritum
3119 1742 3316 1800 tuum;
3350 1736 3512 1806 quod
3552 1743 3606 1791 et
3644 1736 3776 1791 alibi
3808 1736 3945 1791 dicit:

2354 1822 2554 1878 Gratia
2581 1824 2734 1879 salvi
2761 1824 2914 1892 facti
2938 1824 3071 1879 estis
3084 1840 3193 1892 per
3218 1824 3426 1893 ﬁdem;
3465 1831 3518 1880 et
3543 1825 3649 1880 hoc
3670 1841 3777 1880 non
3802 1840 3861 1881 ex
3883 1842 3944 1880 tPO-

2355 1913 2439 1967 bis
2479 1913 2581 1968 sed
2612 1912 2717 1968 Dei
2752 1914 2971 1968 donum
3001 1920 3103 1979 est,
3145 1929 3263 1968 non
3301 1928 3376 1969 ex
3415 1915 3701 1983 operibus,
3748 1930 3812 1969 ne
3831 1916 3946 1981 forte

2351 2001 2484 2070 quis
2497 2002 2845 2057 extollatur.
2865 2001 3058 2069 Ipsius
3079 2002 3223 2056 enim
3238 2017 3443 2057 sumus
3455 2003 3801 2073 ﬁgmentum.
3815 2002 3946 2057 creati

2350 2091 2407 2144 in
2440 2090 2576 2144 Jesu
2620 2089 2852 2144 Christo
2884 2090 2943 2143 in
2982 2091 3249 2161 eperibus
3281 2091 3446 2145 bonis
3485 2106 3616 2161 quae
3647 2092 3943 2158 preparavit

2357 2181 2503 2234 Deus
2536 2187 2596 2233 ut
2637 2179 2700 2233 in
2741 2179 2863 2234 illis
2891 2180 3251 2235 ambulemus
3276 2179 3462 2250 (Eph.
3501 2196 3561 2243 ιι,
3593 2180 3753 2249 8-10).
3791 2183 3839 2233 In
3866 2178 3945 2231 hoc

2352 2269 2555 2339 itaque
2585 2266 2879 2322 intellectu
2911 2268 3113 2336 gratias
3138 2267 3291 2322 inest
3315 2271 3509 2331 timor,
3532 2268 3605 2324 de
3630 2285 3744 2339 quo
3760 2268 3941 2322 dicitur:

2350 2357 2491 2411 Noli
2531 2357 2719 2411 altum
2757 2371 2985 2425 sapere,
3017 2357 3120 2413 sed
3144 2358 3281 2413 time
3322 2357 3515 2429 (Rom.
3555 2373 3630 2421 ιι,
3669 2357 3771 2427 20).
3799 2357 3946 2410 Timor

2351 2451 2542 2499 autem
2569 2445 2675 2499 iste
2708 2444 2860 2500 alius
2881 2452 2996 2510 est;
3032 2461 3151 2500 non
3183 2454 3268 2501 est
3296 2445 3389 2501 ille
3421 2446 3648 2501 servilis
3671 2460 3829 2518 quem
3849 2444 3948 2498 ‘cha-
4014 2446 4015 2518 l

2347 2534 2488 2588 ritas
2522 2534 2679 2588 foras
2704 2534 2899 2589 mittit.
2938 2534 3039 2589 lllo
3065 2535 3224 2589 enim
3254 2534 3501 2590 timetur
3535 2552 3605 2590 ne
3631 2535 3885 2590 incidatur
3908 2536 3945 2585 in

2351 2628 2713 2677 tormentum
2768 2622 3073 2694 supplicii;
3132 2624 3248 2679 isto
3290 2634 3519 2693 autem,
3585 2641 3657 2680 ne
3702 2622 3948 2679 amittatur
4014 2622 4015 2694 l

2350 2711 2543 2778 gratia
2576 2711 2865 2766 beneﬁcii.

2424 2799 2653 2855 CAPUT
2676 2801 2890 2854 XXI.—
2921 2806 3005 2856 52.
3030 2799 3408 2872 Quapropter
3435 2803 3713 2874 quamvis
3729 2798 3948 2855 ﬁdelibus

2351 2891 2427 2944 ad
2460 2892 2687 2944 Novum
2708 2892 3151 2945 Testamentum
3173 2891 3611 2961 pertinentibus
3643 2891 3787 2944 dicat
3810 2896 3945 2956 Apes

2352 2978 2503 3033 tolus
2520 2978 2682 3048 quod
2704 2977 2880 3048 paulo
2898 2986 3034 3034 ante
3048 2979 3673 3035 commemoravi.Nen
3689 2982 3818 3034 enim
3832 2988 3949 3031 acce-

2346 3067 2515 3136 pistis
2538 3068 2820 3134 spiritum
2843 3068 3147 3123 servitutis
3180 3069 3397 3124 iterum
3434 3069 3501 3123 in
3533 3069 3766 3135 timore;
3788 3066 3869 3121 sed
3886 3078 3951 3117 ec-

2351 3157 2585 3224 cepistis
2620 3156 2899 3222 spiritum
2931 3158 3269 3226 adeptienis
3307 3158 3601 3225 ﬁliorum,
3645 3157 3707 3211 in
3728 3170 3828 3226 quo
3859 3154 3945 3207 σία·

2350 3260 2600 3308 mamus,
2635 3244 2826 3308 Abba,
2856 3250 3029 3312 pater
3056 3246 3247 3317 (Rem.
3279 3262 3394 3310 vui,
3421 3248 3541 3319 15);
3573 3246 3632 3300 id
3660 3251 3741 3299 est
3771 3241 3946 3297 utﬁdes
4014 3258 4015 3261 η

2349 3332 2403 3388 in
2424 3333 2598 3387 nobis
2615 3334 2707 3398 sit,
2732 3349 2864 3404 qua:
2879 3349 2983 3404 per
3001 3334 3379 3390 dilectionem
3394 3331 3829 3407 operaturtGal.
3847 3330 3947 3395 κϐ),

2348 3437 2467 3476 non
2497 3428 2617 3476 tam
2637 3421 2900 3476 timendo
2928 3438 3165 3492 pcenam
3184 3439 3370 3494 quam
3390 3420 3938 3494 amandojustitiam:

2348 3516 2546 3564 tamen
2610 3510 2754 3581 quia
2810 3526 2930 3565 non
2972 3510 3037 3564 ﬁt
3094 3512 3297 3567 anima
3342 3514 3501 3581 justa
3548 3513 3659 3568 nisi
3702 3508 3950 3583 participas
4014 3506 4015 3581 ξ

2349 3599 2506 3653 tione
2559 3598 2817 3653 melioris
2870 3600 2971 3669 qui
3009 3599 3293 3670 justiﬁcat
3332 3601 3596 3671 impium
3656 3599 3807 3673 (quid
3833 3596 3949 3650 enim
4014 3616 4015 3685 i

2347 3687 2527 3742 habet
2548 3687 2711 3758 quod
2736 3703 2855 3742 non
2876 3689 3183 3758 accepit?),
3206 3705 3321 3744 non
3347 3690 3530 3745 debet
3552 3690 3661 3745 sibi
3683 3683 3941 3743 tribuendo

2344 3776 2506 3847 quod
2543 3776 2642 3830 Dei
2687 3782 2793 3842 est,
2827 3778 2908 3830 ita
2950 3778 3191 3845 gloriari
3228 3784 3521 3849 tanquam
3571 3793 3685 3833 non
3733 3768 3944 3843 acceperi

2344 3866 2388 3935 (l
2443 3867 2581 3920 Cor.
2638 3882 2708 3930 ιν,
2743 3871 2818 3936 7).
2849 3866 2936 3921 Ob
2980 3865 3093 3921 hoc
3120 3868 3167 3921 ei
3202 3867 3429 3923 dictum
3473 3874 3561 3923 est
3594 3888 3607 3927 :
3650 3864 3945 3923 Nolialtum

2342 3969 2567 4023 sapere,
2597 3956 2697 4010 sed
2729 3956 2886 4010 time.
2922 3957 2986 4009 Et
3013 3957 3189 4009 timor
3219 3957 3323 4011 iste
3351 3956 3694 4028 praecipitur
3718 3954 3780 4008 iis
3806 3950 3944 4006 etiam
4014 3950 4015 4023 ξ

2342 4045 2442 4114 qui
2488 4059 2558 4097 ex
2607 4043 2723 4097 ﬁde
2767 4044 3049 4108 viventes,
3105 4044 3368 4099 haeredes
3424 4053 3565 4101 sunt
3619 4043 3753 4100 Novi
3802 4042 3948 4094 Testa-
4014 4042 4015 4114 ᾖ

2343 4132 2546 4199 menti,
2579 4138 2757 4202 atque
2789 4132 2845 4185 in
2884 4131 3215 4187 libertatem
3245 4136 3463 4190 vocati.
3497 4135 3691 4189 Altum
3713 4131 3849 4186 enim
3881 4139 3946 4178 sa-

2341 4236 2501 4291 pere,
2535 4221 2758 4274 dictum
2791 4225 2897 4283 est,
2933 4222 3243 4292 superbire
3272 4238 3285 4276 :
3318 4224 3483 4294 quod
3501 4223 3620 4278 alio
3639 4223 3945 4284 loco,econ-

2342 4312 2521 4364 trario
2540 4309 2679 4364 satis
2705 4310 2988 4375 ostendit,
3006 4310 3105 4364 ubi
3127 4311 3229 4375 ait,
3248 4312 3383 4367 Non
3396 4312 3533 4368 alta
3556 4314 3849 4378 sapientes,
3873 4298 3946 4356 sed

2342 4396 2661 4452 humilibus
2683 4402 3108 4453 consentientes
3128 4399 3429 4468 (Rom.xu,
3457 4400 3563 4469 16).
3595 4402 3668 4455 Ex
3687 4400 3789 4453 hoc
3818 4387 3945 4465 quod

2340 4488 2443 4551 ait,
2485 4487 2801 4541 humilibus
2851 4489 3294 4553 consentientes,
3333 4490 3541 4561 utique
3576 4486 3791 4561 aperuit
3837 4476 3945 4535 nihil

2338 4575 2499 4630 aliud
2525 4592 2587 4629 se
2611 4578 2994 4637 dixisse,alta
3016 4578 3331 4645 sapientes,
3355 4593 3541 4649 quam
3560 4575 3944 4647 superbientes.
4014 4562 4015 4641 ᾖ

2410 4669 2496 4719 53.
2544 4664 2743 4719 Timor
2793 4680 2935 4735 ergo
2986 4682 3105 4720 nou
3148 4673 3235 4721 est
3267 4668 3323 4721 in
3352 4667 3657 4729 charitate.
3692 4662 3823 4737 quia
3846 4670 3945 4729 ρετ·
4014 4684 4015 4731 ς

2335 4752 2486 4808 tecta
2516 4754 2771 4807 charitas
2806 4752 2966 4808 foras
3010 4754 3179 4808 mittit
3208 4756 3511 4822 timorem;
3548 4755 3651 4809 sed
3680 4753 3828 4808 illum
3852 4762 3947 4802 ser—

2336 4842 2531 4907 vilem,
2568 4842 2731 4896 illum
2777 4858 2899 4914 quo
2948 4859 3085 4898 cum
3118 4860 3181 4897 se
3226 4846 3481 4915 quisque
3512 4844 3590 4899 ab
3623 4858 3791 4913 opere
3818 4838 3946 4894 malo

2334 4930 2611 4994 abstinet,
2668 4946 2843 5001 poena
2903 4937 3164 4993 terretur.
3200 4948 3313 4987 non
3351 4934 3582 5003 justitia
3633 4931 3944 4989 delectatur;

2333 5020 2492 5075 hunc
2522 5020 2781 5075 charitas
2812 5020 2970 5075 l'oras
3004 5023 3198 5087 mittit,
3231 5038 3420 5093 quam
3448 5038 3566 5077 non
3601 5021 3834 5075 delectat
3861 5016 3947 5069 ini-

2331 5108 2553 5177 quitas,
2589 5108 2824 5163 etiamsi
2858 5117 3226 5180 proponatur
3258 5111 3585 5181 impunitas
3622 5124 3633 5161 :
3677 5120 3787 5160 non
3818 5103 3944 5156 illum
4014 5116 4015 5121 ‘

2330 5212 2451 5267 quo
2474 5196 2633 5252 timet
2666 5198 2868 5254 anima
2918 5215 2989 5253 ne
3034 5199 3266 5254 amittat
3313 5201 3509 5270 ipsam
3542 5196 3808 5266 gratiam,
3847 5202 3946 5259 qua

2329 5285 2385 5338 in
2414 5285 2510 5339 illa
2538 5286 2757 5341 factum
2782 5291 2869 5340 est
2895 5294 2955 5340 ut
2984 5303 3116 5342 eam
3141 5303 3257 5342 non
3288 5303 3534 5359 peccare
3555 5283 3822 5349 delectet;
3845 5290 3942 5348 quo

2331 5375 2494 5428 timet
2525 5390 2597 5427 ne
2629 5378 2772 5429 Deus
2804 5391 2936 5430 eam
2958 5375 3213 5441 deserat,
3238 5377 3465 5431 etiamsi
3500 5373 3672 5430 nullis
3704 5369 3943 5425 dolorum

2329 5463 2692 5517 cruciatibus
2714 5464 2942 5533 puniat.
2975 5466 3073 5519 Hic
3105 5466 3283 5521 timor
3312 5470 3511 5520 cactus
3540 5470 3658 5528 est;
3691 5473 3802 5514 non
3828 5466 3942 5509 eum

2328 5551 2585 5606 charitas
2613 5552 2783 5620 ejicit,
2831 5554 2933 5607 sed
2970 5554 3273 5609 adsciscit.
3312 5554 3387 5607 De
3422 5552 3519 5607 illo
3548 5551 3767 5622 quippe
3788 5542 3941 5611 scrip-

2327 5646 2453 5694 tum
2492 5646 2601 5705 est,
2649 5641 2848 5696 Timor
2878 5642 3115 5698 Domini
3147 5649 3363 5709 castus,
3390 5652 3741 5711 permanens
3761 5634 3817 5688 in
3858 5641 3941 5683 sw-
