4074 6164
94 171 189 227 561

90 296 300 352 culum
347 294 555 350 saeculi
582 294 775 362 (Psat.
801 308 951 357 xvui,
980 291 1072 362 10)
1101 307 1113 346 :
1148 306 1539 364 nequaquam
1568 291 1750 347 istum

92 385 317 440 diceret
344 382 1132 455 permanentem,nisisciret
1158 381 1341 437 alium
1365 381 1466 453 qui
1491 397 1609 436 non
1626 397 1752 453 per-

92 478 390 529 maneret.
430 475 495 528 Et
532 472 685 527 bene
731 471 912 527 istum
953 476 1182 526 castum
1233 470 1409 535 dixit;
1437 470 1551 525 hoc
1591 471 1751 526 enim

88 576 207 616 non
244 566 413 616 caret
450 575 622 615 amor
652 575 774 631 quo
805 559 1008 614 anima
1035 559 1280 614 inhaeret
1320 561 1455 624 Deo,
1497 573 1631 630 quae
1667 558 1752 612 di-

89 650 163 705 cit
202 650 266 704 in
297 648 416 703 alio
443 648 683 720 psalmo
716 667 728 706 :
764 647 1084 704 Perdidisti
1108 662 1337 704 omnem
1363 648 1468 718 qui
1487 648 1752 717 fornica-

88 745 189 793 tur
221 738 333 794 abs
368 746 452 809 te;
480 737 627 793 mihi
673 744 871 795 autem
915 736 1223 792 adhaerere
1256 737 1376 792 Deo
1416 736 1626 791 bonum
1668 743 1750 792 est

85 829 279 900 (Psat.
314 844 489 889 Lxxu.
527 830 616 891 27,
648 827 761 897 28).
792 829 937 882 Nam
966 832 1020 881 et
1049 826 1265 896 conjux
1298 841 1434 898 quae
1470 825 1753 880 adulteri-

82 934 236 972 num
267 918 543 973 animum
566 916 731 987 gerit,
752 916 984 971 etiamsi
1013 916 1224 972 timore
1242 915 1350 969 viri
1376 930 1494 969 non
1524 913 1750 969 adulte-

84 1008 246 1061 rium
277 1012 596 1078 perpetrat,
631 1011 831 1061 tamen
863 1004 1029 1076 quod
1058 1005 1228 1059 deest
1257 1004 1442 1076 operi,
1468 1004 1619 1059 inest
1646 1018 1752 1058 vo-

84 1093 300 1151 luntati
327 1110 339 1149 :
366 1100 527 1149 casta
557 1108 697 1149 vero
731 1092 903 1148 aliter
943 1093 1136 1157 timet;
1168 1107 1312 1147 nam
1334 1096 1390 1147 et
1420 1092 1548 1162 ipsa
1584 1092 1749 1147 timet

82 1184 307 1250 virum,
336 1182 441 1238 sed
473 1187 655 1238 caste.
676 1182 937 1255 Denique
969 1184 1134 1238 timet
1164 1181 1264 1236 illa
1296 1196 1368 1235 ne
1391 1182 1475 1235 vir
1501 1179 1748 1235 infestus

84 1272 401 1338 adveniat;
436 1272 570 1339 ista,
599 1287 671 1326 ne
711 1272 972 1326 oﬂ'ensus
1019 1271 1302 1327 abscedat
1333 1287 1345 1325 :
1377 1285 1494 1325 non
1523 1270 1746 1324 amanti

84 1361 248 1415 enim
290 1361 608 1431 praesentia
646 1359 753 1415 viri
790 1360 1047 1415 molesta
1094 1365 1210 1427 est;
1250 1358 1477 1415 amanti
1522 1362 1743 1421 autem,

85 1450 387 1505 absentia.
420 1451 651 1504 Timore
682 1449 880 1522 itaque
920 1455 1106 1511 casto,
1140 1448 1511 1521 permanenti
1537 1447 1595 1501 in
1637 1462 1749 1501 sae-

86 1539 291 1595 culum
336 1538 560 1603 saeculi,
609 1538 814 1593 timeat
854 1540 1036 1593 Deum
1086 1553 1265 1592 omne
1306 1552 1510 1593 semen
1547 1535 1743 1590 Israel.

84 1628 361 1683 Timeant
390 1642 573 1699 quem
604 1626 872 1697 diligunt,
902 1642 1019 1681 non
1046 1626 1165 1681 alta
1187 1625 1495 1697 sapiendo,
1523 1624 1622 1680 sed
1637 1626 1750 1679 hu-

86 1715 333 1771 milibus
360 1715 788 1770 consentiendo
808 1734 820 1780 ;
837 1732 975 1770 cum
995 1717 1203 1771 timore
1225 1723 1280 1770 et
1300 1725 1557 1770 tremore
1574 1729 1746 1769 suam

86 1806 355 1876 ipsorum
377 1803 630 1860 salutem
655 1810 996 1875 operentur.
1022 1804 1177 1859 Deus
1206 1810 1260 1859 et
1290 1805 1448 1858 enim
1475 1805 1576 1875 qui
1608 1817 1749 1873 ope-

86 1899 252 1949 ratur
278 1894 339 1948 in
373 1893 455 1949 eis
478 1898 535 1949 et
561 1893 730 1957 velle,
760 1898 814 1948 et
844 1893 1102 1965 operari,
1133 1910 1236 1964 pro
1258 1893 1417 1948 bona
1448 1892 1747 1947 voluntate

82 1982 372 2055 (Philipp.
407 2000 464 2049 ιι,
509 1985 590 2051 ιρ,
629 1984 737 2049 43).

154 2071 382 2128 CAPUT
414 2070 568 2128 XXII.
606 2100 670 2111 -—
698 2074 784 2125 54.
823 2071 955 2126 Haec
986 2075 1075 2125 est
1100 2069 1330 2141 justitia
1361 2070 1479 2135 Dei,
1510 2070 1625 2123 hoc
1657 2073 1746 2124 est

82 2159 248 2231 quod
277 2160 439 2215 Deus
477 2159 663 2214 donat
687 2159 940 2224 homini,
974 2176 1111 2214 cum
1145 2158 1439 2228 justiﬁcat
1466 2158 1742 2229 impium.

86 2249 251 2304 Hanc
296 2250 395 2303 Dei
442 2248 739 2319 justitiam
778 2250 1124 2316 ignorantes
1163 2248 1403 2319 superbi
1441 2246 1649 2312 Judaei,
1691 2252 1747 2301 et

87 2354 262 2394 suam
309 2337 582 2393 volentes
615 2336 1260 2407 constituere,justitiie
1292 2337 1388 2390 Dei
1444 2352 1561 2391 non
1610 2340 1746 2392 sunt

84 2426 342 2497 subjecti
372 2427 561 2495 (Rom.
588 2442 639 2491 x,
663 2426 748 2497 3);
778 2426 892 2481 hac
922 2426 1203 2497 superbia
1236 2427 1252 2461 ¹
1282 2424 1657 2497 dejiciunlur,
1684 2430 1748 2481 ut

83 2514 336 2571 humilis
364 2516 661 2570 inseratur
694 2514 961 2570 oleaster.
999 2518 1065 2569 Et
1088 2514 1166 2569 illi
1199 2514 1368 2569 ibunt
1390 2515 1447 2568 in
1468 2514 1742 2569 tenebras

83 2606 434 2672 exteriores,
461 2604 536 2659 de
563 2604 788 2675 quibus
818 2604 967 2659 inter
1000 2604 1117 2658 alia
1160 2604 1480 2675 requisisti,
1507 2603 1743 2657 venien-

86 2694 247 2749 tibus
272 2692 354 2748 ab
375 2692 601 2747 oriente
622 2698 678 2747 et
701 2691 1008 2746 occidente
1028 2692 1247 2754 multis,
1267 2691 1369 2763 qui
1394 2690 1744 2746 recumbent

84 2798 221 2837 cum
255 2781 587 2843 Abraham,
617 2781 778 2835 Isaac
816 2786 873 2835 et
908 2780 1088 2835 Jacob
1138 2781 1195 2835 in
1233 2794 1417 2849 regno
1453 2779 1739 2835 ccelorum

86 2871 331 2943 (Matth.
361 2886 471 2938 vui,
508 2873 589 2935 t2,
624 2870 731 2936 ll).
767 2872 910 2925 Sunt
943 2870 1099 2923 enim
1131 2869 1311 2924 modo
1338 2869 1396 2923 in
1422 2869 1638 2923 exteris
1667 2874 1744 2924 te-

84 2960 313 3027 nebris,
348 2959 510 3013 unde
539 2958 826 3014 correctio
846 2957 1227 3030 desperanda
1258 2973 1377 3012 non
1413 2962 1528 3023 est;
1556 2973 1743 3029 quam

86 3050 133 3103 si
167 3048 664 3117 contempserint,
685 3046 857 3102 ibunt
883 3048 940 3101 in
973 3047 1248 3102 tenebras
1277 3045 1613 3111 exteriores,
1642 3045 1743 3100 ubi

87 3135 478 3192 correctionis
504 3136 669 3191 locus
691 3151 811 3190 non
843 3134 951 3191 erit
970 3151 981 3188 :
1002 3137 1281 3206 quoniam
1306 3136 1459 3190 Deus
1505 3135 1614 3190 tua:
1640 3139 1742 3202 est,

88 3235 139 3282 et
171 3227 432 3282 tenebrae
460 3226 523 3281 in
568 3241 632 3281 eo
675 3240 794 3281 non
826 3232 963 3280 sunt
990 3225 1129 3280 ulla
1166 3224 1209 3295 (Ι
1240 3225 1415 3280 Joan.
1446 3240 1485 3291 ι,
1522 3225 1608 3293 5);
1643 3222 1745 3278 sed

86 3315 186 3371 lux
218 3314 441 3379 cordis,
476 3329 595 3369 non
629 3315 874 3369 istorum
912 3314 1012 3385 qui
1049 3313 1111 3367 in
1154 3328 1331 3367 carne
1364 3318 1502 3367 sunt
1549 3311 1749 3366 oculo-

89 3420 254 3469 rum;
282 3418 393 3457 nec
432 3404 680 3457 omnino
707 3402 858 3467 talis,
892 3401 1085 3473 qualis
1111 3401 1288 3473 hujus
1324 3400 1474 3455 lucis
1505 3399 1748 3454 visibilis

92 3492 414 3564 phantasia
456 3491 778 3559 cogitatur;
811 3506 1164 3563 quanquam
1198 3496 1253 3544 et
1280 3490 1359 3544 ibi
1399 3496 1487 3544 est
1524 3488 1745 3553 videre,

90 3582 190 3636 sed
205 3582 385 3650 longe
408 3580 593 3644 aliter,
622 3580 798 3648 longe
821 3579 1198 3635 dissimiliter.
1243 3578 1444 3644 Qualis
1466 3578 1626 3633 enim
1649 3578 1751 3634 lux

92 3675 177 3723 est
197 3669 334 3739 ipsa
356 3668 636 3731 charitas,
666 3669 801 3740 quis
828 3668 1022 3722 verbis
1055 3667 1346 3738 explicet?
1376 3667 1511 3738 quis
1542 3682 1748 3721 earum

90 3772 290 3812 rerum
317 3773 457 3828 qua;
486 3757 761 3811 sensibus
788 3757 983 3811 carnis
1014 3756 1312 3828 adjacent,
1335 3756 1452 3810 ullo
1474 3758 1752 3810 demons-

91 3851 196 3900 tret
224 3845 548 3918 exemplo?
574 3848 660 3900 An
694 3845 841 3901 forte
873 3845 969 3899 lux
1003 3860 1119 3899 non
1152 3850 1240 3899 est
1269 3844 1569 3898 charitas?
1600 3841 1753 3897 Audi

90 3934 438 4005 apostolum
462 3936 785 3989 Joannem:
814 3933 940 4005 ipse
966 3933 1190 4004 quippe
1212 3933 1359 3988 dixit
1382 3932 1544 4005 quod
1572 3931 1754 3986 modo

92 4022 587 4079 commemoravi.
628 4023 912 4090 Quoniam
951 4024 1097 4077 Deus
1136 4023 1245 4078 tua:
1282 4029 1387 4087 est,
1416 4027 1469 4077 et
1502 4021 1755 4076 tenebrae

92 4128 196 4167 non
231 4118 375 4167 sunt
414 4112 474 4166 in
494 4127 558 4168 eo
582 4111 751 4176 ullas;
776 4112 819 4184 (Ι
846 4112 1019 4166 Joan.
1053 4127 1089 4174 ι,
1110 4112 1165 4174 5)
1195 4111 1296 4182 qui
1319 4126 1553 4164 rursum
1588 4108 1750 4177 dicit,

95 4202 244 4257 Deus
276 4201 541 4257 charitas
571 4206 653 4256 est
676 4202 792 4259 (Id.
814 4217 885 4263 IV,
915 4202 991 4272 8).
1024 4201 1103 4254 Ac
1131 4215 1236 4270 per
1262 4199 1375 4254 hoc
1406 4200 1451 4252 si
1486 4198 1753 4253 Deuslux

92 4298 199 4355 est,
232 4296 290 4346 et
322 4291 480 4346 Deus
512 4289 768 4345 charitas
800 4297 908 4353 est,
938 4289 1205 4361 profecto
1226 4288 1484 4343 charitas
1514 4288 1757 4359 luxipsa

92 4387 201 4443 est,
226 4396 368 4451 quas
398 4378 753 4434 diffunditur
780 4380 835 4433 in
865 4378 1148 4433 cordibus
1194 4379 1414 4433 nostris
1447 4393 1546 4448 per
1577 4377 1758 4448 Spiri-

95 4474 218 4522 tum
255 4472 533 4522 sanctum
553 4467 655 4538 qui
688 4466 864 4521 datus
890 4471 979 4521 est
999 4465 1386 4532 nobis(Rom.
1421 4483 1473 4530 v,
1512 4466 1585 4535 5).
1619 4470 1756 4518 Item

93 4557 234 4612 dicit
268 4572 280 4610 :
320 4555 436 4622 Qui
458 4556 584 4611 odit
611 4556 833 4625 fratem
858 4571 1052 4613 suum.
1082 4556 1143 4610 in
1184 4555 1439 4610 tenebris
1466 4561 1548 4611 est
1576 4568 1761 4625 usque

94 4647 293 4702 adhuc
326 4645 370 4714 (l
398 4646 574 4701 Joan.
600 4661 658 4711 ιι,
692 4646 803 4710 it).
846 4648 974 4698 Ista;
1016 4648 1155 4699 sunt
1190 4644 1471 4706 tenebras,
1508 4642 1563 4696 in
1606 4658 1759 4714 quas

95 4734 378 4789 diabolus
430 4738 485 4787 et
519 4734 692 4803 angel
719 4733 848 4801 ejus
892 4732 1142 4786 multum
1188 4731 1591 4801 superbiendo
1628 4747 1761 4801 pro-

98 4822 293 4895 gressi
334 4827 492 4877 sunt.
541 4822 811 4878 Charitas
834 4821 993 4876 enim
1020 4836 1137 4876 non
1165 4821 1503 4888 aemulatur,
1531 4835 1650 4875 non
1678 4820 1761 4873 in-

101 4912 280 4967 ﬂatur
318 4912 364 4982 (I
407 4911 539 4967 Cor.
593 4927 712 4975 xm,
759 4911 834 4980 4).
882 4910 1023 4965 Ideo
1067 4926 1186 4964 non
1227 4910 1563 4978 aemulatur,
1620 4910 1763 4980 quia

100 5018 222 5055 non
262 5000 506 5055 inﬂatur
535 5017 549 5055 :
595 4999 695 5055 ubi
725 5000 882 5054 enim
912 4998 1191 5070 prmcedit
1213 4998 1459 5067 inﬂatio,
1482 4999 1762 5053 continuo

100 5091 370 5162 sequitur
387 5089 724 5158 mmulatio;
749 5089 1037 5161 quoniam
1059 5086 1341 5159 superbia
1364 5093 1551 5142 mater
1573 5093 1661 5142 est
1680 5087 1765 5142 in-

101 5180 403 5234 vii-lentiae.

171 5271 261 5323 55.
299 5266 580 5323 Diabolus
606 5266 783 5336 igitur
811 5271 866 5320 et
897 5265 1092 5333 angeli
1123 5265 1251 5335 ejus
1302 5281 1337 5319 a
1396 5265 1523 5320 luce
1586 5269 1767 5337 atque

102 5357 335 5413 fervore
375 5354 679 5410 charitatis
709 5354 918 5419 aversi,
973 5357 1027 5408 et
1082 5354 1257 5408 nimis
1312 5354 1368 5408 in
1424 5354 1767 5425 superbiam

104 5445 516 5516 invidiamque
548 5443 865 5515 progressi,
896 5442 1055 5497 velut
1100 5441 1335 5512 glaciali
1392 5442 1609 5498 duritia
1658 5448 1773 5497 tor-

171 5609 186 5639 ¹
221 5604 377 5663 Edd.,
414 5619 472 5653 ac
496 5603 759 5663 superbia.
788 5602 915 5651 Mss.
949 5602 1116 5651 Vatic.
1149 5605 1200 5649 et
1239 5613 1266 5648 e
1296 5602 1493 5649 nostris
1524 5600 1651 5660 duo,
1682 5601 1775 5650 hac

114 5668 384 5731 superbia.
416 5667 514 5716 Alii
547 5664 734 5720 Gallic.
772 5666 971 5731 plures,
994 5665 1086 5713 hac
1113 5664 1338 5731 superbi.

1314 165 1819 223 EPISTOLARUM
1858 166 2144 225 CLASSIS
2185 172 2285 230 III.

3416 176 3523 234 562

1855 297 2132 365 puerunt.
2168 298 2234 352 Et
2262 295 2397 353 ideo
2424 312 2530 368 per
2553 297 2807 368 ﬁguram
2836 304 3125 372 tanquam
3152 300 3212 357 in
3240 301 3520 375 aquilone

1856 387 2199 452 ponuntur:
2233 384 2392 439 unde
2419 401 2544 440 cum
2586 387 2781 458 generi
2809 387 3079 444 humano
3110 390 3389 445 diabolus
3438 392 3520 446 in-

1856 470 2124 536 cubaret,
2149 478 2399 527 ventura
2419 476 2604 545 gratia
2626 475 2945 532 Salvatoris
2970 478 3183 533 dicitur
3202 480 3255 533 in
3279 480 3518 536 Cantico

1857 559 2247 623 canticorum,
2281 563 2573 633 Exsurge,
2606 566 2887 635 aquilo,et
2910 566 3055 631 veni,
3086 572 3302 632 auster,
3324 570 3516 637 perﬂa

1857 647 2096 703 hortum
2143 666 2354 715 meum,
2404 660 2453 708 et
2500 654 2686 720 ﬂuent
2730 661 3001 711 aromata
3041 655 3232 726 (Cant.
3266 673 3343 723 iv,
3407 659 3518 727 16).

1856 738 2142 806 Exsurge,
2183 740 2284 812 qui
2326 740 2569 805 irruisti,
2610 743 2710 813 qui
2754 743 3011 797 subditis
3050 744 3368 812 incumbis,
3412 747 3513 818 qui

1854 842 2171 896 possessos
2197 828 2457 898 premis:
2493 845 2766 899 exsurge,
2796 835 2859 885 ut
2890 847 2925 886 a
2964 836 3063 887 tuo
3121 833 3383 903 pondere
3432 849 3518 888 re-

1849 915 2025 971 levati
2056 916 2379 985 erigantur,
2412 934 2668 989 quorum
2713 918 2948 974 animas
3000 922 3330 991 premendo
3382 938 3514 977 cur-

1852 1006 2017 1060 vasti.
2049 1006 2125 1061 Et
2167 1006 2317 1070 veni,
2360 1013 2583 1075 auster,
2617 1009 2851 1080 inquit;
2892 1010 3162 1081 spiritum
3232 1011 3516 1066 invocans

1851 1094 2077 1164 gratiae,
2110 1092 2353 1150 ﬂantem
2387 1096 2460 1150 de
2486 1097 2730 1152 meridie
2756 1098 2914 1152 velut
2944 1115 2978 1154 a
3011 1104 3178 1171 parte
3196 1098 3422 1155 fervida
3462 1104 3518 1155 et

1850 1181 2171 1251 luminosa,
2198 1188 2263 1238 ut
2282 1185 2470 1239 ﬂuant
2493 1191 2784 1241 aromata.
2812 1186 2977 1242 Unde
2996 1188 3316 1258 Apostolus
3333 1188 3510 1245 dicit:

1854 1271 2076 1327 Christi
2107 1272 2288 1327 bonus
2322 1273 2469 1328 odor
2506 1290 2708 1329 sumus
2738 1276 2800 1331 in
2833 1276 2989 1331 omni
3021 1278 3146 1333 loco
3179 1276 3245 1348 (ll
3278 1278 3416 1333 Cor.
3452 1294 3510 1342 ιι,

1857 1360 1962 1430 15).
1986 1360 2125 1414 Hinc
2140 1362 2319 1415 etiam
2338 1361 2626 1417 diciturin
2639 1364 2907 1435 quodam
2926 1364 3179 1435 psalmo,
3207 1366 3510 1436 Converte,

1852 1448 2099 1503 Domine
2128 1449 2534 1517 captivitatem
2591 1459 2876 1515 nostram.
2934 1454 3085 1508 sicut
3154 1461 3385 1511 torrens
3453 1457 3513 1511 in

1851 1544 2056 1593 austro
2088 1538 2275 1609 (Psal.
2328 1555 2496 1607 cxxv,
2538 1540 2630 1603 4):
2674 1541 3075 1612 captivitatem
3112 1544 3350 1606 scilicet,
3391 1560 3517 1616 qua

1850 1627 1963 1681 sub
2002 1627 2244 1683 diabolo
2281 1633 2571 1701 tanquam
2629 1630 2745 1685 sub
2799 1631 3081 1702 aquilone
3138 1634 3513 1701 tenebantur,

1852 1715 1953 1769 ubi
1985 1716 2334 1772 abundante
2366 1718 2679 1789 iniquitate
2712 1719 3059 1788 friguerant,
3123 1727 3179 1776 et
3243 1721 3514 1793 quodam

1850 1803 2036 1857 modo
2066 1804 2548 1874 congelaverant.
2582 1808 2722 1861 Hinc
2749 1808 2904 1861 enim
2935 1812 2990 1862 et
3018 1809 3402 1879 Evangelium
3430 1808 3518 1863 di-

1851 1893 1964 1946 cit:
1994 1892 2281 1957 Quoniam
2306 1894 2633 1950 abundabit
2674 1896 2957 1967 iniquitas
2997 1896 3338 1967 refrigescet
3380 1898 3517 1953 cha-

1850 1981 2000 2036 ritas
2030 1982 2350 2036 muttorum
2388 1983 2628 2049 (Matth.
2658 2001 2821 2049 xxiv,
2868 1984 2972 2056 12).
3010 1987 3079 2040 At
3147 2001 3283 2041 vero
3336 1986 3515 2041 ﬂante

1851 2074 2076 2130 austro,
2105 2070 2320 2140 glacies
2351 2071 2689 2134 resolvitur,
2719 2076 2774 2127 et
2838 2078 3122 2128 torrentes
3178 2072 3393 2141 ﬂuunt,
3452 2075 3513 2130 id

1850 2164 1936 2213 est
1959 2159 2215 2228 peccatis
2243 2160 2527 2225 remissis,
2558 2161 2762 2231 populi
2796 2160 2871 2215 ad
2900 2160 3200 2216 Christum
3228 2162 3515 2219 charitate

1848 2253 2228 2304 concurrunt.
2264 2248 2406 2303 Hinc
2438 2254 2493 2302 et
2523 2248 2661 2303 alibi
2697 2251 2982 2319 scriptum
3014 2256 3141 2306 est:
3185 2252 3355 2307 Sicut
3380 2254 3515 2322 gla-

1852 2335 1964 2392 cies
1993 2335 2057 2389 in
2076 2338 2393 2405 sereno,ita
2405 2338 2705 2393 solventur
2715 2346 2959 2406 peccata
2975 2345 3075 2394 tua
3098 2339 3391 2411 (Eccli.m,
3408 2346 3510 2410 t7).

1922 2425 2146 2480 CAPUT
2172 2426 2360 2479 XXIII.
2387 2457 2452 2467 —
2484 2430 2574 2481 56.
2610 2426 2859 2481 Proinde
2891 2427 3194 2483 rationalis
3222 2437 3511 2497 creatura,

1853 2512 1975 2567 sive
2004 2513 2062 2567 in
2104 2514 2378 2582 angelico
2424 2514 2655 2583 spiritu,
2701 2515 2821 2570 sive
2879 2518 2934 2572 in
2979 2518 3184 2573 anima
3224 2518 3512 2585 humana,

1852 2601 1931 2657 ita
1952 2601 2106 2657 facta
2126 2607 2232 2667 est,
2260 2609 2320 2657 ut
2341 2602 2454 2657 sibi
2482 2604 2614 2673 ipsa
2636 2604 2865 2659 bonum
2887 2620 3009 2676 quo
3032 2604 3209 2661 beata
3234 2605 3355 2669 ﬁat,
3382 2623 3514 2662 esse

1850 2705 1972 2746 non
2004 2692 2220 2762 possit;
2254 2692 2358 2747 sed
2389 2692 2761 2748 mutabilitas
2794 2694 2924 2762 ejus
2953 2694 2998 2748 si
3030 2700 3410 2751 convertatur
3440 2695 3515 2751 ad

1851 2778 2344 2835 incommutabile
2376 2780 2625 2845 bonum,
2669 2782 2772 2837 ﬁat
2809 2781 3019 2838 beata:
3067 2783 3223 2838 unde
3263 2783 3310 2838 si
3349 2800 3519 2840 aver-

1850 2872 2026 2932 tatur,
2062 2869 2279 2923 misera
2308 2874 2413 2923 est.
2448 2868 2694 2924 Aversio
2725 2870 2855 2939 ejus
2878 2870 3083 2926 vitium
3113 2872 3266 2940 ejus,
3297 2878 3352 2927 et
3374 2888 3521 2927 con-

1857 2956 2043 3013 versio
2059 2957 2187 3027 ejus
2210 2957 2390 3012 virtus
2406 2957 2535 3027 ejus
2550 2962 2655 3013 est.
2679 2961 2895 3013 Natura
2912 2974 3055 3025 ergo
3079 2974 3197 3014 non
3221 2966 3311 3015 est
3335 2961 3514 3027 mala,

1852 3045 1995 3117 quia
2024 3050 2295 3101 creatura
2347 3046 2588 3116 spiritus
2642 3046 2810 3101 vita1
2856 3052 2946 3102 est
3004 3048 3334 3113 rationalis,
3380 3065 3517 3121 quae

1854 3133 2032 3189 etiam
2053 3134 2278 3205 privata
2297 3133 2457 3188 bono
2475 3134 2645 3204 cujus
2658 3135 3115 3207 participatione
3129 3136 3517 3199 beatiﬁcatur,

1855 3222 1913 3278 id
1946 3228 2051 3287 est,
2084 3222 2261 3277 etiam
2294 3222 2526 3291 vitiosa,
2562 3224 2769 3279 melior
2799 3231 2885 3279 est
2935 3240 3007 3280 eo
3049 3241 3296 3299 corpore
3351 3226 3518 3298 quod

1857 3327 2166 3367 summum
2198 3315 2284 3367 est
2328 3312 2387 3366 in
2438 3312 2813 3382 corporibus,
2847 3313 2907 3368 id
2935 3320 3043 3380 est,
3074 3315 3185 3371 hac
3214 3315 3345 3371 luce
3383 3331 3519 3387 quas

1858 3400 2107 3455 sentitur
2128 3399 2313 3455 oculis
2333 3400 2547 3466 carnis,
2571 3402 2713 3473 quia
2736 3407 2792 3457 et
2811 3402 2940 3474 ipsa
2962 3409 3049 3458 est
3068 3419 3286 3475 corpus
3313 3423 3325 3460 :
3353 3403 3520 3461 omni

1857 3495 2060 3545 autem
2101 3504 2349 3560 corpore
2388 3490 2669 3561 quaelibet
2699 3491 3055 3563 incorporea
3089 3497 3305 3549 natura
3345 3511 3523 3565 prses-

1858 3579 2077 3634 tantior
2102 3583 2191 3633 est
2219 3598 2233 3634 z
2260 3594 2381 3633 non
2416 3578 2586 3639 mole.
2623 3580 2768 3651 quia
2810 3581 3047 3635 nonnisi
3075 3598 3396 3653 corporum
3433 3588 3523 3641 est

1862 3666 2061 3730 moles,
2090 3664 2195 3719 sed
2228 3666 2285 3719 vi
2322 3666 2587 3736 quadam
2616 3683 2739 3738 qua
2780 3670 3227 3739 supergreditur
3277 3687 3523 3727 omnem

1860 3754 2263 3825 phantasiam,
2284 3770 2468 3825 quam
2489 3755 2713 3810 volutat
2732 3757 2974 3813 animus
2997 3758 3271 3814 haustam
3297 3761 3369 3814 de
3393 3776 3526 3815 sen-

1864 3844 2030 3899 sibus
2056 3842 2476 3913 corporis.Sed
2493 3844 3015 3914 quemadmodum
3043 3846 3103 3901 in
3135 3846 3281 3918 ipsis
3311 3864 3525 3919 corpo-

1862 3932 2029 3987 ribus
2064 3947 2132 3986 ea
2163 3947 2289 4001 quas
2329 3930 2609 3986 inferiora
2640 3938 2800 3997 sunt,
2825 3934 2977 3989 sicut
3010 3939 3162 3991 terra
3196 3940 3254 3990 et
3277 3951 3436 4008 aqua
3463 3940 3521 3991 et

1863 4021 1994 4092 ipse
2036 4036 2154 4084 aer,
2191 4018 2437 4074 meliora
2470 4019 2617 4076 ﬁuut
2654 4022 3106 4093 participatione
3148 4023 3429 4089 melioris,
3459 4023 3519 4080 id

1865 4114 1972 4174 est,
1998 4125 2133 4163 cum
2157 4107 2288 4163 luce
2318 4107 2750 4176 illuminantur,
2784 4116 2838 4166 et
2868 4112 3096 4167 fervore
3123 4119 3473 4183 vegetantur
3504 4130 3517 4170 :

1866 4199 2329 4269 sicincorporeaa
2351 4204 2638 4254 creaturas
2662 4200 2984 4257 rationales
3014 4201 3201 4272 ipsius
3228 4203 3520 4258 Creatoris

1867 4288 2016 4343 ﬁunt
2044 4287 2496 4358 participatione
2528 4288 2821 4357 meliores,
2846 4306 2985 4345 cum
3012 4291 3063 4345 ei
3090 4291 3389 4347 cohaerent
3417 4308 3522 4363 pu-

1867 4378 2105 4432 rissima
2132 4382 2187 4431 et
2212 4377 2592 4432 sanctissima
2613 4378 2925 4443 charitate;
2950 4396 3071 4451 qua
3097 4381 3447 4435 omnimodo
3471 4379 3521 4434 si

1868 4466 2185 4529 caruerint,
2218 4464 2657 4530 tenebrescunt,
2692 4472 2747 4521 et
2782 4466 3191 4522 obdurescunt
3218 4468 3522 4537 Squodam-

1871 4557 2072 4611 modo.

1942 4648 2027 4699 57.
2064 4642 2281 4698 Poinde
2322 4641 2591 4697 infideles
2630 4642 2904 4699 homines
2938 4644 3190 4699 tenebrae
3216 4648 3385 4710 sunt;
3415 4646 3521 4716 qui

1871 4748 1975 4804 per
1994 4732 2175 4787 ﬁdem
2206 4730 2477 4786 conversi
2502 4731 2579 4786 ad
2598 4730 2807 4796 Deum,
2835 4732 3104 4804 quadam
3129 4733 3523 4804 praemissail-

1870 4820 2263 4880 luminatione
2276 4819 2375 4875 lux
2391 4819 2630 4875 fiunt.ln
2650 4838 2771 4892 qua
2786 4822 3153 4893 proﬁciendo
3169 4823 3214 4877 si
3229 4839 3300 4878 ex
3314 4822 3430 4878 ﬁde
3444 4823 3522 4879 ad

1872 4913 2116 4985 speciem
2141 4910 2532 4981 pervenerint,
2563 4911 2692 4965 utid
2714 4914 2877 4982 quod
2912 4913 3159 4968 credunt
3191 4912 3363 4966 etiam
3378 4928 3523 4966 con-

1873 5002 2117 5073 spicere,
2147 5000 2299 5054 sicut
2324 5005 2553 5055 tantum
2585 4999 2811 5055 bonum
2847 5007 3039 5073 potest
3074 4999 3364 5071 conspici,
3401 5014 3518 5053 me-

1872 5094 2133 5155 reantur,
2160 5087 2484 5161 perfectam
2507 5089 2792 5160 recipient
2813 5091 3135 5159 imaginem
3155 5091 3281 5153 Dei;
3306 5087 3522 5142 talibus

1875 5181 2033 5238 enim
2083 5179 2223 5234 dicit
2260 5177 2600 5247 Apostolus,
2648 5179 2864 5234 Fuistis
2894 5178 3203 5248 aliquando
3244 5175 3521 5246 tenebrz;

1874 5292 2035 5332 nunc
2066 5281 2259 5330 autem
2294 5274 2402 5328 tua:
2430 5270 2492 5325 in
2528 5270 2774 5325 Domino
2803 5267 2979 5338 (Eph.
3012 5283 3062 5331 v,
3097 5268 3171 5335 8).
3204 5264 3385 5319 Porro
3399 5264 3523 5320 dia-

1879 5366 2047 5420 bolus
2077 5368 2134 5419 et
2159 5362 2352 5432 angeli
2370 5361 2521 5432 ejus,
2541 5359 2795 5414 tenebrae
2820 5354 3311 5410 suntinﬁdelibus
3333 5353 3521 5408 homi-

1881 5455 2057 5510 nibus
2099 5450 2416 5508 exteriores
2464 5454 2483 5485 ³
2534 5465 2545 5502 ;
2598 5447 2732 5518 plus
2773 5446 2929 5500 enim
2975 5444 3053 5499 ab
3099 5442 3198 5499 illa
3237 5442 3522 5497 charitate

1942 5603 1956 5632 ι
1988 5598 2067 5647 Ita
2088 5598 2209 5646 Mss.
2230 5594 2483 5644 Atexcusi
2503 5592 2721 5646 habent,
2735 5590 2952 5650 spiritus
2967 5590 3085 5638 vita:
3103 5590 3172 5637 est
3192 5588 3485 5637 rationalis.

1944 5663 1961 5692 ¹
2002 5660 2153 5716 Edd.,
2190 5658 2479 5721 infidelibus
2522 5654 2812 5704 hominibus
2856 5652 3144 5701 deteriores.
3181 5653 3248 5701 At
3289 5651 3523 5701 melioris
