4074 6164
595 122 700 176 563

597 246 810 311 aversi,
840 250 894 303 et
932 246 991 302 in
1020 260 1198 300 suum
1229 245 1448 302 fastum
1472 247 2066 321 obstinationemque
2102 264 2243 321 pro-

598 336 789 407 gressi
814 341 968 391 sunt.
1005 338 1067 389 Et
1096 335 1385 405 quoniam
1417 342 1682 393 extremo
1718 338 1946 409 judicio
1983 338 2245 393 Christus

598 424 861 478 dicturus
888 429 973 476 est
1003 423 1087 476 eis
1117 438 1271 493 quos
1302 424 1377 478 ad
1402 425 1699 482 sinistram
1734 428 2048 489 discernet,
2077 428 2161 481 [te
2183 429 2245 481 in

596 513 786 581 ignem
808 518 1111 575 wternum,
1141 511 1245 582 qui
1274 521 1525 579 paratus
1556 522 1635 570 est
1660 516 1899 571 diabolo
1931 522 1981 571 et
2016 514 2246 584 angelis

595 600 1241 673 ejus(Matt/i.xxv,4t);
1264 602 1352 656 bis
1372 605 1649 671 malignis
1672 605 1978 675 spiritibus
2001 604 2248 673 conjun-

598 689 846 759 gendos,
874 689 1167 761 simulque
1190 691 1592 757 damnandos,
1621 694 1761 748 dicit
1798 696 1982 749 ituros
2009 694 2066 747 in
2094 700 2248 747 tene-

594 780 734 834 bras
762 780 1101 845 exteriores,
1140 780 1199 834 id
1222 787 1307 834 est
1340 781 1397 835 in
1430 782 1772 838 societatem
1804 782 2097 854 poenalem
2126 782 2249 836 dia-

598 868 717 923 boli
743 874 798 922 et
830 868 1181 935 angelorum
1216 869 1364 939 ejus.
1394 871 1533 924 Huic
1557 888 1743 941 paena:
1778 872 2138 926 contrarium
2162 875 2250 925 est

595 957 758 1027 quod
776 958 934 1012 bono
957 974 1123 1012 servo
1155 958 1385 1012 dicitur.
1416 960 1585 1015 Intra
1614 960 1675 1015 in
1704 961 1991 1030 gaudium
2024 959 2251 1015 domini

598 1048 687 1101 tui
714 1046 891 1116 (Ibid.
926 1049 1048 1113 27);
1085 1054 1145 1100 ut
1186 1054 1405 1111 quanto
1447 1055 1585 1103 sunt
1626 1050 1751 1104 ista:
1798 1050 2052 1104 tenebrm
2093 1056 2250 1103 exte-

596 1135 802 1198 riores,
835 1142 993 1190 tanto
1027 1136 1096 1189 sit
1130 1135 1330 1190 lumen
1366 1136 1507 1191 illud
1538 1138 1803 1191 interius.
1831 1141 1955 1193 Non
1988 1138 2116 1192 haec
2150 1153 2250 1208 per

598 1224 866 1279 locorum
900 1224 1209 1279 intervalla
1243 1226 1404 1279 inani
1438 1225 1859 1296 phantasmate
1891 1228 2253 1296 congitanda

601 1319 739 1367 sunt
783 1330 794 1367 :
830 1312 1042 1369 localia
1074 1313 1267 1383 spatia
1304 1329 1423 1369 non
1457 1322 1750 1386 occupant
1790 1316 1903 1370 nisi
1937 1331 2250 1386 corporum

602 1402 807 1456 moles.
825 1406 948 1458 Non
972 1409 1057 1457 est
1080 1404 1191 1457 hoc
1224 1403 1467 1473 spiritus
1488 1404 1641 1470 vitae,
1660 1420 1779 1459 non
1804 1411 1887 1460 est
1908 1406 2018 1459 hoc
2049 1405 2252 1459 anima

600 1491 924 1553 rationalis,
959 1492 1144 1547 multo
1176 1492 1363 1546 minus
1398 1492 1550 1547 Deus
1591 1496 1862 1548 omnium
1906 1493 2253 1564 benignissi-

602 1597 736 1633 mus
765 1580 1053 1647 conditor,
1088 1586 1143 1635 et
1168 1582 1536 1649 jiistissimiis
1568 1582 1893 1637 ordinator.
1930 1582 2255 1637 Voluntati-

599 1668 714 1724 bus
735 1675 788 1723 et
806 1668 1245 1724 at’fectibnststa
1269 1670 1353 1724 vel
1375 1671 1779 1742 propinquare
1802 1671 2083 1742 vellonge
2108 1672 2253 1737 ﬁeri,

601 1758 691 1812 vel
716 1758 933 1812 intrare
964 1758 1050 1812 vel
1084 1760 1240 1813 exire
1265 1758 1565 1815 dicuntur.

674 1851 761 1903 58.
793 1847 903 1902 Sed
933 1848 1075 1918 quia
1109 1847 1264 1903 malo
1295 1864 1491 1919 opere,
1522 1847 1579 1903 id
1611 1853 1698 1904 est
1728 1849 2044 1904 tenebrOso
2064 1849 2258 1904 delec-

603 1941 802 1990 tantur
833 1936 1136 2000 facientes,
1165 1943 1442 1992 secutura
1468 1943 1767 1992 estautem
1786 1954 1963 2007 paena
1990 1955 2117 2009 quae
2141 1944 2257 1993 tor-

604 2030 804 2095 queat,
830 2025 964 2079 ideo
999 2026 1285 2080 Dominus
1317 2026 1413 2079 ubi
1439 2027 1605 2090 dixit,
1632 2027 1901 2082 tenebras
1914 2028 2253 2094 exterories,

602 2113 829 2167 addidit
854 2115 1043 2182 etiam,
1074 2114 1162 2167 Ibi
1184 2114 1291 2169 erit
1315 2115 1490 2183 ﬂetus
1526 2122 1577 2170 et
1608 2116 1833 2171 stridor
1852 2116 2112 2171 dentium
2147 2132 2258 2170 :ne

604 2202 820 2257 talibus
868 2202 1381 2267 delectationibus,
1433 2204 1713 2274 qualibus
1762 2205 1857 2260 hic
1896 2205 2082 2276 iniqui
2131 2221 2258 2276 per-

604 2291 898 2354 fruuntur,
931 2292 1179 2363 quando
1213 2292 1559 2347 infidelitate
1578 2300 1755 2364 atque
1784 2294 2074 2362 injustitia
2108 2300 2261 2349 tene-

602 2380 901 2443 brescunt,
934 2382 1109 2435 etiam
1139 2382 1196 2434 in
1222 2381 1318 2435 illo
1354 2382 1647 2451 supplicio
1677 2399 1737 2435 se
1770 2398 1981 2438 usuros
2006 2383 2261 2438 demen-

605 2474 689 2522 ter
720 2468 1085 2532 existiment;
1110 2469 1248 2538 quia
1287 2470 1444 2522 enim
1474 2469 1734 2523 volentes
1762 2471 1976 2539 injuste
2009 2478 2254 2526 utuntur

606 2557 967 2626 bonis,juste
987 2557 1251 2611 nolentes
1269 2558 1696 2613 eruciabuutur
1719 2560 1914 2613 malis.
1935 2559 2099 2614 Unde
2120 2576 2255 2631 pes-

603 2652 739 2699 sunt
764 2646 939 2699 etiam
970 2646 1223 2701 tenebras
1252 2649 1571 2701 exteriores
1610 2648 1857 2718 intelligi
1890 2665 2079 2720 poenas
2124 2666 2256 2705 cor-

605 2732 866 2804 porales;
891 2749 1106 2804 corpus
1136 2735 1360 2806 quippe
1397 2743 1483 2790 est
1505 2737 1721 2791 animae
1753 2739 2039 2792 exterius:
2064 2739 2256 2793 utsint

600 2822 816 2877 animas
841 2824 1018 2888 mala,
1054 2824 1277 2894 quibus
1297 2842 1331 2878 ει
1354 2824 1656 2880 charitatis
1688 2826 1815 2881 luce
1847 2843 2059 2882 aversa
2083 2844 2251 2883 mens

598 2910 655 2965 in
703 2912 963 2982 peccatis
1012 2912 1364 2978 oblectatur,
1397 2919 1611 2969 exterae
1654 2916 1941 2982 tenebras;
1985 2917 2253 2988 corporis

596 3005 795 3055 autem
830 3000 1013 3065 mala,
1037 3001 1258 3071 quibus
1288 3002 1522 3056 aeternis
1551 3004 1608 3057 in
1639 3002 1817 3059 ﬁnem
1861 3007 2249 3077 torquebitur,

597 3089 913 3144 exteriores
949 3090 1240 3155 tenebras;
1275 3107 1425 3162 quas
1458 3092 1617 3147 solas
1669 3094 1873 3149 timent
1909 3095 2011 3165 qui
2053 3096 2249 3151 servili

598 3176 796 3231 adhuc
832 3178 1039 3233 timore
1075 3178 1433 3233 detinentur.
1458 3182 1603 3235 Nam
1630 3181 1677 3234 si
1711 3182 1792 3236 eis
1820 3182 2017 3238 liceret
2050 3184 2105 3237 in
2138 3184 2249 3238 illis

596 3267 810 3321 exteris
840 3282 976 3335 quas
1010 3273 1147 3320 sunt
1179 3272 1233 3319 in
1262 3269 1535 3338 peccatis,
1564 3270 1808 3338 impune
1842 3288 2077 3342 semper
2098 3273 2249 3327 volvi

598 3360 654 3408 et
692 3353 936 3418 involvi,
970 3354 1233 3423 profecto
1264 3372 1577 3427 nunquam
1620 3358 1829 3411 vellent
1862 3360 2144 3415 accedere
2175 3361 2249 3415 ad

600 3443 804 3504 Deum,
826 3446 883 3497 et
905 3442 1249 3506 illuminari,
1269 3449 1324 3497 et
1347 3447 1631 3499 inbaarere
1657 3446 1733 3500 illi
1762 3464 1864 3518 per
1883 3448 2245 3514 cbaritatem,

599 3530 695 3583 ubi
740 3536 827 3584 est
867 3531 1045 3584 timor
1084 3537 1307 3594 cactus,
1340 3550 1691 3603 permanens
1731 3535 1788 3589 in
1831 3538 2115 3593 smcnlum
2151 3556 2251 3593 sa:-

600 3618 745 3682 culi;
771 3619 873 3689 qui
909 3619 1083 3674 timor
1120 3636 1239 3675 non
1293 3622 1536 3689 cruciat,
1576 3623 1678 3677 scd
1722 3625 2083 3681 tenaciorem
2120 3626 2254 3681 facit

598 3708 851 3762 animam
879 3710 1017 3762 boni
1047 3709 1223 3769 illius.
1252 3710 1409 3779 quod
1443 3712 1490 3765 si
1514 3711 1821 3778 dimiserit,
1846 3715 2035 3769 cadet.

669 3794 897 3853 CAPUT
913 3798 1254 3854 XXIV.—59.
1272 3800 1497 3855 Timeat
1511 3816 1639 3856 eum
1654 3817 1825 3857 omne
1836 3817 2027 3858 semen
2042 3804 2249 3859 Israel.

598 3887 659 3939 Et
691 3886 824 3941 vide
838 3903 1273 3957 causamquam
1292 3890 1628 3959 conjungit:
1652 3891 1939 3957 Quoniam
1956 3909 2073 3947 non
2095 3908 2255 3960 spre-

597 3976 703 4038 vit,
736 3974 945 4045 inquit,
983 3992 1169 4046 neque
1204 3977 1469 4046 despexit
1509 3994 1738 4047 precem
1772 3982 2075 4048 pauperis,
2113 3985 2254 4035 Pau-

598 4078 820 4132 perem,
844 4063 1129 4117 humilem
1155 4064 1327 4119 dicit:
1359 4066 1497 4120 hinc
1518 4073 1625 4131 est,
1645 4069 1788 4123 Noli
1816 4069 2000 4124 altum
2023 4086 2251 4138 sapere.

598 4150 699 4205 sed
724 4150 878 4205 time.
904 4152 1128 4206 Timeat
1143 4167 1284 4220 ergo
1303 4169 1440 4208 eum
1467 4171 1636 4209 omne
1657 4172 1858 4211 semen
1885 4157 2087 4223 Israel,
2108 4175 2253 4230 quo-

599 4240 760 4293 niam
787 4255 905 4294 non
938 4240 1206 4310 despexit
1237 4243 1363 4311 ejus
1398 4259 1632 4313 precem
1663 4246 1766 4316 qui
1801 4262 1919 4300 non
1951 4247 2139 4301 altum
2159 4266 2252 4304 sa-

597 4328 744 4399 puit,
776 4329 879 4383 sed
910 4330 1125 4383 timuit.
1152 4330 1345 4385 Potest
1366 4338 1422 4386 et
1450 4332 1562 4387 hoc
1586 4334 1761 4404 capiti
1786 4337 2050 4405 coaptari
2074 4353 2086 4401 ;
2111 4337 2254 4409 quia

598 4418 724 4488 ipse
764 4418 1032 4474 Salvator
1067 4421 1336 4489 corporis
1379 4428 1620 4493 propter
1652 4439 1762 4477 nos
1804 4440 2033 4495 pauper
2068 4425 2256 4479 factus

599 4512 704 4571 est,
738 4523 871 4563 cum
907 4509 1074 4563 dives
1117 4514 1288 4573 esset,
1325 4512 1530 4581 utejus
1554 4518 1903 4583 paupertate
1927 4514 2258 4571 ditaremur

600 4595 669 4665 (ll
698 4596 828 4652 Cor.
858 4600 978 4663 vui,
1004 4598 1079 4669 9).
1118 4601 1193 4653 Ex
1222 4598 1413 4653 forma
1444 4602 1603 4654 enim
1625 4603 1777 4656 servi
1811 4620 2035 4673 pauper
2066 4604 2253 4660 factus

600 4690 706 4749 est,
738 4702 809 4741 ex
840 4703 958 4757 qua
990 4693 1047 4742 et
1089 4704 1320 4758 precem
1361 4688 1511 4743 fudit
1554 4706 1565 4745 :
1595 4690 1654 4745 in
1703 4708 1771 4745 ea
1804 4692 2029 4763 quippe
2068 4709 2251 4747 seme-

600 4774 819 4842 tipsum
853 4775 1206 4841 humiliavit,
1243 4777 1429 4831 factus
1457 4778 1742 4834 obediens
1778 4798 1963 4853 usque
1993 4782 2067 4837 ad
2100 4799 2252 4837 mor-

600 4867 717 4917 tem
756 4864 1045 4933 (Philipp.
1084 4882 1136 4929 n,
1185 4867 1265 4935 8).
1307 4866 1449 4920 Vide
1483 4883 1624 4935 ergo
1666 4870 1807 4939 ψιΜ
1851 4871 2010 4924 dicat
2046 4887 2055 4922 :
2105 4873 2255 4937 Quo-

598 4952 761 5008 niam
793 4968 910 5008 non
942 4954 1158 5022 sprevit
1189 4970 1377 5026 neque
1406 4957 1671 5023 despexit
1706 4973 1925 5026 precem
1960 4961 2248 5027 pauperis,

595 5044 1007 5113 nequeavertit
1024 5043 1237 5111 faciem
1266 5059 1430 5099 suam
1458 5061 1616 5101 ame.
1647 5047 1849 5101 Ubiest
1878 5047 2040 5115 illud,
2060 5050 2252 5115 Quare

594 5147 685 5186 me
725 5132 1117 5204 dereliquisti,
1157 5132 1203 5186 si
1247 5149 1352 5187 nec
1397 5135 1605 5188 faciem
1637 5138 1841 5189 avertit
1871 5137 1948 5189 ab
1975 5138 2097 5193 eo?
2138 5138 2247 5192 nisi

593 5220 733 5290 quia
759 5229 812 5276 et
834 5220 1254 5293 derelinquens
1274 5237 1391 5275 non
1409 5222 1783 5293 derelinquit,
1803 5225 2051 5294 quando
2071 5226 2126 5279 in
2149 5226 2249 5281 bo-

595 5308 685 5362 nis
715 5311 1147 5380 temporalibus
1182 5327 1298 5365 non
1329 5311 1597 5377 exaudit;
1632 5320 1685 5366 et
1713 5329 1829 5367 non
1863 5314 1935 5367 ad
1972 5314 2249 5387 insipien-

598 5396 738 5451 tiam
773 5399 966 5463 uobis,
994 5400 1095 5455 sed
1128 5405 1186 5454 ut
1220 5401 1528 5470 sapiamus
1559 5400 1701 5473 quid
1739 5403 1987 5468 auferat,
2018 5409 2074 5459 et
2103 5406 2243 5475 quid

596 5572 735 5646 notis
784 5573 906 5621 Mss.
942 5574 1153 5646 habent,
1205 5579 1497 5628 exteriores.
1533 5579 1614 5628 Sic
1661 5580 1819 5629 etiam
1857 5580 2081 5646 Fugypii
2115 5583 2243 5632 Cdd.

595 5631 701 5680 duo
735 5646 897 5680 manu
933 5639 1153 5684 exarati.

1896 124 1956 180 S.
1998 121 2378 179 AUGUSTINI
2417 120 2732 177 EPISCOPI

3873 128 3961 183 564

2355 247 2561 303 offerat
2604 246 2797 303 nobis.
2828 248 2985 311 Non,
3024 248 3233 319 inquit,
3265 248 3487 316 sprevit
3518 261 3692 318 neque
3728 248 3961 317 despexit

2354 352 2585 406 precem
2607 337 2910 405 pauperis,
2944 352 3132 407 neque
3150 338 3361 392 avertit
3389 337 3605 405 faciem
3633 353 3791 392 suam
3814 355 3964 396 ame:

2356 432 2408 481 et
2433 442 2563 480 cum
2590 427 2911 481 clamarem
2944 427 3025 481 ad
3054 442 3206 488 eum,
3229 425 3535 481 exaudivit
3564 440 3668 481 me.
3698 428 3833 482 Fecit
3853 446 3969 497 ergo

2356 514 2515 585 quod
2568 515 2747 584 paulo
2786 523 2921 569 ante
2964 521 3207 582 rogatus
3247 520 3350 576 est,
3396 514 3493 568 ubi
3526 530 3651 568 eum
3683 514 3971 585 deprecans

2358 604 2505 658 dixit
2536 618 2547 657 :
2580 603 2941 659 Nediscedas
2972 604 3206 659 ame.Si
3226 604 3380 658 enim
3407 604 3971 675 exaudivit,profecto

2358 692 2513 758 fecit,
2547 709 2666 747 non
2693 692 2895 764 utique
2927 692 3213 747 discessit.
3248 695 3370 747 Non
3402 707 3548 761 ergo
3573 692 3972 763 dereliquithoc

2360 782 2561 845 modo,
2590 782 2689 851 qui
2717 781 2835 835 alio
2853 782 3033 836 modo
3058 780 3390 852 dereliquit,
3424 787 3486 835 ut
3510 796 3841 851 saperemus
3860 799 3976 853 quo-

2359 870 2540 925 modo
2574 871 2766 939 magis
2802 886 2914 924 non
2943 869 3015 924 ab
3046 886 3116 925 eo
3151 870 3487 941 derelinqui
3529 870 3674 924 velle
3702 872 3974 927 debemus.

2432 963 2517 1013 60.
2549 960 2724 1027 Apud
2753 967 2807 1015 te
2839 962 2969 1014 laus
2998 974 3141 1014 mea.
3177 959 3331 1024 Quid
3353 975 3501 1028 ergo
3530 967 3742 1015 nocent
3771 964 3855 1030 qui
3881 968 3981 1016 tan-

2358 1062 2541 1117 quam
2577 1047 2725 1101 victo
2756 1048 3064 1112 insultant,
3088 1048 3249 1119 quod
3277 1064 3372 1103 me
3396 1049 3455 1101 in
3475 1048 3977 1118 temporalibusde-

2358 1134 2708 1206 reliqueris?
2732 1136 2796 1191 In
2828 1137 3093 1191 Ecclesia
3125 1152 3341 1206 magna
3367 1136 3695 1203 conﬁtebor
3716 1137 3813 1191 tibi
3840 1157 3858 1191 :
3886 1154 3980 1192 non

2359 1231 2583 1295 quanta
2629 1225 2742 1280 ista
2772 1227 3088 1297 Synagoga
3122 1232 3226 1291 est,
3252 1242 3387 1296 qua:
3420 1225 3627 1280 irridet
3649 1234 3881 1282 mortem
3905 1229 3982 1282 de-

2360 1312 2562 1377 relicti,
2603 1314 2707 1367 sed
2749 1315 2806 1369 in
2850 1313 3110 1370 Ecclesia
3144 1330 3364 1383 magna
3405 1313 3631 1369 diffusa
3673 1330 3774 1386 per
3808 1331 3983 1370 omnes

2362 1406 2586 1471 gentes,
2620 1418 2755 1473 quas
2780 1404 2962 1458 credit
2987 1404 3043 1457 in
3067 1403 3567 1459 resurrectionem
3595 1419 3711 1459 non
3740 1404 3979 1461 derelicti.

2367 1493 2496 1545 Haec
2528 1496 2615 1545 est
2649 1492 2821 1546 unica
2853 1491 2953 1547 illa
2979 1509 3163 1563 quam
3193 1494 3337 1562 petit
3362 1492 3439 1548 de
3465 1508 3650 1548 manu
3682 1494 3836 1548 canis
3860 1496 3979 1558 erui,

2362 1578 2437 1633 de
2468 1595 2589 1650 qua
2624 1580 2801 1635 etiam
2836 1580 3018 1651 paulo
3051 1585 3189 1636 ante
3229 1580 3390 1647 dixit,
3432 1581 3495 1635 In
3526 1581 3717 1636 medio
3762 1582 3981 1639 Ecclesia:

2364 1669 2607 1724 cantabo
2639 1675 2710 1725 te.
2750 1672 2813 1724 Et
2837 1685 2996 1724 nunc
3017 1670 3180 1742 quod
3205 1672 3304 1734 ait,
3333 1671 3668 1737 conﬁtebor
3696 1671 3816 1733 tibi,
3838 1672 3885 1725 in
3914 1675 3978 1725 eis

2367 1758 2570 1827 utique
2583 1774 2617 1827 q
2631 1760 2685 1810 ui
2700 1758 3163 1821 confitebuntur,
3181 1759 3235 1813 in
3252 1759 3479 1830 quibus
3496 1766 3553 1813 et
3584 1759 3849 1829 loquitur.
3865 1762 3979 1816 Con-

2364 1844 2547 1899 fessio
2592 1852 2793 1901 autem
2830 1862 2949 1901 non
2994 1852 3220 1901 tantum
3265 1852 3653 1918 peccatorum
3696 1854 3797 1916 est,
3828 1850 3913 1903 sed
3938 1858 3979 1903 et

2366 1932 2561 1988 laudis
2600 1935 2723 2000 Dei;
2750 1935 2898 1989 sicut
2930 1936 3057 2006 ipse
3081 1936 3136 1989 in
3166 1936 3508 2004 Evangelia,
3539 1936 3973 2003 Conﬁtebortibi,

2369 2022 2580 2093 inquit,
2616 2024 2811 2090 Pater,
2850 2026 3095 2079 Domine
3125 2026 3257 2080 caeli
3286 2033 3336 2081 et
3376 2032 3580 2089 terrm,
3606 2026 3745 2096 quia
3782 2026 3975 2081 abscon-

2367 2111 2507 2167 disti
2538 2112 2661 2168 hac
2686 2129 2723 2169 a
2748 2114 3111 2181 sapientibus
3138 2122 3189 2169 et
3219 2115 3638 2181 prudentibus,
3672 2121 3723 2170 et
3748 2116 3977 2169 revelain

2368 2214 2434 2256 ea
2463 2204 2739 2269 parvulis
2765 2203 3001 2263 (Matth.
3032 2220 3108 2263 xi.
3141 2204 3253 2274 25).
3292 2203 3435 2258 Ideo
3469 2204 3738 2275 sequitur
3758 2210 3809 2258 et
3835 2204 3971 2258 dicit:

2381 2290 2519 2343 Vota
2536 2306 2662 2345 mea
2677 2292 2921 2346 reddam
2938 2308 3133 2346 coram
3152 2292 3489 2347 timentibus
3504 2308 3657 2348 eum.
3672 2293 3848 2347 Edent
3862 2309 3977 2359 pau-

2368 2394 2555 2447 peres,
2572 2388 2621 2433 et
2642 2381 3115 2449 saturabuntur;
3137 2387 3189 2437 et
3215 2382 3557 2437 laudabunt
3586 2383 3875 2437 Dominum
3899 2382 3976 2451 qui

2369 2470 2679 2539 requirunt
2711 2486 2859 2525 eum.
2896 2471 3011 2540 [psi
3044 2477 3185 2525 sunt
3216 2472 3449 2541 parvuli
3482 2471 3558 2526 de
3606 2472 3811 2542 quibus
3845 2471 3972 2531 dixit.

2365 2566 2415 2613 et
2442 2560 2715 2613 revelasti
2738 2575 2803 2614 ea
2822 2561 3127 2627 parvulis;
3153 2561 3429 2615 timentes
3459 2577 3623 2625 eum,
3641 2568 3695 2616 et
3717 2574 3972 2631 pauperes,

2365 2646 2423 2701 id
2451 2653 2541 2701 est
2571 2648 2841 2707 humiles.
2878 2650 2978 2719 qui
3013 2665 3128 2703 non
3155 2649 3275 2702 alta
3303 2651 3572 2719 sapiunt,
3610 2649 3711 2703 sed
3734 2648 3973 2704 timentti-

2368 2751 2530 2790 more
2549 2736 2646 2790 illo
2673 2740 2858 2799 casto,
2884 2753 3001 2791 non
3030 2753 3153 2808 quo
3182 2754 3354 2808 piena
3377 2739 3753 2803 formidatur,
3779 2736 3867 2792 sed
3882 2751 3972 2807 quo

2365 2824 2556 2893 gratia
2588 2831 2974 2880 conservatur
3006 2828 3045 2879 ι.

2436 2917 2521 2967 6t.
2544 2913 2695 2968 Vota
2718 2929 2855 2969 vero
2878 2930 2986 2968 sua
3011 2914 3369 2970 sacriﬁcium
3396 2916 3523 2971 vult
3549 2915 3786 2983 intelligi
3809 2928 3972 2983 corpo-

2365 3001 2441 3055 ris
2470 3002 2579 3063 sui,
2614 3002 2775 3073 quod
2811 3002 3180 3058 estﬁdelium
3206 3006 3687 3061 Sacramentnm.
3714 3004 3838 3059 Ideo
3866 3018 3968 3057 cum

2363 3090 2626 3155 dixisset,
2675 3092 2815 3146 Vota
2848 3106 2976 3147 mea
3003 3092 3241 3149 reddam
3272 3109 3476 3150 coram
3502 3093 3825 3150 timentibus
3844 3103 3970 3156 eum;

2363 3180 2645 3234 continuo
2671 3180 2995 3251 subiunxit.
3020 3182 3212 3237 Edent
3240 3198 3560 3251 pauperes,
3586 3188 3639 3239 et
3666 3180 3971 3238 saturabun-

2364 3274 2481 3323 tur.
2515 3268 2629 3337 ipsi
2660 3269 2818 3324 enim
2848 3270 3280 3325 saturabuntnr
3308 3288 3462 3340 pane
3480 3273 3583 3344 qui
3616 3272 3688 3326 de
3718 3270 3858 3328 caelo
3876 3268 3973 3321 des-

2363 3356 2598 3423 caandit,
2632 3358 2735 3429 qui
2767 3359 2817 3412 ei
2861 3358 3251 3424 cohaerentes,
3285 3366 3343 3415 et
3371 3362 3505 3432 ejus
3530 3377 3737 3433 pacem
3760 3358 3970 3413 dilectio-

2365 3460 2617 3517 nemque
2642 3451 2947 3501 servantes
2971 3448 3820 3519 imitanturejnshumilitatem
3841 3463 3851 3497 :
3870 3446 3971 3499 ideo

2358 3549 2673 3602 pauperes.
2711 3536 2771 3589 In
2795 3535 2906 3589 hac
2929 3543 3279 3608 paupertate
3306 3545 3357 3591 et
3384 3539 3697 3593 saturitate
3724 3537 3967 3608 praecipue

2362 3624 2623 3694 Apostoli
2665 3624 3020 3679 claruerunt.
3062 3626 3137 3680 Et
3188 3627 3529 3683 laudabunt
3571 3629 3879 3688 Dominum,
3907 3624 3968 3676 in-

2362 3711 2510 3782 quit,
2553 3712 2655 3782 qui
2682 3713 2992 3783 requirunt
3020 3730 3149 3769 eum
3190 3730 3213 3770 .'
3252 3715 3651 3783 inlelligentes
3695 3728 3803 3768 non
3837 3706 3968 3763 meri-

2366 3805 2557 3854 torum
2583 3816 2850 3866 suorum,
2875 3802 2975 3856 sed
2998 3803 3151 3857 illius
3183 3819 3312 3857 esse
3344 3805 3552 3873 gratim
3584 3803 3741 3876 quod
3764 3794 3963 3855 saturati

2364 3894 2521 3944 sunt.
2558 3889 2883 3960 Requirunt
2914 3892 3073 3945 enim
3123 3908 3282 3958 eum,
3317 3894 3458 3964 quia
3502 3910 3619 3948 non
3663 3895 3794 3945 sunt
3819 3904 3876 3941 ex
3906 3884 3967 3937 eis

2364 3977 2467 4047 qui
2493 3995 2599 4032 sua
2621 3985 2915 4048 quierunt,
2947 3996 3065 4035 non
3104 3996 3239 4052 qum
3260 3983 3391 4036 Jesu
3424 3978 3961 4049 Cbristi(Philipp.n,

2364 4066 2475 4135 21).
2502 4067 2762 4137 Denique
2785 4072 2840 4123 et
2866 4069 2911 4122 si
2940 4084 3079 4122 coro
3102 4086 3309 4124 eorum
3336 4072 3436 4141 qui
3457 4086 3597 4126 eum
3621 4068 3869 4131 laudant,
3890 4076 3965 4131 pa-

2366 4154 2505 4208 titur
2532 4156 2919 4226 temporalcm
2952 4157 3390 4213 tribulationem
3413 4160 3500 4214 vel
3524 4164 3780 4219 mortem,
3809 4154 3962 4210 vivent

2368 4244 2548 4299 corda
2563 4259 2763 4299 eorum
2787 4245 2849 4299 in
2866 4247 3145 4301 saeculum
3161 4248 3378 4303 seculi.
3408 4251 3539 4303 Htec
3557 4249 3668 4302 vita
3680 4244 3857 4301 cordis
3872 4255 3961 4294 nou

2369 4334 2531 4387 estin
2564 4333 2841 4387 sensibus
2857 4336 3148 4405 corporis;
3178 4343 3404 4391 secreta
3427 4338 3595 4392 estin
3622 4337 3743 4390 luce
3767 4329 3963 4403 quain-

2370 4428 2459 4475 tus
2486 4426 2596 4483 est,
2630 4437 2749 4475 non
2776 4423 3103 4477 intenebris
3134 4440 3269 4496 quas
3292 4424 3431 4480 foris
3456 4425 3697 4489 sunt;in
3722 4423 3828 4477 line
3848 4432 3961 4489 prai-

2367 4510 2660 4579 cepti.non
2681 4511 2735 4564 in
2756 4510 2922 4565 initio
2938 4514 3175 4582 peccati.
3194 4514 3346 4568 Finis
3365 4521 3563 4569 autem
3582 4505 3961 4585 praecepticlia—

2366 4598 2510 4652 ritas
2535 4605 2618 4651 est
2652 4599 2723 4653 de
2752 4599 2929 4653 corde
2956 4617 3124 4670 puro,
3160 4609 3213 4655 et
3234 4603 3601 4657 conscientia
3621 4602 3788 4661 bona,
3808 4593 3958 4651 ettide

2366 4702 2484 4739 non
2516 4687 2649 4740 ticla
2670 4688 2710 4757 (l
2735 4688 2876 4741 Tim.
2900 4704 2935 4749 ι,
2964 4688 3013 4751 5;
3039 4705 3051 4742 :
3078 4690 3340 4745 charitas
3372 4708 3504 4761 quae
3536 4707 3651 4746 non
3671 4686 3955 4745 aemulatur,

2366 4790 2483 4828 non
2519 4774 2758 4829 inﬂatur
2790 4776 2830 4844 (Ι
2868 4776 3003 4831 Cor.
3037 4795 3153 4844 vni,
3188 4780 3261 4849 4),
3298 4781 3443 4850 quia
3475 4796 3587 4835 non
3622 4779 3791 4834 altum
3815 4768 3954 4841 sapit.

2364 4865 2464 4917 sed
2486 4866 2673 4929 timet;
2701 4873 2755 4919 et
2770 4866 2899 4919 ideo
2930 4868 3183 4921 coluerat
3199 4870 3405 4923 timore
3420 4876 3603 4936 casto,
3626 4864 3956 4940 permanente

2365 4953 2421 5006 in
2471 4954 2756 5008 steculum
2805 4954 3025 5009 sreculi.
3064 4957 3294 5012 Initium
3324 4963 3525 5013 autem
3557 4945 3952 5025 omnispeccali

2364 5042 2666 5112 superbia,
2703 5059 2822 5114 qua
2849 5044 3122 5099 diabolus
3151 5046 3610 5104 irrevocabiliter
3635 5048 3691 5101 in
3712 5039 3954 5100 exteriora

2362 5146 2717 5200 progressus
2756 5138 2863 5201 est,
2915 5134 3343 5205 hominemque
3393 5136 3727 5193 invidendo.
3755 5137 3804 5186 et
3832 5127 3874 5182 ei
3898 5123 3954 5178 si-

2363 5221 2501 5275 mile
2532 5221 2756 5292 aliquid
2789 5223 3101 5277 suadendo
3132 5225 3363 5294 dejecit.
3390 5227 3490 5281 Cui
3515 5224 3731 5281 homini
3761 5220 3810 5274 in
3837 5230 3951 5287 φιλο

2359 5311 2499 5365 dam
2539 5312 2828 5381 scriptura
2874 5312 3104 5367 dicitur.
3134 5314 3245 5381 Qui
3271 5316 3531 5383 superbit
3564 5323 3715 5370 terra
3742 5312 3789 5366 et
3807 5300 3951 5361 ciuili?

2362 5399 2647 5465 Quoniam
2694 5403 2753 5455 in
2804 5406 2921 5455 vita
2964 5418 3071 5457 sua
3116 5405 3363 5473 projecit
3391 5405 3595 5460 intima
3632 5416 3734 5457 sua
3774 5390 3945 5468 (Ereti-

2358 5505 2408 5551 Χ,
2423 5496 2437 5541 t
2455 5493 2561 5555 5,9,
2578 5489 2753 5560 lO).In
2772 5490 2890 5545 vita
2904 5491 3265 5555 sua,dictum
3281 5500 3381 5556 est,
3397 5501 3671 5565 tanquam
3687 5490 3736 5544 in
3752 5478 3945 5558 ρΐορτίδ

2419 5650 2430 5679 ¹
2461 5648 2565 5697 Bad
2600 5650 2714 5697 Am.
2745 5651 2846 5706 Er.,
2880 5653 3277 5701 commendatur.
