4074 6164
103 200 208 255 565

103 324 497 394 suauetquasi
514 322 893 394 privata,qua
908 322 1235 379 delectatur
1246 324 1443 379 omnis
1458 321 1764 395 superbia.

166 413 402 469 CAPUT
422 414 576 467 XXV.
594 444 655 452 —
671 415 759 468 62.
776 411 941 468 Unde
956 412 1217 467 charitas
1232 414 1286 467 in
1304 427 1625 467 commune
1641 427 1765 465 ma-

96 504 183 574 gis
196 518 387 574 quam
402 502 459 556 in
475 501 768 572 privatum
785 516 893 556 con
904 501 1313 568 sulens,dicitu
1325 516 1349 553 r
1362 517 1481 555 non
1497 515 1763 571 quaerere

93 608 226 663 quae
256 607 369 646 sua
385 594 524 644 sunt
549 591 591 660 (l
623 589 760 645 Cor.
786 605 900 655 xui,
923 590 996 661 5).
1020 592 1136 644 Hac
1150 590 1359 644 vivunt
1381 589 1636 645 cordain
1654 605 1759 643 saa-

95 679 300 734 culum
316 678 835 750 saeculi,tanquam
852 682 1115 733 saturata
1134 694 1288 748 pane
1304 677 1626 733 cmlestizde
1639 692 1763 748 qua

93 774 392 823 saturator
423 768 553 838 ipse
593 767 733 821 dicit
771 773 811 831 ³,
839 768 971 822 Nisi
997 767 1501 823 manducaveritis
1527 782 1758 821 carnem

90 863 367 921 meam,et
380 858 725 928 sanguinem
742 871 931 911 meum
953 856 1222 920 liber-itis,
1242 873 1357 911 non
1380 853 1657 911 habebitis
1675 856 1753 910 vi-

90 955 204 1001 tam
240 948 307 1000 in
331 945 496 1002 vobis
530 945 725 1014 (Joan.
757 961 833 1009 vn,
866 944 975 1015 54).
1007 946 1203 1001 Merito
1221 960 1362 1015 ergo
1383 945 1633 999 istorum
1653 943 1755 1015 qui

89 1040 462 1100 saturantur,
497 1033 696 1088 vivent
726 1033 909 1088 corda
938 1033 997 1087 in
1037 1034 1325 1089 smeulum
1359 1033 1579 1088 steculi.
1624 1034 1757 1087 Vita

85 1125 239 1179 enim
272 1124 547 1179 Christus
579 1128 686 1188 est,
720 1123 823 1194 qui
854 1122 1083 1177 habitat
1114 1124 1173 1177 in
1203 1122 1490 1177 cordibus
1519 1138 1750 1184 eorum,

86 1213 325 1268 interim
363 1228 471 1285 per
506 1211 711 1276 ﬁdem,
743 1216 879 1282 post
908 1211 1083 1267 etiam
1105 1228 1211 1280 per
1228 1213 1511 1284 speciem.
1545 1212 1757 1266 Vident

85 1303 236 1357 enim
273 1304 521 1357 nuncin
554 1302 871 1369 senigmate
896 1317 1001 1373 per
1028 1302 1361 1373 speculum,
1394 1307 1535 1357 tunc
1552 1306 1751 1356 autem

85 1392 230 1446 facie
257 1390 343 1446 ad
376 1390 588 1446 faciem
617 1390 661 1459 (Ι
690 1391 827 1445 Cor.
858 1406 982 1456 xui,
1015 1392 1119 1461 t2).
1159 1391 1323 1447 Unde
1352 1390 1753 1462 ipsacharitas

87 1496 241 1535 nunc
274 1480 338 1534 in
377 1478 553 1533 bonis
591 1478 873 1551 operibus
911 1478 1244 1534 dilectionis
1276 1484 1598 1543 exercetur,
1632 1494 1752 1549 qua

86 1585 140 1623 se
180 1569 259 1624 ad
295 1568 786 1623 subveniendum
810 1584 1299 1640 quaquaversum
1320 1572 1535 1639 potest,
1566 1568 1753 1639 porri-

87 1660 156 1726 git
182 1660 421 1722 ;ethaec
448 1657 694 1712 latitudo
709 1664 823 1712 est:
847 1673 1004 1712 nunc
1029 1658 1479 1725 longanimitate
1496 1658 1751 1713 adversa

85 1748 309 1812 tolerat,
348 1746 479 1801 etin
500 1750 743 1817 eoquod
768 1746 1054 1801 veraciter
1081 1748 1286 1811 tenuit,
1308 1752 1748 1818 perseverat;et

82 1837 200 1891 ilth
215 1843 311 1890 est
340 1835 688 1904 longitudo:
711 1834 825 1889 hoc
843 1840 1042 1890 autem
1071 1840 1254 1890 totum
1275 1843 1514 1907 propter
1532 1836 1747 1904 adipis-

84 1926 341 1980 cendam
365 1922 699 1980 vitamfacit
717 1930 1028 1989 aeternam,
1053 1940 1186 1996 quin
1206 1923 1281 1978 illi
1307 1924 1665 1995 promittitur
1687 1925 1745 1977 in

82 2014 312 2069 excelso
342 2030 356 2078 ;
402 2019 459 2067 et
484 2013 611 2068 haec
634 2012 883 2068 altitudo
906 2018 1013 2067 est.
1045 2013 1242 2067 Existit
1259 2027 1398 2066 vero
1419 2027 1489 2066 ex
1512 2012 1745 2067 occulto

82 2104 183 2158 ista
215 2103 510 2167 charitas,
545 2102 646 2157 ubi
672 2102 900 2157 fundati
924 2107 981 2157 et
1004 2101 1252 2156 radicati
1271 2102 1540 2173 quodam
1564 2102 1744 2156 modo

82 2209 290 2247 sumus
312 2192 561 2261 (Ephes.
590 2208 668 2257 ιιι,
694 2192 780 2261 17)
798 2210 809 2259 ;
828 2192 924 2245 ubi
950 2207 1145 2247 causa;
1170 2192 1487 2245 voluntatis
1513 2190 1742 2244 Deinon

83 2280 543 2352 investigantur,
579 2281 747 2350 cujus
784 2280 969 2349 gratia
1012 2296 1220 2335 sumus
1256 2279 1403 2333 salvi
1436 2279 1591 2345 facti,
1620 2294 1740 2334 non

80 2387 140 2425 ex
157 2369 702 2442 operibusjustitiaa
729 2384 865 2439 quas
886 2369 1133 2423 fecimus
1149 2368 1387 2435 nos,sed
1408 2367 1740 2422 secundum

79 2461 199 2531 ejus
232 2458 716 2514 misericordiam
745 2458 883 2528 (Tit.
918 2474 995 2523 ιιι,
1026 2459 1100 2527 ὅ).
1133 2457 1475 2511 Voluntarie
1514 2455 1740 2527 quippe

80 2549 282 2617 genuit
317 2563 431 2603 nos
453 2547 634 2602 verbo
659 2548 920 2601 veritatis
944 2546 1167 2617 (Jacobi
1190 2561 1228 2609 ι,
1257 2545 1345 2615 18)
1372 2561 1383 2598 :
1415 2550 1470 2599 et
1502 2544 1629 2599 haec
1648 2560 1745 2599 vo-

78 2638 272 2693 luntas
331 2637 462 2707 ejus
490 2637 545 2691 in
581 2636 787 2690 abdito
831 2640 935 2690 est.
968 2635 1151 2705 Cujus
1193 2633 1397 2688 secreti
1439 2632 1745 2703 profundi-

78 2732 254 2781 tatem
289 2725 565 2797 quodam
602 2725 782 2779 modo
813 2739 1214 2795 expavescens
1267 2722 1590 2793 Apostolus
1628 2720 1743 2776 cla-

80 2821 195 2870 mat
217 2834 228 2870 :
255 2815 310 2870 0
329 2814 576 2869 altitudo
593 2814 938 2869 divitiarum
956 2812 1257 2879 sapientiae
1274 2819 1326 2867 et
1339 2812 1591 2867 scientia?
1604 2810 1734 2867 Deil

76 2922 248 2976 quam
278 2902 711 2959 inscrutabilia
743 2907 880 2957 sunt
901 2902 1137 2972 judicia
1168 2904 1315 2971 ejus,
1341 2905 1393 2956 et
1424 2900 1739 2971 investiga-

77 2993 210 3050 biles
238 2997 353 3050 vise
375 2994 536 3062 ejusl
571 2992 709 3057 Quis
746 2993 898 3048 enim
941 2991 1212 3061 cognovit
1242 3006 1475 3047 sensum
1508 2989 1739 3045 Domini

78 3086 258 3151 (Rom.
300 3098 382 3147 x1,
418 3086 504 3146 33,
537 3081 670 3151 θυι
695 3084 750 3135 et
782 3080 897 3135 hoc
923 3086 1007 3134 est
1044 3078 1440 3150 profundum.
1476 3079 1739 3134 Altitudo

76 3176 303 3244 quippe
331 3186 656 3226 commune
684 3185 902 3225 nomen
933 3173 1021 3224 est
1047 3168 1279 3224 excelso
1310 3173 1365 3223 et
1395 3167 1695 3240 profundo
1722 3184 1734 3222 :

77 3264 172 3318 sed
203 3278 352 3317 cum
387 3263 445 3316 in
476 3260 709 3316 excelso
740 3259 974 3323 dicitur,
1011 3257 1392 3313 sublimitatis
1415 3256 1737 3312 eminentia

77 3349 569 3415 commendatur;
594 3364 732 3403 cum
761 3353 959 3403 autem
983 3348 1039 3402 in
1070 3346 1391 3417 profundo,
1419 3344 1737 3399 difﬁcultas

76 3438 556 3508 investigationis
582 3436 1034 3508 etcognitionis.
1069 3435 1235 3491 Unde
1253 3441 1307 3490 et
1340 3434 1480 3489 illud
1514 3438 1629 3489 Deo
1651 3434 1735 3488 di-

75 3530 216 3582 citur
263 3546 277 3583 :
305 3527 495 3594 Quam
528 3526 913 3596 magniﬁcam
932 3530 1258 3595 suntopera
1291 3531 1415 3587 tua,
1446 3520 1725 3577 Domine!

78 3619 249 3672 nimis
281 3616 600 3685 profundae
620 3616 800 3683 facta:
823 3621 961 3668 sunt
981 3611 1725 3683 congitationestuw(Psal.

76 3721 184 3774 xei,
212 3708 298 3775 6).
328 3707 394 3759 Et
427 3705 641 3758 iterum
675 3721 687 3755 :
715 3702 1056 3758 Judiciatua
1087 3702 1248 3758 velut
1276 3700 1513 3769 abyssus
1543 3699 1729 3755 multa

75 3796 253 3865 (Psal.
278 3809 457 3862 xxxv,
487 3793 562 3864 Ἰ).
600 3791 933 3861 Hincigitur
962 3797 1049 3846 est
1082 3790 1222 3845 illud
1248 3789 1534 3861 Apostoli,
1567 3788 1727 3859 quod

74 3881 673 3955 requirenduminter
694 3887 907 3935 caetera
948 3878 1229 3950 posuisti:
1268 3879 1459 3946 Hujus
1488 3877 1571 3933 rei
1591 3893 1729 3947 gra-

76 3971 171 4036 tia,
208 3970 425 4041 inquit,
436 3969 609 4038 ﬂecto
620 3983 813 4039 genua
839 3982 969 4023 mea
994 3968 1075 4021 ad
1086 3967 1321 4021 Patrem
1351 3964 1580 4021 Domini
1600 3981 1729 4020 nos-

74 4061 149 4114 tri
166 4062 301 4116 Iesu
331 4058 565 4123 Christi,
602 4072 675 4113 ex
704 4072 811 4127 quo
832 4056 1019 4111 omnis
1050 4056 1379 4123 paternitas
1406 4055 1467 4109 in
1496 4056 1653 4109 cretis
1676 4059 1728 4107 et

76 4150 131 4203 in
162 4155 330 4205 terra
344 4148 803 4216 nominatur;ut
829 4146 924 4201 det
959 4144 1112 4200 vobis
1136 4144 1457 4200 secundum
1486 4143 1725 4199 divitias

74 4238 273 4306 gloria?
293 4251 416 4292 suae
438 4236 552 4291 virt
562 4241 657 4291 ute
670 4234 1052 4290 corroborari
1061 4248 1169 4301 per
1192 4232 1477 4301 Spiritum
1502 4234 1649 4301 ejus,
1668 4234 1729 4286 in

76 4326 351 4382 interiori
363 4324 599 4381 homine
623 4324 896 4379 habitare
912 4323 1202 4377 Christum
1222 4336 1323 4391 per
1337 4322 1510 4389 ﬁdem
1525 4322 1587 4375 in
1602 4336 1727 4376 cor-

73 4416 235 4470 dibus
263 4415 494 4479 vestris,
511 4419 573 4467 ut
589 4413 650 4468 in
664 4412 961 4469 charitate
983 4410 1244 4466 radicati
1255 4417 1306 4466 et
1317 4411 1564 4477 fundati
1572 4425 1701 4478 prae
1714 4440 1727 4449 -

74 4506 318 4561 valeatis
344 4502 841 4572 comprehendere
867 4516 998 4557 cum
1029 4500 1299 4555 omnibus
1328 4499 1568 4560 sanctis,
1595 4514 1728 4568 quae

71 4596 145 4649 sit
185 4594 498 4664 longitudo
540 4598 592 4648 et
628 4591 905 4655 latitudo,
935 4590 1191 4645 altitudo
1218 4596 1270 4644 et
1310 4587 1724 4656 profundum;

72 4685 216 4739 scire
274 4684 451 4740 etiam
493 4680 1014 4750 supereminentem
1075 4678 1381 4733 scientiam
1412 4676 1726 4731 charitatis

79 4774 320 4837 Christi,
351 4780 414 4827 ut
436 4770 812 4840 impleamini
824 4768 890 4837 in
913 4783 1141 4824 omnem
1165 4766 1599 4836 plenitudinem
1628 4765 1730 4820 Dei

76 4862 249 4934 (Eph.
284 4878 362 4923 ιιι,
406 4862 609 4930 ιιι-ιθ).

143 4952 383 5007 CAPUT.
431 4949 605 5004 XXVI.
637 4978 700 4989 —
757 4951 844 5003 63.
878 4946 1125 5001 Attende
1155 4944 1361 5001 omnia
1392 4944 1723 5012 diligenter.

74 5042 269 5111 Hujus
302 5041 407 5106 rei,
441 5038 651 5111 inquit,
684 5037 882 5109 gratia
931 5038 1101 5105 ﬂecto
1126 5050 1323 5104 genua
1363 5048 1489 5089 mea
1516 5033 1595 5088 ad
1614 5032 1728 5087 Pa-

79 5137 241 5197 trem,
268 5127 507 5185 Domini
531 5126 718 5183 nostri
744 5127 881 5181 Jesu
914 5124 1157 5189 Christi,
1187 5138 1262 5179 ex
1288 5139 1399 5193 quo
1416 5122 1602 5176 omnis
1624 5135 1726 5191 pa-

80 5222 330 5275 ternitas
345 5219 406 5273 in
430 5216 591 5273 caelis
607 5222 657 5272 et
672 5216 735 5270 in
750 5219 912 5270 terra
925 5216 1289 5268 nominatur.
1308 5212 1533 5277 Quaeris
1555 5210 1725 5281 cujus

76 5310 150 5363 rei
185 5310 374 5379 gratia
404 5322 417 5372 ;
452 5307 565 5360 hoc
592 5320 774 5376 supra
812 5304 1061 5365 dixerat,
1112 5302 1359 5369 PrOpter
1403 5300 1561 5371 quod
1595 5309 1725 5368 peto

76 5414 191 5453 non
224 5396 526 5466 inﬁrmari
549 5395 610 5450 in
667 5392 1148 5448 tribulationibus
1188 5390 1323 5446 meis
1379 5406 1488 5457 pro
1544 5390 1721 5443 vobis.

78 5490 191 5542 Hoc
217 5501 361 5556 ergo
392 5484 477 5540 eis
498 5487 685 5556 optat,
714 5487 775 5537 ut
796 5497 916 5536 non
964 5480 1338 5535 intirmentur
1390 5479 1446 5531 in
1484 5477 1728 5532 tribula-

135 5598 149 5625 ¹
189 5592 315 5642 Bad.
349 5595 470 5640 Am.
508 5590 613 5652 Er.,
643 5594 885 5651 tanquam
924 5587 979 5635 in
1012 5588 1488 5652 propria‘persona.

135 5658 155 5688 ³
184 5655 309 5704 Bad.
347 5656 463 5702 Am.
499 5652 582 5701 Er.
598 5645 618 5699 ἐ
641 5654 714 5700 De
743 5645 842 5715 gua
870 5645 1161 5699 saturitate.
1194 5645 1315 5698 Més.
1349 5652 1452 5695 tres
1488 5661 1495 5693 :
1533 5645 1601 5693 De
1630 5660 1725 5708 quo

76 5716 201 5767 dicit
230 5718 340 5781 ipse
365 5716 628 5766 Salvator.

1321 190 1828 251 EPISTOLARUM
1867 188 2156 246 CLASSIS
2194 188 2290 243 III.

3428 186 3533 241 566

1874 325 2138 383 tionibus
2163 323 2451 396 Apostoli,
2473 338 2627 396 quas
2642 336 2752 394 pro
2774 321 2890 377 illis
2904 321 3252 390 sustinebat,
3281 326 3338 380 et
3352 337 3533 397 prop-

1876 422 1958 472 ter
1984 416 2099 470 hoc
2130 429 2325 482 genua
2351 412 2625 469 ﬂectebat
2676 412 2751 467 ad
2796 413 3045 467 Patrem.
3110 413 3359 469 Proinde
3408 429 3530 469 non

1872 504 2156 560 infirmari
2191 503 2350 558 unde
2399 502 2512 557 illis
2552 502 2642 565 sit,
2678 502 2944 573 sequitur
2994 506 3045 555 et
3094 500 3232 556 dicit
3265 518 3277 556 :
3316 504 3388 558 Ut
3433 502 3529 557 det

1873 594 2031 650 vobis
2062 592 2384 649 secundum
2416 590 2653 646 divitias
2680 592 2895 661 gloriae
2925 605 3045 646 sum
3073 592 3293 647 virtute
3324 606 3532 647 corro-

1873 683 2076 739 borari
2104 697 2208 749 per
2244 681 2523 749 spiritum
2554 682 2701 748 ejus.
2748 681 2838 733 Hae
2880 684 3021 734 sunt
3051 679 3270 735 divitiae
3302 679 3375 735 de
3399 680 3529 749 qui-

1872 773 1983 827 bus
2023 771 2165 827 dicit
2198 770 2285 826 :0
2310 770 2567 826 altitudo
2598 768 2949 824 divitiarum
3008 768 3018 823 l
3078 768 3323 824 Abditas
3368 769 3528 825 enim

1870 861 2351 927 habentcausas,
2407 859 2505 913 ubi
2538 858 2716 913 nullis
2770 857 2993 912 meritis
3027 858 3527 927 praecedentibus,

1868 950 2011 1022 quid
2044 949 2361 1016 habemus,
2395 947 2560 1018 quod
2594 962 2711 1001 non
2744 947 3085 1018 accepimus
3111 946 3139 1001 εἴ
3178 947 3399 1002 Deinde
3438 962 3532 1002 se-

1866 1040 2161 1110 quitur,et
2190 1035 2333 1108 quid
2366 1040 2553 1107 optet,
2581 1035 2889 1106 adjungit;
2916 1036 2985 1090 In
3001 1035 3294 1099 interiori,
3315 1036 3526 1107 inquit,

1869 1129 2105 1184 homine
2134 1126 2401 1182 habitare
2442 1124 2748 1180 Christum
2790 1140 2898 1193 per
2934 1126 3109 1193 ﬁdem
3142 1125 3203 1179 in
3254 1125 3529 1181 cordibus

1857 1206 2087 1271 vestris.
2114 1216 2247 1270 Haec
2267 1220 2353 1270 est
2379 1213 2497 1269 vita
2522 1214 2815 1278 cordium,
2840 1229 2963 1285 qua
2984 1214 3234 1268 vivimus
3260 1213 3315 1268 in
3344 1230 3520 1269 saecu~

1863 1303 1987 1358 lum
2018 1304 2241 1369 saeculi,
2275 1303 2353 1359 ab
2382 1303 2565 1368 initio,
2589 1301 2723 1357 ﬁdei
2762 1318 2950 1373 usque
2978 1302 3053 1356 ad
3072 1302 3255 1357 ﬁnem
3282 1303 3522 1373 speciei.

1869 1394 1940 1449 Ut
1952 1393 2014 1449 in
2033 1393 2346 1459 charitate,
2370 1390 2580 1463 inquit,
2602 1391 2863 1446 radicati
2882 1398 2932 1445 et
2948 1391 3526 1459 fundatiprasvalea-

1862 1482 1933 1536 tis
1946 1481 2437 1550 comprehendere
2451 1495 2581 1535 cum
2595 1480 2865 1534 omnibus
2879 1479 3115 1535 sanctis.
3132 1480 3247 1533 Ista
3259 1484 3350 1535 est
3363 1495 3523 1535 com-

1862 1571 2067 1625 munio
2086 1570 2423 1640 ‘cujusdam
2464 1568 2679 1622 divinae
2713 1568 3089 1639 coelestisque
3130 1568 3469 1639 reipublicae
3501 1587 3517 1639 ;

1858 1660 1995 1714 hinc
2032 1664 2373 1714 saturantur
2405 1673 2717 1729 pauperes,
2749 1673 2868 1721 non
2894 1674 3001 1711 sua
3029 1662 3383 1729 quaerentes,
3413 1659 3521 1713 sed

1856 1763 1992 1818 quas
2018 1750 2150 1802 Jesu
2164 1748 2373 1802 Christi
2398 1765 2409 1813 ;
2438 1747 2496 1800 id
2515 1752 2621 1809 est,
2652 1761 2770 1800 non
2793 1746 3117 1800 commoda
3142 1746 3372 1816 privata
3396 1762 3516 1801 sec-

1858 1836 2187 1900 tantes,sed
2206 1839 2260 1889 in
2278 1852 2620 1899 commune,
2641 1835 2737 1888 ubi
2754 1834 2915 1889 salus
2934 1835 3207 1889 omnium
3234 1839 3341 1899 est,
3374 1850 3515 1889 con-

1857 1925 2118 1980 sulentes
2149 1944 2160 1979 :
2189 1941 2327 1979 nam
2362 1924 2434 1977 de
2462 1925 2594 1994 ipso
2622 1939 2778 1994 pane
2809 1939 2929 1994 quo
2962 1923 3105 1977 tales
3148 1928 3513 1987 saturantur,

1853 2014 2119 2086 quodam
2157 2014 2288 2069 loco
2320 2012 2637 2083 Apostolus
2668 2013 2829 2074 dicit,
2870 2014 3031 2068 Unus
3063 2013 3262 2078 panis,
3325 2028 3513 2068 unum

1853 2120 2084 2172 corpus,
2127 2103 2302 2158 multi
2338 2118 2554 2169 sumus,
2605 2102 2654 2169 (Ι
2699 2103 2834 2157 Cor.
2896 2118 2951 2163 x,
3015 2103 3121 2169 t7).
3171 2100 3323 2165 Quid
3368 2116 3510 2170 ergo

1853 2192 2360 2261 comprehendere
2390 2189 2419 2244 ‘l
2446 2191 2581 2258 Qum
2633 2190 2729 2255 sit,
2765 2189 2980 2260 inquit,
3036 2190 3315 2253 latitudo,
3360 2189 3512 2245 sicut

1846 2281 1972 2350 jam
2001 2281 2141 2349 dixi,
2169 2280 2223 2334 in
2268 2279 2442 2334 bonis
2472 2278 2776 2349 Operihus,
2824 2278 3047 2349 quibus
3094 2277 3508 2334 benevolentia

1852 2370 2174 2440 porrigitur
2190 2385 2376 2441 usque
2393 2369 2466 2423 ad
2483 2366 2819 2437 diligendos
2838 2368 3115 2422 inimicos
3138 2373 3220 2432 ;et
3249 2369 3507 2437 longitu-

1850 2459 1945 2525 do,
1980 2463 2033 2513 et
2062 2458 2502 2528 longanimiter,
2533 2473 2641 2527 pro
2698 2456 2811 2511 hac
2839 2455 3170 2520 latitudine,
3220 2456 3508 2512 molestiae

1850 2547 2171 2604 tolerentur
2199 2565 2211 2615 ;
2242 2554 2293 2602 et
2324 2545 2599 2609 altitudo,
2636 2550 2698 2600 ut
2719 2560 2826 2616 pro
2857 2544 2949 2599 his
3005 2550 3287 2599 aeternum
3343 2546 3508 2617 quod

1849 2638 1907 2692 in
1922 2636 2197 2707 supernis
2213 2639 2298 2690 est
2314 2635 2779 2705 praemium,non
2800 2649 3023 2687 vanum
3042 2632 3265 2705 aliquid
3282 2637 3508 2706 tempo-

1849 2726 1974 2782 rale
1997 2729 2265 2797 speretur
2296 2741 2309 2789 ;
2342 2728 2393 2779 et
2422 2724 2818 2792 profundum,
2856 2721 3015 2776 unde
3039 2723 3297 2791 gratuita
3320 2724 3509 2791 gratia

1850 2812 1944 2867 Dei
1979 2814 2310 2867 secundum
2341 2815 2634 2865 secretum
2657 2815 2709 2865 et
2729 2809 3000 2864 abditum
3022 2809 3344 2865 voluntatis
3379 2812 3507 2881 ejus

1849 2901 2061 2956 existit.
2092 2901 2175 2955 Ibi
2204 2900 2361 2955 enim
2395 2899 2663 2963 radicati,
2691 2898 2768 2953 ibi
2803 2914 3011 2953 sumus
3044 2898 3275 2953 fundati
3314 2900 3504 2956 :radi-

1849 2992 1981 3055 cati,
2011 2994 2255 3061 propter
2286 2988 2719 3057 agriculturam
2762 3004 2777 3056 ;
2815 2986 3065 3051 fundati,
3100 2992 3343 3057 propter
3371 2988 3504 3043 tedi-

1846 3078 2210 3134 ticationem:
2236 3092 2366 3148 quae
2386 3076 2677 3147 quoniam
2708 3090 2827 3130 non
2853 3079 2938 3129 est
2969 3075 3045 3129 ab
3068 3074 3330 3140 homine,
3364 3074 3505 3131 dicit

1847 3169 1963 3223 alio
2011 3167 2141 3222 loco
2182 3166 2339 3220 idem
2379 3164 2711 3234 apostolus,
2762 3164 2865 3219 Dei
2913 3163 3295 3231 agricultura
3350 3164 3498 3233 estis,

1848 3257 1953 3313 Dei
1980 3255 2293 3324 aediﬁcatio
2320 3253 2452 3309 estis
2487 3253 2664 3323 (Ibid.
2688 3270 2767 3319 ιιι,
2792 3252 2870 3322 9).
2905 3254 3021 3306 Hoc
3078 3254 3263 3305 totum
3309 3251 3504 3321 agitur

1845 3363 1980 3401 cum
2021 3346 2079 3399 in
2123 3344 2235 3400 hac
2267 3348 2470 3399 nostra
2503 3341 2978 3413 peregrinatione
3008 3339 3156 3395 ﬁdes
3186 3356 3291 3410 per
3329 3340 3505 3396 dilec-

1847 3436 2065 3491 tionem
2099 3437 2401 3504 operatur.
2438 3432 2501 3485 In
2544 3431 2740 3486 futuro
2767 3437 2965 3485 autem
2996 3430 3216 3485 sarculo
3242 3430 3504 3501 perfecta

1836 3524 2088 3595 etplena
2110 3522 2372 3577 charitas
2396 3522 2522 3575 sine
2550 3519 2672 3575 ulla
2706 3519 3001 3574 malorum
3027 3518 3355 3583 tolerantia,
3382 3534 3503 3575 non

1836 3612 2146 3668 ﬁdecredit
2171 3610 2336 3681 quod
2372 3625 2494 3664 non
2518 3609 2699 3671 videt,
2734 3624 2842 3662 nec
2868 3623 2972 3679 spe
3001 3608 3300 3663 desiderat
3337 3608 3503 3679 quod

1836 3718 1956 3757 non
1982 3706 2175 3765 tenet;
2212 3700 2314 3753 sed
2339 3700 2396 3752 in
2427 3704 2715 3752 aeternum
2750 3696 3006 3751 veritatis
3039 3696 3503 3753 incommutabi-

1834 3790 1951 3846 lem
1983 3788 2243 3860 speciem
2272 3785 2795 3857 contemplabitur,
2827 3785 2999 3852 cujus
3028 3785 3152 3838 sine
3188 3784 3305 3839 tine
3336 3786 3499 3855 quie-

1832 3884 1957 3933 tum
1992 3893 2143 3948 opus
2174 3877 2301 3940 erit,
2335 3875 2578 3931 laudare
2604 3874 2769 3945 quod
2796 3879 2980 3937 amat,
3014 3878 3070 3928 et
3100 3888 3308 3927 amare
3335 3873 3501 3944 quod

1836 3968 2059 4023 laudat.
2106 3968 2181 4020 De
2230 3965 2343 4019 hac
2394 3967 2830 4034 consequenter
2870 3962 3055 4016 dicit:
3107 3961 3276 4017 Scire
3324 3963 3499 4016 etiam

1834 4057 2362 4123 supereminentem
2388 4054 2697 4108 scientiam
2726 4050 2993 4107 charitas
3026 4050 3273 4117 Christi,
3305 4056 3366 4105 ut
3398 4050 3501 4105 im-

1830 4146 2116 4217 pleamini
2153 4144 2215 4199 in
2270 4157 2497 4198 omnem
2542 4140 2971 4210 plenitudinem
3008 4140 3137 4196 Dei.

1906 4274 1994 4329 64.
2030 4274 2089 4328 In
2118 4272 2232 4328 hoc
2261 4267 2545 4342 mysterio
2560 4267 2755 4337 ﬁgura
2775 4267 2969 4322 crucis
3003 4265 3354 4323 ostenditur.
3389 4266 3499 4331 Qui

1833 4365 1989 4419 enim
2018 4363 2160 4434 quia
2192 4360 2662 4416 voluitmortuus
2690 4355 3122 4425 est,quomodo
3140 4352 3323 4409 voluit
3346 4370 3498 4408 mor-

1835 4458 1972 4508 tuus
2005 4451 2255 4507 est.Non
2285 4449 2499 4503 frustra
2527 4446 2703 4515 igitur
2738 4445 2845 4499 tale
2870 4459 3059 4513 genus
3077 4442 3280 4497 mortis
3299 4442 3492 4510 elegit,

1834 4541 2112 4597 nisiutin
2154 4556 2220 4594 eo
2248 4551 2490 4608 quoque
2533 4532 2863 4588 latitudinis
2905 4532 3105 4600 hujus,
3141 4537 3196 4585 et
3236 4528 3499 4600 longitu-

1835 4630 2017 4693 dinis,
2039 4634 2092 4683 et
2114 4624 2472 4687 altitudinis,
2502 4619 2995 4693 etprofunditatis
3028 4618 3320 4689 magister
3350 4617 3497 4672 exis-

1835 4723 1998 4773 teret.
2018 4720 2164 4771 Nam
2184 4712 2436 4769 latitudo
2459 4710 2624 4766 estin
2644 4725 2713 4764 eo
2728 4708 2889 4779 ligno
2905 4707 3069 4780 quod
3086 4714 3495 4762 transversum

1833 4808 2093 4878 desuper
2119 4804 2320 4873 figitur
2353 4819 2365 4857 :
2394 4802 2507 4857 hoc
2538 4799 2616 4854 ad
2646 4798 2803 4854 bona
2836 4813 3019 4869 opera
3047 4797 3319 4869 pertinet,
3352 4796 3497 4867 quia

1834 4897 1913 4951 ibi
1941 4895 2345 4950 extenduntur
2376 4906 2608 4945 manus.
2644 4886 2979 4956 Longitudo
3022 4886 3081 4940 in
3114 4902 3183 4941 eo
3215 4885 3371 4956 quod
3416 4885 3492 4938 ab

1833 4987 1964 5057 ipso
1991 4984 2153 5053 ligno
2211 4997 2397 5053 usque
2442 4979 2515 5034 ad
2562 4984 2779 5033 terram
2830 4976 3223 5047 conspicuum
3277 4979 3366 5028 est
3410 4972 3491 5026 ibi

1833 5076 1992 5130 enim
2038 5069 2493 5145 quodammodo
2545 5072 2750 5129 statur,
2802 5066 2861 5121 id
2920 5071 3025 5130 est,
3070 5062 3398 5135 persistitur
3437 5065 3492 5115 et

1836 5166 2245 5236 perseveratur
2274 5158 2467 5231 ;quod
2495 5154 2936 5228 longanimitati
2956 5152 3249 5207 tribuitur.
3281 5148 3489 5204 Altitu-

1834 5254 1912 5308 do
1935 5258 2022 5307 est
2053 5253 2109 5305 in
2141 5266 2211 5303 ea
2240 5248 2378 5318 ligui
2414 5252 2602 5318 parte,
2632 5260 2766 5315 quae
2792 5241 2990 5297 abillo
3012 5238 3176 5311 quod
3196 5244 3488 5293 transver-

1836 5358 1970 5395 sum
2013 5340 2227 5407 figitur,
2262 5352 2495 5391 sursum
2527 5350 2730 5387 versus
2763 5329 3136 5400 relinquitur,
3157 5327 3271 5382 hoc
3303 5330 3387 5380 est
3412 5325 3487 5380 ad

1836 5430 1996 5501 apud
2022 5426 2312 5495 crucifixi;
2339 5428 2481 5496 quia
2506 5424 2654 5477 bene
2682 5419 3051 5491 sperantium
3074 5431 3333 5487 superna
3362 5430 3489 5468 exs-

1838 5518 2090 5590 pectatio
2110 5529 2215 5569 est.
2247 5516 2377 5569 Jam
2407 5510 2700 5566 veroillud
2719 5525 2789 5563 ex
2813 5507 2973 5575 ligno
2992 5506 3151 5577 quod
3176 5520 3284 5559 non
3303 5520 3485 5575 appa-

1836 5613 1939 5675 ret,
1963 5604 2123 5676 quod
2148 5605 2328 5657 tixum
2346 5600 2699 5661 occultatur,
2736 5598 2891 5650 unde
2915 5600 3099 5649 totum
3119 5593 3264 5649 illud
3288 5609 3488 5648 exsur-

1838 5697 1940 5767 git,
1966 5692 2434 5767 profunditatem
2458 5688 2741 5761 siguiticat
2758 5685 3024 5756 gratuitae
3041 5683 3244 5754 gratias
3260 5706 3271 5738 :
3290 5683 3347 5738 in
3365 5698 3486 5754 quo
