4074 6158
527 171 634 226 567

530 295 853 351 multorum
883 294 1122 363 ingenia
1170 297 1556 348 conteruntur
1595 292 1653 348 id
1702 294 2059 362 investigare
2094 307 2186 347 co-

530 386 753 447 nantia,
791 384 952 437 utad
998 388 1331 436 extremum
1386 381 1473 435 eis
1521 382 1775 448 dicatur,
1848 383 1893 437 0
1927 383 2091 437 homo
2124 388 2187 435 tu

528 474 658 543 quis
683 487 741 527 es
769 471 872 539 qui
897 470 1257 537 respondeas
1286 472 1402 526 Deo
1429 470 1609 541 (Rom.
1648 488 1723 531 ix.
1754 472 1845 540 20)
1877 470 1903 525 ?

600 562 689 614 65.
724 560 928 613 Vivent
950 575 1092 627 ergo
1123 560 1307 614 corda
1330 566 1737 615 saturatorum
1770 575 2107 631 pauperum
2130 558 2189 611 in

534 649 820 702 saeculum
840 647 1182 712 saeculi;hoc
1197 654 1281 701 est
1295 648 1613 703 humilium
1633 648 1921 703 charitate
1937 649 2191 717 ﬂagran-

532 737 694 798 tium,
729 752 847 791 nou
881 752 990 791 sua
1018 737 1440 807 quaerentium,
1477 738 1581 791 sed
1614 743 1959 793 sanctorum
2004 735 2193 790 socie-

534 831 648 881 tate
674 825 1087 895 gaudentium.
1124 828 1242 880 Hoc
1261 826 1535 896 primitus
1568 827 1627 881 in
1650 827 1943 896 Apostolis
1970 824 2189 879 factum

534 921 638 969 est.
683 914 799 969 Sed
841 914 1147 969 laudando
1190 915 1398 983 Deum,
1428 915 1483 969 id
1521 923 1607 969 est
1643 914 2027 986 prtedicando
2059 928 2194 983 gra-

534 1005 678 1058 tiam
711 1004 808 1058 Dei
846 1003 1157 1074 (quoniam
1190 1004 1414 1059 dictum
1456 1010 1563 1068 est,
1594 1004 1956 1059 Laudabunt
2001 1002 2195 1057 Domi-

536 1109 675 1148 num
699 1092 797 1162 qui
822 1094 1324 1163 requirunteum),
1347 1093 1493 1164 quid
1522 1092 1875 1164 populorum
1907 1091 2197 1162 acquisie-

537 1181 673 1247 rint,
712 1184 768 1236 in
816 1196 885 1235 eo
912 1181 1077 1251 quod
1102 1173 1388 1252 sequitur,
1421 1181 1576 1237 vide.

612 1272 833 1326 CAPUT
855 1273 1054 1325 XXVII.
1089 1302 1139 1311 —
1175 1272 1266 1326 66.
1294 1271 1957 1331 Commemorabuntur.
1983 1268 2194 1339 inquit,

538 1368 590 1415 et
614 1365 1025 1415 convertentur
1052 1359 1133 1415 ad
1159 1360 1470 1415 Dominum
1502 1359 1764 1415 universi
1809 1360 1950 1427 ﬁnes
1981 1365 2155 1414 terra
2182 1373 2199 1421 ;

540 1455 592 1505 et
621 1448 957 1504 adorabunt
1002 1447 1061 1501 in
1094 1455 1408 1515 conspectu
1470 1450 1592 1518 ejus
1647 1449 1935 1504 universae
1987 1446 2201 1516 patriae

541 1538 802 1605 gentium
828 1555 847 1591 :
878 1537 1152 1607 quoniam
1190 1536 1425 1591 Domini
1454 1545 1533 1593 est
1560 1553 1832 1607 regnum,
1858 1542 1909 1591 et
1942 1536 2065 1604 ipse
2093 1534 2195 1589 ἀοι

541 1625 871 1680 minabitur
899 1626 1183 1693 gentium.
1217 1626 1311 1680 Ille
1340 1628 1564 1692 irrisus,
1602 1626 1699 1683 ille
1727 1625 2069 1690 cruciﬁxus,
2106 1625 2200 1678 ille

543 1713 856 1767 derelictus
893 1713 1005 1767 hoc
1034 1729 1281 1784 regnum
1316 1714 1575 1785 acquirit
1606 1731 1618 1769 :
1652 1720 1708 1769 et
1759 1714 1949 1769 tradet
1993 1714 2050 1767 in
2084 1713 2201 1766 fine

547 1804 663 1856 Deo
689 1807 745 1856 et
770 1802 922 1856 Patri
954 1820 969 1871 ;
1018 1818 1133 1856 non
1153 1806 1213 1855 ut
1244 1802 1372 1872 ipse
1406 1804 1660 1869 amittat,
1682 1805 1784 1857 sed
1807 1802 1971 1874 quod
1995 1802 2055 1856 in
2084 1800 2202 1855 ﬁde

546 1890 881 1955 seminavit,
907 1906 1042 1945 cum
1068 1890 1223 1944 venit
1256 1892 1448 1946 minor
1472 1895 1653 1955 Patre,
1683 1892 1795 1946 hoc
1819 1892 2105 1962 perducat
2125 1888 2204 1944 ad

546 1978 806 2048 speciem
836 1978 891 2032 in
914 1994 1035 2049 qua
1061 1978 1311 2050 aequalis
1346 1994 1466 2034 non
1491 1981 1731 2035 recessit
1751 1997 1785 2034 a
1807 1980 1991 2034 Patre.
2025 1979 2202 2033 Man-

547 2068 914 2122 ducaverunt
944 2072 997 2123 et
1024 2068 1434 2123 adoraverunt
1484 2084 1681 2123 omnes
1736 2068 1945 2124 divites
1980 2074 2155 2123 terra;
2187 2082 2203 2118 :

547 2156 759 2211 divites
775 2162 962 2220 terrae,
980 2158 1274 2227 superbos
1297 2156 1624 2226 intelligere
1646 2158 1952 2221 debemus,
1983 2157 2032 2210 si
2050 2160 2205 2211 recte

549 2244 827 2317 superius
876 2260 1191 2316 pauperes,
1256 2246 1513 2300 humiles
1576 2246 2081 2315 intelligebamus,
2133 2243 2205 2297 de

548 2334 769 2406 quibus
801 2334 858 2387 in
888 2334 1206 2401 Evangelio
1238 2335 1403 2396 dicit,
1442 2335 1615 2390 Beati
1642 2349 1934 2402 pauperes
1966 2334 2204 2402 spiritu,

548 2423 826 2494 quoniam
848 2422 1109 2489 ipsorum
1142 2430 1223 2478 est
1252 2439 1502 2492 regnum
1535 2425 1854 2479 caelorum:
1884 2424 2017 2493 ipsa
2047 2422 2207 2477 enim

553 2516 692 2564 sunt
724 2511 917 2573 mites,
949 2510 1236 2577 lugentes.
1288 2511 1617 2565 esurientes
1656 2517 1711 2565 et
1751 2512 2013 2566 sitientes
2040 2511 2209 2580 justi-

551 2600 713 2662 tiam,
751 2599 1187 2665 misericordes,
1232 2599 1681 2663 mundicordes,
1726 2600 1982 2670 paciﬁci,
2018 2607 2075 2654 et
2108 2598 2213 2671 qui

552 2688 1024 2757 persecutionem
1044 2686 1347 2757 patiuntur
1378 2693 1618 2759 propter
1643 2688 1958 2758 justitiam,
1989 2687 2213 2759 quibus

554 2775 1076 2846 praedicationibus
1100 2775 1450 2845 singillatim
1480 2777 1909 2832 beatitudinem
1940 2776 2213 2846 adjunxit

550 2864 790 2933 (Matth.
826 2880 881 2927 v,
914 2864 1088 2935 342).
1119 2868 1328 2920 Contra
1356 2881 1497 2934 ergo
1515 2865 1732 2920 divites
1753 2872 1917 2920 terras
1936 2866 2050 2920 hoc
2080 2864 2211 2919 loco

557 2953 801 3023 superbi
827 2952 1195 3020 intelligendi
1221 2959 1374 3007 sunt.
1428 2956 1625 3025 Neque
1666 2953 1824 3008 enim
1859 2953 2076 3008 frustra
2132 2954 2210 3009 ita

552 3042 814 3097 distincti
842 3048 999 3107 sunt,
1037 3049 1095 3097 ut
1126 3042 1199 3097 de
1243 3042 1610 3115 pauperibus
1663 3059 1846 3113 supra
1896 3042 2207 3107 diceretur,

550 3132 743 3187 Edent
770 3146 1079 3199 pauperes,
1131 3139 1183 3186 et
1210 3132 1651 3187 saturabuntur
1685 3148 1696 3186 :
1724 3133 1817 3186 hic
1848 3147 2006 3196 vero,
2042 3133 2211 3187 Man-

550 3222 921 3276 (lucaverunt
953 3226 1005 3274 et
1026 3220 1429 3275 adoraverunt
1453 3236 1651 3276 omnes
1683 3221 1891 3276 divites
1924 3228 2114 3277 terrae.
2148 3222 2213 3275 Et

554 3310 669 3377 ipsi
698 3310 920 3379 quippe
946 3308 1186 3362 adducti
1218 3315 1357 3363 sunt
1385 3309 1458 3363 ad
1492 3325 1763 3363 mensam
1795 3310 2095 3375 Christi,et
2117 3325 2212 3364 ac-

553 3398 873 3464 cipiuutde
900 3412 1148 3467 corpore
1181 3400 1237 3449 et
1268 3397 1557 3465 sanguine
1596 3398 1761 3467 ejus;
1798 3398 1902 3452 sed
1954 3397 2211 3453 adorant

554 3490 809 3547 tantum,
840 3501 958 3539 non
991 3486 1169 3539 etiam
1205 3492 1565 3547 saturantur,
1599 3486 1888 3557 quoniam
1924 3502 2039 3541 non
2079 3486 2211 3541 imi-

557 3579 772 3627 tantur.
802 3573 1228 3629 Manducantes
1260 3572 1416 3628 enim
1448 3590 1773 3644 pauperem
1807 3576 1849 3635 1,
1874 3574 2210 3643 dedignan-

556 3668 652 3716 tur
681 3677 812 3717 esse
837 3678 1131 3733 pauperes
1164 3664 1337 3734 :quia
1361 3662 1627 3717 Christus
1664 3678 1769 3733 pro
1802 3664 1974 3718 nobis
1989 3680 2207 3735 passus

558 3755 659 3811 est,
687 3749 1027 3821 relinquens
1067 3749 1242 3805 nobis
1269 3755 1614 3823 exemplum
1639 3757 1698 3806 ut
1727 3768 2057 3824 sequamur
2083 3768 2210 3807 ves-

556 3840 699 3912 tigia
738 3841 867 3910 ejus
899 3840 940 3907 (l
976 3842 1133 3895 Petr.
1166 3855 1224 3907 II,
1258 3840 1347 3911 2t)
1376 3842 1791 3896 Verumtamen
1824 3842 1989 3913 quod
2016 3841 2208 3896 humi-

554 3928 712 3984 liavit
736 3928 1149 3998 semetipsum,
1186 3928 1375 3983 factus
1402 3928 1692 3985 obediens
1727 3945 1919 4001 usque
1948 3930 2019 3984 ad
2055 3946 2209 3985 mor-

557 4024 693 4081 tem,
729 4023 977 4071 mortem
1012 4022 1212 4071 autem
1237 4018 1451 4081 crucis,
1469 4024 1874 4088 aspernantur
1894 4018 2127 4082 divites,
2154 4026 2209 4073 et

556 4105 773 4159 similia
805 4105 1026 4175 perpeti
1054 4112 1359 4174 respuunt,
1386 4111 1619 4160 tumore
1634 4112 1672 4175 ι,
1708 4122 1828 4161 non
1850 4107 2208 4176 magnitudi-

554 4209 628 4248 ne
657 4213 668 4251 :
705 4194 1047 4247 infirmitate
1073 4208 1235 4262 ergo,
1273 4210 1391 4248 non
1425 4196 1699 4249 sanitate.
1735 4197 1843 4250 Sed
1886 4197 2028 4267 quia
2058 4199 2208 4251 Deus

555 4282 830 4337 excitavit
851 4298 985 4336 eum
1010 4297 1045 4336 a
1073 4283 1342 4349 mortuis,
1368 4288 1422 4336 et
1445 4282 1691 4339 donavit
1711 4283 1761 4339 ei
1796 4299 2015 4339 nomen
2045 4286 2207 4357 quod

554 4376 641 4426 est
662 4386 841 4443 super
864 4386 1043 4426 omne
1069 4386 1309 4435 nomen,
1334 4377 1396 4426 ut
1418 4373 1475 4426 in
1508 4372 1750 4427 nomine
1771 4375 1908 4427 Jesu
1938 4372 2210 4429 ﬂectatur

553 4474 727 4515 omne
760 4474 937 4527 genu,
959 4459 1312 4528 cmlestium,
1348 4460 1727 4529 terrestrium,
1759 4469 1813 4516 et
1840 4461 2205 4517 infernarum

548 4548 839 4619 (Philipp.
865 4566 924 4613 ιι,
961 4550 1150 4620 8-1Ο);
1186 4549 1347 4606 fama
1369 4550 1735 4605 celsitudinis
1775 4552 1904 4623 ejus
1939 4558 1993 4606 et
2020 4551 2211 4621 gloria

551 4637 811 4693 nominis
841 4640 968 4708 ejus
1008 4639 1065 4692 iu
1101 4639 1359 4694 Ecclesia
1391 4655 1822 4711 usquequaque
1840 4640 2057 4695 diffusa
2084 4656 2211 4711 per-

552 4726 716 4788 moti,
751 4732 804 4780 et
843 4727 953 4797 ipsi
988 4726 1233 4781 veniunt
1262 4726 1339 4781 ad
1404 4743 1695 4795 mensam,
1743 4729 2112 4783 manducant
2154 4734 2210 4785 et

553 4814 800 4871 adorant
837 4831 987 4879 ;non
1006 4822 1204 4871 tamen
1231 4822 1597 4881 saturantur,
1625 4819 1766 4890 quia
1797 4834 1915 4872 non
1941 4818 2210 4873 esuriunt

553 4910 608 4959 et
675 4903 879 4958 sitiunt
933 4905 1223 4977 justitiam
1284 4905 1485 4960 :tales
1546 4908 1703 4961 enim
1759 4906 2206 4962 saturabuntur.

550 4994 910 5066 Quanquam
928 4993 1182 5062 perfecta
1203 4996 1481 5049 saturitas
1509 4995 1566 5048 in
1592 4995 1686 5050 illa
1709 4996 1831 5050 vita
1845 5004 2064 5051 aeterna
2080 4998 2206 5061 erit,

551 5098 689 5137 cum
717 5098 786 5137 ex
816 5082 927 5137 ista
962 5082 1440 5153 peregrinatione
1481 5084 1820 5138 venerimus
1872 5100 1938 5139 ex
1970 5084 2087 5139 ﬁde
2132 5085 2209 5140 ad

554 5172 836 5242 speciem,
880 5172 958 5226 ab
994 5170 1238 5241 speculo
1266 5171 1343 5225 ad
1392 5172 1623 5241 faciem,
1654 5174 1731 5228 ab
1783 5176 2099 5243 aenigmate
2133 5174 2209 5228 ad

552 5259 931 5330 perspicuam
962 5261 1263 5315 veritatem
1294 5280 1307 5328 ;
1343 5276 1463 5315 non
1506 5268 1703 5316 tamen
1728 5262 2211 5318 inconvenienter

556 5354 854 5403 saturatus
877 5350 1090 5404 dicitur
1117 5351 1749 5420 paupertate’Christi,
1782 5352 1884 5422 qui
1908 5368 2016 5424 pro
2044 5352 2208 5423 justi-

626 5491 634 5517 '
676 5489 845 5555 Edd._
875 5491 999 5555 Bad.
1038 5493 1154 5540 Am.
1188 5496 1240 5542 et
1270 5492 1352 5541 Er.
1386 5493 1643 5543 omittunt
1691 5508 1968 5555 pauperem
2002 5509 2018 5555 ;
2046 5510 2209 5555 quam

558 5564 742 5619 vocem
767 5552 1019 5619 exhibent
1070 5568 1257 5619 omnes
1282 5556 1505 5619 inspecti
1536 5569 1567 5605 a
1623 5552 1777 5619 nobis
1798 5552 1809 5555 ⁷
1831 5558 1953 5606 Mss.
1987 5552 2039 5608 et
2064 5552 2201 5609 Lov.

616 5616 633 5644 ι
665 5612 744 5676 _lta
772 5613 890 5661 Mss.
916 5618 1327 5676 praestantiores.
1356 5612 1417 5666 A't
1438 5619 1616 5666 excusi
1640 5618 1853 5673 habent,
1884 5622 2080 5670 timere.

617 5676 635 5706 ³
659 5674 854 5737 Regius
884 5674 1030 5734 Cod,
1065 5694 1289 5742 pauper.

1812 168 1870 224 S.
1915 165 2301 224 AUGUSTINI
2345 165 2668 221 EPISCOPI

3844 168 3943 223 568

2296 291 2374 346 tia
2400 291 2551 361 ejus,
2583 290 2693 345 hoc
2725 294 2816 346 est
2855 306 2961 362 pro
2996 289 3455 361 participatione
3492 289 3668 345 Verbi
3721 294 3939 358 aeterni,

2294 396 2481 451 quam
2498 380 2801 435 inchoavit
2818 380 3048 435 interim
3069 379 3201 445 fide,
3229 379 3437 434 omnia
3460 378 3817 449 temporalia
3833 397 3943 436 non

2296 470 2489 524 solum
2520 476 2916 540 temperanter
2944 467 3272 524 contemnit
3302 468 3487 533 bona,
3522 484 3729 524 verum
3778 468 3941 525 etiam

2300 558 2587 629 patienter
2617 558 2869 612 sustinet
2892 557 3067 612 mala.

2371 652 2456 701 67.
2494 646 2659 702 Tales
2679 646 2919 701 fuerunt
2968 648 3288 717 piscatores
3341 650 3398 699 et
3442 644 3750 716 publicani
3780 662 3793 711 ;
3820 646 3943 717 quia

2298 738 2532 803 abiecta
2568 734 2747 804 hujus
2782 736 2987 789 mundi
3010 734 3204 803 elegit,
3232 741 3294 789 ut
3341 733 3746 788 confunderet
3784 734 3945 790 fortia

2299 825 2344 894 (I
2374 826 2508 880 Cor.
2539 840 2575 889 ι,
2614 824 2704 894 27)
2738 841 2751 877 :
2790 824 2865 877 de
2898 824 2988 878 his
3018 823 3241 877 dictum
3270 829 3380 888 est,
3412 823 3612 877 Edent
3646 838 3944 891 pauperes,

2300 920 2352 969 et
2390 913 2851 969 saturabuntur.
2880 911 2989 967 Sed
3026 913 3170 984 quia
3198 912 3373 967 istam
3406 912 3786 966 saturitatem
3834 927 3941 966 non

2302 1002 2464 1073 apud
2498 1003 2729 1071 seipsos
2761 1007 3071 1057 tenuerunt
3111 999 3599 1071 (quodammodo
3654 1000 3801 1054 enim
3831 1016 3946 1055 ruc-

2302 1096 2495 1147 tantes
2517 1092 2833 1146 Dominum
2864 1090 3262 1147 laudaverunt
3295 1106 3309 1155 ;
3352 1089 3412 1143 id
3446 1098 3562 1154 est,
3597 1089 3945 1160 prmdicave-

2304 1187 2441 1233 runt
2468 1186 2798 1251 quaerentes
2837 1195 2996 1245 eum,
3035 1179 3150 1234 hoc
3180 1185 3268 1234 est
3299 1193 3421 1233 non
3456 1194 3573 1233 sua
3602 1186 3947 1249 quaerentes,

2306 1268 2408 1323 sed
2439 1270 2496 1323 in
2523 1284 2661 1323 eum
2688 1269 2970 1324 cbaritate
3002 1269 3374 1339 ﬂagrantes),
3434 1284 3649 1323 eorum
3681 1266 3946 1339 praedica-

2307 1360 2463 1413 tione
2494 1365 2830 1413 commotus
2860 1365 2944 1412 est
2978 1357 3263 1422 mundus,
3296 1365 3357 1413 ut
3410 1364 3947 1412 commemorentur

2306 1455 2361 1503 et
2386 1453 2808 1502 convertantur
2828 1447 2901 1503 ad
2930 1448 3265 1502 Dominum
3287 1447 3560 1501 universi
3595 1446 3743 1501 fines
3771 1453 3942 1510 terrai,

2307 1542 2359 1592 et
2391 1537 2640 1591 adorent
2668 1539 2726 1590 in
2747 1542 3071 1606 conspectu
3105 1537 3234 1606 ejus
3268 1538 3571 1591 universas
3607 1534 3805 1606 patriae
3820 1551 3945 1604 gen-

2308 1628 2449 1682 tium
2490 1643 2502 1691 ;
2537 1626 2815 1696 quoniam
2862 1626 3093 1682 Domini
3116 1634 3194 1681 est
3226 1642 3493 1696 regnum,
3530 1632 3583 1681 et
3629 1627 3751 1694 ipse
3779 1626 3947 1681 domi-

2306 1715 2554 1771 nabitur
2589 1715 2875 1784 gentium.
2938 1718 3052 1771 Hac
3085 1716 3344 1771 Ecclesia
3383 1715 3737 1771 dilatatione
3785 1717 3943 1770 etiam

2309 1806 2574 1876 superbi,
2604 1804 2661 1859 id
2691 1811 2777 1859 est.
2806 1806 3016 1860 divites
3046 1813 3211 1860 terra;
3244 1804 3500 1859 adducti
3536 1812 3676 1860 sunt
3703 1810 3761 1859 ut
3799 1819 3943 1858 man-

2309 1894 2597 1949 ducarent
2627 1911 2639 1959 ;
2674 1895 3023 1966 etquamvis
3043 1911 3161 1949 non
3178 1895 3666 1959 saturati,tamen
3682 1896 3935 1949 adorant.

2313 1987 2476 2040 Hunc
2501 1985 2724 2055 quippe
2769 1985 3037 2039 ordinem
3090 1985 3408 2055 prophetia
3451 1984 3671 2040 Psalmi
3701 1984 3807 2039 hoc
3830 1983 3940 2039 loco

2313 2074 2520 2137 tenuit,
2543 2090 2723 2145 quem
2756 2074 3027 2127 videmus
3054 2073 3306 2144 impleri.
3333 2073 3631 2144 Adjungit
3656 2079 3861 2131 autem.
3884 2075 3938 2127 In

2312 2169 2625 2230 conspectu
2657 2164 2785 2232 ejus
2825 2162 3125 2228 procident
3153 2177 3356 2219 omnes
3389 2162 3496 2234 qui
3525 2162 3870 2218 descendunt
3889 2161 3938 2215 in

2314 2258 2537 2307 terram
2566 2268 2581 2305 :
2615 2252 2671 2305 id
2702 2258 2808 2316 est,
2843 2266 3055 2305 omnes
3086 2251 3249 2306 bona
3282 2252 3558 2307 amando
3579 2257 3817 2312 terrena,
3842 2266 3939 2303 non

2314 2340 2373 2395 in
2404 2340 2619 2395 coelum
2653 2340 3002 2395 ascendunt.
3038 2342 3163 2394 Non
3218 2340 3384 2395 enim
3421 2339 3651 2396 faciunt
3699 2339 3846 2411 quod
3875 2339 3941 2393 ait

2315 2428 2650 2499 Apostolus.
2692 2429 2757 2483 Si
2784 2428 3195 2484 resm‘rexistis
3224 2444 3361 2484 cum
3394 2429 3645 2495 Christo,
3686 2444 3808 2501 qua
3832 2444 3939 2482 sur-

2319 2533 2447 2572 sum
2478 2524 2615 2572 sunt
2638 2520 2904 2588 quaerite,
2938 2517 3039 2572 ubi
3065 2517 3339 2574 Christus
3373 2524 3456 2574 est
3497 2518 3561 2574 in
3592 2519 3827 2575 dextera
3854 2517 3939 2571 Dei

2319 2606 2560 2674 sedens;
2588 2622 2719 2676 qua
2748 2622 2978 2661 sursum
3006 2611 3145 2661 sunt
3199 2606 3415 2674 sapite,
3451 2622 3572 2663 non
3624 2622 3747 2679 qua:
3788 2620 3936 2674 super

2320 2702 2538 2751 terram
2562 2695 2812 2764 (Cotoss.
2840 2711 2918 2758 ιιι,
2953 2696 3004 2765 1,
3059 2698 3113 2761 2)
3146 2710 3158 2749 :
3206 2695 3312 2751 sed
3352 2696 3554 2767 potius
3594 2702 3810 2768 quanto
3844 2694 3934 2748 sibi

2318 2784 2495 2839 bonis
2532 2783 2775 2838 terrenis
2803 2782 3092 2840 feliciores
3150 2784 3461 2851 videntur,
3500 2789 3663 2841 tanto
3692 2783 3864 2853 magis
3889 2783 3934 2836 in

2319 2877 2538 2928 terram
2553 2872 2941 2938 descendunt,
2962 2872 3075 2928 hoc
3088 2877 3193 2939 est,
3209 2874 3267 2928 in
3288 2880 3530 2931 terrena
3542 2874 3934 2946 deprimuntur.

2320 2962 2383 3015 Et
2405 2961 2538 3016 ideo
2560 2962 2618 3016 in
2650 2968 2967 3033 conspectu
2983 2962 3113 3032 ejus
3142 2962 3481 3034 procidant,
3511 2963 3566 3018 id
3596 2968 3696 3028 est,
3723 2960 3813 3017 ubi
3833 2960 3933 3029 ipse

2318 3050 2496 3113 videt,
2528 3066 2647 3104 non
2683 3050 2783 3105 ubi
2837 3049 3112 3106 homines
3167 3051 3377 3108 vident
3415 3054 3521 3124 qui
3568 3067 3666 3109 eos
3712 3048 3931 3107 excelsos

2320 3138 2725 3210 sublimesque
2755 3138 3138 3195 arbitrantur.

2390 3229 2609 3283 CAPUT
2634 3230 2856 3284 XXVIII.
2874 3261 2939 3270 —
2963 3231 3133 3285 68.Et
3149 3230 3380 3298 anima,
3402 3227 3931 3302 inquit,meaipsivi-

2319 3325 2407 3373 vet
2438 3334 2454 3372 :
2487 3318 2601 3386 ipsi
2618 3319 2840 3388 utique,
2860 3334 2977 3373 non
3001 3319 3135 3384 sibi,
3152 3320 3304 3374 sicut
3327 3320 3724 3391 superborum
3741 3316 3930 3388 privato

2317 3408 2478 3463 bono
2493 3408 2964 3470 suoleetantium.
2994 3415 3047 3465 et
3079 3426 3115 3464 a
3142 3409 3735 3465 communiomnium
3763 3403 3924 3460 bono1

2316 3496 2481 3567 quod
2512 3500 2661 3551 Deus
2687 3504 2793 3563 est,
2819 3498 2982 3554 inani
3005 3498 3263 3554 elatione
3278 3498 3687 3554 resilientium.
3715 3498 3819 3550 Hoc
3844 3490 3927 3545 uti-

2316 3601 2433 3657 que
2465 3584 2814 3650 devitemus,
2840 3594 2895 3643 et
2937 3589 3245 3642 communi
3284 3589 3485 3659 potius
3518 3602 3653 3643 vero
3692 3581 3923 3641 omnium

2316 3673 2479 3729 bono
2512 3674 2753 3745 perfrui.
2774 3691 2961 3746 quam
2987 3676 3205 3746 privato
3221 3683 3428 3732 nostro
3455 3675 3709 3745 gaudere
3730 3683 3922 3744 quiera-

2318 3777 2453 3816 mns
2480 3780 2497 3832 ;
2528 3764 2717 3834 utqui
2757 3764 2978 3827 vivunt,
3006 3766 3136 3833 jam
3172 3765 3419 3821 nonsibi
3459 3765 3677 3828 vivant,
3708 3754 3921 3814 sicutait

2316 3851 2757 3921 Apostolus,sed
2769 3855 2823 3909 ei
2831 3856 2935 3924 qui
2944 3868 3051 3920 pro
3064 3853 3205 3922 ipsis
3220 3854 3467 3910 mortuis
3481 3858 3564 3910 est
3576 3855 3627 3909 et
3641 3842 3919 3905 resurrexit

2314 3940 2385 4010 ill
2411 3940 2541 3995 Cor.
2565 3945 2735 4005 v.15).
2763 3944 2868 3997 Pro
2885 3941 3000 3997 hoc
3014 3943 3173 3998 enim
3192 3944 3490 3999 mediator
3511 3940 3743 3997 effectus
3761 3939 3852 3997 est,
3875 3934 3921 3984 ut

2318 4044 2427 4083 nos
2441 4029 2776 4085 reconciliet
2796 4032 2910 4085 Deo
2941 4031 3482 4102 perhumilitatem.
3508 4048 3543 4087 a
3571 4044 3688 4102 quo
3729 4038 3820 4097 per
3838 4022 3923 4075 im-

2317 4116 2479 4189 piam
2505 4119 2850 4189 superbiam
2876 4119 3053 4190 longe
3088 4136 3553 4177 recesseramus.
3583 4122 3769 4187 Neque
3790 4110 3917 4166 enim

2319 4211 2548 4261 tantum
2586 4206 2730 4261 illud
2761 4211 3047 4280 scriptum
3076 4215 3182 4275 est,
3210 4211 3375 4281 quod
3409 4224 3590 4280 supra
3611 4202 3791 4277 posui,
3821 4193 3918 4252 Ini-

2318 4294 2463 4350 tium
2481 4296 2668 4351 omnis
2681 4298 2909 4365 peccati
2925 4298 3201 4365 superbia
3224 4320 3244 4368 ;
3267 4300 3372 4355 sed
3388 4300 3560 4354 etiam
3587 4297 3693 4351 hoc
3707 4289 3779 4346 ibi
3807 4282 3920 4353 legi-

2320 4389 2412 4437 tur
2442 4402 2454 4437 :
2492 4384 2735 4439 Initium
2778 4386 3071 4453 superbia
3104 4387 3377 4451 hominis.
3410 4390 3733 4456 apostatare
3757 4391 3791 4433 a
3827 4374 3917 4456 Deo

2318 4472 2522 4545 (Eccli.
2557 4490 2617 4538 Χ,
2656 4475 2737 4538 14,
2774 4480 2879 4537 I5).
2901 4477 3023 4530 Non
3057 4491 3199 4545 ergo
3220 4476 3336 4532 sibi
3369 4455 3802 4545 vivatquisque.
3832 4455 3915 4514 sed

2321 4562 2552 4617 Christo
2577 4581 2589 4629 ;
2622 4562 2845 4619 faciens
2875 4579 2992 4620 non
3020 4566 3331 4631 suam,sed
3356 4564 3542 4636 ipsius
3574 4558 3915 4615 voluntatem.

2319 4656 2376 4706 et
2390 4667 2640 4706 manens
2662 4652 2720 4707 in
2735 4652 2865 4723 ejus
2879 4653 3200 4719 charitate;
3227 4654 3450 4710 sicutet
3472 4653 3593 4723 ipse
3607 4644 3731 4703 fecit
3746 4638 3915 4695 volun-

2321 4744 2498 4795 tatem
2527 4742 2790 4808 Patris,et
2808 4751 3009 4799 manet
3027 4745 3084 4798 in
3107 4743 3235 4815 ejus
3262 4743 3563 4799 charitate.
3590 4739 3709 4792 H836
3728 4727 3912 4802 quippe

2320 4845 2429 4885 nos
2456 4830 2807 4897 admonens,
2835 4838 2891 4886 et
2912 4832 3187 4903 exemplo
3210 4849 3318 4887 suo
3334 4833 3667 4889 exhortans,
3696 4821 3747 4874 in
3762 4819 3911 4872 Evan-

2320 4918 2473 4987 gelio
2512 4936 2620 4975 suo
2650 4919 2885 4977 locutus
2908 4928 2997 4976 est
3022 4923 3221 4991 (Joan.
3247 4939 3344 4988 xv,
3380 4920 3488 4990 10).
3517 4917 3568 4973 Si
3594 4918 3774 4970 autem
3802 4903 3907 5001 ipseA
4008 4970 4009 5001 ι

2322 5024 2457 5063 cum
2488 5009 2543 5063 in
2576 5008 2770 5065 forma
2812 5010 2909 5065 Dei
2936 5012 3186 5083 mqualis
3221 5015 3375 5067 esset
3404 5006 3574 5070 Patri,
3613 5008 3792 5058 tamen
3827 4998 3910 5059 Per
4006 5048 4007 5051 η

2320 5096 2571 5152 formam
2602 5098 2771 5163 servi,
2800 5115 2983 5170 quam
3002 5108 3240 5172 propter
3258 5094 3614 5165 nosaccepit,
3646 5088 3904 5177 009‘s"???
4006 5102 4007 5177 j

2322 5186 2711 5250 voluntatem,
2741 5168 2844 5242 sed
2900 5168 3082 5244 Patris
3110 5168 3172 5244 se
3228 5190 3419 5246 facere
3473 5168 3902 5240 commendavit:

2321 5283 2543 5347 quanto
2564 5277 2754 5346 magis
2770 5293 2896 5342 nos,
2910 5280 3148 5348 propria
3167 5279 3513 5350 privataque
3529 5275 3711 5326 nostra
3730 5255 3901 5313 volun-

2322 5368 2435 5418 tate
2462 5370 2803 5437 contempta
2834 5368 3262 5438 quatenebrati
3287 5380 3514 5425 sumus,
3535 5358 3605 5415 ad
3630 5350 3899 5443 ιιιιιςιροφς

2322 5468 2503 5508 mune
2535 5453 2758 5519 lumen,
2802 5462 2861 5511 ut
2892 5455 3298 5512 illuminemur
3326 5461 3379 5510 et
3404 5451 3584 5506 vultus
3610 5438 3774 5498 nostri
3801 5438 3893 5485 non

2384 5625 2396 5654 ι
2424 5622 2560 5688 Bad.
2580 5623 2701 5671 Am.
2740 5623 2823 5671 Er.
2860 5628 2911 5673 et
2936 5624 3177 5688 plerique
3203 5625 3329 5674 Mss.
3357 5587 3895 5688 habentretpfﬂm'zi

2322 5666 2527 5734 (ιηηῖιῖιῖ
2537 5666 2828 5743 ’ὁὸ-ἀδίνῖἦξ
2863 5666 2916 5736 δί
2938 5666 3886 5751 penis-posut'rveroomniumbonorum.
