4074 6164
201 212 314 267 569

194 337 575 400 erubescant,
599 333 891 389 debemus
904 330 1207 393 accedere,
1232 328 1399 402 quod
1423 328 1859 384 illuminatom-

198 442 338 479 nem
356 425 665 479 hominem
686 423 1019 477 venientem
1036 421 1091 475 in
1107 420 1264 474 hunc
1285 418 1703 486 mundum(ld.
1725 433 1759 482 1,
1779 417 1854 486 9),

199 521 263 568 ut
296 514 502 568 anima
539 524 745 566 nostra
793 512 903 582 ipsi
952 512 1113 564 vivat
1159 510 1169 563 l
1214 511 1329 563 Hoc
1374 507 1532 563 enim
1578 506 1652 560 de
1684 505 1858 559 nobis

190 610 635 673 consequenter
652 599 945 669 adjungit,
975 613 1110 653 cum
1144 596 1305 659 dicit,
1342 596 1414 651 Et
1445 610 1637 651 semen
1669 610 1857 649 meum

190 693 409 746 serviet
422 690 833 760 itti:quoniam
848 688 950 760 qui
968 686 1226 741 seminat
1244 687 1459 740 bonum
1472 682 1858 747 semen,ﬁlius

189 778 567 834 esthominis
586 799 597 841 ;
618 778 842 832 bonum
864 780 1066 831 autem
1084 774 1376 839 seuien,hi
1392 772 1643 829 suutﬁlii
1666 769 1854 841 regni.

263 875 498 930 CAPUT
520 874 671 928 XXlX
686 916 698 929 .
721 904 788 914 -
808 874 1034 928 69.Hth
1052 889 1227 944 porro
1245 872 1453 927 omnia
1474 870 1683 942 quaain
1700 867 1858 942 psal-

192 965 429 1018 moisto
457 962 617 1017 dicta
633 963 948 1034 sunt,quia
963 978 1081 1017 non
1105 963 1180 1018 ad
1206 976 1469 1033 priesens
1487 958 1857 1031 tempus,sed

187 1053 266 1107 ad
293 1051 640 1107 futurorum
669 1052 1047 1123 prophetiam
1080 1050 1473 1123 pertinebant,
1505 1049 1653 1104 sicut
1677 1049 1857 1103 etiam

185 1142 337 1213 ipsis
366 1140 546 1196 rebus
576 1146 826 1212 apparet
856 1141 974 1206 ;sic
1013 1157 1153 1195 eum
1183 1139 1535 1195 concludere
1557 1137 1760 1206 voluit,
1798 1143 1859 1191 ut

184 1230 536 1285 ostenderet
568 1246 629 1284 se
662 1244 781 1283 non
804 1230 1123 1300 prassentia
1148 1229 1582 1292 demonstrare,
1618 1227 1857 1281 velnar-

185 1334 323 1374 rare
362 1320 681 1389 praeterita,
710 1319 813 1372 sed
851 1319 1046 1373 futura
1083 1320 1480 1389 prophetare:
1518 1315 1854 1371 Annuntia-

188 1409 387 1473 bitur,
417 1409 629 1480 inquit,
662 1408 907 1463 Domino
923 1410 1231 1479 generatio
1254 1412 1595 1470 venturo,et
1621 1420 1856 1461 annun-

186 1496 434 1552 tiabunt
447 1497 881 1565 cretijustitiam
896 1497 1019 1567 ejus
1030 1498 1250 1565 populo
1265 1498 1368 1567 qui
1380 1502 1852 1565 nascetur,quem

181 1586 334 1654 fecit
371 1587 675 1639 Dominus.
696 1587 820 1640 Non
835 1585 935 1649 ait,
958 1584 1424 1639 Annuutiabitur
1454 1584 1737 1638 Dominus
1759 1598 1856 1651 ge-

184 1675 493 1728 nerationi
528 1678 790 1728 venturae
834 1689 848 1738 ;
890 1673 1016 1738 sed,
1071 1672 1545 1728 Annuntiabitur
1602 1672 1856 1727 Domino

180 1762 501 1833 generatio
526 1770 815 1818 ventura:
848 1762 1011 1834 quod
1036 1778 1156 1817 non
1197 1764 1279 1817 sic
1308 1761 1727 1832 accipiendum
1747 1766 1853 1823 est,

184 1856 493 1922 tanquam
518 1853 801 1906 nescienti
817 1850 1041 1922 aliquid
1058 1851 1445 1907 annnntietur
1469 1851 1720 1915 utsciat;
1749 1848 1856 1903 sed

183 1941 351 1995 sicut
384 1942 748 1995 annnntiant
766 1940 993 2012 Angeli,
1012 1955 1130 1996 non
1148 1939 1341 1995 solum
1362 1939 1537 1995 nobis
1562 1937 1853 1994 beneﬁcia

181 2028 310 2097 Dei,
337 2044 546 2083 verum
569 2030 751 2083 etiam
776 2028 853 2083 illi
884 2044 1088 2100 preces
1115 2036 1370 2083 nostras.
1395 2031 1539 2084 Nam
1566 2027 1854 2097 scriptum

184 2124 301 2184 est,
343 2116 447 2169 ubi
475 2117 726 2187 angelus
755 2116 1103 2172 hominibus
1116 2117 1276 2182 dicit,
1293 2117 1414 2187 Ego
1428 2115 1618 2171 obtuli
1643 2130 1858 2171 memo-

183 2205 355 2261 riam
397 2205 687 2261 orationis
713 2212 921 2262 vestrae
941 2207 1450 2277 (Tob.xu,t2):non
1474 2211 1532 2259 ut
1551 2213 1687 2259 tunc
1708 2207 1856 2257 Deus

183 2294 429 2349 noverit
468 2294 612 2366 quid
647 2295 921 2360 velimus,
958 2295 1050 2351 vel
1074 2312 1196 2368 quo
1223 2296 1602 2364 indigeamus
1636 2311 1649 2357 ;
1680 2292 1853 2349 Novit

182 2385 348 2439 enim
370 2391 545 2451 pater
563 2388 769 2447 vester,
790 2386 871 2440 ait
899 2386 1205 2449 Dominus,
1238 2386 1385 2457 quid
1412 2384 1567 2439 vobis
1591 2397 1855 2439 necessa-

182 2475 346 2527 rium
372 2476 448 2525 sit
471 2472 820 2544 priusquam
845 2474 1059 2541 petatis
1075 2474 1151 2529 ab
1175 2490 1240 2529 eo
1266 2474 1508 2545 (Matth.
1539 2490 1612 2537 vi,
1640 2472 1692 2543 8)
1716 2488 1728 2526 :
1751 2471 1854 2525 sed

182 2564 335 2635 quia
357 2577 607 2618 necesse
624 2563 801 2617 habet
820 2564 1123 2618 rationalis
1138 2570 1412 2619 creatura
1434 2563 1855 2633 obtemperans

187 2654 333 2717 Deo,
372 2650 726 2723 temporales
766 2668 980 2707 causas
1006 2652 1079 2707 ad
1109 2658 1394 2708 aeternam
1428 2653 1728 2707 veritatem
1760 2665 1854 2704 re-

186 2740 368 2806 ferre,
384 2741 511 2795 sive
525 2741 784 2812 petendo
798 2740 960 2811 quod
976 2756 1115 2812 erga
1131 2757 1194 2795 se
1210 2741 1333 2805 ﬁat,
1350 2742 1473 2795 sive
1487 2737 1855 2796 consulendo

185 2829 337 2901 quid
358 2829 539 2884 faciat
554 2845 567 2893 ;
582 2830 684 2901 qui
701 2830 832 2900 pius
852 2831 1069 2884 mentis
1088 2828 1334 2885 affectus
1354 2834 1529 2894 est,ut
1544 2831 1853 2900 ipsacons-

188 2921 446 2981 truatur,
462 2931 580 2970 nou
603 2917 1348 2973 utDeusinstruatur.Nam
1366 2915 1853 2989 ethaecquaedam

187 3006 550 3061 contestatio
580 3005 889 3061 rationalis
920 3012 1210 3062 creatum
1242 3013 1354 3072 est,
1387 3006 1551 3079 quod
1589 3021 1705 3059 non
1742 3003 1855 3057 sibi

187 3094 324 3165 ipsa
351 3093 674 3149 sitbonum
690 3110 813 3167 quo
835 3094 1012 3150 beata
1034 3095 1157 3159 ﬁat,
1175 3095 1278 3151 sed
1293 3095 1437 3151 illud
1462 3096 1858 3150 incommuta-

190 3184 310 3240 bile
342 3184 520 3254 cujus
553 3185 1006 3256 participatione
1035 3187 1214 3241 etiam
1246 3187 1483 3256 sapiens
1513 3183 1781 3239 efﬁcitur.

264 3283 359 3337 10.
381 3282 513 3337 Sive
532 3282 614 3337 ita
628 3280 852 3336 dictum
870 3287 974 3351 est,
999 3286 1044 3337 A
1057 3282 1485 3338 nnuntiabitur
1500 3281 1746 3337 Domino
1758 3296 1858 3351 ge-

195 3371 428 3428 neratio
453 3374 730 3435 ventura,
756 3388 824 3426 ac
847 3373 893 3426 si
915 3371 1232 3437 diceretur,
1256 3373 1506 3427 Domino
1538 3370 1859 3442 placebunt

194 3461 297 3533 qui
314 3460 764 3515 annuntiabunt
781 3477 899 3515 non
923 3462 1032 3516 sibi
1050 3478 1063 3529 ;
1084 3467 1143 3516 ut
1161 3462 1239 3517 ita
1265 3463 1337 3515 sit
1361 3462 1855 3516 Dominoannun-

199 3552 367 3614 tiare,
391 3550 543 3603 sicut
566 3555 657 3604 est
686 3548 938 3605 Domino
962 3550 1153 3605 vivere
1188 3574 1199 3605 :
1236 3551 1319 3605 sic
1348 3551 1574 3605 dictum
1608 3555 1712 3614 est,
1747 3547 1861 3615 Qui

198 3638 810 3702 manducat,Domino
824 3639 1145 3694 manducat
1158 3660 1180 3707 ,-
1192 3645 1244 3694 et
1259 3640 1361 3711 qui
1372 3654 1491 3694 non
1514 3637 1855 3700 manducat,

198 3726 457 3782 Domino
486 3741 606 3782 non
637 3728 978 3783 manducat.
1021 3734 1089 3783 At
1114 3728 1221 3783 hoc
1241 3728 1469 3801 quippe
1500 3727 1747 3791 addidit,
1778 3726 1858 3780 Et

198 3818 430 3887 gratias
454 3817 580 3886 agit
603 3817 735 3881 Deo,
757 3822 815 3870 ut
829 3817 1241 3872 ostenderetur
1257 3818 1401 3888 quid
1417 3821 1590 3880 esset,
1611 3817 1857 3870 Domino

196 3906 347 3973 facit
364 3908 555 3973 (Rom.
580 3921 695 3972 xiv,
710 3904 788 3976 6),
808 3905 865 3959 id
895 3911 1000 3971 est,
1023 3906 1082 3961 in
1100 3907 1230 3976 ejus
1254 3905 1497 3961 laudem
1520 3905 1676 3960 facit.
1698 3906 1858 3958 Tunc

199 3997 354 4049 enim
390 4000 571 4059 recte,
612 3999 749 4049 tunc
775 3994 956 4065 juste,
993 4000 1131 4050 tunc
1162 3995 1256 4067 pie
1285 3996 1366 4061 ﬁt,
1401 4010 1538 4049 cum
1561 4008 1714 4065 opus
1751 3992 1858 4048 bo-

200 4099 342 4138 num
362 4083 422 4138 in
438 4083 568 4152 ejus
583 4082 823 4137 laudem
840 4084 1083 4155 ﬁtcujus
1098 4085 1287 4155 gratia
1304 4083 1857 4140 donaturutﬂat.Ac

202 4188 302 4243 per
323 4173 444 4227 hoc
456 4172 687 4227 etiamsi
702 4188 773 4227 eo
788 4173 969 4228 modo
992 4175 1296 4248 quispiam
1311 4175 1435 4228 haec
1461 4172 1857 4227 verbaintelli-

199 4276 332 4329 gere
350 4262 513 4327 velit,
532 4266 590 4315 ut
604 4276 810 4316 eorum
829 4264 931 4316 iste
949 4262 1096 4317 ordo
1116 4263 1207 4329 sit,
1239 4262 1719 4318 Annuntiabitur
1749 4261 1856 4316 Do-

195 4350 348 4405 mino
367 4352 679 4419 generatio
711 4354 979 4415 ventura,
998 4351 1058 4405 id
1081 4358 1186 4416 est,
1205 4368 1274 4407 ea
1293 4351 1598 4421 generatio
1618 4366 1857 4405 annun-

198 4440 587 4511 tiabiturquaa
612 4439 863 4495 Domino
888 4449 1134 4496 ventura
1165 4448 1275 4504 est,
1301 4441 1606 4511 generatio
1634 4439 1854 4496 scilicet

199 4527 427 4599 piorum
444 4532 627 4599 atque
645 4536 1009 4599 sanctorum,
1036 4530 1177 4602 quia
1193 4530 1516 4601 impiorum
1543 4530 1857 4584 etscelera-

200 4621 392 4671 torum
416 4617 723 4687 generatio
748 4634 866 4672 non
891 4618 1165 4682 Domino,
1191 4620 1294 4673 sed
1326 4619 1434 4673 sibi
1462 4625 1710 4673 ventura
1738 4623 1851 4671 est:

199 4704 498 4761 abeadem
515 4706 951 4775 signiﬁcatione
966 4723 1083 4761 non
1101 4708 1411 4773 receditur,
1427 4724 1549 4779 qua
1563 4706 1853 4775 intelliga-

199 4796 524 4850 turanimie
540 4795 911 4868 participatio
927 4795 985 4850 in
1001 4796 1293 4867 idipsum;
1316 4796 1368 4850 id
1383 4801 1490 4861 est,
1508 4796 1853 4850 rationalem

199 4892 462 4939 creatura
477 4900 556 4949 m,
573 4899 709 4939 cum
727 4886 801 4940 sit
816 4885 1137 4951 mutabilis,
1155 4902 1272 4941 non
1288 4885 1406 4940 ﬁeri
1425 4885 1661 4940 beatam
1677 4884 1785 4939 nisi
1818 4900 1855 4940 a

202 4975 444 5044 proprio
480 4989 592 5027 suo
634 4974 907 5029 mutabili
954 4974 1030 5029 ad
1066 4973 1556 5029 incommutabile
1601 4974 1850 5035 bonum,

197 5058 484 5133 idemque
517 5077 839 5116 commune
865 5062 1032 5135 quod
1062 5065 1213 5117 Deus
1236 5068 1343 5129 est,
1376 5077 1411 5118 a
1443 5076 1565 5134 quo
1589 5060 1854 5132 superba

196 5148 500 5222 impietate
532 5151 780 5218 abstitit,
811 5151 1021 5206 humili
1055 5153 1266 5223 pietate
1307 5167 1596 5207 conversa
1629 5150 1853 5205 subsis-

196 5242 292 5293 tat.
330 5239 397 5293 In
429 5256 553 5311 quo
584 5238 799 5295 affectu
820 5241 1157 5312 proﬁciens,
1188 5240 1483 5313 quidquid
1516 5239 1654 5295 boni
1688 5239 1848 5305 facit,

199 5305 623 5398 Domino-facit,
654 5328 767 5384 hoc
786 5305 943 5384 estin
962 5330 1092 5402 ejus
1118 5305 1383 5395 ian-dem,
1411 5329 1580 5400 cujus
1595 5330 1848 5397 gratiam
1948 5305 2170 5373 Ϊαδίοδν

197 5418 461 5488 percepit
483 5418 761 5484 utfaciat;
794 5419 950 5473 unde
976 5421 1225 5475 estactio
1248 5419 1743 5490 gratiarum,qum
1766 5418 1851 5472 in-

199 5506 343 5561 timo
364 5506 636 5562 fidelium
681 5508 966 5579 mysterio
997 5510 1350 5564 celebratur.

270 5614 500 5670 CAPUT
526 5616 672 5670 XXX.
781 5617 867 5668 71.
890 5615 1031 5669 lllud
1058 5621 1256 5670 autem
1284 5614 1446 5687 quod
1464 5573 1747 5684 sequitur,
1778 5615 1849 5669 Et

200 5703 650 5760 annuntiabunl
668 5705 969 5775 justitiam
1002 5708 1128 5774 ejus
1160 5706 1387 5789 populor
1416 5705 1520 5776 qui
1547 5712 1844 5769 nascetur,

1456 200 1958 258 EPISTOLABUM
1999 200 2289 257 CLASSIS
2331 202 2427 258 ΙΙΙ.

3520 198 3628 255 570

1969 342 2137 397 quem
2167 327 2307 397 fecit
2335 328 2633 391 Dominus,
2660 326 2985 399 superioris
3013 341 3225 382 sensus
3245 324 3624 382 conﬁrmatio

1970 423 2075 471 est.
2118 419 2264 471 Nam
2296 417 2454 488 quod
2483 417 2564 471 ibi
2594 416 2819 471 dictum
2851 421 2956 479 est,
3000 414 3476 470 Annuntiabitur
3504 415 3624 471 Do-

1968 505 2127 560 mino
2165 506 2470 574 generatio
2514 510 2763 561 ventura
2807 524 2826 560 :
2852 504 2966 559 hoc
2998 510 3083 559 est
3112 503 3341 558 dictum
3372 503 3489 569 hic,
3520 518 3625 561 an-

1968 594 2332 650 nuntiabunt
2362 594 2697 663 *justitiam
2735 596 2879 663 ejus.
2906 598 3041 664 lpsa
3066 594 3293 665 quippe
3316 593 3625 663 generatio

1967 698 2103 753 quas
2147 690 2391 737 ventura
2424 683 2780 753 prophetata
2808 686 2897 736 est
2924 682 3158 753 piorum
3184 690 3362 751 atque
3391 688 3624 737 sancto-

1967 770 2365 840 rum,justitia
2387 774 2408 805 ²
2440 770 2658 836 Deiest,
2686 771 3094 841 nonipsorum
3128 786 3138 825 :
3176 786 3248 824 ne
3266 771 3381 825 sint
3406 786 3475 824 ex
3507 768 3621 825 illis

1966 858 2071 930 qui
2092 859 2437 929 ignorantes
2461 860 2570 916 Dei
2588 860 2910 929 justitiam,
2940 867 2991 915 et
3022 874 3191 914 suam
3209 860 3462 914 volentes
3488 874 3620 914 con-

1966 950 2227 1012 stituere,
2244 949 2494 1019 iustitiae
2522 949 2633 1005 Dei
2668 964 2788 1005 non
2819 954 2955 1004 sunt
2984 948 3233 1017 subjecti
3264 947 3444 1019 (Rom.
3478 965 3534 1011 χ,
3568 947 3626 1019 3)

1966 1034 2070 1091 Illa
2098 1053 2363 1109 namque
2385 1038 2619 1108 justitia
2652 1040 2747 1093 Dei
2774 1035 3312 1093 commendaturin
3350 1052 3421 1091 eo
3459 1035 3623 1107 quod

1965 1123 2201 1192 dicitur,
2245 1126 2583 1197 ignorantes
2620 1128 2724 1183 Dei
2741 1127 3062 1197 justitiam,
3094 1140 3219 1197 qua
3252 1140 3360 1180 nos
3390 1140 3459 1179 ex
3496 1124 3625 1193 ejus

1965 1215 2314 1287 gratiajusti
2344 1232 2553 1271 sumus
2583 1232 2594 1270 :
2623 1222 2685 1271 ut
2707 1216 2840 1286 ipsa
2869 1214 3092 1286 justitia
3119 1215 3247 1285 ejus
3275 1229 3385 1269 nos
3414 1212 3621 1277 simus,

1964 1318 2100 1357 cum
2125 1304 2283 1374 juste
2312 1305 2590 1368 vivimus,
2624 1305 2929 1360 credentes
2958 1304 3018 1359 in
3045 1320 3183 1359 eum
3206 1304 3308 1375 qui
3333 1294 3627 1375 jnstiﬁca‘

1965 1391 2219 1463 impium
2239 1393 2352 1463 (Id.
2378 1411 2447 1455 iv,
2473 1394 2526 1465 5)
2552 1410 2567 1457 ;
2585 1409 2705 1450 non
2732 1393 2830 1449 illa
2847 1409 2969 1465 qua
2991 1394 3114 1464 ipse
3132 1392 3329 1462 justus
3353 1396 3440 1446 est
3459 1397 3624 1446 aeter-

1964 1497 2045 1536 na
2083 1498 2191 1537 sua
2215 1486 2272 1536 et
2302 1482 2779 1538 incommutabili
2815 1482 3070 1553 justitia.
3124 1482 3260 1536 Haec
3291 1480 3493 1551 itaque
3531 1481 3624 1549 ju-

1964 1569 2141 1635 stitia,
2174 1586 2419 1642 quanos
2448 1572 2964 1640 Deimunerejusti
2988 1586 3220 1636 sumus,
3254 1568 3625 1639 signiﬁcatur

1962 1659 2022 1713 in
2058 1659 2291 1730 psalmo
2324 1659 2443 1725 illo,
2482 1660 2580 1715 ubi
2598 1660 2886 1731 scriptum
2913 1664 3001 1714 est
3034 1680 3047 1715 :
3080 1658 3320 1713 Justitia
3340 1663 3443 1712 tua
3468 1656 3621 1712 sicut

1962 1754 2187 1804 montes
2207 1749 2509 1815 Dei(Psat.
2532 1765 2710 1815 xxxv,
2731 1748 2806 1821 7).
2837 1751 3055 1805 Montes
3075 1747 3297 1819 quippe
3318 1746 3436 1810 Dei,
3454 1760 3625 1800 sanc-

1966 1836 2003 1891 ti
2024 1838 2153 1907 ejus
2192 1844 2326 1892 sunt
2377 1854 2390 1904 ;
2423 1838 2497 1893 de
2536 1838 2758 1910 quibus
2790 1836 2931 1892 alibi
2981 1836 3195 1892 dicitur
3229 1853 3241 1891 :
3275 1835 3621 1903 Suscipiant

1962 1932 2191 1982 montes
2208 1942 2413 1997 pacem
2445 1928 2667 1995 populo
2705 1932 2800 1982 tuo
2824 1926 3014 1995 (Psat.
3044 1942 3195 1986 Lxxi,
3229 1924 3304 1996 3).
3337 1923 3401 1977 Et
3429 1921 3621 1978 multa
3670 1974 3673 1977 .

1963 2014 2037 2070 de
2078 2015 2170 2070 his
2222 2015 2528 2071 montibus
2579 2016 2799 2085 scripta
2841 2020 2979 2070 sunt
3006 2014 3263 2085 ﬁgurata
3303 2012 3624 2080 locutione,

1962 2118 2098 2175 quae
2120 2119 2596 2159 commemorare
2614 2118 2774 2159 nunc
2801 2104 3051 2174 longum
3076 2106 3179 2156 est.
3211 2100 3323 2158 Sed
3338 2100 3482 2172 quia
3508 2099 3623 2156 hoc

1963 2190 2161 2261 ipsum
2187 2192 2351 2263 quod
2383 2195 2532 2247 Deus
2554 2191 2843 2261 justiﬁcat
2864 2192 3163 2255 homines,
3191 2190 3369 2245 nimis
3389 2189 3623 2246 occulto

1957 2279 2185 2351 judicio
2219 2280 2356 2335 facit
2382 2280 2698 2352 (quoniam
2729 2281 2984 2350 gratuita
3014 2280 3207 2350 gratia
3227 2279 3365 2335 facit
3394 2295 3407 2345 ;
3443 2279 3491 2334 si
3522 2294 3624 2333 au-

1964 2374 2082 2423 tem
2124 2370 2338 2440 gratia,
2381 2386 2501 2425 non
2529 2386 2600 2425 ex
2630 2370 2931 2437 Operibus,
2974 2368 3241 2439 alioquin
3276 2368 3467 2438 gratia
3493 2368 3622 2438 jam

1964 2473 2083 2513 non
2115 2465 2201 2513 est
2231 2460 2423 2527 gratia
2459 2458 2653 2531 [Rom.
2686 2475 2765 2523 xx,
2800 2458 2858 2531 6]
2910 2476 2923 2523 ;
2955 2473 3027 2512 ex
3079 2458 3193 2512 hoc
3222 2458 3447 2529 quippe
3478 2456 3625 2512 inci-

1964 2547 2137 2618 piunt
2166 2563 2350 2618 opera
2390 2547 2566 2613 bona,
2604 2564 2673 2603 ex
2706 2563 2828 2619 quo
2845 2546 3248 2616 justiﬁcamur
3280 2562 3293 2612 ;
3329 2561 3450 2601 non
3480 2544 3625 2618 quia

1966 2636 2874 2707 praeesseruntdustiﬁcamur:
2908 2640 2965 2690 et
2994 2636 3105 2691 hoc
3126 2640 3213 2690 est
3232 2633 3624 2707 profundum,

1964 2724 2037 2778 de
2066 2740 2186 2795 quo
2217 2728 2493 2796 superius
2518 2726 2646 2796 jam
2682 2726 2872 2781 multa
2899 2724 3209 2795 diximus),
3252 2724 3539 2779 continuo
3564 2723 3625 2778 in

1964 2814 2177 2868 eodem
2194 2814 2431 2884 psalmo
2448 2831 2587 2870 cum
2603 2814 2870 2878 dixisset,
2883 2814 3131 2869 Justitia
3156 2820 3256 2868 tua
3278 2813 3436 2869 velut
3454 2828 3626 2868 mon-

1966 2907 2047 2958 tes
2064 2903 2192 2968 Dei,
2224 2903 2357 2973 subj
2370 2902 2552 2967 unxit,
2577 2903 2811 2959 Judicia
2832 2907 2933 2957 tua
2954 2903 3103 2959 velut
3134 2903 3382 2972 abyssus
3404 2902 3621 2957 multa.

1966 2991 2107 3045 inde
2127 2990 2371 3045 venitad
2395 2991 2644 3046 salutem
2676 2990 3441 3061 bominibusjumentisque
3464 3005 3627 3045 com-

1968 3095 2234 3145 munem,
2289 3081 2435 3152 quia
2464 3085 2519 3136 et
2569 3080 2702 3150 ipsa
2733 3095 2805 3135 ex
2838 3078 3247 3134 misericordia
3296 3078 3395 3133 Dei
3427 3084 3535 3144 est,
3570 3082 3626 3133 et

1966 3168 2128 3234 dicit,
2163 3169 2445 3225 Homines
2484 3178 2537 3226 et
2558 3171 2838 3239 jumenta
2866 3168 3060 3224 salvos
3094 3168 3302 3237 facies,
3333 3165 3575 3222 Domine
3603 3185 3626 3234 ;

1964 3257 2112 3313 sicut
2169 3258 2571 3327 multiplicata
2600 3261 2681 3313 est
2718 3256 3129 3313 misericordia
3159 3262 3283 3318 tua,
3326 3256 3475 3310 Deus
3506 3272 3525 3309 .-
3565 3258 3625 3310 ut

1969 3346 2520 3415 hincintelligamus
2538 3348 2718 3402 etiam
2736 3346 2896 3401 illam
2914 3346 3170 3401 salutem
3196 3344 3624 3414 sempiternam

1968 3441 2025 3489 et
2082 3436 2481 3491 immortalem
2522 3436 2597 3491 de
2627 3452 2747 3508 qua
2788 3434 2927 3490 dicit
2955 3433 3294 3505 Apostolus,
3326 3432 3441 3502 Spe
3468 3431 3623 3489 enim

1966 3525 2123 3582 salvi
2148 3526 2304 3594 facti
2330 3541 2532 3581 sumus
2586 3525 2703 3596 (Id.
2746 3541 2860 3591 vm,
2894 3524 3006 3595 24),
3042 3522 3308 3578 similiter
3340 3525 3403 3576 ut
3448 3523 3625 3577 istam

1968 3630 2105 3686 quae
2128 3614 2894 3685 bominibusjumentisque
2925 3612 3266 3667 communis
3300 3616 3406 3677 est,
3441 3612 3627 3682 gratis

1969 3718 2079 3757 nos
2110 3703 2400 3774 accipere,
2438 3718 2555 3759 non
2579 3719 2653 3758 ex
2682 3702 2988 3773 operibus,
3017 3716 3090 3755 ne
3113 3698 3261 3755 forte
3279 3700 3416 3772 quis
3445 3699 3627 3755 extol-

1965 3792 2120 3847 latur
2149 3806 2163 3855 ;
2192 3792 2335 3862 quia
2361 3807 2546 3863 opera
2574 3791 2731 3845 bona
2754 3806 2823 3845 ex
2842 3786 3466 3859 ipsiusjnstiﬁcatione
3487 3804 3624 3859 ope-

1965 3879 2381 3946 ramuersius
2391 3877 2545 3935 enim
2560 3892 2762 3934 sumus
2773 3874 3338 3947 ﬁgmentum,creati
3349 3874 3411 3929 in
3432 3874 3629 3930 Chris-

1968 3974 2024 4023 to
2050 3968 2191 4023 Jesu
2216 3966 2278 4023 in
2310 3966 2585 4034 operibus
2619 3965 2798 4031 bonis,
2831 3980 2963 4036 quae
2986 3964 3354 4035 praeparavit
3381 3964 3531 4019 Deus
3561 3972 3626 4018 ut

1967 4059 2030 4111 in
2067 4056 2194 4112 ittis
2239 4056 2606 4113 ambulemus
2659 4054 2838 4127 (Eph.
2891 4072 2949 4117 ιι,
3011 4054 3186 4116 8-10).
3226 4054 3289 4107 Et
3330 4050 3431 4107 illa
3462 4051 3625 4107 salus

1965 4161 2109 4215 ergo
2135 4147 2391 4218 gratuita
2414 4150 2519 4210 est,
2548 4144 2621 4201 de
2681 4160 2803 4217 qua
2843 4144 2901 4198 in
2929 4142 3047 4198 alio
3077 4142 3312 4214 psalmo
3360 4140 3574 4196 dicitur
3610 4155 3624 4196 :

1970 4235 2208 4291 Domini
2230 4242 2311 4291 est
2343 4234 2531 4291 salute
2552 4242 2603 4291 et
2632 4249 2816 4302 super
2843 4233 3129 4303 populum
3163 4238 3333 4288 tuum
3361 4229 3624 4288 benedic-

1966 4325 2047 4379 tio
2072 4330 2177 4379 tua
2200 4325 2381 4388 (Psat.
2408 4342 2486 4388 ιιι,
2515 4327 2593 4393 9).

2039 4414 2127 4467 72.
2150 4414 2307 4469 Sicut
2328 4429 2465 4484 ergo
2488 4412 2651 4482 quod
2675 4410 2908 4480 legitur,
2923 4409 3165 4465 Domini
3188 4412 3271 4463 est
3284 4410 3469 4473 satus,
3499 4423 3621 4463 non

1966 4518 2038 4557 ea
2069 4501 2232 4557 salus
2266 4501 2611 4569 intelligitur
2636 4516 2755 4571 qua
2786 4499 3075 4553 Dominus
3112 4496 3312 4552 salvus
3340 4503 3430 4552 est
3460 4514 3475 4567 ;
3514 4495 3621 4552 sed

1966 4606 2089 4661 qua
2116 4591 2175 4645 hi
2206 4589 2351 4644 salvi
2377 4594 2534 4653 sunt,
2562 4603 2716 4660 quos
2760 4588 2889 4653 ipse
2929 4586 3125 4641 salvos
3157 4585 3331 4641 facit:
3366 4584 3451 4640 sic
3478 4600 3618 4641 cum

1971 4679 2184 4750 legitur
2225 4676 2594 4750 Deijnstitia,
2630 4676 2687 4731 in
2715 4692 2785 4732 eo
2807 4675 2971 4747 quod
3002 4675 3289 4746 scriptum
3311 4679 3417 4739 est,
3451 4674 3619 4745 Igno-

1965 4774 2168 4824 rantes
2202 4768 2303 4824 Dei
2325 4766 2649 4836 justitiam,
2677 4772 2729 4821 et
2754 4780 2923 4821 suam
2940 4766 3194 4821 volentes
3226 4764 3617 4833 constituere;

1965 4872 2082 4912 non
2116 4863 2200 4912 est
2245 4856 2346 4911 illa
2377 4854 2762 4920 intelligenda
2791 4871 2913 4927 qua
2948 4856 3101 4910 Deus
3144 4853 3344 4925 justus
3374 4858 3480 4916 est,
3515 4853 3618 4906 sed

1962 4962 2084 5018 qua
2111 4947 2249 5014 justi
2281 4953 2417 5000 sunt
2441 4944 2717 5000 homines
2748 4960 2903 5015 quos
2935 4943 3124 5012 gratia
3174 4958 3283 4997 sua
3306 4940 3616 5013 justiﬁcat.

1964 5034 2105 5090 lude
2119 5034 2278 5089 enim
2294 5034 2466 5101 salvi,
2484 5034 2601 5088 und
2614 5050 2641 5087 e
2657 5032 2804 5104 justi
2830 5048 2844 5099 ;
2869 5033 3156 5105 quoniam
3181 5029 3342 5101 quod
3359 5027 3458 5094 ait,
3493 5028 3620 5084 Non

1961 5130 2045 5181 est
2067 5138 2213 5191 opus
2242 5123 2399 5179 sanis
2428 5122 2705 5190 medicus,
2732 5122 2835 5177 sed
2858 5122 3011 5177 male
3042 5117 3410 5181 habentibus,
3439 5132 3620 5189 expo-

1961 5213 2079 5267 suit
2114 5212 2174 5267 in
2226 5212 2753 5284 consequentibus,
2800 5209 3025 5274 dicens,
3057 5208 3191 5263 Non
3233 5204 3366 5262 veni
3410 5221 3620 5264 vocare

2184 5301 2285 5357 sed
2302 5308 2643 5370 peccatores
2667 5298 2904 5362 (Matth.
2933 5314 3009 5362 ix,
3044 5298 3130 5360 12,
3167 5296 3270 5365 t3).
3290 5293 3418 5351 Non
3441 5294 3620 5365 igitur

1962 5390 2296 5447 secundum
2323 5388 2761 5461 operajustitiaa
2790 5403 2924 5458 quas
2952 5401 3061 5441 nos
3092 5383 3366 5449 fecimus,
3393 5384 3498 5439 sed
3533 5401 3620 5441 se-

1960 5478 2225 5535 cundum
2249 5495 2422 5534 suam
2461 5474 2931 5533 misericordiam
2966 5474 3164 5529 salvos
3197 5489 3306 5529 nos
3332 5473 3485 5529 fecit
3510 5484 3619 5546 per

2019 5590 2033 5621 ¹
2064 5586 2147 5635 Sic
2182 5586 2311 5638 Mss.
2366 5584 2599 5634 melioris
2630 5586 2790 5633 notas.
2817 5584 2882 5632 At
2916 5581 3120 5645 vulgati
3153 5580 3372 5640 habent,
3417 5581 3497 5631 hic
3549 5588 3618 5631 est

1957 5650 2165 5705 dictum,
2193 5648 2294 5697 hac
2320 5646 2654 5696 annuntiabit
2673 5646 2933 5708 justitiam
2953 5646 3076 5707 ejus.

2016 5715 2035 5745 ³
2064 5711 2185 5761 Mss.
2225 5711 2463 5775 plerique
2490 5723 2499 5757 :
2530 5706 2692 5775 Atque
2720 5706 3010 5759 sanctorum
3034 5706 3252 5773 justitite
3275 5706 3480 5761 Deicst.
