4074 6164
457 184 555 240 571

458 312 766 370 lavacrum
793 313 1256 385 regenerationis
1280 312 1419 386 (Tit.
1453 330 1533 381 ιιι,
1567 315 1639 383 5).
1674 316 1736 369 In
1758 328 1881 386 qua
1919 312 2108 381 gratia

463 418 570 475 spe
606 403 752 459 salvi
781 404 913 459 facti
945 419 1152 457 sumus
1184 403 1373 472 (Rom.
1418 420 1536 469 VIII,
1576 405 1688 474 24).
1725 402 1889 459 Unde
1915 403 1974 456 in
2008 400 2106 455 illo

462 493 699 563 psalmo
722 492 1098 564 subjungitur
1120 493 1292 547 :Filii
1312 500 1506 548 autem
1529 492 1835 547 hominum
1859 491 1965 546 sub
1990 496 2109 560 teg-

460 582 616 637 mine
640 582 875 635 alarum
911 588 1146 637 tuarum
1168 583 1512 649 sperabunt.
1547 581 2012 638 Inebriabuntur
2031 578 2107 633 ab

459 669 727 724 ubertate
746 668 953 723 domus
983 677 1117 736 tuae,
1145 678 1197 725 et
1226 677 1488 726 torrente
1514 670 1837 739 voluptatis
1866 676 1981 724 tua
2006 683 2106 737 po-

459 757 609 811 tabis
642 772 733 813 eos
764 759 1085 829 ;quoniam
1117 760 1280 829 apud
1308 766 1362 816 te
1389 765 1469 815 est
1487 759 1626 829 fons
1658 760 1807 824 vitae,
1842 765 1893 815 et
1932 759 1995 813 in
2016 759 2109 812 lu-

456 845 612 902 mine
630 851 729 901 tuo
742 846 1066 903 videbimus
1081 850 1299 905 lumen.
1323 849 1633 905 Pravtende
1644 847 2105 903 misericordiam

459 940 621 991 tuam
648 936 967 992 scientibus
994 945 1066 999 te,
1096 944 1149 993 et
1175 939 1472 1007 justitiam
1508 944 1669 993 tuam
1705 937 1775 991 iis
1806 936 1909 1008 qui
1948 940 2106 990 recto

455 1030 595 1078 sunt
614 1025 807 1081 corde.
842 1026 981 1080 Huic
1008 1026 1445 1096 igiturjnstilite
1459 1027 1558 1081 Dei
1581 1026 1881 1081 contraria
1906 1039 2109 1095 supcr-

457 1112 558 1168 bia
589 1119 692 1177 est,
726 1130 847 1185 qua
873 1114 1073 1169 ﬁditur
1094 1123 1381 1187 tanquam
1401 1116 1475 1171 de
1501 1116 1786 1187 operibus
1810 1113 2103 1185 propriis;

456 1200 714 1273 ideoque
740 1202 817 1258 ibi
852 1205 1119 1275 sequitur
1152 1224 1163 1259 :
1198 1206 1330 1261 Non
1372 1209 1568 1261 veniat
1599 1204 1748 1259 mihi
1774 1218 1868 1274 pes
1898 1217 2109 1270 super-

457 1290 559 1345 bia
582 1290 767 1359 (Psal.
801 1307 972 1356 xxxv,
1008 1292 1179 1363 8-12).

524 1383 611 1435 '73.
648 1381 778 1435 Haec
804 1380 1031 1451 justitia
1060 1398 1183 1454 qua
1221 1383 1349 1450 ejus
1376 1382 1735 1452 fidelesjusti
1772 1384 1929 1446 sunt,
1963 1379 2107 1434 inte-

454 1469 565 1524 rim
597 1470 864 1525 viventes
888 1486 959 1525 ex
988 1471 1123 1538 ﬁde,
1155 1472 1345 1527 donec
1365 1471 1865 1542 perfectajustitia
1892 1469 2104 1540 perdu-

455 1562 667 1612 cantur
706 1558 778 1612 ad
811 1559 1093 1629 speciem,
1122 1560 1274 1615 sicut
1306 1560 1494 1615 salute
1526 1560 1786 1631 perfecta
1816 1560 1991 1614 etiam
2030 1557 2106 1613 ad

454 1646 642 1716 ipsius
690 1649 954 1718 corporis
982 1648 1511 1714 immortalitatem,
1546 1649 1737 1718 gratia
1767 1655 1853 1703 est
1901 1650 1916 1684 ¹
1963 1648 2104 1702 Novi

454 1736 834 1791 Testamenti.
888 1738 1049 1793 Unde
1082 1738 1197 1792 alio
1245 1738 1372 1793 loco
1414 1737 1556 1792 dicit
1610 1736 1949 1807 Apostolus,
1995 1740 2108 1791 Pro

456 1823 689 1880 Christo
705 1825 1619 1897 legalionefungimur,tanquam
1640 1828 1745 1884 Deo
1760 1825 2108 1882 exhortante

453 1929 560 1983 per
580 1930 686 1969 nos
714 1916 1126 1980 ;obsecramus
1144 1932 1252 1983 pro
1287 1916 1525 1972 Christo
1552 1916 1927 1971 reconciliari
1951 1916 2062 1970 Deo
2089 1932 2099 1969 :

452 2019 523 2059 ac
548 2003 686 2059 inde
714 2004 1043 2075 subjungit,
1076 2006 1227 2060 Eum
1257 2007 1360 2077 qui
1382 2022 1501 2061 non
1518 2011 2101 2071 noveratpeccatum,

450 2108 563 2163 pro
594 2093 759 2149 nobis
790 2095 1091 2162 Peccatum
1120 2094 1279 2163 fecit,
1328 2094 1387 2148 id
1438 2100 1546 2159 est,
1589 2094 1941 2150 sacriﬁcium
1999 2109 2105 2163 pro

454 2183 744 2255 peccatis;
776 2197 916 2238 nam
949 2188 1004 2237 et
1034 2183 1166 2253 ipsa
1194 2182 1251 2237 in
1286 2184 1433 2253 Lege
1465 2188 1716 2254 peccata
1741 2182 2108 2253 appelaban-

454 2277 566 2338 tur,
599 2287 733 2343 quae
772 2287 881 2343 pro
913 2272 1174 2342 peccatis
1206 2272 1625 2327 offerebantur.
1673 2272 1740 2327 Ut
1783 2287 1887 2326 nos
1929 2272 2107 2326 simus

448 2360 684 2431 iustitia
711 2362 820 2417 Dei
847 2362 909 2415 in
924 2360 1050 2427 ipso
1073 2360 1294 2421 (IICor.
1314 2377 1367 2415 v.
1393 2361 1481 2430 20,
1514 2362 1607 2430 2t)
1634 2378 1646 2414 :
1678 2359 1737 2415 id
1761 2365 1865 2423 est,
1895 2362 1955 2414 in
1978 2360 2107 2430 ejus

453 2449 876 2521 corporequod
902 2454 992 2504 est
1014 2449 1295 2512 Ecclesia,
1325 2449 1418 2503 cui
1438 2455 1616 2519 caput
1647 2454 1756 2511 cst,
1781 2465 1891 2503 nos
1921 2450 2107 2503 simus

449 2538 677 2608 justitia
693 2538 789 2591 Dei
822 2555 834 2602 ;
867 2538 1409 2609 quamignorantes
1431 2538 1532 2602 illi,
1563 2543 1616 2592 et
1644 2553 1814 2592 suam
1839 2537 2099 2592 volentes

454 2626 829 2692 constituere,
869 2626 924 2680 id
959 2630 1047 2681 est
1078 2631 1364 2697 tanquam
1395 2626 1467 2681 de
1500 2626 1621 2680 suis
1650 2626 1930 2697 operibus
1971 2626 2097 2694 glo-

452 2713 697 2777 riantes,
725 2713 969 2785 justitite
1014 2715 1108 2769 Dei
1138 2719 1276 2769 sunt
1305 2714 1579 2784 subjecti.
1620 2715 1763 2769 Inde
1812 2721 1866 2769 et
1896 2716 1952 2769 in
1985 2716 2098 2770 hoc

454 2802 688 2874 psalmo
710 2818 846 2857 cum
877 2802 1143 2867 dixisset,
1164 2806 1199 2857 Α
1216 2804 1937 2874 nnuntiabuntjustitiam
1954 2805 2096 2873 ejus,

453 2891 719 2964 sequitur
747 2897 803 2947 et
833 2892 1106 2965 adjungit
1154 2912 1174 2950 .-
1202 2892 1428 2961 Populo
1469 2893 1572 2965 qui
1602 2898 1892 2958 nascetur,
1928 2909 2097 2963 quem

447 2980 588 3049 fecit
606 2982 898 3037 Dominus.
926 2982 1066 3047 Quis
1078 2982 1332 3037 estenim
1348 2982 1606 3061 popjilus
1619 2998 1798 3054 quem
1816 2998 1932 3037 non
1968 2982 2101 3037 fecit

454 3069 756 3135 Dominus,
793 3070 1124 3125 secundum
1173 3070 1232 3125 id
1282 3072 1444 3142 quod
1493 3064 1765 3125 homines
1797 3076 1956 3135 sunt,
1998 3072 2099 3143 qui

450 3158 629 3215 etiam
648 3174 865 3230 pecora
885 3160 1125 3225 creavit,
1159 3176 1193 3216 a
1224 3176 1342 3231 quo
1359 3164 1445 3215 est
1479 3161 1671 3215 omnis
1703 3161 1841 3226 vita,
1877 3160 2101 3215 omnis—

447 3262 565 3320 que
597 3248 749 3304 facta
780 3254 835 3305 et
872 3254 1069 3304 creata
1098 3255 1313 3304 natura
1343 3248 1371 3303 ?
1401 3249 1509 3305 Sed
1541 3249 1619 3303 ita
1646 3248 2094 3317 intelligendum

451 3342 745 3409 est,quem
769 3337 911 3406 fecit
927 3338 1232 3403 Dominus,
1259 3344 1449 3391 utnon
1476 3337 1691 3400 solum,
1724 3337 1883 3408 quod
1912 3338 2099 3392 homi-

450 3440 555 3480 nes
586 3430 741 3490 sunt,
768 3441 975 3479 verum
993 3426 1169 3480 etiam
1196 3426 1358 3497 quod
1389 3426 1529 3495 justi
1550 3431 1703 3491 sunt,
1741 3427 1818 3480 ab
1841 3425 1939 3480 illo
1962 3426 2098 3482 facti

450 3513 875 3583 intelligantur,
895 3514 1223 3569 secundum
1259 3514 1401 3569 illud
1429 3514 1591 3585 quod
1611 3515 1739 3587 jam
1767 3531 1883 3569 non
1915 3517 2100 3572 semel

452 3603 921 3658 commemoravi
962 3604 1038 3657 ab
1078 3602 1359 3675 Apostolo
1398 3604 1622 3658 dictum
1676 3620 1686 3658 :
1723 3604 1919 3673 Ipsius
1949 3608 2095 3660 enim

447 3692 793 3762 ﬁgmentum
818 3707 1039 3758 sumus,
1056 3692 1241 3748 creati
1254 3693 1313 3747 in
1330 3692 1567 3748 Christo
1591 3694 1728 3749 Jesu
1748 3694 1811 3748 in
1825 3695 2098 3761 operibus

452 3780 636 3847 bonis,
660 3796 790 3853 quae
801 3785 1168 3852 praeparavit
1196 3784 1348 3839 Deus
1374 3789 1433 3837 ut
1464 3783 1527 3839 in
1556 3782 1680 3839 illis
1712 3784 2094 3840 ambulemus.

522 3870 747 3926 CAPUT
773 3870 946 3925 XXXI.
964 3872 1127 3925 —74.
1146 3871 1564 3941 Animaaigitur
1586 3871 1889 3926 rationalis
1911 3889 1963 3926 ιι]
1976 3877 2098 3927 uta-

446 3958 641 4014 bilitas
664 3958 1039 4022 admonetur,
1075 3975 1195 4031 quo
1221 3959 1465 4021 noverit,
1507 3960 1617 4014 nisi
1646 3961 2096 4032 participatione

446 4047 957 4103 incommutabilis
991 4047 1418 4117 boni,justam,
1454 4048 1703 4113 salvam,
1738 4053 2093 4117 sapientem,

446 4136 685 4191 beatam
701 4152 761 4189 se
788 4151 918 4190 esse
944 4151 1062 4190 non
1086 4151 1407 4206 posse,nec
1423 4137 1533 4191 sibi
1558 4152 1690 4191 eam
1706 4138 1935 4193 bonum
1964 4156 2095 4195 esse

446 4238 630 4296 posse
642 4223 1216 4295 propriavoluntate,
1234 4224 1336 4278 sed
1354 4224 1602 4280 malum.
1623 4227 2095 4300 Propriaquippe

444 4312 751 4369 voluntate
807 4313 1084 4368 avertitur
1114 4329 1150 4369 a
1180 4314 1341 4369 bono
1372 4314 1867 4380 incommutabili,
1902 4333 2093 4389 eaque

444 4402 758 4458 aversione
788 4401 1021 4457 vitiatur
1050 4417 1060 4455 :
1095 4418 1203 4457 nec
1226 4404 1425 4458 sanari
1454 4418 1558 4473 per
1589 4402 1850 4475 seipsam
1881 4411 2089 4476 potest,

443 4490 549 4548 sed
576 4491 835 4560 gratuita
864 4490 1271 4547 misericordia
1302 4492 1391 4547 sui
1413 4493 1720 4558 Creatoris,
1746 4509 1880 4565 quae
1903 4496 1961 4549 in
1982 4494 2093 4551 hac

441 4582 565 4637 vita
591 4597 723 4638 eam
764 4597 835 4637 ex
863 4582 979 4637 ﬁde
1008 4582 1300 4637 viventem
1330 4583 1386 4638 in
1421 4598 1525 4655 spe
1556 4585 1859 4640 constituit
1888 4584 2094 4641 salutis

444 4674 701 4726 aeternas.
724 4670 889 4726 Unde
916 4686 1034 4726 non
1061 4670 1247 4726 altum
1274 4673 1489 4743 sapiat,
1518 4673 1620 4727 sed
1640 4673 1840 4729 timeat
1865 4690 1877 4740 ;
1904 4690 2093 4747 eoque

443 4756 655 4815 timore
682 4764 846 4814 casto
877 4758 1160 4815 inhaereat
1193 4760 1330 4825 Deo,
1354 4761 1456 4831 qui
1489 4775 1622 4815 eam
1658 4776 1692 4815 a
1716 4764 1960 4832 propria
1989 4764 2094 4818 im-

444 4846 738 4903 munditia
750 4862 871 4919 qua
886 4845 1218 4903 inordinate
1231 4848 1389 4903 bona
1406 4848 1683 4904 inferiora
1697 4850 1917 4921 dilexit,
1935 4852 2093 4907 velut

442 4953 479 4994 a
508 4936 775 5012 quadam
812 4934 1199 4993 fornicatione
1244 4937 1532 5008 spirituali
1573 4939 1887 4995 mundavit
1921 4958 1932 4996 :
1986 4957 2094 4997 nec

442 5026 724 5084 humanis
754 5025 1039 5083 laudibus
1070 5026 1407 5093 extollatur,
1438 5042 1511 5082 ne
1534 5032 1553 5063 ³
1582 5028 1653 5083 sit
1678 5028 1735 5082 in
1766 5030 2092 5098 virginibus

445 5117 637 5173 stultis
670 5118 899 5188 (Matth.
943 5133 1074 5185 xxv,
1108 5116 1277 5181 4-13),
1320 5116 1513 5172 aliena
1551 5116 1726 5172 laude
1755 5118 2091 5174 laetantibus

442 5206 577 5275 (hoc
604 5211 762 5263 enim
788 5210 861 5263 de
891 5205 1329 5279 quaestionibus
1358 5207 1469 5261 tuis
1501 5212 1681 5262 restat
1711 5209 2087 5280 extremum),

443 5298 499 5348 et
516 5297 959 5369 propteripsam
988 5298 1227 5352 inanem
1246 5294 1510 5361 laudem,
1532 5310 1650 5350 non
1668 5302 1907 5368 pr0pter
1921 5314 2094 5352 cons-

444 5381 717 5438 cientiam
751 5401 943 5452 suam,
974 5386 1074 5440 ubi
1102 5385 1215 5441 illis
1252 5385 1411 5441 testis
1444 5391 1530 5441 est
1558 5388 1729 5449 Deus,
1763 5386 1924 5442 bona
1956 5404 2093 5460 ope-

441 5470 707 5526 rantibus
750 5488 763 5537 ;
823 5474 927 5528 sed
973 5474 1046 5529 sit
1084 5474 1141 5529 in
1192 5474 1524 5546 virginibus
1566 5474 1956 5547 sapientibus,
1995 5478 2092 5534 ubi

506 5578 521 5607 ¹
543 5575 874 5639 Mss.,gratia
899 5583 968 5625 est
990 5578 1129 5627 Novi
1155 5579 1556 5631 Testamenti.At
1576 5581 1628 5630 in
1648 5582 1987 5639 Edd.,deerat
2005 5589 2090 5633 est.

442 5638 725 5708 fueratque
739 5638 965 5708 insignis
978 5640 1059 5689 hic
1076 5640 1407 5708 locusprava
1419 5646 1846 5708 interpunctione
1862 5647 2093 5697 vitiatus.

514 5704 532 5737 ²
566 5698 719 5758 Edd.,
754 5698 1051 5756 extollatur,
1078 5716 1170 5751 nec
1191 5698 1275 5752 sil.
1296 5705 1441 5763 Mss.,
1477 5721 1541 5755 ne
1559 5698 1627 5758 tu

1738 186 1799 242 S.
1842 182 2219 241 AUGUSTINI
2260 182 2587 239 EPISCOPI
3762 190 3856 244 5'12

2213 309 2373 366 dicat
2400 310 2564 382 quod
2593 310 2678 367 ait
2715 311 3039 383 Apostolus
3074 330 3087 368 :
3119 313 3275 370 Nam
3297 314 3500 385 gloria
3522 320 3729 370 nostra
3750 314 3866 371 hac

2213 400 2713 464 est,testimonium
2727 404 3099 457 conscientiae
3116 406 3331 458 nostrae
3345 404 3419 471 (Il
3440 404 3606 457 (Ioni
3622 443 3634 467 ,
3648 404 3869 467 l2).Hoc

2214 488 2373 543 enim
2407 498 2493 544 est
2534 490 2731 545 oleum
2775 490 2922 545 ferre
2953 506 3181 554 secum,
3215 506 3333 546 non
3388 507 3428 546 a
3483 492 3868 546 vendentibus

2214 592 2432 641 emere,
2452 578 2563 632 hoc
2592 578 2775 633 estab
2800 578 3209 633 adulantibus.
3230 579 3588 634 Adulatores
3621 595 3871 652 namque

2213 666 2453 721 laudem
2479 684 2653 721 suam
2688 673 2975 740 tanquam
3000 668 3196 723 oleum
3228 669 3551 723 venditant
3570 668 3778 723 stultis.
3802 671 3873 725 De

2213 754 2325 809 hoc
2355 755 2486 810 oleo
2518 754 2731 809 dicitur
2762 755 2821 810 in
2850 756 3086 811 Psalmo
3130 774 3141 809 :
3173 758 3539 813 Emendabit
3574 772 3663 813 me
3682 760 3874 826 justus

2209 843 2273 897 in
2303 844 2793 906 misericordia,et
2825 853 3032 913 arguet
3062 861 3150 901 me
3178 859 3199 911 ,'
3227 847 3416 901 oleum
3434 853 3641 901 autem
3671 862 3871 914 pecca-

2212 933 2354 988 toris
2381 948 2497 989 non
2527 934 2925 1002 impinguabit
2957 942 3137 1002 caput
3170 950 3363 991 meum
3395 935 3602 1002 (Psal.
3647 952 3767 1001 cu,
3797 936 3872 1006 5).

2215 1021 2396 1093 Elegit
2436 1039 2470 1078 a
2495 1022 2657 1093 justo
2706 1023 3163 1079 misericorditer
3205 1025 3597 1095 reprehendi,
3652 1030 3711 1079 et
3739 1042 3874 1097 quo-

2212 1111 2544 1166 dammodo
2580 1112 2963 1183 colaphizari,
3017 1130 3221 1185 quam,
3259 1120 3321 1168 ut
3364 1114 3421 1169 ei
3453 1119 3641 1184 caput
3676 1114 3734 1167 in
3790 1132 3877 1169 su-

2214 1201 2481 1271 perbiam
2513 1203 2778 1256 crescat1
2814 1202 3143 1274 peccatoris
3167 1201 3523 1257 adulatione
3554 1202 3807 1258 laudari.

2284 1291 2372 1345 75.
2404 1288 2781 1346 lrridentium
2820 1290 3046 1362 quippe
3083 1291 3401 1362 responsio
3436 1291 3594 1346 mihi
3634 1291 3873 1359 videtur,

2213 1394 2348 1434 cum
2371 1378 2455 1434 eis
2479 1395 2514 1434 a
2537 1379 2909 1449 sapientibus
2928 1379 3283 1449 virginibus.
3309 1380 3621 1450 Itepotius
3639 1382 3720 1438 ad
3751 1395 3875 1438 ven-

2212 1467 2431 1532 dentes,
2466 1476 2517 1523 et
2557 1468 2725 1524 emite
2756 1469 2909 1524 vobis
2941 1490 2959 1526 :
3001 1468 3154 1525 sicut
3187 1470 3245 1525 in
3289 1469 3573 1541 quodam
3600 1470 3752 1527 libro
3783 1472 3875 1527 Sa-

2214 1557 2450 1629 pientiae
2481 1558 2767 1629 scriptum
2803 1564 2908 1623 est,
2934 1558 3033 1613 ubi
3064 1559 3593 1629 contemptoribus
3620 1560 3779 1624 dicit,
3804 1560 3875 1616 Et

2212 1660 2315 1715 ego
2335 1646 2879 1715 perditionivestrm
2908 1648 3523 1715 superridebolProv.
3554 1654 3596 1711 ί,
3630 1650 3740 1721 ‘26).
3775 1649 3868 1705 Illa

2214 1740 2413 1790 autem
2446 1736 2834 1807 responsione
2876 1752 2997 1808 qua
3032 1736 3371 1805 petentibus
3402 1737 3615 1793 oleum
3658 1738 3871 1794 dictum

2215 1831 2317 1878 est.
2352 1825 2439 1881 Ne
2458 1826 2620 1894 forte
2649 1842 2766 1881 non
2793 1828 3057 1894 sufﬁciat
3085 1827 3248 1882 nobis
3278 1833 3332 1882 et
3368 1828 3562 1893 vobis,
3595 1844 3715 1883 non
3746 1827 3872 1883 des-

2215 1919 2508 1985 peranter.
2543 1913 2646 1968 sed
2678 1914 2973 1969 humiliter
3002 1916 3231 1971 dictum
3273 1921 3380 1971 est.
3415 1916 3570 1982 Quis
3618 1917 3775 1971 enim
3798 1917 3872 1970 sic

2215 2009 2542 2073 praesumat
2585 2003 2657 2058 de
2700 2005 3061 2060 conscientia
3111 2022 3238 2069 sua,
3276 2010 3339 2060 ut
3389 2012 3598 2061 certus
3647 2005 3717 2060 sit
3747 2022 3867 2060 eam

2214 2091 2330 2147 sibi
2360 2092 2417 2146 in
2455 2092 2681 2162 judicio
2713 2093 2812 2147 Dei
2847 2109 3019 2163 posse
3052 2094 3342 2159 sufﬁcere,
3389 2095 3507 2149 nisi
3547 2095 3869 2149 misericor-

2214 2180 2320 2235 des
2359 2184 2381 2216 ³
2434 2182 2889 2237 misericorditer
2914 2183 3135 2251 judicet
3166 2184 3193 2239 ?
3222 2184 3527 2239 Judicium
3561 2184 3719 2238 enim
3753 2183 3866 2238 sine

2219 2270 2622 2325 misericordia
2638 2270 2711 2325 illi
2728 2271 2829 2341 qui
2848 2286 2966 2326 non
2985 2271 3112 2325 fecit
3130 2272 3616 2327 misericordiam
3631 2272 3865 2339 (Jacobi.

2216 2379 2273 2427 ιι,
2313 2362 2416 2432 t3).
2449 2361 2595 2431 [pste
2636 2367 2833 2415 autem
2870 2365 3009 2415 sunt
3036 2360 3349 2432 lampades
3384 2378 3665 2417 accensa:
3696 2376 3864 2431 opera

2216 2449 2436 2505 scilicet
2468 2448 2646 2512 bona,
2681 2448 2754 2501 de
2782 2447 3005 2518 quibus
3053 2448 3338 2503 Dominus
3372 2449 3523 2504 dicit
3556 2466 3570 2503 :
3614 2450 3863 2504 Luceant

2208 2541 2356 2596 bona
2382 2553 2559 2605 opera
2592 2543 2784 2592 vestra
2816 2553 3015 2593 coram
3042 2538 3375 2593 hominibus
3402 2544 3447 2603 ³,
3470 2545 3529 2594 et
3548 2538 3865 2609 gloriﬁcent

2206 2629 2441 2685 Patrem
2465 2633 2721 2682 vestrum
2740 2626 2843 2697 qui
2874 2627 2933 2681 in
2962 2627 3124 2682 caelis
3148 2632 3229 2682 est
3251 2628 3498 2697 (Matth.
3538 2643 3594 2690 v,
3631 2630 3735 2693 t6).
3763 2626 3864 2679 Hu-

2206 2733 2432 2789 cusque
2455 2715 2744 2787 pertendit
2766 2716 3007 2769 intentio
3039 2714 3337 2785 virginum
3369 2716 3766 2787 sapientium,
3806 2718 3859 2768 ut

2205 2807 2339 2862 ideo
2364 2805 2541 2860 velint
2564 2804 2742 2859 videri
2766 2804 2843 2857 ab
2861 2803 3208 2859 hominibus
3221 2820 3404 2875 opera
3420 2822 3539 2860 sua
3559 2805 3854 2868 bona,non

2204 2911 2326 2967 quo
2353 2894 2431 2949 ab
2460 2894 2543 2948 eis
2562 2892 2881 2947 laudentur
2899 2893 3065 2963 ipsae,
3097 2894 3199 2948 sed
3223 2899 3279 2947 ut
3304 2892 3676 2963 gloriﬁcetur
3697 2895 3856 2955 Dens,

2205 3000 2242 3039 a
2280 3000 2399 3054 quo
2449 2982 2565 3036 illis
2597 2988 2684 3036 est
2722 2981 2884 3053 quod
2926 2981 3079 3036 bene
3105 2987 3430 3051 operantur
3463 2999 3477 3038 :
3514 2999 3587 3038 ac
3627 2997 3727 3052 per
3754 2980 3855 3035 hoc

2205 3072 2463 3128 interiori
2505 3071 2661 3126 bono
2689 3070 2973 3140 gaudent,
3005 3070 3171 3141 quod
3210 3076 3301 3126 est
3341 3087 3553 3127 coram
3592 3070 3729 3133 Deo,
3770 3066 3858 3122 ubi

2206 3162 2587 3233 eleem0syna
2614 3160 2673 3214 in
2704 3158 2957 3227 occulto,
2995 3164 3055 3215 ut
3084 3161 3103 3195 ‘
3132 3166 3321 3230 pater,
3363 3162 3470 3232 qui
3508 3159 3744 3215 videtin
3773 3172 3858 3213 oc-

2204 3252 2385 3315 culto,
2418 3250 2641 3305 reddat.
2673 3252 2735 3303 Et
2755 3248 2886 3304 ideo
2907 3264 3026 3304 non
3044 3249 3331 3304 deficiunt
3354 3250 3702 3320 lampades,
3724 3246 3852 3318 quia

2206 3339 2464 3395 interiori
2495 3337 2626 3393 oleo
2672 3343 3040 3403 vegetantur,
3084 3338 3146 3392 id
3186 3344 3278 3393 est
3310 3338 3647 3393 intentione
3694 3336 3851 3391 bonae

2204 3426 2606 3490 conscientiae,
2640 3442 2759 3497 qua
2792 3442 2994 3481 coram
3045 3429 3159 3481 Deo
3209 3426 3273 3481 ﬁt
3322 3427 3381 3481 in
3428 3428 3564 3497 ejus
3614 3424 3850 3497 gloriam

2204 3516 2498 3590 quidquid
2515 3532 2715 3571 coram
2731 3515 3078 3570 hominibus
3096 3516 3153 3569 iu
3173 3516 3348 3570 bonis
3375 3516 3668 3586 Operibus
3688 3514 3847 3568 lucet.

2205 3609 2276 3663 At
2298 3622 2436 3661 vero
2468 3606 2779 3660 stultarum
2809 3604 3125 3672 virginum,
3149 3604 3263 3660 hoc
3288 3604 3493 3660 oleum
3523 3620 3640 3660 nou
3662 3616 3846 3657 secum

2205 3695 2569 3767 portantium
2598 3694 2881 3749 deﬁciunt
2906 3693 3223 3765 lampades
3260 3711 3273 3760 ;
3318 3694 3375 3749 id
3418 3701 3531 3759 est,
3567 3709 3686 3749 non
3728 3705 3846 3761 per-

2204 3791 2539 3840 severanter
2555 3784 2713 3838 bona
2726 3798 2909 3853 opera
2922 3782 3286 3848 lucent,cum
3302 3784 3435 3837 laus
3455 3783 3725 3838 humana
3740 3778 3845 3832 lue-

2205 3872 2612 3939 ritsubtracta,
2637 3876 3073 3943 propterquam
3096 3870 3193 3927 illa
3208 3870 3527 3936 faciebant,
3551 3873 3844 3938 hucusque

2203 3961 2591 4017 intentionem
2606 3976 2778 4015 suam
2800 3960 3191 4029 perducentes
3217 3966 3276 4013 ut
3293 3960 3637 4016 viderentur
3662 3958 3735 4012 ab
3752 3956 3843 4010 bo—

2205 4051 2487 4114 minibus,
2538 4065 2658 4105 non
2703 4056 2763 4103 ut
2803 4048 3235 4117 gloriﬁcaretur
3267 4048 3435 4104 Pater
3467 4051 3573 4123 qui
3609 4051 3665 4104 in
3698 4044 3840 4102 caelis

2203 4148 2305 4196 est.
2342 4143 2478 4205 Quae
2520 4139 2766 4193 intentio
2822 4138 3097 4208 perennis
3138 4142 3224 4193 est
3280 4137 3506 4207 gloriae,
3546 4154 3665 4210 qua
3690 4131 3841 4189 novit

2202 4230 2407 4285 anima
2437 4232 2552 4284 Deo
2582 4244 2643 4283 se
2666 4227 2880 4283 debere
2893 4226 3056 4298 quod
3084 4226 3407 4297 justiﬁcata
3432 4226 3615 4283 estad
3640 4224 3839 4280 facien-

2203 4320 2278 4374 da
2310 4319 2470 4373 bona
2499 4333 2701 4388 opera,
2735 4322 2791 4371 et
2820 4315 2954 4372 ideo
3003 4316 3062 4372 in
3095 4315 3213 4381 illo,
3247 4332 3368 4371 non
3400 4317 3459 4371 in
3501 4332 3585 4381 se,
3623 4307 3835 4367 laudari

2201 4412 2384 4462 amat.
2410 4408 2573 4464 Unde
2600 4406 2739 4460 alibi
2758 4405 2941 4460 homo
2978 4405 3073 4460 Dei
3105 4410 3325 4470 cantat,
3359 4406 3426 4460 In
3451 4403 3698 4461 Domino
3724 4400 3836 4454 lau-

2201 4496 2447 4552 dabitur
2476 4497 2681 4552 anima
2712 4509 2840 4549 mea
2868 4494 3054 4563 (Psal.
3076 4510 3271 4559 xxxm,
3303 4494 3381 4565 2),
3414 4499 3477 4549 ut
3507 4492 3608 4564 qui
3642 4486 3835 4561 gloria-

2202 4588 2315 4653 tur,
2346 4586 2402 4640 in
2432 4584 2684 4640 Domino
2725 4582 3004 4651 glorietur
3035 4584 3075 4652 (1
3100 4583 3234 4637 Cor.
3272 4590 3318 4647 t,
3343 4584 3454 4654 3t).

2274 4676 2496 4731 CAPUT
2533 4672 2727 4728 XXXII.
2755 4702 2824 4711 —
2854 4675 2945 4726 76.
2975 4670 3085 4726 Sed
3108 4669 3250 4742 quid
3280 4670 3618 4742 estquodin
3641 4665 3831 4723 eadem

2202 4762 2501 4831 Evangelii
2534 4760 2778 4816 lectione
2802 4759 3082 4830 scriptum
3114 4764 3219 4823 est,
3240 4774 3451 4813 omnes
3484 4771 3701 4831 sponso
3727 4759 3827 4808 tar-

2200 4852 2382 4908 dante
2408 4850 2749 4906 dormisse?
2774 4851 3061 4905 Somnum
3087 4848 3265 4903 istum
3291 4848 3336 4902 si
3366 4845 3826 4903 intellexerimus,

2201 4941 2366 5013 quod
2402 4940 2559 4995 velut
2598 4939 2871 4994 tardante
2907 4938 3153 5008 judicio,
3188 4936 3265 4992 ad
3304 4939 3471 5009 quod
3510 4933 3825 4993 faciendum

2262 5086 2277 5117 ί
2313 5083 2533 5133 Erasmo
2558 5082 3161 5143 videbaturlcgendum,
3181 5088 3472 5131 crassescat.
3493 5082 3589 5131 Sed
3608 5077 3715 5129 libri
3734 5085 3825 5143 om;

2200 5160 2296 5216 nes
2315 5131 2554 5216 Thabent,
2580 5131 2765 5216 crescat
2796 5163 2815 5202 ,-
2856 5131 2981 5216 quo
2996 5131 3160 5216 verbo
3185 5144 3375 5216 alludit
3409 5144 3741 5216 Augustinus
3768 5131 3823 5216 δερ

2200 5160 2296 5196 nes
2329 5160 2543 5202 nauem,
2581 5160 2765 5195 crescat
2796 5163 2815 5202 ,-
2849 5160 2961 5255 (quo
2996 5160 3154 5193 verno
3185 5160 3375 5215 annuit
3409 5160 3730 5216 augusunus
3768 5160 3823 5183 avu

2200 5209 2331 5279 illud
2350 5209 2707 5279 proverbium.
2737 5222 2844 5279 quo
2881 5206 3058 5279 “refert
3079 5208 3328 5279 superius
3356 5220 3410 5278 in
3431 5210 3586 5279 epist.
3622 5197 3823 5279 33,715?

2200 5275 2271 5321 De
2302 5266 2521 5326 homine,
2542 5274 2632 5327 ait,
2657 5266 2799 5334 quem
2817 5270 2960 5330 falsa.-
2980 5266 3248 5334 blanditia:
3280 5266 3480 5332 faciunt
3504 5266 3821 5329 arrogantem.

2200 5340 2330 5384 recte
2364 5335 2517 5382 etiam
2554 5332 2704 5394 vulgo
2731 5332 2935 5387 dicitur,
2962 5332 3134 5380 Crevit
3165 5338 3333 5392 caput.

2262 5381 2540 5446 idSicMss.
2580 5381 2745 5445 Va'tic.
2770 5398 2823 5444 et
2851 5381 3014 5458 prope
3046 5381 3236 5443 omnes
3255 5408 3316 5443 ex
3346 5394 3565 5447 nostris.
3599 5393 3659 5441 At
3690 5381 3819 5436 Edd-s

2202 5459 2769 5524 nisigmisericorsLetc.
3458 5517 3470 5524 _
3583 5517 3592 5524 ι
3639 5515 3646 5524 ,

2262 5507 2280 5555 ί
2310 5522 2431 5569 Mss.
2471 5535 2579 5570 sex.
2618 5507 2842 5569 Luceant
2877 5533 3035 5580 Opera
3068 5524 3237 5567 vestra
3260 5533 3431 5567 coram
3453 5514 3747 5571 hominibus,
3776 5507 3822 5552 ul

2203 5584 2411 5632 videant
2440 5584 2573 5631 bona
2598 5584 2737 5644 facta
2764 5586 2927 5631 vestra
2955 5586 2999 5630 et
3034 5582 3336 5644 glariﬁcent.

2266 5649 2283 5678 ⁴
2314 5645 2394 5695 Sic
2410 5646 2530 5694 Mss.
2555 5642 2816 5708 plerique.
2854 5646 2919 5692 At
2952 5642 3080 5692 Edd.
3112 5644 3453 5708 habentnbion
3486 5642 3817 5699 elemosynam

2211 5709 2265 5759 in
2298 5708 2489 5758 occulto
2518 5706 2669 5771 pater
2689 5706 2775 5771 qui
2804 5708 2936 5757 videt
2972 5708 3027 5755 in
3053 5708 3243 5757 occulto
3265 5706 3461 5755 reddat.
