4074 6164
186 193 290 250 573

182 324 476 375 venturus
506 324 593 375 est
624 319 902 384 Christus,
936 320 1284 377 abundante
1312 322 1622 395 iniquitate
1653 322 1841 378 chari-

182 412 267 462 tas
297 407 643 480 refrigescit,
675 410 985 481 quomodo
1018 409 1097 465 ibi
1135 427 1427 482 ponemus
1466 413 1725 480 virgines
1750 427 1845 464 sa-

180 498 441 569 pientes,
467 514 603 552 cum
641 498 839 570 potius
872 500 928 554 in
952 500 1066 554 illis
1099 503 1212 555 sint
1237 501 1311 556 de
1340 500 1562 572 quibus
1588 500 1842 554 dicitur:

180 586 297 652 Qui
327 591 526 642 autem
554 589 1019 655 perseveraverit
1066 605 1249 660 usque
1288 590 1351 645 in
1371 592 1570 658 ﬁnem,
1600 590 1698 645 hic
1726 590 1845 645 sal-

176 690 284 730 vus
317 676 437 731 erit
465 676 703 744 (Matth.
732 693 889 741 xxxv,
936 679 1023 745 l2)
1064 679 1090 734 ?
1120 678 1347 733 Dictum
1382 685 1469 734 est
1498 694 1660 748 ergo,
1692 679 1841 733 Dor-

174 763 444 818 mierunt
457 780 657 819 omnes
684 781 700 818 :
726 764 869 836 quia
895 780 1015 819 non
1034 771 1259 820 tantum
1277 766 1456 835 stulti,
1473 767 1575 837 qui
1603 772 1845 837 propter

176 850 520 907 humanam
552 852 793 907 laudem
829 853 988 908 bona
1009 860 1333 925 operantur
1354 870 1559 909 coram
1594 854 1846 909 hornini-

172 940 311 1005 bus,
353 956 564 995 verum
612 942 791 997 etiam
847 942 1167 1013 sapientes,
1213 944 1316 1015 qui
1365 943 1479 998 hoc
1527 950 1845 1016 propterea

172 1028 405 1085 faciunt
422 1030 774 1086 utlaudetur
789 1032 1541 1104 Dens,experiunturistam
1557 1038 1805 1087 mortem
1828 1048 1840 1087 :

170 1134 243 1173 ex
281 1124 547 1191 utroque
577 1121 735 1175 enim
781 1136 1001 1190 genera
1043 1121 1395 1176 moriuntur.
1434 1124 1496 1176 Et
1534 1121 1643 1176 ista
1684 1136 1845 1176 mors

174 1222 335 1278 saepe
370 1209 433 1262 in
466 1209 788 1280 Scripturis
827 1210 1106 1266 dormitio
1145 1211 1379 1277 dicitur,
1423 1215 1664 1282 propter
1694 1210 1846 1264 {utu-

172 1311 304 1352 ram
321 1300 822 1353 resurrectionem
835 1298 995 1354 velut
1017 1300 1478 1368 evigilationem.
1502 1298 1644 1354 Hinc
1659 1305 1697 1353 A
1709 1315 1848 1370 pos-

170 1383 328 1440 tolus
362 1385 531 1450 dicit,
578 1387 660 1441 De
688 1386 1111 1443 dormientibus
1145 1394 1342 1443 autem
1375 1389 1514 1443 nolo
1545 1403 1641 1443 vos
1684 1387 1848 1456 igno-

173 1488 336 1537 rare,
348 1475 588 1543 fratres
614 1475 653 1546 (Ι
676 1475 870 1532 Thess.
890 1491 965 1541 IV,
988 1477 1072 1546 t2)
1094 1482 1183 1541 ;et
1210 1476 1326 1531 alio
1343 1476 1494 1539 loco,
1525 1477 1619 1532 Ea:
1634 1477 1847 1548 quibus

171 1562 382 1629 plures
437 1570 680 1619 manent
735 1580 915 1636 usque
952 1565 1032 1621 ad
1062 1565 1179 1629 hic,
1214 1565 1452 1638 quidam
1484 1573 1682 1622 autem
1712 1565 1847 1620 dor-

172 1652 445 1707 mierunt
466 1654 509 1722 (I
542 1651 674 1708 Cor.
700 1669 793 1719 xv,
820 1656 876 1725 6)
908 1673 919 1713 :
955 1660 1010 1709 et
1037 1655 1633 1710 aliainnumerabilia
1660 1655 1718 1709 in
1734 1656 1847 1710 hoc

175 1740 535 1796 testimonia
562 1748 762 1812 aperte
808 1759 912 1814 per
947 1745 1278 1815 Scripturas
1317 1745 1622 1817 utriusque
1652 1744 1849 1800 Testa-

179 1831 368 1885 menti
403 1834 804 1901 reperiuntur.
840 1834 1003 1888 Unde
1026 1840 1081 1889 et
1111 1834 1205 1888 ille
1238 1833 1338 1899 ait,

441 1919 846 1984 Consanguineus
879 1920 1000 1971 lethi
1029 1936 1180 1983 sapor
1214 1936 1226 1971 :

749 1983 914 2047 (Virg.
945 1984 1153 2033 ίΕηείἀ.
1190 1987 1293 2047 IV.)

177 2065 231 2115 et
259 2061 308 2115 si
340 2061 645 2127 advertas,
674 2063 856 2117 multa
884 2065 1151 2120 invenies
1173 2065 1350 2121 etiam
1376 2066 1432 2119 in
1458 2063 1847 2120 saecularibus

177 2150 414 2215 litteris,
436 2150 537 2205 ubi
555 2167 714 2206 mors
728 2168 943 2208 somno
956 2162 1359 2226 comparatur.
1382 2154 1748 2223 Signiﬁcavit
1762 2171 1848 2208 er-

178 2254 253 2309 go
273 2239 575 2294 Dominus
590 2240 855 2296 futurum
872 2259 1002 2298 esse
1021 2249 1278 2314 tempus,
1299 2260 1420 2315 quo
1445 2245 1590 2297 inter
1608 2243 1848 2298 tribula-

178 2329 373 2383 tiones
388 2330 822 2385 ettentationes
849 2332 1049 2386 saeculi
1079 2332 1281 2404 hujus,
1300 2333 1426 2403 jam
1451 2334 1695 2404 jamque
1716 2332 1845 2402 ejus

176 2423 638 2488 exspectaretur
651 2424 1057 2491 etsperaretur
1070 2422 1146 2477 ad
1157 2429 1385 2486 ventus,
1402 2427 1689 2493 tanquam
1717 2436 1848 2491 pro-

176 2507 455 2578 pinquus
472 2509 1008 2577 atqueimminens,
1025 2510 1098 2565 ad
1115 2525 1294 2581 quem
1311 2526 1371 2565 se
1396 2510 1842 2581 praeparentqui

178 2594 237 2649 in
254 2596 393 2665 ejus
408 2610 542 2650 esse
558 2595 783 2652 familia
805 2598 1095 2653 videntur.
1128 2601 1244 2653 Hoc
1259 2605 1347 2654 est
1381 2600 1537 2653 enim
1563 2598 1723 2670 quod
1745 2599 1845 2664 ait,

179 2686 377 2738 exisse
406 2683 651 2739 obviam
686 2702 909 2757 sponso
938 2693 993 2742 et
1024 2703 1283 2759 sponsae.
1317 2688 1548 2758 Sponso
1580 2687 1845 2759 quidem,

184 2773 326 2827 Filio
345 2773 449 2827 Dei
474 2796 483 2826 :
504 2790 740 2845 sponsae
755 2781 977 2842 autem,
995 2778 1117 2830 sive
1140 2779 1281 2847 quia
1298 2778 1353 2831 in
1370 2793 1440 2831 eo
1455 2793 1700 2848 corpore
1716 2793 1850 2831 ven-

182 2865 356 2915 turus
372 2862 637 2933 estquod
660 2865 994 2935 sumpsitex
1015 2865 1281 2935 Virgine;
1301 2865 1421 2920 sive
1436 2865 1580 2937 quia
1596 2865 1729 2936 ipsa
1748 2869 1850 2920 Ec-

186 2950 376 3005 clesia
395 2951 759 3007 tuncclarior
776 2953 1109 3024 apparebit,
1133 2954 1281 3008 utad
1309 2954 1570 3008 universi
1588 2955 1852 3023 corporis

186 3041 726 3109 congregationem
761 3042 1031 3098 membra
1054 3048 1432 3108 concurrant,
1475 3044 1693 3114 quibus
1714 3057 1850 3097 con-

188 3130 598 3193 currentibus,
614 3129 664 3199 ej
678 3148 741 3183 us
756 3130 1113 3201 magnitudo
1129 3148 1296 3186 mon~
1309 3131 1575 3187 trabitur.

262 3219 423 3273 CAP.
446 3219 681 3273 XXXIII.
704 3252 769 3259 —
787 3224 873 3274 77.
902 3220 1164 3289 Virgines
1179 3225 1416 3292 propter
1430 3218 1851 3274 continentiam

192 3308 590 3376 nuncupavit.
617 3310 823 3363 Decem
849 3325 1000 3379 vero,
1027 3309 1085 3362 id
1102 3315 1185 3363 est
1207 3311 1475 3381 quinque
1494 3308 1849 3381 etquinque,

191 3401 770 3466 propternumerum
788 3413 908 3469 quo
931 3404 1246 3453 censentur
1262 3398 1525 3470 corporis
1546 3413 1778 3460 sensus,
1797 3397 1854 3450 in

191 3484 417 3555 quibus
432 3484 1188 3551 habitatcontinentia,cum
1208 3486 1659 3560 avoluptatibus
1675 3486 1856 3556 turpi—

192 3572 309 3628 bus
324 3579 380 3628 et
396 3573 611 3628 illicitis
627 3574 1324 3647 abstinetur.Lampades
1340 3577 1489 3631 sicut
1504 3576 1729 3631 dictum
1744 3580 1855 3643 est,

192 3661 358 3716 bona
374 3668 508 3716 sunt
529 3678 733 3734 opera,
755 3665 1127 3736 maximeque
1144 3666 1219 3721 ad
1238 3665 1710 3720 misericordiam
1733 3680 1858 3735 per-

194 3748 441 3804 tinentia
465 3765 477 3811 ;
502 3755 559 3804 et
580 3750 712 3822 ipsa
734 3769 869 3823 quae
896 3754 1072 3809 etiam
1105 3770 1309 3809 coram
1333 3753 1680 3808 hominibus
1702 3752 1858 3807 lucet

192 3838 520 3893 laudabilis
535 3842 933 3896 conversatio:
952 3842 1053 3897 sed
1070 3843 1270 3913 magni
1290 3843 1681 3914 interest,qua
1698 3858 1858 3896 men-

195 3928 263 3981 tis
285 3928 617 3983 intentione
640 3930 743 3985 liat
774 3948 785 3995 ;
818 3929 952 3985 ideo
975 3930 1115 3986 dicit
1144 3932 1289 3987 alias
1306 3932 1624 4003 sapientes,
1650 3930 1857 3986 stultas

194 4015 365 4071 alias.
387 4017 500 4073 Sed
516 4017 655 4073 hinc
668 4035 769 4074 eas
785 4019 1129 4092 discernit,q
1142 4021 1255 4075 uod
1273 4021 1436 4075 stulas
1453 4036 1571 4075 non
1589 4036 1859 4091 sumpse-

197 4112 338 4162 runt
386 4107 587 4162 oleum
631 4124 855 4173 secum,
910 4109 1210 4180 sapientes
1257 4115 1451 4165 autem
1499 4114 1861 4181 acceperunt

197 4194 401 4249 oleum
427 4195 484 4249 in
514 4195 679 4250 vasis
714 4197 853 4267 suis,
879 4196 1091 4251 hocest
1114 4197 1170 4251 in
1195 4196 1477 4252 cordibus
1510 4200 1655 4263 suis,
1679 4197 1776 4252 ubi
1796 4197 1860 4251 ﬁt

197 4283 326 4354 ipsa
342 4284 716 4355 participatio
736 4285 925 4339 intimi
943 4302 1011 4340 ac
1025 4286 1265 4356 superni
1283 4285 1421 4341 boni
1434 4287 1619 4341 .Unde
1634 4287 1689 4341 in
1707 4286 1860 4357 psal-

198 4388 295 4427 mo
312 4372 610 4445 quodam,
637 4390 774 4428 cmn
803 4374 1025 4428 dictum
1056 4380 1235 4438 esset,
1261 4375 1613 4444 Sacriﬁcate
1638 4376 1858 4443 sacriﬁ-

196 4460 633 4531 ciumjustitiav,
657 4470 706 4518 et
719 4464 1018 4533 speratein
1043 4463 1741 4536 Domino;il[utti,inquit,
1767 4464 1860 4519 di-

197 4557 340 4605 cunt
356 4568 376 4605 :
394 4551 534 4618 Quis
551 4552 803 4607 ostendit
817 4552 981 4608 nobis
998 4551 1184 4607 bona?
1208 4552 1426 4607 Deinde
1444 4558 1501 4607 ut
1519 4553 1863 4607 manifesta-

197 4639 391 4709 retcuj
404 4657 470 4694 us
486 4639 622 4695 boni
638 4656 841 4695 amore
858 4641 1101 4695 debeam
1114 4658 1178 4696 ns
1194 4641 1456 4713 operarij
1469 4642 1861 4703 ustitiam,hoc

196 4734 303 4792 est,
339 4728 679 4784 sacrificare
706 4729 1061 4784 cacrilicium
1083 4730 1357 4799 justitiee'
1384 4747 1395 4784 :
1424 4730 1729 4801 Signatum
1754 4738 1856 4796 est,

196 4816 413 4890 inquit,
441 4818 503 4872 in
529 4818 695 4873 nobis
724 4819 920 4874 lumen
956 4820 1155 4874 vultus
1208 4819 1315 4887 tui,
1346 4819 1591 4874 Domine
1615 4816 1862 4890 ;dedis(i

201 4908 475 4963 laetitiam
492 4908 554 4962 in
570 4908 745 4964 corde
768 4924 890 4963 meo
910 4907 1098 4979 (Psal.
1122 4924 1201 4973 IV,
1222 4912 1273 4973 6,
1293 4910 1369 4979 7).
1387 4909 1568 4979 Cujus
1591 4908 1728 4963 boni
1747 4908 1860 4964 ali-

198 5003 487 5068 quantum
505 4996 923 5067 participati,et
937 4997 1164 5069 plenius
1180 4998 1615 5070 perfectiusque
1630 4997 1862 5069 partici-

198 5085 378 5157 pandi
403 5086 751 5150 intentione,
771 5086 874 5157 qui
898 5086 1047 5141 bene
1075 5094 1377 5159 cperatur,
1407 5093 1462 5143 et
1483 5086 1862 5143 laudabiliter

195 5174 378 5229 etiam
419 5175 477 5229 in
518 5181 842 5246 conspectu
881 5174 1197 5231 hominum
1240 5182 1638 5241 conversatur,
1682 5176 1861 5233 habet

197 5263 402 5320 oleum
418 5278 647 5330 secum,
661 5279 782 5335 quo
798 5264 958 5319 bona
971 5281 1156 5335 opera
1171 5265 1299 5337 eius
1315 5265 1492 5321 etiam
1506 5265 1563 5320 in
1578 5282 1859 5337 conspec-

199 5358 257 5408 tu
275 5353 482 5407 homin
496 5369 583 5406 um
600 5352 858 5408 lucentia
871 5368 988 5408 non
1006 5355 1464 5423 exstinguuntur
1479 5373 1492 5415 ;
1509 5356 1650 5427 quia
1664 5371 1781 5410 non
1800 5357 1859 5411 in

202 5458 273 5499 eo
295 5442 557 5498 charitas
570 5440 1255 5514 ret‘rigescitabundante
1271 5443 1599 5515 iniquitate,
1616 5444 1716 5500 sed
1735 5461 1862 5517 per-

200 5534 433 5587 severat
446 5547 633 5603 usque
648 5532 705 5586 in
721 5531 911 5587 finem.
924 5534 1041 5587 Hoc
1053 5532 1250 5587 oleum
1266 5532 1456 5587 stultae
1473 5534 1727 5603 virgines
1740 5550 1859 5590 non

261 5658 276 5690 ί
304 5653 603 5766 Εᾰά,Μροει
622 5655 839 5717 jmtitia:
863 5654 1085 5711 addunt,
1124 5660 1167 5704 et
1196 5669 1404 5718 sperare
1423 5672 1443 5712 ,ο
1472 5655 1615 5720 quod
1641 5656 1859 5720 quidem

201 5718 351 5768 abest
376 5731 409 5768 a
493 5732 561 5767 ss.

1452 192 1959 253 EPISTOLARUM
1998 192 2286 249 CLASSIS
2329 192 2402 247 Ill
2416 233 2431 248 .

3504 186 3610 242 574
3626 194 3627 197 “

1946 318 2170 374 habent
2188 334 2418 387 secum,
2442 315 2735 389 quoniam
2756 314 2866 370 sibi
2893 311 3210 370 tribuendo
3232 312 3282 368 si
3302 311 3448 385 quid
3462 310 3609 367 boni

1951 408 2149 479 operis
2168 407 2658 472 faciunt,necesse
2679 409 2767 460 est
2782 402 3064 458 inflentur
3082 400 3380 472 superbia,
3400 405 3456 455 et
3476 415 3612 471 pro-

1952 505 2080 568 pter
2094 500 2205 551 hoc
2220 496 2427 551 vitium
2447 496 2529 550 sic
2542 494 2718 550 laude
2731 493 3098 547 delectentur
3111 491 3189 545 hu
3201 496 3470 556 mana,ut
3484 489 3610 560 ejus

1952 586 2174 655 gaudio
2188 586 2233 639 si
2250 584 2393 655 quid
2413 585 2548 639 boni
2565 589 2750 651 agunt
2764 582 2983 637 fervere
2997 586 3053 635 et
3067 580 3258 634 lucere
3274 579 3608 634 videantur.

2024 676 2245 732 CAPUT
2266 676 2484 730 XXXIV.
2506 676 2673 728 ~78.
2698 671 3209 727 Tardanteautem
3223 683 3457 737 sponso,
3476 669 3611 721 dor-

1951 764 2209 821 mierunt
2242 778 2457 819 omnes.
2494 766 2618 818 Non
2650 762 2809 815 enim
2841 764 2980 814 tunc
3021 758 3211 813 veniet
3243 772 3376 811 cum
3412 771 3610 825 spera-

1951 862 2064 916 tur,
2097 856 2198 908 sed
2230 853 2431 907 media
2470 855 2641 907 nocte
2668 865 2807 904 cum
2843 847 3009 903 valde
3036 846 3381 908 obscurum,
3409 844 3469 899 id
3500 850 3607 909 est,

1950 942 2251 999 occultum
2283 941 2391 996 erit
2420 957 2497 996 an
2528 939 2747 995 veniat.
2794 937 2958 994 Unde
2999 936 3160 999 dicit,
3214 935 3410 989 media
3440 939 3611 988 nocte

1951 1031 2277 1087 clamorem
2310 1030 2534 1085 factum
2564 1046 2576 1083 :
2619 1030 2772 1084 Ecce
2818 1040 3069 1095 sponsus
3112 1024 3291 1093 venit,
3326 1024 3480 1079 exite
3517 1022 3613 1077 ob-

1952 1122 2107 1178 viam
2140 1120 2210 1176 ei.
2240 1120 2527 1175 Nimirum
2570 1117 2797 1173 clamor
2827 1117 2934 1170 iste
2980 1116 3112 1185 ipsa
3155 1118 3244 1168 est
3303 1113 3444 1167 tuba
3490 1110 3609 1176 illa,

1952 1225 2134 1282 quam
2170 1223 2657 1264 commemorans
2682 1205 2999 1277 Apostolus
3024 1202 3169 1257 dicit
3197 1220 3209 1258 :
3242 1202 3421 1257 Canet
3458 1201 3612 1257 enim

1954 1299 2185 1364 tuba,et
2212 1297 2434 1353 mortui
2463 1292 3125 1365 resurgentincorrupti
3150 1292 3189 1360 (I
3217 1292 3353 1347 Cor.
3376 1305 3471 1355 xv,
3502 1290 3608 1357 52).

1952 1388 2131 1443 Tuba
2150 1390 2390 1442 nomine
2411 1385 2655 1456 aliquod
2673 1382 3187 1439 evidentissimum
3210 1384 3267 1434 et
3287 1378 3613 1450 praeclaris-

1955 1478 2174 1531 simum
2200 1477 2437 1547 signum
2464 1472 2853 1540 vultintelligi
2878 1488 2889 1525 :
2910 1486 3094 1542 quam
3126 1484 3334 1524 vocem
3362 1466 3614 1523 archan-

1956 1566 2067 1635 geli
2099 1571 2152 1620 et
2185 1565 2388 1619 tubam
2424 1563 2524 1618 Dei
2567 1563 2686 1617 alio
2716 1562 2847 1616 loco
2878 1560 3016 1615 dicit
3054 1559 3098 1630 (l
3158 1558 3352 1614 Thess.
3384 1572 3462 1619 1v,
3496 1556 3609 1625 15).

1957 1656 2098 1720 Quae
2120 1654 2296 1709 etiam
2328 1669 2441 1707 vox
2465 1653 2652 1722 ipsius
2687 1650 3074 1706 DominiJesu
3105 1646 3315 1703 Christi
3342 1646 3399 1699 in
3428 1646 3615 1699 Evan-

1957 1743 2110 1812 gelio
2137 1742 2372 1810 dicitur,
2413 1758 2597 1814 quam
2650 1739 2892 1795 audient
2923 1738 2960 1792 ii
2985 1736 3089 1809 qui
3120 1735 3178 1790 in
3212 1732 3615 1790 monumentis

1957 1837 2113 1897 sunt,
2139 1837 2191 1885 et
2221 1831 2545 1903 procedent
2582 1829 2771 1901 (Joan.
2804 1844 2859 1897 v,
2894 1828 2983 1888 28,
3025 1827 3138 1891 29).
3175 1826 3436 1892 Surgunt
3472 1835 3616 1890 ergo

1958 1936 2169 1976 omnes
2196 1921 2450 1988 virgines
2493 1920 2625 1982 illis,
2660 1922 2717 1973 et
2742 1918 3039 1988 sapientes
3072 1919 3129 1969 et
3173 1914 3389 1979 stultas,
3420 1916 3475 1966 et
3508 1925 3618 1977 ap—

1958 2012 2085 2065 tant
2114 2008 2426 2080 lampades
2476 2023 2639 2075 suas,
2691 2006 2748 2060 id
2795 2010 2905 2070 est,
2939 2004 3231 2058 rationem
3275 2002 3617 2072 praeparant

1958 2097 2204 2152 reddere
2243 2097 2316 2151 de
2346 2095 2628 2166 operibus
2669 2094 2816 2148 suis.

2028 2190 2113 2241 79.
2160 2185 2271 2242 Sed
2305 2192 2466 2252 tunc,
2510 2184 2569 2238 in
2610 2182 2763 2237 illius
2796 2179 3074 2237 clamoris
3113 2177 3411 2234 evidentia
3440 2180 3500 2231 et
3529 2191 3615 2231 re-

1958 2276 2320 2329 surrectione
2363 2278 2759 2339 mortuorum,
2794 2270 2937 2342 quia
2969 2268 3131 2324 nulla
3168 2267 3276 2323 erit
3321 2265 3614 2321 dubitatio

1954 2365 2077 2435 jam
2133 2364 2409 2418 instantis
2470 2361 2894 2433 praesentisque
2936 2357 3167 2429 judicii,
3233 2354 3616 2411 subtrahetur

1957 2468 2136 2508 omne
2167 2452 2442 2507 solatium
2471 2450 2668 2506 laudis
2696 2450 3000 2504 humanae.
3032 2450 3229 2518 Neque
3255 2445 3413 2500 enim
3446 2459 3617 2499 vaca-

1957 2542 2042 2597 bit
2079 2542 2153 2597 de
2203 2542 2319 2596 alio
2358 2540 2709 2611 disceptare,
2762 2538 2855 2593 vel
2902 2537 2976 2592 de
3030 2536 3147 2590 alio
3193 2534 3479 2603 judicare,
3513 2537 3619 2589 aut

1958 2631 2272 2701 gratiﬁcari
2296 2637 2475 2701 atque
2498 2628 2811 2700 suffragari
2832 2626 3017 2692 alteri,
3037 2623 3281 2696 quando
3302 2621 3617 2694 unusquis-

1956 2737 2073 2792 que
2107 2720 2411 2790 prOprium
2439 2734 2594 2773 onus
2638 2716 2916 2789 portabit,
2957 2721 3010 2771 et
3042 2714 3117 2769 de
3149 2728 3397 2769 suorum
3431 2710 3620 2767 facto-

1959 2826 2089 2863 rum
2120 2808 2429 2863 reddenda
2458 2808 2690 2862 ratione
2734 2804 3020 2874 cogitabit
3055 2820 3068 2858 :
3102 2819 3171 2859 ac
3202 2818 3308 2873 per
3332 2801 3446 2857 hoc
3477 2802 3621 2856 fere-

1962 2904 2053 2953 tur
2083 2898 2323 2953 animus
2354 2896 2597 2967 quidem
2624 2895 2921 2963 virginum
2956 2892 3270 2947 stultarum
3303 2894 3621 2945 consuetu-

1959 2987 2098 3041 dine
2137 2986 2399 3057 propria,
2431 2985 2535 3039 sed
2570 3000 2689 3039 non
2736 2983 2791 3037 in
2806 2981 2990 3037 ventis
3025 2980 3310 3035 laudibus
3336 2977 3621 3033 humanis

1964 3076 2218 3131 deficiet.
2261 3076 2461 3146 Neque
2487 3073 2647 3128 enim
2693 3070 3059 3141 germanitus
3111 3069 3408 3133 dixerunt,
3435 3066 3621 3135 Apud

1961 3172 2015 3220 te
2029 3166 2160 3220 laus
2182 3178 2307 3219 mea
2327 3179 2351 3228 ,'
2372 3162 2483 3228 vel,
2506 3163 2572 3218 In
2596 3161 2845 3217 Domino
2860 3157 3212 3215 laudabitur
3233 3157 3439 3213 anima
3455 3170 3617 3225 mea;

1963 3259 2064 3309 aut
2094 3254 2149 3307 in
2201 3253 2450 3308 Domino
2481 3252 2745 3323 gloriatus
2777 3252 2933 3315 sunt,
2967 3264 3102 3303 cum
3145 3247 3491 3316 ignorantes
3520 3243 3617 3299 Dei

1957 3342 2269 3412 justitiam,
2296 3358 2466 3397 suam
2489 3340 2779 3413 justitiam
2808 3339 3252 3394 constituerent.
3279 3338 3356 3390 Ac
3378 3349 3482 3405 per
3504 3333 3620 3389 hoc

1964 3438 2168 3504 petunt
2198 3448 2234 3487 a
2274 3431 2646 3503 sapientibus
2673 3428 2894 3494 oleum,
2921 3426 3035 3483 hoc
3066 3429 3156 3481 est
3184 3424 3453 3497 aliquam
3484 3438 3621 3478 con-

1964 3522 2355 3587 solationem;
2387 3536 2495 3575 nec
2525 3518 2837 3574 inveniunt
2880 3531 2987 3571 nec
3026 3514 3345 3586 accipiunt,
3379 3512 3493 3567 illis
3533 3526 3622 3567 re-

1965 3609 2399 3680 spondentibus
2413 3625 2474 3664 se
2496 3609 2719 3663 nescire
2744 3612 2939 3662 utrum
2956 3604 3047 3660 vel
3069 3603 3181 3659 sibi
3206 3601 3462 3658 sufﬁciat
3491 3601 3625 3671 ipsa

1965 3699 2351 3766 conscientia,
2374 3713 2497 3768 qua
2517 3701 2861 3767 exspectant
2884 3692 3355 3749 misericordiam
3387 3690 3501 3745 sub
3523 3688 3622 3745 illo

1960 3787 2183 3858 judice,
2214 3787 2317 3858 qui
2345 3802 2483 3841 cum
2508 3786 2565 3840 in
2590 3786 2803 3841 throno
2827 3783 3062 3845 sederit,
3091 3782 3229 3853 quis
3274 3779 3628 3849 gloriabitur

1964 3882 2196 3932 castum
2227 3892 2288 3931 se
2320 3874 2540 3930 habere
2570 3889 2693 3943 cor,
2727 3876 2833 3928 aut
2878 3872 3013 3944 quis
3053 3868 3413 3941 gloriabitur
3451 3882 3630 3922 mun-

1965 3967 2113 4021 dum
2143 3980 2205 4020 se
2235 3980 2363 4019 esse
2394 3980 2429 4020 a
2477 3969 2744 4035 peccato,
2780 3961 2893 4017 nisi
2941 3957 3367 4033 superexsultet
3397 3956 3629 4012 miseri-

1967 4054 2172 4110 cordia
2197 4054 2423 4125 judicio
2454 4052 2683 4123 (Jacobi
2712 4068 2782 4117 λι,
2825 4051 2916 4121 13)
2940 4051 2967 4105 ?
2993 4066 3130 4122 qua:
3161 4062 3343 4120 super
3369 4062 3472 4103 eos
3497 4044 3625 4109 erit,

1967 4145 2070 4216 qui
2105 4142 2522 4199 misericordias
2552 4158 2736 4209 opera
2767 4140 2868 4197 illa
2896 4140 3222 4195 intentione
3246 4137 3533 4201 fecerunt,
3568 4140 3633 4191 ut

1967 4248 2175 4287 eorum
2228 4232 2620 4294 misereretur,
2653 4247 2688 4284 a
2727 4245 2850 4301 quo
2902 4244 2964 4283 se
3018 4227 3287 4282 sciebant
3328 4224 3631 4295 accepisse

1967 4321 2133 4392 quod
2154 4320 2461 4376 habebant
2485 4336 2498 4387 ;
2532 4335 2640 4375 nec
2672 4317 3082 4387 gloriabantur
3110 4314 3285 4386 quasi
3314 4328 3435 4369 non
3465 4327 3632 4368 acce-

1969 4410 2181 4481 perint,
2217 4410 2321 4464 sed
2368 4423 2473 4479 per
2511 4409 2742 4477 seipsos
2789 4405 3112 4462 habuerint
3152 4418 3272 4476 quo
3303 4401 3629 4472 placerent,

1970 4499 2119 4552 sicut
2147 4498 2307 4552 stulti
2337 4497 2444 4570 qui
2479 4501 2535 4551 et
2564 4496 2675 4551 sibi
2708 4495 2944 4566 placent
2974 4500 3261 4563 tanquam
3294 4489 3369 4544 de
3399 4488 3562 4544 bono
3593 4504 3630 4544 a

1971 4603 2033 4641 se
2058 4586 2169 4642 sibi
2204 4591 2437 4656 parato,
2469 4592 2521 4639 et
2550 4584 2628 4640 ab
2655 4582 3037 4638 adulantibus
3068 4580 3161 4636 vel
3187 4577 3523 4636 errantibus
3547 4577 3630 4633 ita

1970 4674 2292 4730 laudantur
2317 4690 2387 4728 ac
2420 4674 2469 4728 si
2501 4674 2617 4742 ipsi
2668 4674 2785 4727 sint
2812 4670 3058 4743 aliquid.
3089 4669 3202 4737 Qui
3230 4674 3426 4725 autem
3460 4671 3631 4736 putat

1969 4779 2028 4820 se
2057 4779 2174 4820 esse
2200 4764 2452 4834 aliquid.
2485 4778 2618 4818 cum
2640 4761 2794 4818 nihil
2819 4762 2918 4826 sit,
2948 4760 3097 4814 sicut
3118 4758 3259 4815 dicit
3289 4755 3629 4830 Apostolus,

1968 4854 2219 4921 seipsum
2235 4853 2481 4909 seducit.
2504 4853 2660 4921 Opus
2673 4859 2869 4907 autem
2892 4866 3063 4906 suum
3083 4848 3291 4919 probet
3320 4844 3626 4917 unusquis-

1972 4948 2177 5014 que,'et
2192 4942 2408 4997 tuncin
2423 4944 2610 5011 seipso
2634 4948 2866 4998 tantum
2884 4940 3142 5011 gloriam
3165 4936 3419 5001 habebit,
3436 4940 3489 4990 et
3511 4948 3631 4989 non

1971 5032 2475 5101 inaltero(Galat.
2506 5032 2682 5103 v1,3):
2712 5031 2925 5086 hocest
2940 5033 3174 5100 portare
3188 5026 3385 5081 oleum
3401 5038 3626 5087 secum,

1971 5137 2090 5187 non
2106 5138 2175 5177 ex
2192 5121 2385 5177 aliena
2404 5120 2582 5176 laude
2598 5120 2957 5192 dependere.
2974 5118 3084 5173 Sed
3100 5132 3282 5191 quam
3304 5113 3556 5183 gloriam
3568 5110 3629 5166 in

1970 5228 2032 5267 se
2051 5211 2314 5276 habebit,
2329 5210 2440 5265 nisi
2456 5226 2590 5265 eum
2609 5212 2624 5246 ¹
2647 5208 2740 5265 cui
2756 5209 2987 5271 dicitur,
3006 5206 3209 5261 Gloria
3235 5208 3444 5267 mea,et
3465 5201 3630 5259 exat-

1972 5307 2105 5357 tans
2118 5307 2298 5369 caput
2312 5315 2501 5355 meum
2517 5297 2871 5371 (Psal.m,4):
2883 5301 2942 5351 ut
2955 5312 2990 5365 q
3002 5293 3119 5349 uod
3134 5310 3213 5348 βω
3223 5308 3292 5364 pe
3304 5290 3627 5347 dicendum

1971 5388 2596 5461 est,quigloriatur,in
2624 5386 2872 5442 Domino
2902 5384 3183 5455 glorietur
3211 5383 3252 5451 (Ι
3283 5379 3580 5451 Cor.i,3t)
3602 5378 3631 5434 ?

2042 5481 2128 5536 80.
2154 5477 2407 5533 Proinde
2429 5475 2721 5549 sapientia
2742 5490 2878 5545 quas
2900 5475 2958 5528 in
2983 5471 3354 5543 sapientibus
3381 5468 3633 5539 virgini-

1970 5567 2085 5633 bus
2098 5566 2346 5632 habitat,
2363 5563 2692 5622 secundum
2706 5562 2847 5618 illud
2863 5561 3024 5634 quod
3041 5566 3177 5617 ante
3188 5559 3475 5634 praedixit,
3491 5575 3631 5615 cum

2032 5721 2046 5753 ¹
2076 5716 2229 5775 Edd.,
2261 5717 2366 5767 nisi
2392 5731 2521 5766 eam.
2553 5716 2700 5773 Mss”
2730 5715 2835 5765 nisi
2871 5730 3002 5765 eum.
